4090 6544
477 345 618 404 Ibis
1293 343 1353 399 Β.
1395 342 1458 396 F.
1497 340 1726 396 ALBlNl
1759 338 1890 394 SEU
1932 335 2084 392 ALCI

2184 335 2210 388 ἰ
2249 334 2534 393 ΟΡΕΒΗΜ
2565 333 2746 393 PARS
2789 333 2927 395 VIII.
3624 331 3766 391 1016

475 463 568 536 qui
600 462 658 516 in
686 457 842 516 altari
869 456 1089 532 ponitur
1130 472 1327 527 corpus
1356 465 1508 512 tuum
1535 464 1639 522 est,
1665 463 1721 510 et
1746 453 1907 515 calix,
1937 460 2064 506 tuus
2091 450 2139 508 Α
2168 447 2510 506 Eucharistia
2549 449 2784 508 sancivit
2823 449 3091 506 adversus
3119 447 3422 506 hereticos
3449 449 3765 517 nonnullos,

475 563 564 608 est
605 550 850 622 sanguis.
880 549 949 604 Et
991 549 1178 603 statim
1221 547 1364 604 facta
1403 556 1488 602 est
1525 561 1653 601 caro
1693 545 1781 600 illa
1817 546 1870 599 in
1909 557 2071 596 manu
2170 541 2261 610 qui
2289 539 2557 597 Dominici
2581 541 2831 612 corporis
2855 540 3219 613 etsanguinis
3241 549 3644 598 sacramentum
3673 558 3766 599 re-

476 643 598 712 cjus
634 639 792 712 panis
833 639 1131 695 secundum
1181 639 1532 710 mysterium,
1579 645 1634 692 et
1667 636 1900 706 sumpsit
1944 634 2074 693 illud
2165 634 2447 703 jiciebant,
2487 636 2566 692 uti
2593 633 2793 706 legitur
2819 636 2874 690 in
2915 635 3123 707 synodo
3147 643 3346 691 contra
3380 649 3478 690 eos
3509 634 3767 693 Atrebati

479 748 604 789 cum
631 733 838 788 honore
873 730 1079 803 gratias
1108 745 1275 802 agens
1314 731 1444 784 Deo.
1468 751 1486 782 ι
1519 728 1789 787 Eximium
1827 729 1970 782 hunc
1994 725 2072 782 lo-
2173 726 2376 788 hahita,
2409 740 2574 796 quam
2602 725 2918 798 propediem
2966 726 3114 797 typis
3157 726 3408 782 editurus
3451 735 3538 783 est
3578 735 3772 784 noster

480 818 609 878 cum
635 821 834 894 legisse
869 823 1046 894 potuit
1079 821 1362 886 Alcuinus,
1393 821 1508 876 sive
1547 835 1613 874 ex
1653 820 1838 874 codice
1860 818 2072 881 Grieco,
2172 818 2443 874 Acberius
2467 819 2524 873 in
2551 816 2828 890 Spicilegii
2879 826 3016 872 tom.
3059 815 3198 876 XIII.
3241 816 3380 873 Cum
3424 817 3572 873 enim
3619 817 3772 874 idem

481 914 699 986 qualem
724 913 955 970 Photius
993 912 1207 979 laudat,
1242 913 1359 969 sive
1385 929 1454 967 ex
1494 912 1744 966 versione
1783 908 1984 979 Pelagii
2011 908 2070 964 S.
2174 907 2461 977 episcopus
2501 907 2560 962 in
2604 922 2672 964 ea
2697 907 2835 963 urbe
2864 907 3059 979 diebus
3100 906 3416 964 Nativitatis
3443 917 3501 964 et
3533 905 3775 994 Appari-

483 1005 552 1063 ιι.
580 1005 646 1065 Β.
671 1003 910 1071 diaconi,
937 1005 1033 1076 qui
1061 1003 1207 1059 hunc
1233 1005 1483 1074 quintum
1510 1001 1705 1056 librum
1732 1001 1911 1056 Latini
1934 1000 2077 1070 juris
2176 997 2338 1060 tionis
2365 997 2580 1054 Domini
2609 997 2678 1052 de
2711 999 2874 1055 rebus
2905 997 3292 1055 ecclesiasticis
3314 1006 3598 1065 tractaret,
3630 1017 3653 1050 t
3682 1014 3776 1054 re-

485 1092 638 1154 fecit.
2177 1089 2345 1144 latum
2370 1096 2454 1144 est
2478 1088 2529 1144 ei
2556 1088 2818 1161 quosdam
2845 1088 2913 1144 ab
2939 1087 3106 1145 Italia:
3146 1089 3348 1148 finibus
3386 1091 3539 1150 viros
3561 1107 3629 1148 eo
3656 1091 3770 1148 loci

558 1183 647 1242 £2.
678 1182 786 1241 Sed
814 1183 929 1255 jam
955 1183 1172 1238 demum
1215 1190 1337 1252 post
1382 1192 1630 1238 vexatam
1661 1182 1828 1237 variis
1868 1179 2078 1236 artibus
2178 1183 2477 1248 advenisse,
2511 1181 2627 1252 qui,
2676 1182 2974 1252 quamdam
3029 1197 3186 1238 novae
3229 1182 3506 1239 bmreseos
3558 1191 3774 1240 sectam

485 1286 653 1346 atque
674 1277 852 1332 modis
872 1274 1302 1340 Coufessionem,
1327 1273 1607 1330 veniamus
1633 1273 1700 1327 ad
1724 1273 1966 1343 palmare
1992 1262 2086 1325 ar-'

486 1374 804 1442 gementum
829 1406 846 1429 ,
895 1379 1006 1436 quo
1051 1364 1284 1420 Dallauts
1327 1379 1471 1437 stupe
1507 1363 1665 1419 dictae
1711 1361 2079 1419 Confessionis

485 1458 867 1537 antiquitatem
926 1456 1143 1530 penitus
1207 1454 1532 1511 labefactare
1596 1454 1700 1512 sibi
1750 1455 1900 1509 visus
1957 1461 2079 1518 est;

487 1564 702 1622 nempe,
734 1569 754 1604 t
781 1549 928 1624 quod
964 1550 1109 1606 idem
1147 1548 1518 1605 Confessionis
1559 1559 1748 1604 auctor
1786 1547 1853 1604 de
1890 1561 2082 1602 eorum

487 1642 757 1701 contentis
771 1643 868 1714 qui
889 1643 1092 1700 realem
1116 1643 1383 1699 Dominici
1399 1643 1644 1713 corporis
1667 1642 1722 1696 in
1742 1640 2084 1697 Eucharistia

486 1725 834 1812 praemium
879 1741 1114 1810 negant,
1157 1749 1268 1790 non
1314 1733 1474 1788 aliter
1515 1732 1757 1804 loquitur
1803 1747 1969 1803 quam
2015 1732 2084 1787 de

487 1826 738 1885 doctrina
782 1827 1003 1898 publico
1027 1826 1285 1883 Ecclesia:
1321 1826 1526 1898 judicio
1565 1826 1818 1881 damnata
1857 1833 1916 1883 et
1938 1825 2083 1882 inter

487 1917 726 1978 haereses
750 1917 943 1985 relata,
968 1926 1132 1989 atque
1167 1919 1243 1974 ita
1286 1934 1412 1975 cum
1452 1917 1586 1988 ipsis
1610 1917 1721 1988 agit
1749 1927 1810 1974 ut
1836 1933 1960 1973 cum
1985 1917 2082 1972 ho-

491 2009 729 2068 minibus
768 2009 1019 2067 sectariis
1045 2018 1102 2071 et
1125 2012 1416 2068 hiereticis.
1438 2031 1457 2064 ι
1495 2012 1634 2066 Tum
1661 2012 1790 2068 huic
1835 2011 1918 2066 rei
1957 2026 2085 2082 pro-

486 2100 683 2158 bandae
701 2101 924 2158 adducit
945 2101 1088 2158 hunc
1115 2102 1295 2158 locum
1320 2119 1388 2160 ex
1426 2101 1796 2160 Confessionis
1821 2113 1977 2173 parte
2006 2120 2078 2168 tv,

487 2208 627 2268 cap.
651 2193 687 2251 5
721 2215 734 2250 :
774 2214 794 2246 t
835 2195 1070 2252 Advorte
1089 2196 1206 2266 jam
1255 2197 1510 2262 tandem,
1552 2213 1586 2252 ο
1637 2198 2084 2267 pravissimarum

488 2288 753 2344 mentium
801 2304 1057 2359 perversa
1101 2291 1382 2355 doctrina,
1419 2299 1478 2345 ct
1515 2291 1826 2365 nolisurda
1867 2307 1999 2348 aure
2028 2303 2087 2347 et

489 2377 876 2440 ineircumciso
925 2381 1091 2438 corde
1152 2383 1436 2454 pnetcrire
1482 2386 1628 2456 quod
1693 2386 1936 2442 dicitur:
1978 2385 2085 2452 Qui

489 2471 776 2527 landum!
802 2490 904 2535 me,
928 2489 1084 2528 suam
1107 2475 1387 2542 nimirum,
1423 2491 1532 2531 non
1554 2476 1717 2532 aliam
1747 2493 1968 2534 carnem
1995 2479 2087 2535 de-

489 2572 782 2626 monstrat.
806 2584 828 2617 r
871 2562 994 2620 lio:
1040 2565 1228 2637 paucis
1274 2567 1618 2636 interiectis:
1658 2587 1678 2620 t
1719 2569 1923 2625 Verum
1955 2571 2082 2641 quia

396 2696 398 2699 .
489 2653 652 2726 longe
680 2654 841 2711 aliter
865 2670 926 2710 se
956 2656 1116 2711 habet
1139 2657 1342 2714 veritas
1371 2659 1507 2714 tanti
1543 2659 1806 2732 mysterii,
1835 2677 1998 2731 quam
2025 2670 2085 2717 tu

490 2748 740 2804 heretico
786 2747 1044 2819 deceptus
1090 2749 1286 2820 spiritu
1340 2749 1647 2816 arbitraris,
1688 2760 1835 2806 recte
1885 2752 2088 2821 dicitur

2179 1274 2623 1339 introduccntes,
2674 1272 3220 1345 evangelicm'atque
3272 1276 3586 1347 apostolica:
3642 1292 3780 1332 san-

2179 1364 2378 1421 ctionis
2407 1362 2749 1435 disciplinam
2789 1373 3109 1434 pervertere
3138 1365 3453 1432 tentabant;
3481 1374 3538 1422 et
3577 1381 3781 1438 quam-

2180 1455 2304 1510 dam
2323 1453 2594 1525 justitiam
2613 1454 2991 1526 praeferentes,
3021 1455 3129 1514 hac
3151 1455 3264 1513 sola
3291 1457 3570 1528 puriﬁcari
3596 1459 3782 1515 homi-

2183 1562 2280 1601 nes
2308 1547 2647 1611 asserebant,
2691 1546 3004 1619 nullumque
3033 1548 3089 1602 in
3123 1556 3317 1605 sancta
3346 1547 3593 1604 Ecclesia
3620 1548 3779 1608 aliud

2183 1653 2304 1694 esse
2345 1649 2748 1700 sacramentum
2788 1655 2890 1711 per
2929 1640 3074 1710 quod
3119 1641 3189 1698 ad
3217 1640 3449 1697 salutem
3485 1643 3780 1714 pervenire

2186 1732 2511 1801 potuissent.
2537 1752 2557 1786 ι
2577 1729 2645 1786 ili
2659 1747 2846 1788 coram
2861 1735 3120 1804 episcopo
3138 1734 3378 1798 adducti,
3404 1752 3424 1786 t
3445 1733 3693 1790 referunt
3713 1750 3785 1791 se

2116 1796 2159 1855 Β
2183 1796 2306 1877 esse
2333 1822 2611 1879 auditores
2639 1796 2914 1880 Gonnuan
2943 1796 3228 1894 cujusdam
3246 1825 3316 1882 ab
3338 1796 3508 1882 Italiae
3527 1827 3785 1898 partibus

2184 1911 2310 1976 viri,
2339 1919 2395 1966 et
2415 1911 2484 1966 ah
2501 1926 2569 1966 eo
2600 1913 2930 1984 evangelicis
2961 1914 3236 1970 mundatis
3257 1925 3313 1971 et
3344 1915 3660 1986 apostolicis
3689 1916 3782 1971 in-

2181 1998 2494 2058 formatas:
2539 2002 2847 2076 nullamque
2885 2013 3089 2076 praeter
3135 2006 3278 2063 hanc
3321 2007 3664 2079 Scripturam
3713 2025 3783 2064 se

2183 2093 2448 2164 recipere,
2475 2094 2571 2149 sed
2605 2094 2748 2151 hanc
2783 2095 2952 2152 verbo
2995 2103 3054 2153 et
3093 2112 3260 2168 opere
3307 2107 3515 2158 tenere.
3557 2117 3576 2152 ι
3634 2097 3784 2156 Tum

2183 2183 2496 2241 accuratius
2522 2184 2863 2258 interrogati,
2901 2188 3050 2244 sacri
3077 2187 3422 2260 baptismatis
3451 2191 3782 2265 ystcrium

2183 2279 2406 2346 negant,
2435 2275 2706 2348 simulque
2730 2275 3113 2346 Eucharistite,
3140 2280 3485 2340 Pmnitentim
3507 2289 3565 2338 et
3591 2282 3786 2338 latri-

2185 2367 2353 2423 monii
2374 2375 2738 2423 sacramenta.
2759 2366 2868 2424 Pro
2888 2371 3171 2428 erroribus
3194 2372 3424 2443 singulis
3454 2373 3664 2446 singula
3683 2389 3784 2430 ea.

2184 2459 2355 2530 pitula
2368 2461 2556 2517 condit
2578 2459 2878 2530 Gerardus,
2899 2449 3139 2535 primum
3161 2467 3381 2537 quidem
3398 2467 3466 2522 de
3477 2468 3778 2541 baptismo,

2185 2551 2487 2606 secundum
2535 2552 2605 2608 de
2653 2567 2886 2624 corpore
2935 2562 2994 2610 et
3016 2556 3282 2627 sanguine
3304 2557 3553 2624 Domini,
3586 2558 3640 2613 in
3665 2574 3788 2628 quo

2185 2641 2472 2698 haereticos
2516 2642 2808 2714 compellat
2851 2644 2939 2701 his
2986 2645 3214 2702 verbis:
3249 2665 3272 2700 t
3329 2645 3451 2708 lam
3502 2664 3648 2709 nunc
3694 2649 3788 2708 his

2185 2731 2406 2788 omissis
2452 2733 2741 2792 transitum
2769 2731 3035 2793 faciamus
3078 2735 3150 2792 ad
3191 2736 3326 2793 illud
3351 2753 3569 2798 sacrum
3594 2747 3653 2794 et
3677 2739 3788 2798 im-

491 2839 817 2912 mysterium
848 2838 1000 2906 fidei,
1025 2860 1044 2894 ι
1080 2848 1187 2898 etc.
1230 2860 1250 2893 t
1280 2841 1490 2911 Quibus
1517 2845 1880 2914 apertissime,
1909 2845 2084 2917 inquit

2187 2827 2444 2884 mutabile
2476 2827 2744 2886 Dominici
2770 2829 3022 2902 corporis
3063 2838 3122 2888 et
3152 2833 3437 2905 sanguinis
3464 2848 3788 2895 sacramen-

491 2928 750 2999 Dallinus,
775 2931 1047 3002 signiﬁcat
1075 2932 1261 3001 fuisse,
1289 2949 1398 3004 quo
1435 2933 1550 3006 ipse
1591 2943 1835 3008 tempore
1878 2937 2084 2994 scribe-

2189 2929 2328 2988 tum,
2372 2920 2520 2992 quod
2548 2935 2646 2978 vos
2673 2920 2746 2978 ad
2772 2930 3016 2980 vestram
3057 2923 3457 2990 confusionem,
3490 2924 3595 2980 nisi
3643 2925 3790 2981 τρεῖς

491 3021 609 3090 bat,
637 3025 731 3094 qui
766 3021 926 3077 aliter
950 3037 1113 3094 quam
1158 3023 1275 3095 ipse
1314 3025 1608 3093 sentiebat,
1636 3026 1704 3082 de
1742 3026 2086 3084 Eucharistia
2187 3012 2438 3083 Ριιθτίιίεο
2462 3013 2752 3070 adversum
2775 3013 3019 3073 ἀίνίιηω
3044 3023 3104 3071 εί
3143 3012 3497 3087 apostolicam
3533 3014 3785 3074 ιηδίιίθ·

489 3115 655 3188 377
673 3114 952 3182 docebant,
979 3116 1182 3188 quique
1199 3117 1456 3174 Ittcresooa
1476 3134 1538 3174 ea
1559 3119 1627 3174 de
1653 3135 1817 3174 causa
1845 3120 2083 3178 damnati

2188 3122 2311 3162 nem
2357 3105 2740 3182 impugnantes
2779 3114 3030 3165 evertere
3059 3107 3305 3189 tentatis.
3344 3127 3364 3166 ι
3423 3107 3561 3166 Tum
3611 3107 3788 3178 ipsius

490 3213 668 3262 erant.
701 3224 720 3258 ι
765 3202 1079 3276 Cuiusmodi
1131 3209 1380 3269 homines
1421 3209 1560 3266 ullos
1602 3219 1729 3266 ante
1771 3209 2085 3286 Berengarii
2111 3196 2158 3226 υ
2186 3198 2517 3254 sacramenti
2544 3205 2798 3254 “imam
2820 3196 3106 3270 θιβηωηε
3136 3205 3261 3272 Po“
3295 3198 3478 3269 aliqua
3507 3198 3624 3256 ’καί
3657 3197 3790 3254 ωδ·

493 3305 712 3370 tempus
731 3299 1008 3354 exstitisse
1032 3308 1196 3373 negat
1224 3299 1474 3357 Daunius.
2184 3293 2308 3349 dit:
2340 3311 2360 3345 t
2413 3291 2571 3361 Quod
2619 3294 2840 3367 quidem
2874 3293 3208 3350 sacriﬁcium
3252 3294 3383 3351 dum
3430 3295 3498 3351 de
3533 3310 3674 3366 pane
3723 3303 3785 3357 et

563 3388 681 3447 Hoc
718 3400 1096 3464 argumentum
1123 3393 1360 3450 colorem
1387 3396 1604 3465 quidem
1633 3398 1797 3455 habet
1821 3415 1936 3470 pm
1963 3400 2087 3456 alii;
2180 3390 2306 3446 vino
2327 3405 2453 3446 cum
2481 3405 2621 3461 aqua
2645 3389 2819 3445 mixto
2840 3388 3102 3445 ineifahili
3132 3388 3585 3454 sanctiﬁcatione,
3612 3403 3782 3448 cruce

494 3494 530 3538 a
570 3479 772 3537 Dallzeo
819 3481 1099 3550 adductis;
1136 3484 1232 3539 sed
1271 3485 1318 3540 si
1377 3485 1560 3541 fucum
1606 3488 1886 3558 detrahas,
1924 3491 2087 3547 inane
2181 3491 2239 3538 et
2271 3482 2454 3538 verbis
2489 3480 2633 3538 illius
2678 3481 2733 3537 in
2763 3481 2924 3538 altari
2951 3489 3334 3547 consecratur.
3381 3482 3623 3553 dumque
3649 3497 3784 3554 μιν

494 3587 746 3646 prorsus,
775 3575 856 3634 uti
879 3585 1098 3643 caetera,
1136 3579 1440 3653 apparebit.
1483 3579 1640 3648 Quod
1667 3590 1727 3639 ut
1767 3597 2082 3653 assequare,
2182 3574 2354 3630 sionis
2381 3580 2438 3630 et
2477 3573 2904 3632 resurrectionis
2945 3571 3065 3645 eius
3089 3581 3254 3646 atque
3286 3575 3342 3632 in
3366 3575 3565 3631 ctutum
3593 3589 3788 3636 ascetia

493 3677 614 3721 rem
642 3667 867 3741 propius
893 3667 1097 3726 intueri
1116 3684 1336 3726 necesse
1361 3678 1447 3728 cst
1469 3687 1535 3728 ac
1571 3673 1948 3735 demonstrare
1968 3675 2087 3747 jam
2185 3664 2358 3725 Bionis
2403 3663 2609 3722 ibidem
2635 3663 2921 3723 salutifera
2948 3667 3213 3722 memoria
3257 3667 3459 3740 agitur,
3501 3681 3688 3725 verum
3716 3683 3784 3725 ac

495 3748 697 3816 dudum
729 3765 855 3813 ante
899 3757 1215 3816 damnatum
1245 3759 1633 3834 Berengarium
1675 3764 1960 3820 hmreticos
1984 3766 2084 3821 ba-

2184 3756 2467 3830 proprium
2491 3771 2692 3828 corpus
2713 3757 2887 3829 ipsius
2915 3757 3132 3814 Domini
3157 3756 3289 3815 Iesu
3318 3753 3545 3826 Christi,
3570 3769 3628 3815 et
3653 3775 3782 3817 βίω-η

494 3846 664 3912 bitos,
688 3863 862 3918 coque
887 3849 1108 3906 nomine
1149 3849 1393 3918 affectos,
1428 3853 1521 3923 qui
1549 3869 1708 3910 secus
1735 3871 1897 3926 quam
1925 3858 2088 3914 modo
2185 3854 2307 3926 guis
2332 3867 2497 3910 verus
2522 3861 2582 3908 et
2605 3853 2861 3924 proprius
2877 3850 3138 3921 efﬁcitur,
3175 3855 3430 3924 quamvis
3469 3854 3616 3911 aliud
3657 3869 3785 3912 esse

494 3935 764 3994 catholica
785 3937 1028 3995 Ecclesia
1051 3941 1234 4006 tradit,
1262 3941 1329 3997 de
1357 3943 1700 4001 Eucharistia
1726 3948 2012 4004 sentirent.

570 4026 708 4089 Huic
753 4032 832 4086 rei
861 4032 1153 4103 probandae
1194 4051 1337 4094 unus
1387 4035 1586 4092 suilicit
1630 4037 1963 4106 Dcoduinus,
1990 4056 2088 4096 seu

498 4118 847 4180 Theoduinus
894 4122 1210 4182 Leoliensis
1236 4128 1523 4198 episcopus
1565 4127 1688 4201 (m),
1737 4130 1831 4200 qui
1876 4131 1932 4187 in
1967 4133 2087 4203 epi-

495 4210 638 4265 stola
667 4210 735 4266 ad
757 4210 1062 4283 Philippum
1107 4213 1442 4272 Francorum
1475 4232 1680 4289 regem,
1728 4220 1932 4290 scripta
1958 4236 2088 4277 con-

497 4306 584 4356 tra
632 4298 945 4370 Berengarii
990 4317 1231 4361 errorem
1275 4307 1388 4379 jam
1437 4315 1550 4362 tum
1597 4309 1833 4378 primum
1881 4314 2088 4372 exoriri

497 4398 758 4460 ereptum,
779 4399 968 4449 censet
996 4392 1381 4468 Bcrengarium
1408 4397 1634 4469 ejusque
1678 4415 1939 4471 sequaces
1977 4418 2087 4461 nou

2185 3943 2455 4001 videatur.
2481 3943 2708 4001 Videtur
2729 3958 2968 4017 namque
2987 3946 3148 4016 panis
3173 3945 3464 4013 naturalis,
3487 3947 3584 4007 sed
3610 3945 3784 4004 veris-

2186 4039 2326 4098 sime
2357 4036 2594 4109 eﬁicitur
2617 4053 2818 4110 corpus
2839 4037 3066 4106 Christi,
3096 4040 3240 4096 sicut
3261 4040 3377 4110 ipsa
3407 4041 3599 4098 eadem
3625 4041 3784 4099 Vert-

2189 4141 2302 4191 tate
2329 4137 2624 4189 attestante
2655 4131 2972 4190 didicimus.
3007 4151 3029 4186 »
3077 4132 3158 4188 Ex
3182 4133 3384 4203 quibus
3425 4133 3783 4205 intelligimus

2189 4226 2243 4280 in
2265 4225 2474 4296 synodo
2497 4223 2846 4281 Atrebatensi
2889 4233 3160 4280 assertam
3212 4221 3382 4282 fuisse
3425 4225 3784 4282 Eucharistiz

2188 4317 2477 4374 veritatem
2506 4317 2667 4373 annis
2692 4316 2927 4389 amplius
2955 4317 3028 4373 25
3069 4325 3197 4373 ante
3223 4316 3544 4375 damnatum
3581 4316 3783 4374 Beren-

2188 4411 2420 4481 garium.
2453 4409 2609 4468 Hunc
2653 4409 2836 4467 locum
2877 4409 3040 4482 paulo
3080 4408 3268 4467 fusius
3295 4411 3477 4476 retuli,
3510 4420 3625 4469 tum
3651 4411 3783 4482 quia

499 4495 621 4536 esse
644 4483 962 4590 audiendos,
993 4495 1306 4590 neque-tam
1350 4504 1451 4559 pro
1483 4490 1598 4590 illis.
1626 4494 1917 4590 concilium
1941 4511 2088 4590 eon-
2115 4527 2168 4590 υ
2189 4502 2308 4558 haec
2334 4500 2576 4574 synodus
2603 4501 2855 4566 antehac,
2884 4502 2931 4558 si
2973 4517 3082 4558 non
3117 4501 3304 4569 fallor,
3335 4502 3609 4575 incognita
3643 4501 3781 4567 fuit,

500 4574 825 4641 vocandum,
859 4590 1024 4647 quam
1045 4578 1112 4633 de
1141 4578 1354 4635 illorum
1376 4581 1637 4654 supplicio
1657 4585 2082 4654 exquirendum;

499 4671 809 4738 propterea,
853 4668 994 4738 quod
1036 4668 1364 4726 creberrimis
1407 4670 1510 4727 SS.
1559 4668 1785 4729 Patrum
1830 4674 2087 4741 conciliis,

499 4764 614 4814 tant
630 4754 790 4813 etiam
815 4757 1187 4814 uenerabilium
1223 4759 1494 4816 doctorum
1536 4760 1848 4818 clarissimis
1885 4775 2091 4820 senten-

501 4845 591 4901 tiis
644 4848 934 4919 proscripti
986 4849 1336 4923 damnatique
1392 4863 1576 4909 essent
1615 4871 1804 4912 eorum
1850 4871 2085 4914 errores.

502 4938 644 5011 Ergo
668 4947 795 4994 ante
823 4939 1134 5013 Berengarii
1157 4945 1470 5000 damnatum
1490 4962 1734 5002 errorem
1754 4949 2085 5004 creberrima

499 5031 728 5091 concilia
753 5032 1080 5090 catholicam
1105 5035 1172 5091 de
1195 5036 1532 5098 Eucharistia
1551 5038 1711 5096 [idem
1741 5041 2084 5109 definieram,

499 5137 570 5178 ac
598 5138 757 5180 secus
784 5126 1083 5181 sentientes
1112 5142 1212 5197 pro
1235 5127 1504 5184 haereticis
1531 5130 1807 5189 habendos
1835 5131 2062 5188 decreve

505 5221 648 5277 rant,
675 5222 738 5268 ut
761 5224 950 5270 censet
995 5225 1334 5288 testaturque
1380 5219 1708 5278 Deoduiuus.
1759 5222 1840 5280 Ex
1888 5226 2089 5297 quibus

499 5306 772 5373 ctutuiliis,
796 5309 898 5364 etsi
927 5325 1094 5365 unum
1127 5310 1444 5370 Toletanum
1478 5314 1722 5385 proferat
1746 5317 1800 5372 in
1823 5317 2086 5386 medium,

501 5395 657 5465 ptum
698 5403 877 5453 tamen
915 5399 1022 5454 alia
1068 5400 1122 5456 in
1158 5401 1511 5460 Eucharistite
1557 5421 1724 5468 causa
1762 5417 2088 5480 congregata

502 5485 672 5543 fuisse
709 5485 996 5545 manifeste
1019 5494 1273 5549 asseruit.

574 5572 643 5630 Et
663 5575 883 5646 quidem
923 5590 1184 5652 regnante
1227 5584 1367 5656 apud
1415 5584 1657 5644 Francos
1698 5588 1987 5657 Botberto,
2035 5589 2090 5648 id

503 5673 589 5720 est
629 5681 773 5726 antro
809 5669 965 5737 1035,
1015 5673 1202 5731 indict.
1245 5677 1300 5741 8,
1347 5676 1623 5735 Gerardus
1674 5680 2091 5739 Cameracensis

504 5766 668 5832 atque
703 5759 1080 5821 Atrebatensis
1119 5765 1407 5848 episcopus
1453 5770 1614 5831 tidem
1665 5773 1988 5831 catholicam
2017 5774 2088 5839 de

2191 4599 2309 4646 tum
2333 4591 2464 4662 quia
2512 4591 2677 4646 rebus
2721 4591 3181 4662 subsequentibus
3228 4593 3572 4650 illustrandis
3610 4594 3782 4666 pluri-

2189 4696 2340 4737 mum
2365 4681 2643 4738 conducit.
3139 4744 3144 4748 ,

2262 4773 2380 4832 Sub
2405 4774 2549 4831 idem
2592 4781 2832 4847 tempus,
2880 4777 2986 4833 hoc
3031 4786 3116 4834 est
3150 4795 3296 4836 anno
3343 4780 3503 4848 1017,
3548 4790 3785 4840 testante

2187 4865 2394 4923 Glabro
2422 4864 2656 4925 Rodquo
2683 4869 2739 4924 in
2765 4868 2906 4926 Hist.
2937 4870 3035 4927 lib.
3080 4887 3176 4938 ιη,
3199 4888 3321 4942 cap.
3354 4875 3412 4940 8,
3439 4876 3494 4930 in
3514 4877 3650 4932 urbe
3669 4875 3780 4932 Au-

2193 4959 2522 5016 relianon
2566 4958 2802 5019 ﬂammis
2841 4962 3028 5018 traditi
3067 4973 3195 5020 sunt
3219 4964 3464 5033 ejusdem
3508 4967 3781 5025 haereseos

2191 5060 2526 5119 assertores;
2555 5069 2785 5124 quorum
2808 5055 3068 5127 prtecipui
3101 5067 3260 5112 erant
3287 5057 3587 5114 Herbertus
3616 5071 3782 5132 atque

2191 5145 2422 5201 Lisoius.
2447 5143 2652 5210 Horum
2675 5161 2894 5204 cruores
2921 5146 3118 5205 fucatae
3151 5151 3461 5207 sanctitatis
3487 5152 3780 5209 simulacro

2191 5233 2444 5306 palliatos
2492 5236 2700 5290 detexit
2728 5234 3038 5304 Arefastus,
3080 5239 3176 5309 qui
3222 5250 3490 5311 praesente
3516 5241 3780 5301 Botherto

2193 5340 2340 5396 rege,
2374 5334 2436 5382 ut
2471 5327 2664 5399 synodi
2706 5334 2830 5385 acta
2868 5329 3102 5401 probtmt
3133 5333 3190 5388 in
3230 5330 3508 5406 Spicilegii
3540 5344 3672 5392 tom.
3703 5336 3778 5404 ll,

2192 5418 2336 5475 inter
2359 5428 2558 5477 cetera
2590 5429 2931 5478 contestatus
2955 5432 3041 5480 est
3064 5425 3137 5482 ab
3159 5425 3244 5481 eis
3276 5442 3336 5482 se
3361 5426 3640 5496 didicisse,
3678 5448 3779 5504 ρι-

2193 5525 2310 5565 neut
2332 5517 2383 5564 et
2408 5509 2607 5580 vinum,
2632 5512 2774 5583 quod
2799 5528 2958 5583 super
2981 5511 3152 5568 altore
3177 5516 3422 5572 mnibus
3447 5518 3778 5575 sacerdotum

2190 5599 2362 5656 sancti
2393 5598 2623 5672 Spiritus
2649 5602 3065 5674 sanctiﬁcatione
3091 5605 3223 5676 eﬁci
3250 5605 3457 5661 videtur
3481 5625 3780 5665 cach

2191 5699 2324 5755 tum,
2363 5690 2591 5745 converti
2616 5708 2722 5746 non
2742 5708 2895 5763 posse
2922 5693 2977 5748 ia
3002 5709 3192 5766 corpus
3215 5706 3266 5751 et
3291 5697 3603 5769 sanguinem
3625 5699 3779 5756 Chri-

2192 5783 2281 5838 ttt‘.
2313 5779 2470 5859 QuOd
2514 5795 2641 5845 cum
2674 5782 2751 5839 illi
2779 5786 3194 5861 confiterentur,
3240 5803 3340 5846 nec
3389 5791 3457 5848 ab
3494 5807 3560 5851 eo
3588 5808 3778 5859 errore
