4090 6530
253 396 394 456 10ιῖ

828 405 981 463 OPP.
1023 405 1250 462 DUBIA.
1292 438 1362 450 --
1401 408 1490 464 DE
1526 408 1706 464 FIDE!
1746 405 2078 463 COM'ESS.
2125 409 2514 464 MABILLONH
2557 409 2986 478 DiSQL'lSlTIO.

3386 418 3522 474 1018

244 517 747 590 aliisquerevocari
773 519 1101 591 potuissent,
1132 519 1360 591 iubente
1403 537 1530 592 rege
1552 531 1707 581 extra
1735 539 1827 580 ur—
1857 523 1902 580 Α
1931 525 2122 579 cllasio
2159 522 2360 579 diserte
2410 525 2704 594 impactum
2747 535 2832 582 est
2877 534 3002 583 ante
3040 528 3352 601 Derengarii
3390 545 3525 587 aen-

161 666 164 669 .
240 611 372 670 bem
399 612 634 671 excitati
672 621 818 671 sunt.
849 611 949 669 llic
995 613 1175 670 nullus
1218 629 1395 670 canon
1439 614 1716 669 nullumve
1739 613 1836 671 de-

238 710 453 762 cretum
478 703 756 761 conditum
785 703 1004 775 legitur,
1032 704 1128 760 sed
1159 712 1367 758 tantum
1386 719 1546 773 pinna
1570 703 1842 759 haereticis

240 793 483 853 Indicia:
527 795 601 852 ob
643 810 764 853 eam
811 794 1064 850 videlicet
1111 809 1332 850 causam
1379 795 1526 861 «ιιιοᾱ
1566 796 1840 851 communi

239 889 508 948 Ecclesiae.
531 891 814 950 catholica:
851 889 1166 962 prtcjudicio
1190 889 1532 959 proscriptus
1564 895 1710 944 esset
1741 902 1838 942 eo-

241 997 368 1038 rum
397 999 577 1051 error,
614 983 708 1054 qui
733 985 1021 1040 veritatem
1061 982 1310 1052 corporis
1335 989 1389 1037 et
1419 982 1698 1054 sanguinis
1740 982 1841 1037 Do-

242 1075 385 1136 mini
413 1076 471 1134 iu
494 1075 837 1134 Eueharistia
869 1083 1180 1149 negassent,
1207 1085 1371 1144 atque
1413 1074 1720 1143 hujusmodi
1749 1075 1843 1130 ho.

235 1168 426 1225 “lines
449 1166 506 1222 in
545 1166 926 1224 btereticorum
953 1167 1184 1223 classem
1231 1167 1530 1221 amandati.
1560 1165 1676 1233 Qua
1716 1181 1840 1236 per-

242 1259 504 1316 suasione
536 1259 794 1316 commoti
820 1260 1064 1331 pmdicﬁ
1109 1259 1374 1324 haeretici,
1409 1273 1652 1315 errorem
1680 1274 1839 1313 suum

241 1349 478 1420 publicis
532 1351 886 1412 concionibus
944 1353 1287 1407 committere
1350 1367 1458 1407 non
1526 1350 1836 1407 audebant:

200 1501 204 1505 ,
241 1441 345 1498 sed
373 1443 608 1502 occultis
646 1443 913 1500 cuniculis
957 1442 1282 1514 furtivisque
1309 1443 1593 1514 colloquiis
1618 1443 1672 1497 in
1702 1443 1839 1498 ﬁdos

239 1533 615 1604 probatusque
652 1535 1008 1607 quorumdam
1059 1535 1270 1590 animos
1311 1551 1434 1590 eum
1477 1535 1836 1604 inspirabant.

243 1625 483 1681 Tantum
529 1626 672 1696 apud
700 1640 796 1686 eos
824 1625 1153 1697 praevalebat
1196 1627 1400 1681 erroris
1429 1625 1512 1681 sui
1536 1639 1838 1696 pta-conce-

241 1729 340 1792 pta
369 1719 668 1780 damnatio.

317 1812 503 1868 Mitius
529 1828 653 1868 cum
683 1811 806 1868 aliis
845 1811 1090 1881 ejusdem
1126 1811 1318 1867 farina:
1364 1811 1676 1869 hominibus
1723 1813 1837 1883 egit

1940 634 2000 671 δυ
2009 635 2122 671 ram
2131 657 2144 671 .

2008 708 2142 765 Cum
2181 709 2474 768 Paschasio
2513 713 2788 770 consentit
2828 711 3150 770 Hincmarus
3192 713 3524 775 Rbemorum

1937 801 2375 871 archiepiscopus
2407 804 2459 857 ia
2503 803 2701 873 prioris
2749 804 2992 875 opusculi
3038 805 3108 860 de
3161 805 3524 861 l’rtedestina-

1939 892 2086 946 tione
2115 907 2234 961 cap.
2279 892 2369 958 51,
2397 894 2484 947 ubi
2511 895 2748 964 loquitur
2775 894 2830 951 in
2863 895 3004 951 hunc
3031 897 3250 952 modum
3279 917 3292 950 :
3336 914 3357 951 ς
3385 896 3527 952 Sunt

1937 991 1993 1038 et
2017 983 2120 1038 alia
2154 1001 2274 1054 qua:
2299 1002 2487 1039 vocum
2513 986 2844 1042 novitatibus
2867 985 3215 1053 delectantes,
3251 988 3394 1042 unde
3421 987 3525 1046 sibi

1939 1075 2126 1130 inanes
2146 1085 2462 1143 comparent
2499 1076 2854 1142 rumusculos,
2883 1085 3074 1134 contra
3101 1077 3224 1132 ﬁdei
3244 1077 3528 1134 catholica

1939 1167 2222 1223 veritatem
2264 1167 2470 1232 dicunt,
2511 1169 2800 1223 videlicet:
2833 1169 2976 1239 quod
3007 1171 3147 1224 trina
3189 1171 3260 1224 sit
3297 1169 3520 1225 Deitas:

1935 1260 2081 1330 Quod
2125 1268 2462 1316 sacramenta
2505 1261 2694 1316 altaris
2735 1277 2843 1316 non
2877 1277 3068 1318 verum
3109 1278 3308 1332 corpus
3349 1271 3406 1316 et
3426 1277 3525 1318 νος

1938 1367 2034 1407 rus
2066 1352 2286 1422 sanguis
2316 1353 2386 1406 sit
2438 1353 2672 1417 Domini,
2713 1354 2810 1408 sed
2854 1360 3064 1408 tantum
3112 1353 3374 1409 memoria
3410 1351 3526 1408 veri

1937 1442 2181 1512 corporis
2213 1450 2267 1497 et
2304 1443 2581 1515 sanguinis
2615 1445 2754 1514 ejus.
2793 1464 2811 1498 ι
2850 1445 3035 1515 Itaque
3076 1445 3326 1500 censebat
3359 1443 3526 1499 Hinc-

1941 1551 2123 1592 marus
2147 1535 2452 1605 hujusmodi
2493 1536 2740 1590 homines
2767 1550 3009 1606 pugnare
3043 1545 3228 1590 contra
3264 1533 3392 1602 fidei
3436 1551 3529 1589 ca-

1937 1626 2144 1685 tholice
2176 1627 2468 1691 ueritatem,
2505 1641 2571 1682 ac
2598 1627 2824 1696 proinde
2851 1627 3133 1681 haereticos
3168 1641 3314 1681 esse.

2006 1717 2382 1776 Eumdemmet
2411 1734 2652 1773 errorem
2684 1720 2764 1790 (ut
2799 1718 2850 1774 id
2881 1718 3056 1773 obiter
3091 1714 3394 1786 observem)
3426 1731 3527 1770 uo—

1939 1819 2084 1867 tnssc
2124 1809 2254 1865 mihi
2296 1808 2506 1864 videtur
2533 1808 2851 1865 Anastasius
2894 1807 3367 1872 Bibliotheearius,
3403 1821 3527 1862 cum

241 1914 469 1971 sanctus
495 1903 612 1962 Odo
639 1905 1050 1961 Cantuariensis
1079 1905 1363 1973 episcopus
1384 1905 1606 1960 circiter
1633 1919 1834 1959 annum
1867 1873 1912 1934 Β
1943 1905 2017 1957 ait
2051 1902 2327 1959 Nicolaum
2359 1918 2551 1972 papam
2581 1903 2814 1972 primum
2840 1901 3033 1957 fecisse
3065 1902 3118 1956 in
3150 1900 3374 1956 basilica
3409 1899 3531 1955 Sal-

240 1997 375 2063 950,
404 2012 514 2068 quo
538 2003 782 2066 tempore
811 2014 830 2047 ι
874 1995 1096 2065 quidam
1135 1994 1340 2057 clerici,
1383 1995 1623 2066 maligno
1650 2008 1837 2049 errore

241 2089 484 2156 aedueti,
510 2101 829 2147 asseverare
849 2086 1190 2143 conabantur
1214 2101 1408 2156 panem
1437 2093 1492 2142 et
1510 2086 1694 2142 vinum
1717 2099 1840 2157 quae

243 2178 304 2236 in
335 2178 500 2237 altari
545 2186 844 2252 ponuntur,
892 2185 1016 2253 post
1053 2178 1518 2234 consecrationem
1564 2178 1620 2233 in
1667 2177 1837 2248 priori

242 2271 550 2329 substantia
597 2284 936 2341 permanere,
975 2277 1030 2324 et
1056 2269 1285 2339 ﬁguram
1315 2269 1688 2329 tantummodo
1715 2283 1839 2325 esse

240 2363 496 2433 corporis
553 2369 609 2417 et
655 2361 938 2430 sanguinis
989 2359 1216 2428 Christi,
1264 2376 1371 2415 non
1411 2375 1601 2418 verum
1637 2357 1838 2415 Christi

240 2468 451 2522 corpus
498 2460 554 2508 et
587 2451 927 2524 sanguinem.
975 2451 1220 2518 Quorum
1253 2467 1522 2507 enormem
1562 2449 1840 2522 perﬁdiam

239 2543 442 2602 beatus
463 2541 581 2603 0:10
613 2543 898 2602 destruere
931 2542 1180 2612 cupiens,
1221 2543 1350 2598 dum
1385 2543 1625 2617 quadam
1654 2542 1741 2597 die
1784 2543 1841 2597 in

242 2643 540 2706 conspectu
561 2635 725 2695 totius
742 2634 925 2706 populi
947 2635 1310 2690 sacrosanctis
1330 2635 1620 2690 missarum
1643 2635 1842 2692 solem-

243 2729 357 2786 niis
380 2728 612 2786 devotus
652 2729 981 2796 intenderet,
1008 2731 1284 2802 expressis
1308 2730 1565 2803 lacrymis
1589 2730 1686 2786 Dei
1724 2747 1843 2786 om-p

243 2826 545 2898 nlpotentis
583 2825 928 2882 clementiam
962 2827 1016 2881 in
1060 2841 1160 2882 suo
1205 2827 1506 2883 ministerio
1533 2825 1722 2884 adfore
1744 2840 1842 2896 po-

244 2917 490 2984 stulavit,
517 2931 642 2993 qua
668 2918 739 2974 ad
785 2916 1131 2987 depellendus
1160 2919 1438 2975 hominum
1483 2933 1687 2972 errores
1714 2917 1845 2972 sub-

245 3011 547 3067 stantivam
593 3008 900 3065 divinorum
942 3009 1328 3080 mysteriorum
1374 3008 1678 3067 declararet
1715 3022 1843 3078 pro-

243 3104 557 3174 prietatem.
594 3101 840 3173 Cumque
879 3103 950 3158 ad
992 3101 1420 3159 contractionem
1449 3100 1651 3156 viviﬁci
1683 3097 1842 3170 panis

245 3211 470 3253 ventum
517 3193 738 3261 luisset,
778 3193 1069 3251 confestim
1117 3195 1260 3251 inter
1307 3209 1502 3249 manus
1544 3193 1836 3264 pontiﬁcis,

249 3287 554 3362 fragmenta
601 3289 848 3360 corporis
886 3287 1089 3345 Christi
1117 3291 1372 3355 tenentis,
1409 3289 1629 3360 sanguis
1654 3297 1838 3360 gutta-

250 3381 352 3439 tim
376 3378 613 3438 deﬂuere
659 3378 846 3450 comit.
881 3397 902 3432 ι
935 3376 1102 3448 Cujus
1143 3379 1223 3434 rei
1251 3376 1689 3434 musideratione
1711 3393 1839 3449 per-

249 3471 392 3529 culsi
437 3486 648 3537 omnes,
692 3470 858 3548 378
909 3473 1148 3527 maxime
1195 3487 1324 3527 vero
1368 3471 1553 3528 clerici
1601 3473 1838 3538 sectarii,

248 3575 496 3618 errorem
539 3575 698 3616 suum
754 3559 1134 3617 incunctanter
1188 3559 1454 3629 abjecere.
1488 3559 1608 3631 ipse
1659 3569 1842 3619 autem

247 3652 491 3726 pontifex
513 3668 638 3712 cum
675 3652 788 3710 suis
829 3652 884 3708 in
922 3668 1116 3724 magna
1140 3654 1437 3725 gratiarum
1468 3653 1682 3712 actione
1707 3653 1843 3711 laeti-

250 3748 386 3805 tiam
412 3745 543 3817 egit,
585 3763 607 3797 ι
638 3753 926 3816 propterea
956 3745 1102 3815 quod
1126 3745 1306 3802 omnis
1345 3758 1502 3799 error
1539 3743 1610 3799 de
1655 3743 1842 3802 Domi-

249 3839 374 3895 nico
394 3852 621 3910 corpuu'e
656 3835 710 3892 in
731 3843 953 3909 pectore
981 3851 1202 3891 suorum
1224 3835 1458 3892 abolitus
1483 3833 1706 3901 fuisset,
1742 3849 1845 3893 nec

248 3929 394 3986 ultra
421 3943 622 3999 panem
665 3927 721 3984 in
751 3926 908 3982 altari
931 3928 1168 3996 positum
1194 3942 1383 3982 verum
1409 3926 1610 3982 Christi
1641 3939 1843 3996 corpus

248 4032 374 4077 esse
396 4016 720 4081 diuiderent,
764 4015 858 4086 qui
887 4030 1077 4070 verum
1112 4015 1431 4086 sanguinem
1464 4015 1589 4071 inde
1616 4028 1844 4071 manare

249 4109 687 4179 conspexissent.
724 4125 744 4161 ι
773 4106 902 4164 liam
922 4107 1086 4162 verba
1110 4117 1236 4162 sunt
1259 4107 1710 4177 pervetustissimi
1743 4121 1845 4164 au-

250 4201 444 4266 ctoris,
472 4201 566 4275 qui
591 4199 833 4257 libellum
876 4198 944 4253 de
989 4198 1160 4268 ipsius
1193 4196 1398 4254 Odonis
1438 4196 1561 4252 Vita
1601 4197 1842 4252 nendum

250 4296 458 4352 editum
483 4293 788 4364 composuit
812 4311 825 4346 :
851 4307 1013 4363 quem
1049 4292 1224 4346 locum
1249 4289 1573 4346 Wilhelmus
1595 4288 1848 4348 Malmes-

253 4389 528 4452 buriensis
585 4388 886 4443 monachus
945 4383 1269 4455 compendio
1323 4382 1528 4438 retulit.
1584 4381 1729 4453 Ergo
1775 4391 1846 4437 ‘eo

253 4493 524 4554 tempore,
546 4481 601 4536 id
620 4487 706 4536 est
737 4480 918 4535 medio
941 4494 1068 4536 stuc.
1091 4494 1148 4545 x,
1175 4478 1404 4532 enormia
1429 4475 1652 4546 perﬁdia
1675 4491 1851 4530 error-

251 4594 355 4648 que
377 4574 718 4640 censebatur,
757 4573 803 4628 si
846 4573 991 4670 quis-
1124 4569 1369 4641 corporis
1401 4567 1602 4627 Christi
1633 4567 1841 4625 Domini
1873 4609 1924 4670 Β

255 4667 313 4723 in
336 4666 679 4723 Eucharistia
703 4666 932 4720 veritate
960 4663 1280 4718 dubitasset.

328 4766 538 4823 Saseulo
567 4765 889 4837 praecedenti
931 4764 1124 4819 eadem
1168 4761 1270 4817 ﬁnit
1299 4760 1693 4816 catholicorum
1723 4772 1846 4816 sen-

253 4860 446 4924 tentia,
476 4857 572 4929 qui
615 4856 900 4914 haereticos
939 4853 1282 4924 appellabant
1336 4851 1599 4923 ejusmodi
1645 4851 1851 4907 erroris

254 4959 576 5009 sectatores.
607 4947 788 5004 Testis
821 4945 1085 5015 imprimis
1110 4944 1432 4999 Paschasius
1461 4942 1768 4998 Radbertus
1793 4942 1850 4998 in

259 5044 397 5098 libro
419 5040 489 5097 de
514 5039 870 5097 Sacramento
907 5037 1116 5101 altaris,
1143 5051 1262 5104 cap.
1297 5035 1359 5088 2i
1393 5053 1407 5088 :
1461 5053 1480 5087 ι
1521 5033 1632 5089 Nos
1667 5042 1848 5090 autem

257 5131 531 5192 catholice
586 5146 807 5189 sensum
855 5128 1024 5198 ipsius
1070 5126 1280 5181 Domini
1334 5127 1693 5195 requirentes,
1740 5140 1849 5179 non

258 5225 627 5284 hereticorum
677 5222 882 5278 naeniae
931 5235 1254 5291 sequamur,
1299 5219 1392 5274 sed
1430 5215 1548 5285 ejus
1589 5217 1682 5288 qui
1724 5216 1848 5271 ait:

257 5317 503 5388 Accipite
529 5324 587 5372 et
613 5313 882 5372 comedite
910 5326 978 5370 ea
1007 5325 1073 5366 eo
1097 5324 1307 5364 omnes.
1338 5327 1359 5361 ι
1393 5309 1465 5362 At
1488 5315 1716 5362 novator
1734 5315 1856 5361 erat

259 5412 619 5477 Paschasius?
630 5411 743 5468 Imo
756 5423 885 5467 vero
896 5407 1019 5463 ﬁdei
1029 5404 1310 5462 catholicae
1321 5413 1558 5459 assertor
1571 5421 1584 5458 :
1604 5414 1716 5458 tum
1728 5403 1854 5473 quia

260 5507 369 5564 hee
383 5506 602 5563 nomine
615 5517 742 5560 eum
765 5513 982 5570 semper
995 5496 1286 5554 honoravit
1298 5494 1562 5552 catholica
1579 5494 1820 5550 Ecclesia
1839 5511 1855 5560 ;

263 5605 380 5653 tum
402 5593 529 5666 quia
547 5607 655 5648 non
664 5590 844 5647 solent
864 5595 1264 5644 uovatoresees
1285 5584 1377 5656 qui
1405 5600 1436 5640 a
1451 5598 1513 5640 se
1532 5581 1860 5639 dissentiunt

262 5687 549 5745 hereticos
565 5683 858 5757 appellare,
877 5681 973 5738 sed
994 5679 1188 5754 prisca:
1209 5677 1335 5735 ﬁdei
1356 5685 1721 5749 corruptores.
1749 5675 1858 5731 Ve-

265 5792 389 5836 rum
407 5777 498 5834 hic
529 5791 637 5832 non
658 5773 872 5846 agimus
891 5772 958 5829 de
981 5787 1044 5828 re
1065 5771 1201 5842 ipsa,
1232 5769 1328 5826 sed
1342 5770 1409 5826 de
1435 5766 1650 5824 nomine
1675 5765 1852 5822 barre-

268 5869 399 5935 tico,
431 5868 578 5941 quod
598 5864 978 5923 eucharistica:
1005 5859 1253 5921 veritatis
1272 5859 1704 5920 inﬁciatoribusa
1719 5855 1852 5919 Pas-

1941 1994 2162 2060 vatoris,
2191 2009 2311 2063 quae
2340 1993 2601 2048 (ἴωμεν-τω
2633 1992 2798 2058 dicta,
2845 2007 3038 2047 cruces
3075 1990 3144 2047 de
3174 1999 3400 2065 argento
3427 2005 3532 2061 pu-

1940 2087 2185 2153 rissimo,
2243 2104 2263 2138 ι
2305 2102 2428 2157 quze
2463 2087 2703 2157 pendent
2753 2095 2879 2140 ante
2926 2085 3190 2157 ﬁguram,
3240 2085 3354 2140 sive
3410 2083 3531 2155 (uti

1939 2181 2080 2250 apud
2114 2179 2402 2235 Baronium
2433 2179 2503 2234 ad
2539 2193 2739 2233 annum
2772 2177 2879 2234 858
2921 2178 3142 2249 legitur)
3187 2186 3314 2232 ante
3346 2189 3532 2231 sacra-

1940 2283 2179 2329 mentum
2227 2275 2545 2330 substantia:
2580 2275 2760 2331 carnis
2805 2275 3048 2348 ejusdem
3097 2273 3309 2331 Domini
3355 2275 3533 2332 nostri

1939 2372 2067 2428 Jesu
2085 2372 2310 2429 Christi.
2347 2393 2364 2425 ›
2403 2372 2570 2440 Quasi
2597 2373 2821 2440 diceret,
2859 2380 2987 2428 ante
3019 2372 3250 2444 ﬁguram
3273 2372 3532 2428 substan-

1940 2466 2125 2521 tialem
2164 2465 2344 2521 carnis
2385 2465 2600 2520 Domini
2636 2465 2809 2520 nostri
2861 2462 2990 2521 Iesu
3031 2463 3255 2528 Christi,
3299 2479 3422 2519 eum
3461 2465 3534 2522 ad

1942 2557 2160 2612 modum
2184 2572 2295 2626 quo
2318 2556 2568 2612 Christus
2597 2558 2650 2612 in
2687 2556 2914 2626 epistola
2940 2558 3008 2613 ad
3037 2556 3202 2612 Hebr.
3235 2558 3433 2613 dicitur
3465 2556 3535 2611 ﬁ-

1941 2665 2075 2722 gura
2103 2650 2416 2705 substantiae
2439 2650 2619 2706 Patris
2653 2670 2665 2705 :
2706 2651 2775 2706 ad
2805 2666 2966 2720 quem
3008 2651 3186 2706 locum
3213 2651 3535 2706 Anastasius

1943 2743 2032 2797 hic
2060 2742 2305 2795 allusisse
2335 2741 2565 2796 videtur.
2607 2740 2665 2796 Si
2695 2757 2826 2798 vero
2868 2740 3086 2797 Baronii
3128 2743 3413 2798 lectionem
3447 2758 3535 2800 se-

1942 2849 2132 2906 quare,
2157 2833 2284 2898 alia,
2312 2847 2475 2903 quam
2507 2830 2896 2903 prmferendam
2919 2833 3194 2897 existimo,
3228 2833 3534 2888 inconsulta

1941 2941 2050 2980 non
2093 2925 2273 2979 minus
2313 2921 2593 2979 catholicae
2619 2921 2742 2978 ﬁdei
2779 2921 2943 2978 favet.
2977 2922 3089 2976 Cur
3125 2922 3291 2988 enim,
3323 2937 3531 2993 quaeso,

1942 3015 2149 3072 addidit
2193 3015 2502 3070 substantiae
2548 3029 2759 3080 vocem,
2801 3013 2907 3068 nisi
2955 3021 3016 3068 et
3070 3027 3190 3066 eam
3233 3018 3534 3082 opponeret

1944 3107 2129 3179 ﬁgura:
2155 3106 2438 3172 vocabulo,
2473 3120 2584 3176 quo
2622 3104 2862 3160 heretici
2898 3113 3028 3159 tunc
3057 3104 3318 3174 temporis
3345 3103 3536 3159 abute-

1944 3201 2174 3256 bantur?
2203 3199 2467 3254 Nimirum
2491 3199 2609 3255 haec
2630 3198 2793 3253 verba
2817 3207 3201 3252 sacramentum
3227 3197 3534 3251 substantia:

1943 3293 2118 3347 carnis
2141 3289 2359 3356 Christi,
2385 3299 2732 3362 opponuntur
2753 3289 2872 3345 istis
2896 3309 2908 3343 :
2939 3299 3324 3344 sacramentum
3348 3288 3536 3358 ﬁgura:

1945 3381 2119 3437 carnis
2158 3380 2393 3446 Christi;
2431 3379 2876 3450 tantumdcmque
2904 3383 3118 3445 sonant,
3147 3395 3210 3434 ac
3237 3379 3281 3434 si
3311 3379 3536 3434 dixisset

1943 3471 2279 3536 Anastasius,
2315 3480 2707 3526 sacramentum
2747 3471 3016 3524 continens
3039 3471 3388 3523 substantiam
3411 3487 3536 3523 car—

1946 3563 2026 3619 nis
2073 3561 2293 3626 Christi,
2346 3577 2452 3616 non
2501 3561 2753 3632 figuram.
2800 3560 2950 3615 Alias
2991 3561 3169 3615 inanis
3207 3572 3261 3616 et
3300 3560 3537 3615 absurda

1943 3662 2089 3712 esset
2112 3654 2374 3723 ejusmodi
2407 3654 2788 3710 vocabulorum
2825 3654 3140 3725 geminatio.

2014 3751 2095 3805 Ex
2128 3751 2214 3804 his
2237 3748 2489 3804 omnibus
2512 3747 2719 3818 liquido
2759 3747 3044 3803 conﬁcitur
3095 3756 3334 3816 tempore
3374 3745 3534 3801 lliuc—

1944 3842 2083 3897 inari
2113 3856 2178 3896 ac
2203 3839 2479 3896 Paschasii
2497 3837 2776 3904 Radberti,
2795 3838 2848 3892 id
2869 3847 2954 3892 est
2975 3836 3138 3907 paulo
3162 3846 3280 3906 post
3301 3846 3532 3890 mortem

1952 3931 2184 3998 Alcuini,
2215 3929 2501 3987 bzeretieos
2536 3929 2713 3984 dictos
2753 3926 2920 3984 fuisse
2953 3943 3050 3983 eos
3092 3929 3182 3997 qui
3209 3928 3274 3982 de
3311 3928 3536 3981 veritate

1945 4023 2188 4094 corporis
2237 4021 2440 4078 Christi
2498 4020 2555 4077 in
2611 4020 2953 4076 Eucharistia
3022 4019 3403 4075 titlbilasst‘lll:
3471 4033 3536 4072 ac

1945 4115 2171 4188 proinde
2193 4113 2469 4170 immerito
2494 4112 2755 4170 Joannem
2786 4114 3044 4170 Dallaeum
3067 4113 3296 4167 Alcuino
3327 4109 3540 4180 adiudi-

1944 4223 2074 4266 care
2121 4208 2533 4267 Confessionern
2575 4206 2972 4265 Cbiﬂletianam
3021 4224 3086 4263 ea
3140 4209 3346 4264 ratione
3390 4207 3538 4277 quod

1944 4304 2193 4359 heretico
2210 4303 2400 4375 spiritu
2421 4302 2661 4374 deceptos
2680 4299 2988 4370 bujusmodi
3015 4301 3262 4357 homines
3283 4297 3536 4370 appellet.

2015 4391 2224 4462 Duplici
2258 4405 2388 4448 vero
2421 4405 2491 4447 ex
2515 4406 2680 4447 causa
2721 4406 2820 4447 eos
2853 4390 2923 4446 ab
2964 4390 3206 4461 antiquis
3249 4389 3536 4443 haereticos

1946 4483 2122 4539 dictos
2157 4482 2432 4549 existimo,
2467 4482 2729 4538 nimirum
2780 4483 2924 4554 quod
2974 4497 3039 4537 co
3081 4480 3300 4535 nomine
3349 4478 3543 4549 dignos

1946 4575 2279 4630 aestimarent
2301 4587 2396 4629 eos
2421 4574 2513 4644 qui
2543 4588 2575 4628 a
2597 4581 2818 4642 recepta
2839 4571 3227 4627 catholicorum
3254 4569 3357 4624 ﬁde
3388 4581 3542 4623 recc-

1948 4668 2157 4730 derent,
2179 4663 2402 4734 etquod
2425 4664 2772 4734 antiquorum
2796 4663 3016 4718 Patrum
3044 4661 3275 4717 decretis
3300 4659 3541 4714 damnati

1949 4755 2323 4810 crederentur.
2365 4750 2588 4810 Scilicet
2611 4753 2730 4809 haec
2767 4751 2869 4808 fuit
2895 4760 3138 4808 veterum
3183 4747 3544 4820 quorumdam

1949 4845 2344 4902 catholicorum
2364 4843 2667 4914 persuasio,
2697 4843 2750 4897 in
2774 4841 3004 4898 concilio
3026 4841 3298 4910 Ephesiuo
3318 4835 3398 4908 (η)
3419 4851 3544 4891 sau-

1950 4936 2117 4992 citam
2169 4935 2336 4992 fuisse
2368 4937 2436 4991 de
2490 4935 2831 4990 Eucharistia
2877 4933 3035 4988 ﬁdem
3084 4940 3346 4996 nostram,
3381 4938 3545 5000 atque

1952 5029 2085 5086 diris
2112 5029 2354 5084 addictos
2393 5027 2486 5098 qui
2531 5026 2865 5082 contrarium
2901 5026 3091 5095 dogma
3146 5022 3316 5078 secuti
3339 5028 3541 5076 essent.

1951 5123 2010 5177 In
2041 5123 2144 5177 bac
2181 5120 2447 5176 sententia
2493 5117 2596 5173 fuit
2641 5116 2996 5183 Lanfraucus,
3031 5125 3090 5171 ut
3135 5123 3283 5187 patet
3315 5130 3382 5169 ex
3412 5114 3542 5168 Dia-

1953 5215 2076 5286 logo
2100 5214 2361 5270 adversus
2390 5210 2774 5284 Berengarium
2813 5209 2980 5272 edito,
3010 5207 3099 5261 ubi
3123 5215 3275 5261 notat
3311 5206 3544 5260 hmreses

1955 5305 2090 5360 duas
2119 5303 2358 5373 antiquis
2383 5299 2717 5372 temporibus
2751 5307 2903 5353 ortas
2945 5294 3133 5360 fuisse,
3174 5292 3428 5349 omnibus
3456 5297 3533 5346 ta-

1957 5413 2079 5452 men
2143 5405 2258 5452 tum
2310 5385 2775 5451 consentientibus
2801 5431 2816 5455 ,
2885 5407 2904 5440 c
2960 5387 3105 5458 quod
3148 5385 3305 5457 panis
3357 5392 3411 5439 et
3466 5382 3520 5438 vi

1965 5503 2092 5542 num
2123 5485 2178 5540 in
2207 5500 2392 5540 veram
2429 5483 2524 5538 ﬁlii
2561 5480 2796 5537 hominis
2838 5493 3080 5544 carnem,
3107 5489 3404 5546 torumque
3425 5474 3545 5546 ejut

1962 5577 2276 5649 sanguinem
2330 5580 2812 5636 converterentur;
2867 5589 2886 5622 ι
2941 5567 3038 5624 sed
3091 5566 3214 5637 quis
3263 5573 3410 5621 esset
3457 5561 3549 5622 ille

1961 5671 2104 5726 ﬁlius
2141 5667 2396 5732 hominis,
2420 5664 2542 5722 aliis
2571 5665 2626 5721 in
2660 5663 2800 5718 alios
2839 5659 3224 5733 pugnantibus.
3261 5676 3282 5710 ε
3315 5657 3550 5726 Quidam

1959 5765 2125 5829 enim,
2172 5761 2367 5833 inquit,
2401 5756 2649 5815 arbitrati
2684 5762 2813 5812 sunt
2861 5754 3005 5810 hunc
3033 5760 3284 5823 oportere
3322 5744 3550 5822 intelligi

1960 5853 2251 5934 quemlibet
2279 5852 2573 5910 homiucm.
2622 5849 2739 5906 sive
2771 5843 2981 5918 justum
3026 5845 3140 5902 sive
3174 5849 3545 5917 ,peeeatorem.
