4090 6490
493 351 632 411 1019

1281 348 1343 404 Β.
1384 348 1446 402 F.
1484 347 1710 403 ALBINI
1751 346 1881 403 SEU
1922 344 2201 403 ALCUINI
2238 343 2528 404 OPERUM
2564 344 2748 401 PARS
2784 342 2917 400 Vill.

3629 339 3774 396 1020

493 463 595 517 Alii
618 476 724 516 non
752 474 896 515 nunc
922 474 1042 514 esse
1069 459 1135 515 de
1160 460 1317 514 turba
1342 459 1636 529 quemlibet
1661 459 1959 523 hominem,
1983 460 2080 511 sed
2106 460 2157 517 Δ
2184 458 2502 523 sertionem,
2532 467 2720 515 contra
2758 457 3023 526 majorum
3058 456 3428 522 traditionem,
3459 472 3523 511 ac
3547 456 3781 513 demum‘

491 555 668 608 virum
702 548 929 618 justum,
963 549 1378 614 sanctificatum,
1424 566 1453 602 a
1493 551 1765 603 communi
1803 550 2080 602 hominum

490 645 604 698 vita
641 657 738 710 per
778 656 891 696 suae
932 642 1054 695 vitae
1076 640 1450 695 celsitudinem
1491 649 1851 711 segregatum.
1887 659 1904 691 ι
1945 638 2083 692 Tum

491 732 676 788 subdit
700 730 1035 786 Lanfrancus
1055 732 1339 785 damnatas
1364 732 1419 784 in
1442 745 1505 785 ea
1533 730 1738 801 synodo
1770 748 1789 779 ι
1824 738 2084 800 utrasque

478 816 594 881 ’bas
629 823 857 881 letbales
894 833 1094 895 pestes,
1131 843 1149 875 ι
1190 823 1577 893 decretumque
1606 821 1857 878 Nestorio
1882 820 1937 875 in
1968 822 2086 877 haec

490 914 659 970 verba
702 902 1121 968 transmissum:
1176 930 1196 963 ι
1245 911 1328 967 Ad
1379 912 1785 967 benedictioues
1827 914 2087 984 mysticae

493 1005 801 1061 accedimus
831 1011 887 1059 et
918 1001 1340 1068 sanctiﬁcamur,
1371 1005 1661 1074 participes
1692 1004 1863 1058 sancti
1889 1018 2084 1073 corpo-

492 1095 575 1150 ris
611 1103 666 1149 et
712 1094 937 1166 pretiosi
992 1094 1274 1162 sanguinis
1316 1093 1516 1149 Christi
1564 1095 1803 1149 omnium
1840 1102 2087 1149 nostrum

493 1186 877 1255 Redemptoris
924 1184 1102 1240 cifecti
1140 1203 1153 1237 :
1206 1200 1313 1240 non
1365 1195 1427 1239 ut
1473 1201 1815 1240 communem
1867 1200 2086 1241 carnem

491 1276 876 1347 percipientes,
905 1276 1047 1346 quod
1084 1277 1247 1341 absit,
1282 1292 1381 1333 nec
1409 1287 1469 1331 ut
1500 1278 1599 1331 viri
1644 1277 1992 1343 sanctificati,
2032 1287 2088 1333 et

493 1368 664 1424 verbo
713 1366 987 1436 conjuncti
1032 1369 1327 1422 secundum
1361 1367 1636 1437 dignitatis
1666 1369 1950 1433 unitatem,
1996 1378 2091 1423 aut

495 1460 637 1515 sicut
673 1459 909 1514 divinam
957 1459 1284 1529 possidentis
1323 1459 1712 1513 habitationem
1747 1481 1759 1513 :
1818 1461 1913 1516 sed
1960 1476 2087 1515 vere

498 1548 1031 1623 viviﬁcatricem,.et
1072 1548 1241 1617 ipsius
1277 1549 1436 1604 Verbi
1484 1551 1759 1619 propriam
1804 1550 2024 1605 factam.
2064 1573 2081 1603 ι

497 1639 637 1695 Tum
663 1640 810 1695 addit
848 1640 1186 1696 Lanfrancus
1211 1642 1432 1708 concilii
1462 1657 1723 1698 canonem
1772 1645 1838 1698 iis
1863 1645 2089 1699 anathe-

2181 560 2374 606 contra
2409 562 2685 622 receptam
2711 551 2793 606 sui
2825 551 3083 620 temperis
3111 550 3272 606 iidem
3314 548 3555 621 corporis
3582 548 3771 604 Domi-

2182 642 2291 697 nici
2340 657 2525 696 veram
2573 642 2628 697 in
2681 641 3020 697 Eucharistia
3070 642 3412 712 pra‘sentiam
3469 638 3780 712 negarent?

2182 730 2343 787 Certe
2372 732 2465 802 qui
2508 731 2771 788 adversus
2813 730 3097 786 Claudium
3137 731 3528 787 Taurinensem
3554 732 3776 802 episco—

2183 839 2312 894 pum
2339 825 2405 879 de
2429 822 2576 879 cultu
2600 837 2882 878 sacrarum
2904 823 3197 893 imaginum
3216 823 3486 892 scripsere
3511 821 3639 877 noni
3669 836 3780 877 sa—

2183 911 2292 968 culi
2323 921 2575 968 auctores
2615 911 2918 976 Gallicani,
2954 927 3077 967 eum
3119 911 3360 967 haeretici
3405 911 3622 967 nomine
3657 908 3780 966 aﬂ-

2186 1006 2355 1067 ciuut,
2370 1006 2619 1075 quamvis
2640 1008 2781 1059 hunc
2797 1003 3001 1059 cultum
3027 1004 3170 1058 nulla
3188 1004 3426 1074 synodus
3440 1019 3506 1060 eo
3532 1013 3780 1073 temporc

2186 1096 2491 1151 statuisset.
2543 1095 2679 1151 Nam
2709 1096 2852 1164 quod
2885 1096 2986 1149 hac
3014 1094 3083 1150 de
3113 1107 3172 1151 re
3196 1095 3441 1151 habitum
3467 1102 3554 1151 est
3591 1094 3781 1152 conci-

2188 1187 2317 1242 lium
2348 1187 2625 1243 Nicetium
2662 1204 2725 1251 ιι,
2766 1188 2930 1243 veluti
2978 1185 3268 1257 profanum
3314 1196 3427 1243 tum
3457 1187 3785 1259 repudiabat

2187 1278 2466 1333 Gallicana
2495 1278 2758 1334 Ecclesia.
2799 1277 2891 1332 Sic
2917 1277 3242 1332 Batramnus
3261 1291 3356 1333 eos
3377 1278 3468 1347 qui
3498 1277 3778 1333 Christum

2188 1370 2476 1425 Dominum
2504 1371 2778 1426 communi
2806 1370 2890 1423 via
2921 1385 2987 1424 ex
3003 1370 3334 1426 beatissima
3363 1367 3596 1441 Virginis
3619 1376 3781 1426 utero

2186 1462 2454 1533 prodiisse
2505 1461 2798 1532 negabant,
2853 1469 2915 1515 ut
2958 1476 3105 1515 nocte
3130 1470 3180 1514 et
3217 1459 3471 1515 inaudita
3521 1461 3782 1514 hereseos

2189 1563 2444 1611 auctores
2470 1570 2578 1608 non
2604 1553 2774 1610 semel
2803 1553 3073 1625 suggillat,
3104 1552 3254 1609 nullo
3288 1551 3616 1624 suffragante
3642 1568 3781 1610 con-

2189 1650 2438 1705 ciliorum
2457 1650 2697 1715 decreto,
2719 1658 3004 1721 propterea
3027 1649 3170 1719 quod
3195 1649 3632 1704 adversariorum
3652 1658 3784 1702 sem

498 1748 589 1787 ma
615 1732 845 1788 dicentis
867 1734 959 1802 qui
997 1748 1155 1789 secus
1177 1736 1462 1789 sentirent.
1514 1736 1593 1790 Ex
1644 1737 1840 1805 quibus
1884 1737 2086 1791 nemini
2120 1807 2158 1812 Δ
2193 1744 2418 1799 tentiam
2445 1758 2475 1796 α
2507 1741 2802 1812 Scriptura:
2849 1757 3022 1799 sacra:
3075 1751 3132 1796 et
3162 1740 3387 1797 Patrum
3452 1740 3783 1798 auctoritate

497 1824 721 1881 dubium
750 1841 871 1881 esse
897 1826 1055 1882 debet
1090 1826 1454 1881 Lanfrancum
1496 1829 1549 1882 in
1580 1843 1645 1884 ea
1671 1828 1837 1885 fuisse
1871 1845 2092 1900 persua—
2120 1807 2169 1867 Β
2195 1836 2480 1891 deﬂectere
2527 1807 2904 1891 arbitraretur.
2955 1833 3151 1901 Quidni
3180 1834 3377 1904 potiori
3418 1829 3537 1902 iure
3562 1829 3785 1888 haereti-

502 1917 679 1981 sione,
718 1915 1019 1986 Ephesinos
1068 1914 1260 1971 Patres
1289 1916 1356 1971 de
1393 1916 1745 1973 Eucharistize
1774 1918 1878 1974 ﬁde
1908 1919 2095 1976 adver—

499 2021 597 2062 sus
629 2004 955 2060 Novatianos
997 2005 1284 2070 statuisse,
1332 2020 1534 2077 eosque
1575 2024 1673 2077 pro
1703 2009 1971 2065 haereticis
1995 2009 2095 2064 ha-

498 2091 685 2149 buisse
726 2095 819 2164 qui
866 2094 937 2149 ab
981 2109 1048 2149 ea
1092 2094 1405 2149 deﬁnitione
1458 2098 1791 2151 recederent.
1835 2095 1935 2152 Hic
1975 2094 2093 2165 jam

501 2196 612 2242 non
637 2184 853 2253 inquiro
889 2198 957 2237 an
988 2181 1330 2239 Lanfrancus
1362 2183 1577 2239 concilii
1617 2200 1835 2239 sensum
1884 2201 2099 2242 assecu-

503 2281 592 2327 tus
618 2273 709 2328 sit.
745 2271 905 2329 Certe
936 2271 1191 2343 Ephesiui
1230 2273 1421 2329 Patres
1456 2273 1557 2328 hoc
1587 2273 1707 2329 loco
1736 2290 1917 2330 veram
1939 2274 2095 2330 Chri-

503 2361 573 2417 sti
628 2362 872 2432 corporis
927 2360 982 2415 in
1051 2361 1395 2417 Eucharistia
1447 2363 1792 2433 praesentiam
1818 2405 1831 2427 ,
1887 2364 1931 2418 si
1985 2380 2096 2419 non

504 2450 790 2517 deﬁniunt,
833 2453 1023 2509 saltem
1068 2453 1353 2510 manifeste
1384 2463 1710 2526 supponunt.
1745 2458 1815 2511 At
1843 2459 2097 2527 permitto

503 2539 871 2601 Lanfrancum
921 2543 974 2598 in
1019 2543 1341 2615 explicando
1387 2546 1604 2601 concilii
1649 2547 1869 2602 decreto
1898 2548 2095 2602 falsum

505 2645 648 2698 esse,
687 2632 845 2703 eique
880 2633 1001 2703 plus
1045 2648 1207 2704 quam
1236 2635 1404 2692 verba
1431 2635 1785 2706 praeseferant
1816 2637 2088 2692 tribuisse.

507 2720 609 2779 Hic
638 2729 844 2776 tantum
869 2723 1115 2791 expende
1138 2724 1267 2793 quid
1299 2725 1532 2780 senserit
1559 2726 1625 2780 de
1655 2733 1836 2781 mente
1861 2726 2095 2793 concilii,

505 2808 663 2877 cujus
700 2811 919 2867 decreto
952 2811 1513 2868 Sacramentariorum
1555 2829 1798 2870 errorem
1838 2816 1957 2870 sine
1998 2816 2098 2871 du-

505 2901 600 2959 bio
622 2904 933 2961 damnatum
965 2903 1132 2961 fuisse
1156 2921 1476 2977 persuasum
1506 2906 1714 2962 habuit.

577 3016 742 3088 Atqui
773 3018 827 3073 in
855 3017 1042 3074 eadem
1083 3019 1251 3073 etiam
1285 3020 1639 3090 persuasione
1668 3020 1770 3075 fuit
1808 3020 2099 3092 lierigerus

507 3104 831 3165 Laubiensis
854 3109 1019 3163 abbas
1047 3109 1100 3163 in
1128 3108 1310 3164 libello
1350 3111 1417 3163 de
1445 3110 1805 3179 Eucharistia,
1847 3115 1939 3183 qui
1985 3115 2100 3170 sine

508 3198 753 3254 auctoris
790 3199 1009 3254 nomine
1044 3215 1072 3251 a
1100 3197 1328 3254 Cellotio
1356 3198 1534 3255 editus
1564 3209 1648 3255 est
1693 3202 1747 3256 in
1792 3204 2100 3272 Appendice

515 3286 586 3341 ad
647 3288 931 3344 historiam
976 3287 1336 3344 Gothescalei.
1392 3288 1556 3356 Cujus
1607 3290 1769 3347 libelli
1825 3302 2101 3348 auctorem

510 3394 635 3435 esse
693 3380 1011 3451 Herigerum
1060 3379 1309 3435 abbatem
1376 3378 1754 3445 Laubiensem,
1810 3384 1902 3452 qui
1956 3399 2100 3437 anno

514 3470 655 3527 1007
697 3478 941 3525 mortuus
994 3480 1100 3535 est,
1147 3470 1312 3525 certis
1347 3470 1514 3540 379
1563 3471 1698 3525 alias
1742 3472 2101 3538 documentis,

514 3561 627 3617 Deo
655 3560 832 3625 dante,
863 3561 1264 3615 demonstrabo.
1296 3561 1346 3617 Is
1370 3562 1586 3631 quippe,
1611 3564 1755 3618 inter
1779 3572 2102 3633 argumenta

513 3666 635 3722 qua:
662 3651 874 3706 adducit
902 3651 967 3704 ad
995 3651 1324 3719 probandam
1354 3652 1708 3707 Eucharistite
1735 3652 1913 3720 fidem,
1938 3656 2103 3710 etiam

514 3743 661 3799 hunc
683 3744 857 3799 locum
888 3760 916 3797 a
950 3742 1254 3799 Lanfranco
1274 3745 1505 3799 relatum
1530 3744 1736 3815 profert
1768 3761 1833 3800 ex
1873 3747 2103 3803 concilio

516 3834 785 3905 Ephesino
810 3836 910 3889 sub
938 3832 1122 3905 Cyrilli
1169 3835 1410 3899 nomine,
1444 3835 1699 3890 nimirum
1730 3835 2099 3902 Alexandrini,

515 3924 670 3994 cujus
701 3926 924 3995 epistola
949 3925 1017 3979 ad
1044 3924 1372 3991 Nestorium,
1405 3942 1473 3981 ex
1505 3941 1608 3997 qua
1634 3926 1926 3998 Herigerus
1952 3928 2105 3983 testi.

516 4018 760 4073 monium
824 4018 1091 4083 adducit,
1168 4018 1311 4072 inter
1373 4027 1495 4072 aeta
1565 4018 1777 4074 concilii
1846 4017 2104 4088 Ephesiui

515 4107 687 4162 relata
732 4113 835 4163 est.
890 4107 1030 4174 Quid
1077 4108 1124 4163 si
1167 4106 1518 4164 Chiﬂ'Ietianaa
1563 4107 1933 4165 Confessionis
1970 4110 2104 4164 scri-

513 4205 657 4268 ptor,
687 4197 875 4253 eodem
904 4195 1217 4268 praeiudicio
1241 4197 1488 4265 affectus,
1524 4199 1716 4254 eodem
1741 4200 1901 4254 modo
1930 4199 2106 4270 Ephe-

514 4287 621 4343 sini
642 4287 854 4341 concilii
882 4288 1158 4343 decretum
1190 4289 1579 4359 interpretatus
1601 4296 1716 4353 est;
1761 4298 1924 4358 atque
1949 4289 2020 4342 ob
2050 4289 2105 4343 id

514 4378 756 4434 heretico
780 4379 967 4450 spiritu
995 4380 1233 4450 deceptos
1273 4380 1564 4451 appellavit
1600 4396 1693 4437 eos
1715 4383 1809 4452 qui
1851 4381 1917 4435 de
1945 4378 2106 4450 hujus

511 4467 841 4524 sacramenti
870 4469 1099 4523 veritate
1112 4468 1460 4523 dubitarent?
1483 4467 1641 4526 Certe
1663 4471 1727 4524 ad
1752 4470 1897 4525 hunc
1925 4469 2104 4525 locum

515 4555 804 4616 manifeste
847 4557 1087 4615 alludere
1113 4559 1330 4615 videtur
1364 4560 1422 4613 in
1461 4561 1581 4616 haec
1624 4561 1789 4615 verba
1821 4560 1992 4633 (Part.
2027 4576 2101 4627 tv,

521 4664 674 4706 num.
703 4649 801 4723 5):
856 4667 877 4702 t
922 4649 1158 4706 Adverte
1175 4649 1290 4720 jam
1329 4650 1565 4717 tandem,
1596 4667 1632 4707 o
1658 4651 2105 4721 pravissimarum

515 4740 778 4796 mentium
817 4755 1075 4813 perversa
1101 4739 1369 4807 doctrina,
1410 4750 1469 4796 et
1491 4740 1597 4796 noli
1625 4740 1787 4797 surda
1817 4756 1970 4809 aure,
2016 4741 2103 4796 in-

513 4830 756 4889 cumciso
784 4831 948 4888 corde
969 4832 1272 4901 praeterire,
1293 4832 1441 4903 quod
1467 4832 1666 4888 dicitur
1697 4851 1709 4885 :
1747 4831 1853 4898 Qui
1873 4833 2102 4888 mandu-

512 4931 600 4978 eat
620 4938 724 4988 me,
746 4936 898 4977 suam
920 4922 1201 4988 nimirum,
1228 4929 1284 4977 et
1308 4939 1413 4978 non
1442 4923 1603 4978 aliam
1630 4938 1851 4980 carnem
1879 4925 2102 4981 demono

515 5017 677 5066 strat.
710 5030 731 5063 ι
773 5011 883 5067 Cur
908 5011 1051 5067 enim
1080 5011 1235 5076 dixit,
1272 5027 1425 5066 sum
1465 5021 1514 5066 et
1543 5029 1647 5067 non
1674 5012 1836 5066 aliam
1866 5030 2102 5080 carnem,

516 5098 620 5154 nisi
645 5106 705 5153 ut
732 5098 1046 5155 excluderet
1072 5113 1317 5155 errorem
1354 5098 1506 5154 illum
1532 5114 1695 5169 quem
1724 5099 1792 5153 ab
1816 5098 2105 5169 thesinis

514 5186 769 5243 Patribus
792 5186 1105 5244 damnatum
1147 5204 1269 5244 esse
1290 5188 1566 5259 putabat?
1610 5186 1738 5243 Haec
1770 5204 1900 5260 ergo
1938 5204 2104 5244 causa

514 5287 602 5333 est
626 5293 728 5334 cur
755 5279 1000 5333 heretico
1027 5280 1216 5350 spiritu
1256 5279 1494 5350 deceptos
1527 5278 1761 5349 appellet
1798 5280 2104 5349 hujusmodi

515 5368 724 5427 erroris
752 5378 1071 5426 sectatores.

591 5484 789 5538 Vemm
823 5483 906 5539 fac
958 5485 1277 5553 scriptorem
1332 5482 1683 5539 Chiﬂletianre
1738 5482 2106 5540 Confessionis

520 5590 628 5629 non
666 5577 967 5644 respexisse
990 5574 1055 5629 ad
1080 5574 1409 5643 Ephesinum
1436 5575 1649 5629 aliudve
1676 5575 1983 5639 concilium,
2004 5591 2106 5632 cur

522 5678 629 5718 non
684 5664 860 5734 potuit
912 5664 1198 5721 haereticos
1245 5663 1519 5733 appellare
1546 5678 1642 5719 eos
1690 5663 1765 5734 (ο)
1794 5663 1885 5732 qui
1913 5672 2101 5720 contra

523 5751 818 5824 Scriptum
841 5769 1011 5815 sacrae
1038 5769 1133 5811 seu
1156 5752 1357 5812 Christi
1389 5752 1600 5812 Domini
1645 5752 1989 5816 manifestam
2018 5768 2105 5811 as-

2191 1942 2286 1981 cos
2315 1924 2653 1981 Chilﬂetiana
2674 1924 2957 1980 Confessio
2984 1924 3183 1979 dixerit
3219 1937 3335 1987 eos,
3363 1924 3454 1993 qui
3475 1923 3546 1979 ab
3568 1923 3785 1979 Eucha-

2194 2020 2360 2074 ristiae
2385 2026 2536 2073 recta
2562 2017 2667 2072 ﬁde
2698 2016 3069 2080 recessissent,
3106 2014 3438 2071 reclamante
3471 2030 3578 2070 non
3603 2014 3789 2070 solum

2194 2124 2350 2164 sacra
2404 2105 2685 2177 Scriptura
2731 2115 2788 2161 et
2817 2105 3040 2160 Patrum
3090 2102 3425 2169 Traditione,
3480 2105 3574 2161 sed
3611 2105 3787 2161 etiam

2194 2199 2466 2255 communi
2515 2197 2905 2253 catholicorum
2958 2196 3269 2251 consensu?
3322 2194 3507 2260 Adde,
3571 2197 3627 2251 in
3672 2195 3785 2251 ista

2193 2288 2543 2345 Confessione
2569 2286 2874 2357 huiusmodi
2904 2287 3154 2343 homines
3193 2303 3301 2342 non
3328 2287 3434 2341 dici
3479 2287 3783 2351 haereticos.

2195 2381 2290 2437 sed
2321 2390 2530 2436 tantum
2559 2381 2801 2435 haeretica
2820 2378 3029 2450 spiritu,
3065 2379 3114 2434 id
3141 2389 3247 2445 est,
3280 2380 3479 2436 diaboli
3501 2382 3789 2437 hareseon

2194 2473 2447 2528 Auctoris
2472 2473 2725 2528 instinctu
2748 2473 3006 2544 deceptas.
3039 2470 3158 2539 Quo
3181 2472 3397 2527 nomine
3422 2483 3618 2529 notare
3635 2473 3789 2531 vide-

2199 2574 2309 2629 tur,
2338 2580 2446 2619 non
2472 2564 2691 2635 quidem
2715 2564 3001 2620 haereticos
3040 2563 3197 2627 ullos,
3221 2563 3316 2634 qui
3358 2579 3601 2620 errorem
3626 2580 3791 2621 suum

2199 2655 2254 2709 in
2288 2654 2478 2726 vulgus
2498 2662 2837 2726 spargerent,
2878 2654 2973 2708 sed
3000 2653 3289 2711 nonnullos
3332 2652 3510 2711 dubia:
3531 2654 3657 2711 ﬁdei
3692 2671 3790 2712 ca-

2201 2745 2433 2802 tholicos
2479 2748 2593 2815 qui,
2640 2746 2893 2801 humanis
2930 2746 3251 2801 ratiunculis
3288 2754 3345 2801 et
3371 2746 3620 2802 sensibus
3662 2746 3790 2819 plus

2200 2853 2360 2907 aequo
2388 2838 2609 2903 addicti,
2656 2839 2721 2893 de
2765 2839 2869 2893 hoc
2913 2838 3094 2891 divino
3121 2846 3464 2893 sacramento
3510 2854 3616 2893 non
3640 2847 3791 2895 recte

2199 2930 2482 2985 sentirent.
2524 2926 2608 2984 Sit
2629 2944 2759 2999 ergo
2787 2929 2903 2983 haec
2934 2936 3133 2983 nostra
3169 2929 3532 2997 responsionis
3552 2945 3790 2996 summa,

2202 3036 2395 3091 nempe
2440 3030 2565 3075 ante
2603 3021 2915 3075 damnatum
2968 3021 3353 3092 Bereugarium
3398 3023 3577 3089 realis,
3606 3033 3668 3079 ut
3694 3039 3795 3082 vo-

2124 3152 2176 3216 c
2204 3129 2412 3179 camus,
2438 3114 2492 3168 in
2514 3113 2849 3169 Eucharistia
2875 3114 3172 3184 prmsentia:
3196 3113 3599 3186 impugnatores
3617 3118 3793 3173 ller-

2202 3219 2325 3259 seos
2352 3211 2477 3258 nota
2500 3205 2781 3274 poenisque
2800 3203 3020 3261 affectos
3046 3204 3211 3261 fuisse
3235 3207 3289 3260 in
3318 3207 3564 3264 conciliis
3593 3208 3792 3268 Came-

2203 3294 2414 3349 racensi
2466 3300 2521 3348 et
2553 3292 2949 3359 Aurelianensi,
2995 3296 3324 3366 eosdemque
3373 3314 3474 3369 pro
3520 3299 3795 3357 haereticis

2202 3398 2328 3439 saec.
2360 3400 2393 3437 x
2425 3384 2640 3439 habitos
2673 3385 2742 3439 ab
2768 3385 2955 3441 Odone
2980 3384 3400 3455 Cantuariensi;
3434 3398 3550 3445 tum
3576 3407 3700 3448 sae.
3732 3409 3793 3450 Ix

2202 3476 2271 3531 ab
2306 3473 2597 3530 Hincmaro
2643 3474 2936 3532 Rhemensi
2983 3477 3442 3550 archiepiscopis;
3498 3496 3528 3535 a
3558 3481 3792 3539 Pascha-

2205 3568 2287 3623 sio
2314 3567 2591 3622 Radberto
2613 3575 2667 3622 et
2689 3568 2830 3622 aliis.
2853 3568 2936 3623 Ad
2958 3568 3075 3625 hare
3091 3569 3268 3625 visum
3282 3570 3448 3628 fuisse
3460 3572 3786 3641 Lanfranco,

2203 3659 2483 3731 Horigero,
2520 3669 2575 3714 et
2620 3659 2990 3716 Confessionis
3022 3660 3372 3720 Chimetiaute
3419 3669 3651 3734 auctori,
3692 3683 3791 3726 eos

2202 3750 2391 3806 itidem
2418 3751 2471 3805 in
2494 3752 2726 3808 concilio
2751 3752 3021 3822 Ephesino
3049 3753 3183 3810 diris
3232 3755 3518 3824 addictos;
3549 3774 3613 3815 ac
3640 3760 3793 3817 deni-

2202 3855 2308 3911 que
2337 3842 2530 3897 merito
2568 3843 2622 3897 in
2650 3857 2714 3897 ea
2740 3842 3089 3899 Confessione
3135 3844 3382 3901 haretico
3421 3848 3612 3917 spiritu
3644 3850 3796 3906 dece-

2202 3938 2317 4000 ptos
2365 3930 2496 3996 dici,
2541 3929 2740 4001 quippe
2769 3930 2861 4001 qui
2893 3930 2949 3985 in
2995 3931 3103 3987 fide
3148 3932 3507 3992 Eucharistia:
3531 3953 3562 3992 a
3589 3949 3794 3995 sancta

2207 4018 2508 4091 Scriptura:
2529 4020 2862 4092 Patrumque
2910 4025 3233 4080 auctoritate
3263 4024 3631 4093 deﬂecterent,
3661 4031 3793 4100 quin

2203 4112 2369 4167 etiam
2393 4128 2426 4166 a
2480 4121 2701 4182 recepta
2747 4112 2991 4167 omnium
3038 4120 3169 4170 tunc
3198 4116 3459 4189 temporis
3495 4118 3796 4177 catholico—

2206 4220 2324 4259 rum
2353 4204 2714 4260 confessione.

2277 4296 2365 4350 t3.
2405 4295 2517 4350 lmo
2543 4311 2693 4361 vero,
2733 4297 2938 4367 inquis,
2982 4298 3181 4363 nullus,
3212 4314 3322 4357 non
3376 4308 3589 4357 tantum
3636 4318 3796 4374 supe-

2205 4387 2413 4442 riorum
2439 4395 2741 4458 tempomm
2774 4398 2983 4455 auctor,
3020 4391 3116 4447 sed
3141 4406 3244 4446 nec
3282 4392 3494 4449 Aleuini
3524 4402 3791 4466 tempore,

2134 4507 2187 4570 υ
2208 4478 2352 4570 hanc
2380 4479 2830 4570 deAEucharistic:
2860 4481 3090 4538 veritate
3133 4480 3297 4539 ﬁdem
3327 4486 3497 4540 tenuit
3523 4487 3795 4555 docuitvc,

2204 4566 2423 4638 qualem
2448 4567 2563 4638 ipsa
2588 4566 2870 4623 Confessio
2895 4570 3199 4640 proﬁtetur.

2275 4658 2345 4714 At
2376 4658 2519 4715 hanc
2546 4657 2904 4729 objectionem
2931 4659 3219 4718 manifeste
3232 4660 3434 4719 refellit
3452 4662 3650 4723 Paulus
3674 4666 3792 4721 dia-

2207 4764 2377 4805 conus
2402 4750 2456 4805 in
2485 4746 2609 4804 Vita
2634 4748 2877 4819 Gregorii
2926 4749 3126 4827 Magni,
3151 4753 3244 4822 qui
3297 4752 3623 4811 catholicam
3646 4756 3793 4812 veri-

2210 4850 2381 4899 tatem
2427 4852 2537 4897 tam
2588 4842 2786 4897 diserte
2839 4842 3081 4912 exponit,
3130 4853 3189 4898 ut
3242 4860 3401 4901 nemo
3439 4847 3636 4903 clarius
3688 4849 3796 4906 hoc

2210 4943 2453 5004 tempore
2479 4934 2749 5005 explicare
2779 4937 2969 5005 possit.
3018 4934 3110 4991 Sic
3158 4938 3305 4992 enim
3348 4940 3635 4995 occasione
3660 4939 3791 4997 facti

2208 5025 2352 5094 quod
2380 5033 2626 5079 matrona
2663 5024 2904 5080 Romana
2930 5025 2984 5079 in
3008 5025 3404 5083 Eucharistiam
3439 5030 3791 5099 perpetravit,

2207 5113 2410 5170 Paulus
2451 5112 2774 5183 Gregorium
2806 5114 3115 5184 loquentem
3169 5116 3377 5174 inducit
3406 5138 3418 5170 :
3456 5138 3474 5169 ι
3505 5119 3683 5186 Disce,
3710 5120 3800 5175 in-

2208 5221 2396 5275 quam,
2420 5206 2637 5260 veritati
2659 5206 2771 5273 jam
2795 5206 2955 5260 modo
2981 5206 3204 5262 credere
3226 5209 3553 5263 contestauti
3581 5227 3593 5262 :
3626 5207 3791 5264 Panis

2208 5313 2361 5370 quem
2387 5312 2479 5368 ego
2504 5297 2593 5357 do,
2614 5314 2737 5351 caro
2766 5313 2881 5350 mea
2928 5306 3003 5350 est
3030 5310 3048 5349 :
3076 5307 3125 5352 et
3154 5298 3371 5368 sanguis
3398 5315 3545 5354 meus
3572 5315 3689 5354 vere
3714 5312 3789 5354 est

2205 5398 2381 5459 potus.
2423 5386 2530 5442 Sed
2552 5387 2810 5458 praescius
2828 5385 3090 5442 Conditor
3113 5396 3302 5443 noster
3326 5386 3661 5445 inﬁrmitatis
3688 5405 3789 5445 no-

2204 5486 2355 5545 strue,
2383 5493 2447 5533 ea
2477 5486 2745 5550 potestate
2767 5493 2873 5549 qua
2903 5488 3098 5535 cuncta
3121 5478 3254 5534 fecit
3275 5494 3343 5535 ex
3370 5479 3562 5545 nihilo,
3591 5489 3648 5537 et
3668 5496 3789 5537 cor-

2203 5587 2305 5643 pus
2350 5570 2451 5628 sibi
2487 5587 2555 5627 ex
2595 5586 2760 5628 carne
2791 5586 3009 5641 semper
3055 5572 3283 5643 virginis
3304 5582 3565 5643 cperante
3601 5581 3794 5629 sancto

2206 5663 2411 5735 Spiritu
2440 5662 2743 5729 fabricavit,
2793 5678 2987 5734 panem
3018 5672 3073 5720 et
3103 5665 3287 5719 vinum
3344 5678 3483 5736 aqua
3533 5664 3785 5733 mixtum,

2206 5764 2457 5817 manente
2504 5756 2719 5831 propria
2778 5756 2979 5831 specie,
3028 5757 3083 5813 in
3123 5772 3348 5815 carnem
3372 5764 3429 5814 et
3468 5757 3792 5833 sanguinem
