4090 6522
331 390 465 447 1021

897 390 1052 448 OPP.
1092 391 1322 449 DUBIA.
1348 422 1420 436 -—-
1442 390 1534 449 DE
1570 393 1751 449 FlDEl
1786 390 2114 452 CONF'ESS.
2158 393 2551 454 MABILLONII
2590 393 3018 464 DlSQUlSlTlO.

3451 403 3591 465 1023

324 518 500 569 suum,
525 505 594 560 ad
618 502 943 560 catholicam
977 519 1214 575 precem,
1244 506 1315 561 ob
1367 506 1769 576 reparationem
1805 521 1903 563 no-
1930 513 1978 571 Α
2006 505 2346 564 Eucliaristia
2377 507 2526 574 ﬁdes,
2554 508 2765 579 qualem
2788 507 3067 579 professus
3084 520 3169 567 est
3194 511 3456 575 Alcuinns
3477 519 3593 589 ipse

322 602 493 650 stram
540 593 715 648 sancti
768 592 1002 665 Spiritus
1073 594 1499 653 sanctiﬁcatione
1555 594 1842 651 convertit.
1880 617 1901 649 ι

323 684 461 740 Tum
484 686 665 742 subdit
690 684 889 742 Paulus
916 700 929 738 :
967 704 983 737 ι
1019 684 1252 758 indeque
1278 689 1560 743 universos
1580 686 1743 756 jussit
1771 688 1907 743 divi-

321 791 449 832 nam
479 777 689 847 precari
714 776 1032 849 potentiam,
1064 790 1125 831 ut
1148 779 1202 832 in
1230 777 1461 838 formam
1506 778 1791 849 pristinam
1822 793 1908 832 sa-

322 874 666 923 crosanctum
692 865 1012 922 reformaret
1038 868 1377 938 mysterium,
1402 876 1675 941 quatenus
1695 864 1908 922 mulieri

322 958 392 1014 ad
415 958 737 1015 sumendum
762 958 958 1016 fuisset
977 960 1232 1030 possibile
1257 978 1271 1026 ;
1305 960 1447 1030 quod
1494 967 1551 1015 et
1577 958 1780 1014 factum
1803 965 1907 1012 est.

325 1048 480 1105 Unde
499 1064 642 1119 sepe
662 1046 777 1105 fata
800 1049 992 1104 mulier
1012 1048 1304 1119 plurimum
1334 1050 1388 1103 in
1435 1056 1620 1103 sancta
1650 1045 1911 1116 religione

323 1148 379 1196 et
400 1138 509 1198 ﬁde
527 1139 839 1211 proﬁciens,
860 1139 1273 1211 participatione
1295 1138 1561 1194 Dominici
1581 1136 1911 1194 sacramenti

323 1243 644 1295 consecrata
696 1243 802 1301 est,
853 1243 911 1291 et
944 1249 1135 1290 omnes
1180 1234 1274 1304 qui
1334 1233 1600 1293 viderant,
1652 1232 1704 1287 in
1730 1230 1913 1287 divino

325 1344 513 1387 amore
537 1338 594 1385 et
616 1328 922 1384 orthodoxa
970 1325 1289 1382 credulitate
1338 1320 1717 1381 excreverunt.
1754 1342 1773 1375 ι
1809 1321 1915 1376 Ha-

323 1431 516 1481 ctenus
533 1421 734 1478 Paulus
755 1421 811 1477 in
839 1420 960 1475 Vita
989 1419 1161 1475 sancti
1203 1417 1454 1491 Gregorii
1484 1416 1685 1490 Magni,
1715 1432 1835 1488 qua:
1860 1417 1914 1471 in

323 1514 524 1573 saeculo
550 1530 569 1571 ι
597 1514 949 1571 Benedictino
1001 1513 1143 1584 typis
1176 1510 1321 1568 edita
1372 1518 1497 1567 est:
1535 1527 1698 1581 quem
1740 1511 1914 1566 locum

324 1604 838 1663 adduxitCerardus
858 1606 913 1660 in
932 1604 1267 1678 przelaudata
1287 1604 1493 1674 synodo
1513 1601 1914 1660 Cameracensi.

325 1696 406 1755 Ex
431 1711 540 1768 quo
580 1695 928 1767 intelligimus
963 1711 1100 1753 eam
1130 1680 1295 1753 fuisse
1320 1705 1433 1750 tum
1476 1694 1547 1749 de
1574 1693 1917 1751 Eucharistia

325 1794 600 1860 receptam
648 1787 832 1853 ﬁdem,
880 1804 1073 1861 panem
1102 1790 1308 1846 scilicet
1335 1797 1391 1843 et
1418 1788 1627 1846 viuum.
1678 1795 1919 1841 manente

2008 601 2061 656 in
2083 600 2432 658 Confessione
2460 611 2829 657 controversa.

2083 697 2166 752 Η.
2202 694 2314 754 Cur
2335 713 2487 768 ergo,
2511 699 2711 769 inquis,
2741 696 3064 754 Paschasius
3097 699 3152 754 iu
3180 700 3403 757 Patrum
3437 705 3593 758 testi-

2009 790 2230 853 moniis,
2261 802 2382 859 quas
2405 788 2474 843 ad
2500 788 2824 844 sententiam
2844 802 2997 844 suam
3034 788 3464 861 constituendam
3496 792 3591 847 ad-

2010 880 2177 945 ducit,
2208 876 2491 934 Alcuinum
2520 878 2785 935 indictum
2812 888 2867 933 et
2887 878 3198 935 illauilatum
3222 883 3591 950 praetermisit,

2013 973 2282 1042 siquidem
2310 972 2427 1025 haec
2450 968 2731 1024 Confessio
2754 969 2965 1025 Alcuiui
2994 968 3135 1024 fetus
3161 968 3272 1024 sit?

2081 1058 2283 1130 Nempe
2304 1061 2447 1129 quod
2462 1060 2785 1117 Paschasius
2799 1059 2869 1116 ab
2882 1060 3119 1129 antiquis
3140 1061 3403 1115 duntaxat
3412 1058 3594 1115 Patri-

2011 1149 2114 1204 bus
2149 1152 2527 1207 auctoritatem
2565 1151 2765 1208 sumit:
2818 1149 3077 1206 Alcuinus
3125 1165 3256 1206 vero
3283 1158 3418 1215 tum,
3467 1166 3590 1206 cum

2014 1240 2206 1297 librum
2238 1258 2392 1298 suum
2404 1243 2662 1297 conderet
2678 1239 3027 1307 Paschasius,
3048 1249 3175 1296 ante
3194 1254 3394 1312 paucos
3419 1256 3596 1297 annos

2011 1333 2299 1387 defunctus
2324 1341 2462 1388 erat.
2514 1332 2717 1387 Deinde
2745 1333 2910 1387 multa
2939 1333 3044 1388 alia
3077 1341 3321 1389 veterum
3346 1334 3593 1389 testimo-

2014 1425 2101 1479 nia
2146 1425 2331 1480 omisit
2353 1422 2702 1492 Paschasius,
2741 1439 2808 1479 ex
2859 1424 3088 1482 sinceris
3115 1440 3305 1481 eorum
3341 1423 3597 1495 operibus

2015 1515 2174 1571 facile
2198 1517 2516 1585 repetenda:
2556 1506 2678 1587 quin
2704 1517 2920 1588 quidem
2951 1531 3118 1587 opera
3157 1515 3346 1571 eadem
3381 1517 3596 1572 ratione

2016 1622 2215 1676 negare
2238 1615 2420 1676 posset
2453 1606 2700 1672 Dallzeus,
2757 1608 2803 1661 si
2841 1606 3011 1676 ipsius
3042 1607 3441 1677 argumentatio
3464 1606 3596 1678 quid

2016 1698 2268 1755 efﬁceret.
2350 1698 2591 1768 Denique
2615 1698 2828 1752 Alcuini
2851 1695 3253 1754 Confessionem
3299 1697 3597 1768 praetermi-

2018 1792 2111 1858 sit,
2162 1789 2393 1846 fortasse
2420 1789 2639 1860 quodin
2683 1789 2851 1858 ipsius
2874 1788 3121 1843 notitiam
3151 1786 3292 1860 (quae
3330 1787 3595 1847 librorum

322 1882 538 1954 propria
566 1880 759 1953 specie,
785 1881 842 1935 in
869 1896 1087 1938 carnem
1115 1892 1169 1937 et
1200 1882 1519 1953 sanguinem
1553 1878 1765 1935 Domini
1792 1894 1918 1933 con-
1950 1875 1993 1936 Β
2019 1891 2131 1938 tum
2158 1882 2337 1954 inopia
2360 1889 2418 1938 et
2460 1879 2691 1938 diﬁicilis
2709 1880 3127 1937 communicatio
3157 1881 3298 1952 erat)
3345 1896 3456 1937 non
3507 1894 3600 1936 ve-

323 1972 485 2036 verti,
516 1979 679 2042 atque
704 1970 762 2029 in
781 1986 845 2027 ea
872 1971 1221 2043 persuasione
1250 1972 1596 2027 orthodoxam
1633 1969 1917 2027 credulita-

324 2074 431 2120 tem
460 2062 630 2121 fuisse
650 2064 992 2122 collocatam.

398 2243 656 2301 Eamdem
682 2244 879 2303 astruit
901 2244 1094 2301 llaimo
1107 2243 1580 2300 Balberstadensis
1607 2240 1917 2314 episcOpus.

328 2334 478 2391 Pauli
508 2345 565 2393 et
584 2337 798 2393 Alcuini
847 2353 1069 2408 suppar,
1120 2338 1174 2393 in
1208 2335 1464 2392 Tractatu
1511 2337 1579 2392 de
1608 2348 1836 2404 corpore
1860 2342 1921 2388 et

326 2427 593 2497 sanguine
618 2426 857 2492 Domini,
894 2441 1056 2499 quem
1086 2441 1274 2483 recens
1311 2427 1482 2483 edidit
1520 2422 1713 2482 noster'
1747 2423 1921 2480 Ache-

330 2517 447 2575 rins
484 2518 542 2579 in
582 2516 860 2591 Spicilegii
910 2528 1057 2576 tome
1102 2519 1196 2575 ΧΠ
1240 2518 1384 2575 :Hic
1413 2520 1557 2574 enim
1593 2533 1766 2582 suam,
1809 2517 1922 2573 imo

327 2618 385 2667 et
408 2607 811 2667 Catholicorum
836 2611 921 2667 sui
944 2611 1203 2682 temporis
1237 2612 1479 2667 omnium
1506 2610 1665 2667 ﬁdem
1687 2608 1922 2681 explicat

330 2699 384 2754 in
417 2702 562 2756 hunc
591 2700 814 2757 modum
843 2720 858 2753 :
891 2720 911 2753 ι
946 2701 1234 2759 Credimus
1252 2702 1438 2774 itaque
1461 2710 1520 2754 et
1540 2699 1771 2756 ﬁdeliter
1789 2713 1925 2755 con-

330 2789 551 2846 ﬁtemur
573 2797 630 2846 et
659 2798 925 2858 tenemus,
960 2793 1105 2862 quod
1128 2793 1435 2850 substantia
1464 2792 1577 2857 illa,
1631 2792 1788 2863 panis
1810 2791 1923 2847 sci—

327 2882 457 2939 licet
480 2891 538 2939 et
562 2885 694 2950 vini,
724 2900 824 2956 per
849 2884 1223 2956 operationem
1248 2884 1443 2940 divina:
1464 2884 1704 2949 virtutis,
1728 2894 1787 2937 ut
1804 2882 1920 2953 jam

328 2973 534 3031 dictum
557 2982 663 3041 est,
677 2975 733 3030 id
746 2983 832 3031 est
850 2984 1043 3031 natura
1070 2976 1229 3046 panis
1250 2984 1305 3031 et
1332 2975 1464 3040 viui,
1491 2973 1923 3037 substantialiter

328 3073 681 3123 convertatur
702 3067 757 3121 in
774 3067 935 3122 aliam
964 3067 1349 3131 substantiam,
1382 3067 1436 3121 id
1450 3074 1535 3122 est
1552 3066 1605 3120 in
1632 3080 1850 3120 carnem
1867 3074 1923 3119 ct

2021 1977 2210 2032 uisset.

2090 2067 2217 2123 Haec
2244 2065 2359 2122 fere
2382 2073 2508 2121 sunt
2528 2071 2841 2135 argumenta
2867 2078 2989 2133 qua:
3000 2062 3230 2119 Dallreus
3240 2062 3480 2136 congerit
3503 2061 3602 2117 ad-

2020 2172 2208 2213 versus
2224 2155 2591 2214 Confessionis
2606 2163 2882 2213 auctorem
2903 2163 2960 2212 et
2969 2154 3372 2225 antiquitatem.
3394 2154 3441 2210 si
3465 2168 3604 2210 uou-

2020 2248 2195 2305 nullas
2215 2247 2495 2317 exceperis
2515 2247 2796 2312 minutias,
2822 2260 2960 2317 quas
2982 2244 3229 2301 consulto
3245 2242 3599 2314 praetermisi;

2020 2335 2197 2408 qualia
2216 2342 2344 2391 sunt
2370 2350 2490 2406 quae
2514 2331 2721 2405 profert
2743 2335 2809 2390 de
2826 2333 2951 2406 styli
2993 2332 3431 2389 dissimilitudine
3459 2346 3491 2387 a
3515 2346 3604 2387 ve-

2020 2431 2099 2489 ris
2149 2430 2365 2487 Alcuini
2410 2430 2693 2499 operibus:
2748 2443 2872 2485 cum
2901 2426 2993 2483 alii
3018 2426 3165 2483 docti
3188 2426 3292 2481 viri
3329 2426 3599 2493 eamdem,

2021 2537 2142 2577 cum
2166 2521 2220 2576 in
2246 2522 2360 2592 ipsa
2383 2517 2752 2584 Confessione,
2782 2525 2898 2573 tum
2922 2518 2976 2573 in
2998 2516 3226 2574 sinceris
3245 2516 3462 2573 Alcuini
3481 2531 3607 2588 cpe.

2020 2612 2190 2676 ribus,
2229 2608 2493 2666 orationis
2532 2608 2897 2680 :equalitatem
2938 2616 3256 2681 agnoscant.
3330 2606 3491 2675 Hac,
3523 2608 3607 2663 iri-

2021 2721 2204 2777 quam,
2234 2720 2354 2776 quae
2371 2705 2592 2769 ntinuta,
2619 2719 2782 2775 neque
2807 2704 2937 2760 satis
2975 2712 3118 2760 certa
3141 2703 3244 2776 ipsi
3261 2700 3462 2758 Dallzeo
3487 2700 3605 2756 visa

2020 2803 2169 2860 sunt,
2187 2794 2426 2867 prudens
2446 2792 2802 2862 dissimulavi,
2827 2808 2895 2850 ne
2915 2793 3130 2866 longius
3152 2792 3608 2866 progrederemur

2021 2895 2224 2944 nostrae
2250 2887 2702 2944 concertationes.

2091 2979 2220 3038 Hzec
2242 2996 2343 3050 pro
2370 2980 2586 3037 modulo
2612 2981 2756 3036 dicta
2775 2980 2885 3038 sint
2910 2978 2978 3037 de
2998 2978 3160 3051 hujus
3176 2977 3357 3049 operis
3382 2983 3607 3035 auctore

2020 3082 2077 3130 et
2104 3074 2456 3145 antiquitate;
2480 3088 2710 3143 quorum
2732 3088 2899 3128 unum
2920 3074 2995 3127 ita
3019 3068 3466 3143 propugnandum
3491 3083 3606 3124 sus-

329 3160 670 3229 sanguinem.
709 3179 728 3212 ι
766 3159 834 3214 Et
864 3158 1003 3215 infra
1034 3177 1047 3214 :
1083 3177 1103 3211 ‹
1139 3158 1450 3215 Commutat
1476 3175 1608 3230 ergo
1633 3158 1918 3214 invisibilis
1954 3229 1987 3237 _
2020 3168 2163 3237 cepi,
2194 3175 2256 3224 υι
2282 3167 2516 3223 alterum
2546 3172 2803 3235 tanquam
2842 3164 3207 3220 certissimum
3242 3160 3601 3219 demonstrari

327 3250 586 3313 sacerdos
605 3267 735 3308 suas
759 3251 1001 3309 visibiles
1026 3259 1304 3308 creaturas
1340 3252 1393 3306 in
1427 3229 1785 3308 substantiam
1806 3267 1920 3308 sua:
1944 3229 1991 3292 (ἶ
2206 3257 2495 3315 confidam.
2548 3229 2703 3325 Quod
2729 3256 2777 3311 si
2801 3272 2910 3313 non
2937 3255 3152 3327 penitus
3171 3262 3452 3310 assecutus
3475 3251 3607 3317 sim,

329 3342 515 3398 carnis
533 3352 590 3398 et
617 3344 896 3414 sanguinis
945 3352 1155 3399 secreta
1174 3352 1459 3414 potestate.
1490 3342 1550 3400 In
1573 3358 1681 3413 quo
1699 3344 1915 3414 quidem
2015 3352 2101 3406 vel
2136 3352 2191 3407 id
2220 3350 2353 3407 mihi
2382 3350 2517 3407 satis
2565 3351 2671 3404 erit
2694 3365 2792 3419 pro
2820 3345 3001 3405 fructu
3038 3346 3242 3419 operis,
3295 3342 3438 3415 quod
3464 3342 3605 3399 hanc

329 3432 534 3491 Christi
574 3450 802 3506 corpore
824 3443 881 3490 et
908 3435 1167 3505 sanguine
1192 3442 1412 3504 propter
1440 3436 1769 3489 sumentium
1790 3435 1918 3489 hor-

333 3542 515 3583 rorem
548 3540 709 3597 sapor
761 3528 919 3599 panis
945 3537 1001 3583 et
1035 3528 1149 3581 vini
1196 3534 1441 3582 remanet
1493 3535 1547 3581 et
1575 3526 1767 3597 ﬁgura,
1792 3526 1919 3580 sub-

332 3621 658 3677 stantiarum
689 3628 882 3675 natura
937 3620 992 3673 in
1046 3634 1241 3690 corpus
1269 3617 1470 3676 Christi
1497 3628 1554 3674 et
1601 3619 1916 3690 sanguinem

331 3711 557 3769 omnino
589 3725 849 3769 conversa
878 3730 891 3765 :
925 3709 1021 3767 sed
1057 3710 1200 3766 aliud
1229 3712 1541 3766 renuntiant
1580 3723 1776 3767 sensus
1799 3725 1920 3766 car-

333 3804 443 3871 nis,
472 3801 619 3860 aliud
646 3804 925 3866 renuntiat
951 3802 1086 3861 ﬁdes
1130 3802 1297 3874 330
1323 3802 1540 3867 mentis,
1580 3821 1599 3856 ι
1630 3810 1735 3858 etc.
1770 3801 1921 3859 Mitto

334 3896 492 3971 plura
518 3896 661 3954 hanc
692 3897 746 3951 in
784 3912 899 3952 rem
927 3894 1238 3964 huiusmodi
1288 3894 1621 3960 testimonia,
1653 3908 1773 3964 quae
1803 3893 1918 3963 jam

334 3990 610 4057 adduxere
654 3986 837 4044 eximii
865 3998 1126 4057 perpetuae
1153 3984 1218 4040 de
1270 3984 1607 4047 Eucharistia
1653 3982 1810 4043 Fidei
1833 3986 1925 4041 de-

333 4083 601 4148 fensores.
652 4079 810 4137 Hunc
848 4094 979 4135 vero
1008 4077 1289 4135 Haimonis
1317 4077 1493 4132 locum
1537 4077 1804 4148 insignem
1831 4076 1922 4133 hic

333 4173 512 4229 visum
542 4180 627 4227 est
646 4178 909 4235 attexere,
958 4177 1018 4224 ut
1044 4176 1171 4239 pote
1197 4183 1229 4224 a
1258 4169 1476 4229 nemine
1522 4169 1783 4232 hactenus
1803 4183 1926 4237 pro-

335 4265 508 4321 latum
533 4282 547 4319 :
579 4279 690 4337 quo
713 4262 1125 4321 luculentiorem
1151 4259 1357 4316 nullum
1379 4261 1450 4316 ad
1468 4259 1803 4331 probandam
1827 4258 1925 4321 Ec-

337 4354 517 4420 clesiae
537 4353 701 4414 ﬁdem
736 4354 974 4425 reperire
1016 4352 1100 4408 fas
1122 4359 1244 4418 est.~
1279 4349 1603 4407 Pradictum
1628 4366 1759 4409 vero
1795 4349 1927 4407 Bai-

336 4446 517 4509 monis
544 4452 836 4502 tractatum
856 4443 1039 4502 inveni
1070 4444 1125 4499 in
1153 4441 1493 4499 bibliothecae
1522 4448 1725 4498 nostrae
1748 4442 1925 4498 sancti

337 4536 595 4599 Germani
622 4536 975 4599 membraneo
995 4535 1183 4599 codice
1221 4542 1603 4597 sexwutorum
1631 4549 1918 4601 annorum,

337 4628 433 4699 qui
457 4624 698 4696 eiusdem
734 4624 1013 4685 Haimonis
1033 4624 1428 4703 expositionem
1461 4625 1517 4679 in
1538 4623 1805 4695 Epistolas
1827 4638 1927 4694 per

338 4726 514 4788 totum
536 4732 737 4774 annum
765 4717 821 4775 in
844 4717 1013 4774 missa
1054 4718 1270 4773 recitari
1311 4716 1504 4773 solitas
1527 4716 1922 4787 complectitur.

340 4811 581 4870 Incertus
601 4823 765 4883 porro
791 4817 879 4864 est
903 4809 960 4864 in
983 4822 1049 4865 eo
1069 4807 1256 4871 codice
1287 4815 1547 4863 tractatus
1567 4808 1668 4865 iste
1684 4816 1808 4881 post
1826 4822 1927 4871 ex-

339 4903 662 4985 positionem
690 4902 748 4959 in
791 4900 1087 4973 Epistolam
1132 4899 1315 4959 Canta:
1355 4898 1594 4966 Domini,
1641 4915 1765 4970 quae
1800 4899 1928 4970 Epi-

339 4995 482 5054 stula
504 4995 572 5053 de
594 4994 951 5053 Eucharistia:
987 4993 1253 5066 mysterio
1294 5000 1408 5049 tota
1464 4999 1584 5049 est:
1629 4991 1782 5061 cujus
1805 4991 1932 5063 Epi-

342 5085 496 5158 stolas
548 5085 942 5157 expositionem
985 5083 1335 5154 subsequitur
1375 5083 1480 5139 iste
1510 5090 1774 5143 tractatus
1801 5095 1929 5150 cum

341 5181 448 5238 hoc
473 5178 671 5237 titulo:
703 5177 896 5250 Incipit
932 5185 1190 5241 tractatus
1233 5176 1472 5243 Minonis
1518 5177 1585 5231 de
1632 5193 1848 5247 corpore
1879 5184 1929 5231 et

339 5273 598 5345 sanguim
622 5270 854 5330 Domini.
885 5267 1024 5328 Tum
1070 5279 1262 5324 auctor
1301 5276 1593 5324 tractatum
1622 5283 1780 5323 suum
1804 5283 1930 5324 cum

344 5365 603 5438 Epistolte
625 5364 895 5438 praedicta!
922 5362 1259 5434 expositione
1304 5361 1674 5429 continuando
1696 5360 1752 5416 in
1784 5361 1930 5415 hunc

346 5457 565 5527 modum
590 5440 804 5525 orditur
845 5474 858 5511 :
891 5454 998 5512 Sed
1048 5454 1297 5526 quoniam
1343 5453 1502 5523 hujus
1539 5452 1792 5524 Epistolas
1835 5469 1929 5521 op-

343 5546 639 5626 portunitas
664 5546 817 5618 ofert
846 5553 904 5601 ut
924 5544 1126 5616 aliquid
1159 5543 1225 5600 de
1249 5552 1396 5598 tanta
1421 5552 1750 5598 sacramento
1772 5542 1933 5601 latius

345 5638 576 5704 dicatur,
620 5646 727 5694 etc.
790 5634 945 5705 Quod
987 5635 1206 5706 quidem
1247 5634 1352 5690 hoc
1377 5633 1498 5689 loco
1534 5634 1808 5692 monuisse
1853 5634 1933 5689 vi-

348 5746 468 5789 sum
489 5737 574 5787 est
598 5744 779 5801 operas
802 5727 1059 5800 pretium.
1118 5726 1329 5798 itaque,
1375 5733 1437 5782 ut
1460 5726 1621 5781 modo
1666 5725 1930 5791 dicebam,

351 5831 593 5906 tempore
619 5821 828 5885 Alcuini
842 5828 1054 5894 recepta
1074 5827 1191 5877 erat
1211 5833 1296 5889 ea,
1321 5834 1483 5890 quam
1504 5816 1844 5900 proﬁtemur.
1867 5816 1937 5873 de

1956 4581 2004 4642 D

2018 3444 2353 3515 provinciam
2381 3441 2638 3498 studiosis
2667 3442 2997 3511 aperuerim,
3024 3446 3243 3508 reperto
3280 3433 3600 3505 exemplari,

2018 3536 2173 3607 cujus
2197 3535 2310 3590 sola
2335 3534 2597 3603 inspectio
2640 3533 2823 3602 operis
2855 3531 3232 3601 antiquitatem
3276 3525 3605 3598 persuadere

2019 3633 2217 3698 potest.
2272 3625 2389 3680 liuc
2414 3622 2748 3679 eruditorum
2773 3623 3016 3678 omnium
3039 3620 3226 3678 oculos
3245 3627 3301 3675 et
3339 3616 3606 3690 judicium

2019 3717 2253 3789 appello,
2289 3717 2487 3788 quibus
2513 3714 2756 3771 codicem
2780 3714 3103 3771 Boerianum
3149 3710 3417 3783 inspicere
3454 3708 3605 3771 licet,

2020 3811 2134 3867 sive
2158 3810 2214 3864 in
2250 3806 2582 3864 monasterio
2608 3805 2783 3863 sancti
2825 3804 3102 3867 Germani,
3151 3802 3392 3873 quandiu
3437 3814 3608 3871 penes

2018 3919 2120 3958 nos
2163 3900 2299 3966 erit;
2328 3900 2443 3955 sive
2478 3897 2704 3955 Divione
2734 3898 2789 3952 in
2818 3895 3147 3954 bibliotheca
3179 3894 3465 3957 Boeriana,
3496 3904 3607 3961 quo

2020 3994 2173 4051 brevi
2194 3991 2553 4048 remittendus
2580 3998 2684 4046 est.

2092 4084 2224 4152 Quae
2250 4084 2317 4139 de
2340 4088 2565 4137 auctore
2580 4077 2781 4151 protuli
2808 4085 3154 4149 argumenta,
3181 4075 3228 4132 si
3244 4088 3360 4130 rem
3386 4072 3612 4144 penitus.

2020 4192 2132 4236 non
2172 4176 2451 4237 evincunt,
2480 4170 2675 4227 saltem
2702 4170 2938 4225 maxime
2965 4165 3301 4240 probabilem
3342 4163 3603 4220 eiliciunt.

2023 4268 2154 4325 Haec
2176 4265 2223 4323 si
2249 4264 2373 4336 quis
2389 4260 2631 4320 refutare
2649 4261 2801 4327 velit,
2824 4275 2931 4316 non
2952 4258 3029 4315 ita
3049 4272 3266 4313 mecum
3284 4262 3430 4327 agat,
3453 4253 3609 4324 quasi

2025 4360 2130 4415 hac
2180 4356 2235 4412 in
2284 4372 2346 4413 re
2399 4352 2782 4412 controversia
2835 4357 2999 4421 caput
3058 4348 3385 4405 constituam
3442 4364 3456 4400 :
3503 4346 3603 4402 sed

2025 4446 2401 4507 Confessionis
2442 4447 2724 4515 impugnet
2748 4441 3151 4513 antiquitatem,
3178 4454 3341 4509 quam
3383 4437 3608 4508 potissi~

2026 4555 2175 4595 mum
2202 4537 2453 4596 defendo.
2480 4537 2643 4591 Certe
2668 4533 2813 4589 haud
2840 4530 3068 4588 multum
3099 4530 3327 4585 interest
3357 4526 3613 4600 reipubli-

2027 4648 2107 4691 cae
2124 4632 2451 4690 Christiana
2477 4628 2602 4700 quis
2631 4627 2789 4683 istius
2804 4625 2985 4698 operis
3013 4634 3205 4679 auctor
3229 4622 3324 4688 sit,
3351 4618 3613 4676 Alcuinus

2028 4741 2098 4782 an
2130 4722 2273 4780 alius
2292 4763 2308 4788 ,
2356 4721 2406 4778 si
2450 4720 2612 4776 modo
2638 4732 2763 4774 eum
2788 4715 3002 4774 Alcuini
3028 4712 3290 4787 aqualem
3319 4719 3613 4783 agnoscant

2029 4834 2240 4876 omnes.
2293 4815 2480 4889 Neque
2506 4822 2690 4869 tamen
2714 4810 2927 4868 Alcuini
2958 4807 3322 4880 patrocinium
3360 4805 3615 4861 deserere
3656 4854 3659 4855 ν

2028 4918 2114 4967 est
2157 4907 2413 4974 animus,
2441 4906 2540 4962 sed
2589 4903 2769 4975 justos
2805 4899 3187 4958 controversia:
3224 4896 3425 4952 limites
3482 4893 3613 4950 deﬁ-

2031 5015 2171 5058 nire.

2101 5092 2404 5155 Caeterum,
2430 5085 2579 5159 quod
2627 5086 2681 5142 in
2711 5099 2801 5141 me
2833 5096 3181 5153 receperam,
3212 5079 3317 5134 hoc
3360 5075 3480 5131 loco
3524 5089 3614 5145 ap-

2029 5181 2339 5255 ponendum
2401 5178 2533 5236 duxi
2584 5178 2824 5233 virorum
2873 5175 3173 5245 peritorum
3236 5167 3609 5225 testimonium

2030 5274 2099 5329 de
2134 5271 2337 5335 codicis
2385 5266 2638 5326 Boeriani
2674 5266 3034 5337 antiquitate,
3082 5270 3144 5320 ut
3184 5262 3225 5317 ii
3271 5260 3472 5332 quibus
3514 5272 3609 5313 co-

2030 5364 2205 5419 dicem
2245 5361 2410 5418 istum
2440 5358 2627 5414 videre
2663 5373 2773 5413 non
2812 5356 2977 5420 licet,
3017 5354 3299 5412 hominum
3337 5351 3395 5406 in
3445 5364 3609 5420 repu—

2028 5454 2171 5511 blica
2222 5450 2486 5508 litteraria
2533 5448 2963 5506 clarissimorum
3021 5442 3335 5502 auctoritati
3391 5440 3611 5512 acquie-

2031 5555 2209 5603 scant.

2572 5626 3041 5687 TESTIMONIUM

2360 5722 2434 5778 De
2455 5720 2709 5776 Boeriam'
2737 5719 2933 5775 codicis
2963 5717 3293 5788 antiquitate.

2110 5814 2218 5872 Nos
2248 5813 2384 5873 infra
2421 5813 2608 5886 scripti
2637 5812 2909 5879 omnibus,
2941 5824 3172 5883 quorum
3209 5804 3475 5871 intererit,
3509 5816 3610 5863 no-
