4090 6490
358 386 498 447 1029

1061 395 1213 455 OPP.
1253 399 1481 458 DUBIA.
1524 432 1593 444 ——
1627 404 1857 462 ALBlNl
1890 403 2270 474 CONFESSIO
2304 416 2503 476 FIDEI.
2542 453 2613 466 --
2644 422 2825 483 PARS
2858 427 2900 486 ι.

3468 437 3609 497 1030

357 503 595 562 Trinitas
618 506 796 577 beata,
824 525 929 567 vox
958 509 1106 566 clara
1149 521 1206 569 et
1257 514 1506 572 sincerus
1553 517 1759 573 clamor
1802 518 1927 574 ﬁdei
1956 521 2010 580 Α
2033 532 2248 581 ventem
2269 568 2285 592 ,
2322 527 2741 599 insuperabilem
2784 541 2843 587 et
2873 534 3229 595 orthodoxam
3247 582 3262 609 ,
3290 556 3411 613 qua:
3440 545 3492 600 in
3518 561 3611 605 me

352 608 511 664 meae,
535 613 698 668 quam
731 600 801 656 ab
838 602 970 674 ipsis
998 603 1129 659 mihi
1155 606 1436 660 enutriens
1476 608 1778 675 cunabulis,
1809 608 1931 663 illu-

353 686 573 743 minasti
597 704 813 763 semper
833 706 933 763 per
955 693 1363 763 inspirationem
1400 698 1587 767 gratia:
1611 706 1738 763 tum,
1767 714 1928 768 quam

349 777 623 850 adaugens
649 780 982 837 conﬁrmasti
1014 783 1067 837 in
1105 799 1194 838 me
1240 800 1339 853 per
1384 787 1747 842 ministerium
1792 803 1930 859 pra:-

348 866 632 930 dieationis
663 874 854 928 matris
894 872 1171 930 Ecclesiae.
1223 874 1395 941 Quam
1442 878 1615 933 dulcis
1660 878 1801 935 facta
1844 890 1930 935 est

348 956 406 1011 in
433 973 529 1015 ore
557 961 739 1017 cordis
765 962 904 1018 mei!
950 980 1112 1034 quam
1142 969 1383 1023 suaviter
1424 969 1566 1039 sapit
1593 970 1647 1024 in
1680 971 1794 1041 ipso
1832 988 1928 1041 pa-

344 1047 456 1107 lato
482 1053 802 1122 gaudiorum
842 1056 1038 1111 anima:
1083 1060 1243 1112 ntere!
1293 1075 1454 1129 quam
1500 1061 1733 1127 fortiter,
1763 1076 1924 1133 quam

343 1140 539 1197 crebro
563 1143 743 1213 pulsat
763 1152 998 1201 mentem
1023 1162 1223 1213 meam,
1255 1158 1309 1203 et
1335 1160 1534 1215 movet,
1558 1167 1786 1207 mouens
1810 1169 1925 1208 om—

342 1233 433 1288 nia
460 1249 618 1291 sensa
651 1237 876 1307 spiritus
904 1238 1030 1301 mei,
1064 1250 1124 1292 ut
1160 1249 1213 1293 te
1234 1240 1454 1296 laudare
1490 1240 1751 1310 delectet;
1796 1244 1922 1312 quia

339 1325 521 1385 fecisti
545 1345 645 1385 nos
673 1328 741 1384 ad
764 1330 1088 1386 laudandum
1118 1341 1200 1399 te;
1239 1336 1334 1389 sed
1374 1335 1615 1405 inquieta
1642 1347 1730 1390 est
1770 1351 1922 1391 mens

341 1424 551 1483 nostra,
574 1419 746 1474 donec
776 1422 1083 1489 requiescat
1121 1422 1176 1475 in
1208 1432 1279 1485 te,
1310 1430 1366 1475 et
1410 1422 1742 1492 increpitans
1785 1438 1920 1478 meae

338 1506 579 1575 desidiae,
613 1525 678 1566 ac
720 1511 978 1583 colligens
1019 1530 1051 1567 a
1099 1514 1452 1584 dispersione,
1488 1530 1593 1585 qua
1643 1514 1917 1571 frustatim

339 1600 645 1668 discindor,
670 1603 799 1658 dum
827 1606 896 1659 ab
925 1619 1033 1659 uno
1061 1614 1112 1659 te
1141 1620 1364 1661 aversus
1402 1607 1455 1661 in
1482 1607 1649 1661 multa
1694 1623 1915 1673 evaneo,

338 1702 399 1748 ut
427 1708 679 1751 reversus
694 1696 745 1750 in
760 1712 864 1760 me,
887 1705 944 1751 et
964 1711 1192 1765 surgens
1218 1712 1381 1767 supra
1397 1712 1504 1762 me,
1528 1706 1692 1768 atque
1708 1701 1918 1755 cunctis

338 1787 667 1845 transcensis
710 1787 1029 1858 perveniens
1074 1787 1142 1841 ad
1192 1796 1266 1853 te,
1294 1788 1555 1843 exsultem
1591 1790 1687 1845 tibi
1735 1792 1914 1846 cordis

2029 635 2192 677 omne
2227 623 2370 693 quod
2400 625 2493 681 tibi
2532 626 2741 696 placet,
2763 642 2862 697 per
2885 629 3225 691 dilectionem
3253 644 3311 691 et
3334 637 3610 697 humilita-

2033 722 2138 767 tem
2164 723 2439 784 operetur,
2467 732 2585 785 quaa
2611 733 2711 773 nec
2739 728 2905 788 queat
2926 723 3067 776 vinci
3092 723 3232 779 inter
3256 727 3419 782 verba
3447 728 3610 786 alter-

2029 806 2261 860 cationis
2289 807 2342 861 in
2372 815 2613 879 tempore
2633 814 3045 879 persecutionis,
3074 817 3157 870 vel
3187 817 3241 871 in
3285 819 3373 874 die
3410 834 3605 877 neces-

2028 894 2223 951 sitatis.
2269 896 2531 954 Scrutans
2557 900 2719 955 corda
2751 910 2807 955 et
2845 917 3001 956 renes
3033 903 3202 971 Deus,
3226 922 3411 962 coram
3441 916 3494 963 te
3520 918 3607 965 est

2028 987 2233 1041 sanitas
2252 997 2305 1042 et
2330 987 2615 1044 inﬁrmitas
2640 1006 2761 1045 mea
2794 1010 2805 1045 :
2842 993 2985 1045 illam
3014 1009 3206 1063 precor
3234 1011 3410 1062 serva,
3438 999 3602 1055 istam

2027 1090 2178 1130 sana.
2201 1076 2396 1132 Coram
2421 1086 2473 1134 te
2494 1088 2577 1134 est
2616 1080 2840 1136 scientia
2883 1092 2939 1135 ct
2984 1084 3282 1153 ignorantia
3318 1102 3460 1143 mea.
3493 1086 3597 1146 Ubi

2025 1168 2158 1222 mibi
2212 1168 2504 1237 aperuisti,
2537 1172 2752 1241 suscipe
2803 1173 3093 1228 intrantem
3142 1190 3156 1229 :
3208 1176 3299 1231 ubi
3336 1176 3599 1244 clausisti,

2022 1259 2170 1327 aperi
2191 1260 2458 1329 pulsanti;
2488 1268 2548 1315 ut
2570 1263 2792 1317 audiens
2814 1265 3105 1336 intelligam
3131 1276 3274 1333 te,et
3294 1269 3601 1345 intelligens

2022 1350 2239 1421 diligam
2266 1360 2339 1415 te,
2356 1360 2411 1407 et
2438 1351 2665 1423 diligens
2692 1354 2904 1409 laudem
2938 1362 3008 1419 te,
3025 1367 3187 1428 atque
3215 1356 3270 1413 in
3295 1366 3407 1415 toto
3431 1361 3597 1420 corde

2021 1456 2145 1497 meo
2172 1442 2473 1498 desiderem
2503 1446 2766 1499 visionem
2799 1443 3211 1513 pulchritudinis
3233 1456 3338 1505 ture
3362 1465 3597 1521 semper.

2019 1531 2195 1585 Audio
2226 1533 2355 1602 quid
2396 1534 2554 1588 nobis
2579 1535 2830 1589 intimare
2852 1537 2966 1593 vult
2990 1536 3268 1609 Scriptura
3298 1545 3410 1606 tua,
3434 1554 3599 1613 quam

2018 1620 2370 1678 sanctiﬁeasti
2392 1632 2446 1677 et
2467 1623 2661 1679 misisti
2687 1625 2740 1679 in
2764 1628 3036 1682 mundum.
3061 1628 3235 1685 Audio
3254 1637 3308 1684 et
3329 1631 3491 1686 credo
3508 1632 3558 1689 ei
3576 1648 3592 1696 ;

2018 1712 2153 1767 dicit
2185 1714 2329 1769 enim
2358 1732 2371 1767 :
2410 1710 2640 1784 Spiritus
2661 1726 2735 1769 est
2757 1716 2920 1781 Deus,
2945 1727 2991 1771 et
3022 1735 3107 1774 eos
3132 1720 3225 1790 qui
3243 1718 3419 1774 colunt
3455 1737 3594 1786 eum,

2020 1814 2219 1875 oportet
2245 1806 2301 1859 in
2322 1806 2509 1877 spiritu
2532 1815 2581 1859 et
2613 1807 2825 1862 veritate
2854 1808 3062 1863 credere
3083 1817 3133 1864 et
3160 1811 3386 1865 adorare
3407 1810 3593 1884 (lactt.

330 1876 526 1946 iubilo,
552 1886 609 1933 et
636 1876 825 1933 laudes
858 1893 1102 1947 promam
1130 1880 1242 1934 oris
1277 1878 1487 1944 oﬂicio;
1541 1889 1807 1949 quatenus
1860 1885 1903 1936 ii;

2020 1860 2096 1957 u},
2119 1894 2235 1964 24).
2408 1898 2630 1966 spiritus

337 1969 684 2026 meditatione
724 1969 1080 2026 confessionis
1124 1971 1311 2041 gloriae
1350 1980 1455 2027 tua:
1502 1973 1793 2029 incalescat
1821 1991 1918 2030 cor

337 2074 539 2125 meum,
566 2068 623 2114 et
672 2059 839 2114 inhiet
888 2059 984 2113 tibi
1035 2061 1258 2131 Spiritus
1313 2076 1498 2125 meus,
1530 2071 1694 2132 atque
1723 2064 1917 2118 ardeat

334 2164 491 2204 mens
509 2165 627 2205 mea
658 2150 711 2205 in
746 2165 928 2205 amore
961 2160 1070 2215 tuo,
1098 2152 1264 2207 oblita
1290 2154 1544 2209 vanitatis
1571 2163 1628 2209 et
1652 2156 1909 2223 miseriae,

333 2240 461 2296 dum
490 2241 589 2295 tibi
622 2242 722 2296 soli
765 2242 1012 2308 intendit,
1037 2243 1274 2313 dumque
1315 2244 1544 2300 attonita
1590 2254 1645 2299 et
1689 2254 1914 2317 stupens

331 2334 572 2390 adiceret
594 2335 1118 2392 incommutabilitati
1139 2337 1322 2410 gloriae
1346 2338 1763 2410 tum,oculisque
1786 2341 1910 2399 ﬁdei

331 2425 573 2483 intuetur
632 2435 703 2493 te,
757 2428 923 2484 solem
967 2428 1220 2499 justitiaa,
1251 2431 1393 2488 sicut
1440 2433 1699 2503 scriptum
1754 2444 1841 2491 est
1890 2455 1903 2490 :

330 2515 437 2582 Qui
461 2518 694 2573 adhere!
729 2517 974 2586 Domino,
1008 2539 1143 2575 unus
1192 2519 1420 2595 Spiritus
1463 2534 1539 2579 es!
1574 2524 1625 2596 (Ι
1654 2524 1777 2580 Cor.
1806 2528 1904 2602 vi).

398 2608 462 2662 ll.
486 2608 710 2681 Fugiam
740 2611 942 2683 itaque,
972 2612 1217 2681 Domine,
1244 2622 1300 2670 et
1326 2614 1555 2673 libenter
1580 2614 1780 2689 fugiam
1811 2620 1909 2676 ob-

324 2707 629 2770 strepentes
672 2702 934 2758 tumultus
978 2705 1219 2765 omnium
1266 2705 1587 2761 vanitatum.
1642 2706 1749 2764 Sed
1798 2725 1908 2781 quo

324 2787 552 2862 fugiam,
579 2800 638 2847 ut
660 2792 778 2849 illos
802 2793 1089 2861 declinem,
1115 2795 1235 2852 illos
1274 2796 1475 2853 calcem
1519 2799 1618 2855 sub
1655 2802 1902 2871 pedibus,

323 2892 381 2938 et
406 2883 594 2953 procul
615 2883 811 2954 pellam
851 2900 881 2940 a
921 2888 1213 2943 serenitate
1246 2887 1472 2958 iucundi
1518 2892 1779 2947 intuitus?
1821 2895 1905 2952 Ad

324 2981 400 3037 te,
426 2975 516 3043 qui
547 2988 609 3028 es
641 2974 787 3031 solus
815 2975 1122 3048 confugium
1142 2985 1196 3034 et
1221 2978 1379 3035 unica
1408 2994 1531 3050 spes
1555 2983 1898 3039 miserorum.

311 3062 405 3147 .Ad
439 3072 514 3131 te,
543 3064 715 3136 gloria
744 3081 887 3134 mea,
913 3076 969 3124 et
1000 3068 1250 3125 exaltans
1273 3080 1435 3141 caput
1471 3088 1673 3129 meum.
1718 3075 1800 3131 Ad
1848 3084 1900 3132 te

320 3169 642 3227 consurgam
671 3158 740 3214 de
777 3158 897 3214 lacu
944 3160 1179 3217 miseria:
1227 3170 1284 3216 et
1316 3163 1384 3217 de
1419 3162 1534 3220 luto
1578 3164 1727 3221 famis
1754 3185 1767 3222 :
1797 3169 1897 3224 tlbi

318 3245 647 3313 inbasream,
692 3257 854 3319 prout
893 3248 1009 3321 ipse
1050 3250 1286 3317 dederis,
1332 3255 1570 3309 suavitas
1612 3255 1896 3327 mellillua;

317 3344 383 3392 ut
399 3344 454 3391 tu
469 3337 753 3394 dulcescas
768 3339 897 3394 mihi
910 3380 924 3406 ,
954 3339 1180 3397 dultedo
1196 3358 1302 3397 non
1318 3342 1504 3409 fallax,
1521 3344 1744 3402 dulcedo
1772 3347 1900 3406 felix

317 3437 376 3485 et
424 3445 634 3487 secura.
674 3429 923 3500 Quatrarn
976 3448 1106 3504 ergo
1151 3442 1225 3500 te,
1256 3435 1501 3501 Domine,
1527 3438 1783 3495 invocans
1813 3450 1896 3507 te;

318 3528 374 3578 et
392 3522 651 3579 invocabo
686 3533 758 3591 te,
786 3525 1013 3582 credens
1049 3526 1103 3581 in
1141 3537 1223 3593 te;
1274 3539 1333 3584 ut
1368 3545 1618 3599 quaerens
1648 3540 1720 3599 te,
1745 3539 1899 3590 inve-

317 3613 463 3668 niam
493 3621 564 3679 te,
594 3622 651 3671 et
674 3615 955 3673 inveniens
981 3618 1300 3676 benedicam
1332 3628 1385 3677 te
1403 3661 1419 3687 ,
1446 3622 1539 3692 qui
1568 3623 1896 3681 benedixiin

314 3718 417 3762 nos
437 3706 585 3761 omni
610 3707 998 3765 benedictione.
1038 3709 1179 3767 Deus
1207 3728 1377 3778 meus,
1409 3730 1519 3769 una
1565 3732 1691 3787 spes
1737 3734 1892 3786 mea,

314 3797 511 3852 exaudi
539 3813 643 3864 me,
676 3815 745 3855 ne
775 3798 1030 3871 fatigatus
1064 3803 1231 3860 nolim
1256 3820 1502 3877 quaerere
1527 3815 1598 3869 te,
1628 3809 1724 3866 sed
1744 3826 1893 3881 qua:-

314 3901 434 3942 ram
456 3885 645 3943 faciem
680 3897 823 3945 tuam
852 3905 1068 3963 semper
1103 3892 1379 3950 ardenter.
1401 3895 1484 3951 Tu
1510 3898 1577 3953 da
1619 3902 1894 3969 quaerendi

312 3976 477 4043 vires,
502 3978 595 4048 qui
635 3979 877 4037 invenire
917 3990 971 4037 te
1010 3980 1189 4040 fecisti
1221 3992 1278 4040 et
1304 3979 1476 4056 magis
1502 3990 1783 4060 magisque
1809 3991 1893 4045 in-

311 4069 560 4125 veniendi
604 4077 657 4125 te
691 4086 842 4142 spem
878 4072 1093 4129 dedisti.
1120 4073 1401 4143 lllumina,
1434 4078 1682 4147 Domine,
1710 4082 1892 4139 cordis

292 4161 418 4220 ωε
443 4161 657 4219 oculum
687 4164 890 4221 intima:
918 4166 1141 4224 visionis
1169 4169 1456 4242 perspicua
1482 4171 1603 4228 luce
1636 4192 1649 4226 :
1682 4174 1891 4232 velatus

310 4253 457 4309 enim
482 4262 538 4308 et
554 4269 731 4311 caecus
750 4266 836 4311 est
860 4264 1003 4312 tetra
1031 4258 1262 4329 caligine
1288 4271 1637 4330 peccatorum
1656 4274 1713 4322 et
1737 4267 1891 4338 igno-

311 4343 520 4399 rantiae.
543 4343 785 4402 lllumina
814 4362 939 4414 eum
973 4347 1174 4404 lumine
1198 4352 1389 4422 gratiae
1416 4360 1543 4420 ωιε,
1572 4363 1633 4410 ut
1660 4357 1888 4414 sinceris

309 4432 435 4490 ﬁdei
458 4434 650 4502 oculis,
678 4444 733 4493 et
756 4450 892 4508 puro
921 4438 1123 4497 lumine
1150 4442 1351 4509 cordis,
1376 4443 1659 4518 inspiciam
1688 4459 1889 4522 myste-

2015 2000 2169 2049 reus,
2224 1985 2682 2043 incommutabilis
2719 1998 2776 2043 et
2821 1990 3349 2063 incircumscriptus,
3395 1994 3596 2065 ubique

2014 2082 2177 2137 totus,
2206 2091 2474 2146 nusquam
2499 2076 2726 2147 divisus,
2750 2081 3048 2136 secundum
3084 2082 3252 2154 ipsius
3295 2084 3592 2142 veridicum

2013 2162 2307 2235 Scriptum
2338 2168 2728 2223 testimonium.
2787 2170 2903 2226 Hoc
2941 2172 3087 2227 enim
3120 2173 3282 2229 modo
3310 2174 3592 2232 discerne-

2010 2255 2087 2309 ris
2120 2254 2344 2312 Greater
2378 2274 2409 2313 a
2443 2268 2714 2326 creatura,
2752 2263 2804 2315 in
2834 2277 2939 2332 qua
2970 2272 3121 2325 sunt,
3145 2265 3237 2335 qui
3269 2273 3325 2321 et
3371 2266 3593 2337 spiritus

2011 2345 2282 2401 dicuntur.

2076 2436 2243 2510 386
2272 2437 2359 2494 IV.
2385 2440 2444 2496 Si
2475 2441 2547 2496 ita
2573 2450 2677 2510 est,
2703 2443 2811 2499 imo
2832 2444 3053 2515 quiaita
3081 2453 3167 2501 est
3186 2446 3239 2512 ι’,
3266 2464 3287 2497 ι
3319 2447 3589 2516 quomodo

2008 2526 2271 2586 invocabo
2301 2529 2467 2586 Deum
2495 2546 2707 2599 meum,
2733 2533 2899 2590 Deum
2943 2541 3000 2589 et
3040 2533 3326 2590 Dominum
3374 2537 3590 2592 meum?

2005 2622 2259 2689 quoniam
2314 2624 2501 2695 utique
2548 2626 2602 2680 in
2654 2640 2742 2681 me
2787 2629 2963 2697 ipsum
2996 2626 3262 2684 invocabo
3292 2642 3436 2696 eum,
3463 2642 3589 2688 cum

2007 2714 2211 2768 vocabo
2225 2730 2366 2769 eum.
2392 2715 2459 2770 Et
2473 2718 2593 2787 quis
2608 2718 2760 2774 locus
2778 2720 2930 2775 estin
2952 2735 3063 2787 me,
3077 2736 3186 2791 quo
3214 2723 3396 2778 veniat
3423 2723 3479 2779 in
3500 2740 3590 2781 me

2006 2804 2147 2860 Deus
2167 2822 2336 2871 meus,
2362 2823 2470 2877 quo
2498 2809 2680 2863 veniat
2702 2810 2865 2877 Deus,
2893 2811 2984 2880 qui
3018 2812 3146 2867 fecit
3171 2811 3365 2868 cmlum
3395 2823 3451 2870 et
3473 2822 3588 2869 ter-

2005 2900 2158 2952 ram?
2185 2897 2351 2966 Itane,
2369 2893 2594 2958 Domine
2618 2902 2762 2957 Deus
2786 2916 2959 2969 meus,
2978 2912 3064 2958 est
3080 2903 3371 2974 quidquam
3393 2905 3448 2961 in
3472 2920 3583 2971 me,

2003 2991 2146 3061 quod
2171 2994 2354 3063 capiat
2388 2993 2473 3049 te?
2501 2992 2586 3047 An
2610 3009 2741 3050 vero
2761 2994 2957 3051 ctelum
2982 3006 3039 3050 et
3072 3004 3217 3052 terra
3243 3011 3366 3069 qua:
3386 2994 3584 3062 fecisti,

2002 3089 2057 3134 et
2085 3082 2137 3135 in
2161 3083 2357 3151 quibus
2393 3098 2480 3139 me
2509 3082 2707 3149 fecisti,
2730 3085 2960 3155 capiunt
2980 3086 3068 3141 te?
3101 3085 3185 3141 An
3228 3088 3353 3157 quia
3381 3088 3498 3143 sine
3532 3096 3586 3143 te

1925 3214 1976 3282 ο
2004 3188 2110 3227 non
2133 3181 2281 3229 esset
2306 3175 2566 3247 quidquid
2591 3183 2695 3241 est,
2721 3174 2781 3231 ﬁt
2812 3184 2872 3231 ut
2896 3176 3155 3248 quidquid
3180 3185 3266 3234 est
3292 3179 3470 3249 capiat
3498 3179 3586 3234 te?

2008 3262 2118 3317 Cur
2140 3263 2321 3333 itaque
2353 3279 2453 3335 ego
2471 3275 2619 3335 peto,
2641 3272 2702 3321 ut
2728 3266 2916 3321 venias
2935 3267 2992 3322 in
3010 3282 3118 3333 me,
3136 3268 3229 3341 qui
3251 3282 3360 3324 non
3379 3284 3580 3335 essem,

2006 3352 2110 3409 nisi
2133 3367 2285 3410 esses
2308 3354 2363 3409 in
2394 3357 2516 3411 me?
2556 3354 2675 3411 Non
2706 3357 2851 3411 enim
2881 3372 2982 3429 ego
3004 3357 3118 3429 iam
3139 3372 3258 3414 sum
3284 3358 3339 3413 in
3371 3356 3583 3423 inferis,

2004 3456 2059 3501 et
2095 3456 2275 3503 tamen
2310 3456 2364 3502 tu
2394 3448 2467 3503 ibi
2501 3462 2717 3519 quoque
2737 3464 2819 3505 es.
2851 3448 2987 3505 Nam
3012 3451 3116 3507 etsi
3156 3450 3489 3506 descendere
3513 3450 3584 3506 ad

2003 3537 2293 3604 infernum,
2318 3537 2467 3595 ades.
2510 3538 2627 3595 Non
2671 3554 2802 3611 ergo
2844 3554 3041 3606 essem,
3089 3538 3233 3596 Deus
3262 3554 3443 3605 meus,
3471 3555 3581 3595 non

2002 3630 2223 3685 omnino
2245 3644 2442 3695 essem,
2458 3629 2564 3686 nisi
2579 3642 2731 3686 esses
2744 3631 2801 3685 in
2824 3643 2931 3704 me.
2954 3632 3036 3685 An
3053 3630 3233 3701 potius
3255 3644 3362 3684 non
3376 3644 3578 3696 essem,

2001 3723 2107 3778 nisi
2133 3736 2311 3779 essem
2334 3722 2390 3776 in
2416 3731 2493 3787 te,
2526 3737 2595 3777 ex
2628 3737 2737 3794 quo
2758 3723 2960 3789 omnia,
2984 3736 3084 3793 per
3104 3736 3265 3793 quem
3294 3720 3497 3786 omnia,
3525 3720 3580 3775 in

2000 3829 2107 3884 quo
2138 3812 2357 3868 omnia?
2392 3812 2574 3868 Etiam
2608 3811 2707 3878 sic,
2730 3810 2979 3877 Domine,
3005 3812 3169 3867 etiam
3194 3809 3291 3865 sic.
3314 3808 3431 3877 Quo
3450 3823 3581 3879 ergo

2000 3914 2053 3959 te
2082 3904 2277 3959 invoco
2307 3918 2431 3959 cum
2457 3902 2512 3957 in
2542 3911 2597 3957 te
2624 3902 2766 3959 sim?
2805 3910 2899 3956 aut
2922 3901 3064 3957 unde
3083 3900 3271 3957 venies
3301 3908 3355 3955 tu
3383 3901 3436 3956 in
3461 3902 3581 3955 me?

1997 4010 2106 4065 quo
2127 3994 2273 4049 enim
2300 3994 2585 4051 recedam?
2612 4008 2720 4064 quo
2748 3992 2870 4049 ibo?
2893 4001 3049 4047 extra
3077 3991 3273 4047 omium
3294 4000 3350 4047 et
3374 4000 3578 4047 terram

1996 4083 2249 4149 fortasse,
2282 4091 2343 4139 ut
2363 4083 2492 4139 inde
2514 4083 2694 4138 veniat
2720 4083 2775 4137 in
2798 4096 2885 4138 me
2911 4082 3051 4138 Deus
3075 4096 3247 4147 meus,
3273 4080 3363 4149 qui
3396 4082 3531 4137 dixit
3557 4095 3577 4137 :

1997 4173 2196 4229 Caium
2240 4184 2288 4229 et
2331 4185 2523 4229 terram
2557 4190 2648 4246 ego
2687 4173 2877 4245 impleo
2906 4173 3053 4246 (Jer.
3078 4187 3247 4238 xxm,
3278 4173 3421 4241 24)?
3467 4173 3574 4230 Ca-

1995 4268 2149 4339 piunt
2184 4283 2388 4339 ergone
2422 4280 2476 4324 te
2511 4270 2707 4325 caelum
2742 4280 2797 4324 et
2828 4277 2993 4336 terra,
3017 4269 3273 4341 quoniam
3302 4279 3354 4323 tu
3383 4268 3577 4342 imples

1991 4361 2093 4415 ea?
2139 4376 2207 4415 an
2245 4361 2435 4432 imples
2470 4370 2525 4417 et
2556 4370 2748 4429 restat,
2774 4361 3030 4431 quoniam
3066 4376 3174 4417 non
3220 4370 3275 4416 te
3317 4361 3575 4433 capiunt!

1994 4451 2061 4506 Et
2090 4466 2199 4522 quo
2238 4450 2478 4508 refundis
2511 4452 2769 4524 quidquid
2797 4450 3019 4523 impleto
3050 4451 3189 4510 cmlo
3224 4459 3281 4508 et
3309 4459 3457 4508 terra
3492 4466 3574 4507 re.

309 4526 391 4582 ria
418 4528 568 4600 regni
596 4528 925 4629 tui-Venite
938 4532 1066 4629 quia
1110 4547 1218 4590 non
1258 4542 1343 4629 est
1387 4536 1639 4629 pulchra
1661 4540 1782 4597 laus
1829 4543 1884 4598 in
1916 4568 1967 4629 υ
1995 4552 2102 4599 stat
2123 4559 2190 4598 ex
2225 4544 2311 4599 te?
2351 4543 2549 4599 Annon
2578 4559 2715 4615 opus
2754 4544 2944 4609 babes,
2969 4552 3087 4600 uta
3119 4557 3392 4615 quoquam
3439 4556 3571 4607 con-

306 4630 405 4675 ore
435 4619 753 4689 pecntoris,
776 4628 833 4676 et
854 4619 991 4679 ﬁdes
1024 4622 1140 4679 sine
1164 4624 1445 4695 condignis
1478 4628 1733 4697 operibus
1774 4646 1884 4688 non
1916 4619 1961 4629 ⁷
1988 4633 2236 4700 tinearis,
2282 4634 2375 4705 qui
2425 4635 2676 4690 contines
2720 4634 2902 4690 omnia
2935 4653 2948 4689 :
2985 4634 3252 4702 Quoniam
3298 4648 3421 4705 quae
3462 4634 3571 4689 im-

307 4704 580 4775 laudatur,
608 4724 740 4783 rogo
763 4708 979 4767 Patrem
1002 4727 1099 4783 per
1121 4712 1321 4771 Filium
1342 4757 1356 4781 ,
1385 4732 1519 4788 rogo
1545 4717 1745 4777 Filium
1786 4737 1887 4794 per

305 4796 545 4866 Patrem,
575 4816 707 4874 rogo
738 4801 1000 4872 Spiritum
1028 4815 1276 4862 sanetum
1312 4822 1409 4877 per
1432 4809 1652 4869 Patrem
1695 4822 1752 4869 et
1796 4814 1888 4871 Fi-

305 4886 436 4944 lium
460 4901 512 4954 ι,
534 4896 594 4946 ut
618 4899 676 4947 et
692 4892 874 4947 omnia
902 4893 1030 4949 vitia
1055 4895 1377 4967 elongentur
1408 4913 1438 4951 a
1482 4914 1590 4964 me,
1614 4908 1669 4957 et
1694 4917 1884 4960 omnes

304 4987 506 5036 sanctae
549 4981 778 5040 virtutes
818 4983 1133 5054 plantentur
1176 4988 1230 5043 in
1281 5002 1397 5054 me,
1428 5000 1697 5060 quatenus
1730 5009 1887 5052 acce-

302 5069 505 5140 ptabile
548 5069 648 5128 tibi
688 5072 785 5128 ﬁat
821 5074 1148 5132 sacriﬁcium
1191 5078 1366 5135 laudis
1401 5080 1524 5137 ﬁdei
1550 5098 1705 5153 mete,
1738 5087 1883 5147 Deus

302 5173 478 5224 meus,
505 5167 564 5216 et
582 5163 839 5218 ascendat
854 5164 922 5222 ad
948 5172 1001 5222 te
1026 5166 1081 5221 in
1101 5167 1269 5223 odore
1287 5172 1595 5229 suavitatis.

373 5245 459 5304 lii.
486 5245 742 5315 Obsecro,
771 5257 826 5308 et
849 5252 1274 5311 misericordiam
1312 5266 1458 5313 tuam
1504 5261 1726 5332 supplex
1775 5264 1882 5320 im-

302 5335 476 5407 ploro,
496 5345 814 5394 cunctarum
842 5337 962 5396 fons
988 5350 1044 5397 et
1081 5344 1257 5415 origo,
1287 5344 1516 5418 largitor
1561 5358 1617 5405 et
1657 5363 1881 5409 conser~

301 5437 461 5484 valor
486 5429 747 5485 virtutum
774 5431 946 5499 Deus,
984 5434 1191 5505 adauge
1234 5436 1367 5492 mihi
1418 5452 1631 5509 semper
1681 5440 1878 5512 ﬁdem;

302 5517 463 5574 ﬁdem
513 5528 793 5587 sanctam,
840 5530 1076 5588 rectam,
1127 5532 1182 5580 et
1231 5525 1663 5597 immaculatam;
1722 5531 1881 5591 ﬁdem

302 5607 595 5672 eruditam,
613 5610 935 5667 catholicam
964 5621 1020 5668 et
1050 5614 1555 5685 prudentissimam;
1584 5619 1746 5679 ﬁdem
1769 5621 1877 5681 fer-

373 5750 412 5831 :
422 5734 797 5831 Eligeesapiunt
819 5744 1019 5819 stylum
1043 5754 1201 5805 state
1225 5748 1567 5811 scholastica:
1597 5752 1876 5831 theologia

300 5818 684 5880 antiquiorem.

1986 4722 2121 4793 ples,
2154 4725 2482 4781 continendo
2530 4725 2756 4796 imples?
2793 4725 2913 4781 Non
2962 4726 3108 4782 enim
3151 4739 3316 4791 vasa,
3350 4739 3472 4795 quae
3511 4733 3571 4782 te

1985 4812 2142 4886 plena
2161 4824 2308 4883 sunt,
2329 4814 2577 4872 stabilem
2600 4823 2655 4873 te
2676 4814 2906 4883 faciunt;
2943 4816 3071 4888 quia
3091 4815 3193 4871 etsi
3225 4814 3565 4886 frangantur,

1985 4914 2045 4961 tu
2070 4921 2177 4961 non
2206 4904 2530 4972 ell‘underis;
2556 4914 2614 4965 et
2638 4921 2761 4963 cum
2790 4905 3082 4962 eﬂ‘underis
3110 4920 3275 4977 super
3305 4918 3428 4971 nos,
3454 4918 3566 4959 non

1986 5002 2044 5050 tu
2061 4993 2235 5065 iaces,
2271 4996 2365 5051 sed
2388 4997 2552 5068 erigis
2584 5011 2684 5050 nos
2707 5014 2720 5049 :
2746 5010 2846 5051 nec
2871 5002 2929 5049 tu
2952 4993 3295 5067 dispergeris,
3322 4993 3415 5049 sed
3452 4992 3567 5047 col-

1986 5083 2109 5155 ligis
2144 5099 2262 5140 nos.
2304 5084 2409 5141 Sed
2438 5101 2559 5156 quae
2591 5084 2773 5158 [Aug.,
2798 5083 2913 5157 qui]
2940 5084 3130 5155 imples
3157 5083 3359 5148 omnia,
3378 5090 3432 5139 te
3450 5089 3564 5138 toto
3626 5148 3629 5151 ν

1985 5174 2178 5246 imples
2198 5177 2396 5231 omnia.
2431 5177 2513 5231 An
2546 5178 2671 5248 quia
2697 5193 2804 5234 non
2829 5187 3055 5249 possunt
3083 5186 3136 5231 te
3168 5184 3340 5231 totum
3368 5189 3563 5245 capere

1984 5267 2206 5331 omnia,
2236 5275 2447 5338 partem
2505 5269 2581 5324 tui
2633 5269 2887 5341 capiunt?
2938 5268 3009 5325 Et
3054 5268 3301 5327 eamdem
3348 5275 3562 5340 partem

1986 5358 2145 5415 simul
2170 5360 2350 5416 omnia
2372 5361 2624 5431 capiunt?
2655 5362 2738 5416 An
2782 5360 3023 5431 singulas
3046 5360 3274 5433 singula,
3300 5368 3355 5415 et
3391 5359 3562 5431 majo-

1981 5463 2070 5505 res
2088 5448 2317 5521 majora.
2349 5458 2405 5505 et
2443 5450 2682 5508 minores
2711 5451 2919 5507 minora
2943 5451 3196 5521 capiunt?
3231 5450 3440 5519 Ergone
3474 5456 3560 5506 est

1981 5539 2161 5613 aliqua
2188 5557 2318 5613 pars
2370 5543 2447 5599 tui
2495 5542 2687 5614 major,
2722 5544 2901 5616 aliqua
2954 5544 3169 5601 minor’
3224 5542 3559 5613 Antubiqne

1978 5638 2123 5689 totus
2153 5647 2232 5700 es,
2254 5641 2311 5690 et
2331 5648 2418 5692 res
2444 5632 2590 5691 nulla
2620 5644 2672 5690 te
2697 5642 2865 5690 totum
2891 5635 3071 5707 capit?

2052 5762 2082 5803 ιι
2118 5760 2201 5818 Ex
2229 5770 2366 5836 Aug.
2399 5763 2809 5823 Confessronum
2839 5766 2978 5824 libro
3003 5782 3041 5829 ι,
3068 5781 3186 5839 cap.
3209 5766 3264 5820 3.
