4090 6494
533 407 664 464 ωδ(

1347 399 1412 457 Β.
1453 399 1514 455 F.
1557 394 1781 455 ALDlNl
1820 390 1954 450 δεῖ]
1991 386 2270 446 ALCUINI
2309 383 2597 443 OPERUM
2637 377 2819 436 PARS
2855 374 2990 434 Vill.

3658 370 3803 428 i052

606 520 672 576 ν.
704 530 732 560 ι
759 517 899 588 Quid
933 529 1063 589 ergo
1092 530 1172 579 es,
1198 515 1423 570 Domine
1446 512 1589 568 Deis
1615 521 1798 569 meus,
1829 506 1958 576 quid
1985 514 2117 574 ergo
2148 507 2189 563 Α
2217 502 2424 565 omnia,
2452 496 2738 554 invisibilis
2758 494 2946 547 videns
2961 489 3168 553 omnia,
3193 485 3531 553 immortalis,
3550 485 3804 554 illoealia,

535 613 722 686 [Au9.,
752 609 892 678 Quid
921 606 1098 679 rogo],
1125 607 1227 662 nisi
1251 605 1513 661 Dominus
1554 601 1731 656 Deus?
1791 597 1926 664 Quis
1980 596 2113 649 enim

533 705 679 758 Deus
703 712 894 772 prater
925 698 1242 753 (lautianm?
1291 706 1386 752 aut
1419 697 1535 767 quis
1567 694 1705 747 Deus
1735 701 1926 763 prater
1950 688 2116 741 Deum

534 801 771 847 nostrum
808 789 982 861 (Paul.
1017 804 1150 854 xvn,
1173 786 1300 858 5‘2)?
1337 805 1356 841 ι
1383 785 1551 841 Nemo
1576 784 1766 854 plane,
1793 792 1972 836 item
1999 777 2116 831 Non

534 885 681 938 enim
703 895 787 938 est
821 882 960 935 Deus
987 879 1123 934 alius
1149 887 1345 949 prmter
1368 887 1421 932 te
1444 877 1643 932 trinum
1674 883 1729 929 et
1747 887 1935 936 unum,
1951 883 2118 924 unum

535 987 592 1031 et
621 978 842 1039 trinum,
875 985 1048 1043 neque
1078 971 1131 1026 in
1175 970 1311 1026 cmlo
1359 983 1608 1032 sursum,
1645 979 1818 1036 neque
1861 965 1916 1018 in
1970 970 2116 1016 terra

535 1070 809 1126 deorsum.
836 1071 969 1137 Quis
997 1069 1071 1123 tui
1098 1068 1322 1122 similis?
1350 1065 1473 1136 quis
1495 1059 1809 1133 magniﬁcus
1839 1057 1892 1112 in
1923 1055 2122 1111 sancti-

536 1169 669 1226 tate,
705 1160 959 1216 terribilis
989 1167 1149 1227 atque
1175 1155 1460 1212 laudabilis
1485 1154 1539 1210 in
1562 1151 1707 1207 omni
1742 1149 1960 1214 virtute,
1977 1146 2122 1202 sicut

536 1261 595 1306 tu
629 1251 769 1306 Deus
803 1262 1010 1314 noSter,
1035 1249 1126 1317 qui
1159 1248 1293 1304 facis
1316 1259 1507 1318 magna
1543 1253 1598 1298 et
1640 1237 1927 1302 mirabilia,
1950 1244 2004 1290 et
2033 1236 2111 1289 in—

533 1345 871 1409 acmtabilia,
902 1355 1132 1414 quorum
1178 1356 1284 1395 non
1319 1347 1401 1394 est
1448 1332 1742 1391 numerus?
1792 1330 1870 1386 Te
1923 1336 2118 1382 cuncta

537 1436 910 1508 magniﬁcam,
939 1443 990 1490 te
1013 1433 1190 1487 omnis
1210 1432 1432 1502 spiritus
1452 1426 1654 1482 laudat.
1685 1425 1763 1479 Te
1805 1423 2034 1477 adorant
2066 1428 2122 1475 et

539 1528 862 1584 benedicunt
888 1535 1080 1582 cuncta
1111 1524 1198 1578 illa
1225 1522 1507 1576 beatorum
1540 1517 1827 1588 Spirituum
1850 1521 1903 1567 et
1930 1525 2120 1582 super-

538 1632 734 1676 nnrum
764 1621 964 1676 civium
999 1617 1233 1688 agmina.
1267 1613 1388 1669 Tibi
1434 1621 1607 1666 mater
1636 1605 1876 1663 Ecclesia
1915 1605 1969 1658 in
2008 1611 2122 1656 toto

539 1711 674 1768 Orbe
703 1709 862 1766 client
896 1723 1106 1781 preces,
1129 1713 1184 1761 et
1227 1706 1563 1761 incessanter
1610 1700 1744 1755 dicit
1792 1696 1996 1750 laudes.
2046 1692 2122 1748 Te

540 1817 642 1874 ego
672 1802 894 1857 ultimus
922 1810 1206 1855 servorum
1257 1804 1475 1850 tuorum
1531 1792 1690 1846 laudo
1733 1801 1790 1845 et
1833 1787 2116 1872 benedice.

2218 593 2562 656 interminus,
2586 583 3110 654 imircumscriptus,
3137 592 3401 651 nusquam
3433 579 3639 646 ﬁnitus,
3668 576 3808 638 ind-

2216 682 2419 749 iabilis,
2447 676 2860 741 inaestimabilis,
2903 671 3214 736 indicibilis,
3257 669 3652 736 inscrutabilis,
3701 671 3806 725 im-

2219 783 2396 830 motus
2421 815 2436 839 ,
2485 783 2710 842 tangens
2752 766 2931 821 omnia
2959 805 2974 828 ,
3027 761 3434 832 investigabilis,
3481 761 3807 816 metuendus

2219 877 2378 938 atque
2409 864 2688 928 terribilis,
2714 857 3061 915 honorandus
3087 863 3248 924 atque
3268 853 3557 918 verendus,
3577 853 3603 893 δ
3628 871 3648 903 (
3669 865 3811 907 nun-

2217 975 2382 1032 quam
2411 973 2604 1022 novus,
2632 967 2908 1022 nunquam
2942 955 3120 1012 vetus,
3147 948 3411 1002 innovans
3433 947 3635 1009 omnia,
3666 954 3723 999 et
3748 945 3808 999 in

2219 1057 2542 1106 vetustatem
2569 1048 2870 1117 perducens
2898 1040 3181 1111 superbos,
3202 1045 3257 1092 et
3285 1038 3551 1092 nesciunt.
3576 1036 3811 1108 Semper

2219 1155 2404 1212 agens,
2433 1150 2649 1208 semper
2669 1134 2900 1204 quietus,
2926 1131 3181 1201 colligens
3204 1137 3260 1184 et
3283 1143 3389 1182 non
3410 1142 3596 1196 egens,
3618 1126 3808 1183 omnia

2218 1239 2442 1303 portans
2483 1228 2601 1283 sine
2627 1239 2818 1290 onere,
2846 1222 3026 1278 munia
3052 1219 3281 1291 impleas
3323 1220 3440 1274 sine
3483 1219 3809 1284 inclusione,

2219 1324 2400 1378 omnia
2441 1331 2636 1375 errans
2675 1325 2730 1371 ct
2775 1323 3086 1387 protegens,
3132 1314 3376 1366 nutriens
3405 1318 3460 1367 et
3493 1311 3811 1382 pet-ﬁciens,

2219 1429 2487 1488 quaerens,
2515 1427 2636 1468 cum
2668 1409 2804 1466 nihil
2831 1411 2972 1465 desit
3000 1407 3127 1472 tibi;
3163 1420 3314 1460 amas
3341 1419 3443 1460 nec
3468 1414 3688 1470 aestuas,
3714 1419 3812 1458 ze-

2221 1509 2302 1563 las
2329 1515 2386 1562 et
2411 1519 2634 1560 securus
2659 1517 2718 1557 es
2737 1543 2752 1567 ,
2778 1501 3004 1572 panitet
3030 1507 3084 1554 te
3123 1505 3180 1553 et
3205 1514 3310 1554 non
3339 1497 3504 1553 doles.
3547 1495 3815 1552 irasceris

2221 1611 2275 1657 et
2321 1597 2644 1668 trancpiillus
2679 1609 2767 1660 es,
2796 1606 2961 1665 opera
2991 1599 3189 1658 mutas,
3223 1592 3317 1646 sed
3356 1589 3642 1647 consilium
3671 1605 3816 1643 nun-

2221 1709 2405 1766 quam,
2436 1690 2635 1760 recipis
2677 1687 2818 1758 quod
2866 1685 3094 1752 invenis,
3120 1694 3175 1740 et
3205 1695 3481 1753 nunquam
3528 1679 3765 1735 amisisti
3794 1696 3811 1745 ;

2223 1798 2498 1857 nunquam
2523 1782 2681 1852 ineps
2705 1787 2760 1834 et
2780 1778 2984 1850 gaudes
3011 1777 3196 1841 lucris,
3225 1787 3501 1844 nunquam
3527 1785 3726 1826 avarus
3754 1779 3818 1826 et

541 1862 660 1952 Tibi
685 1910 837 1949 mens
857 1907 977 1948 mea
991 1891 1204 1962 jubilat,
1231 1889 1325 1943 tibi
1353 1886 1535 1941 omnia
1556 1898 1679 1939 ossa
1702 1893 1819 1938 nica
1843 1867 2115 1934 clamant:
2149 1862 2196 1921 Β
2225 1892 2420 1933 usuras
2444 1875 2616 1946 exigis
2643 1893 2654 1928 :
2681 1879 3103 1943 superemgatur
3128 1869 3246 1934 tibi,
3273 1876 3332 1923 ut
3347 1865 3581 1932 debeas;
3603 1872 3664 1920 et
3688 1863 3817 1934 quia

538 1985 673 2054 Quis
704 1982 896 2040 similis
925 1983 1025 2048 tui,
1052 1980 1309 2037 Domine?
1339 1976 1407 2033 Et
1430 1976 1624 2031 merito
1643 1980 1838 2028 cuncta
1860 1983 1979 2038 quae
2001 1980 2126 2037 opo-

541 2085 694 2132 ratns
720 2090 804 2141 es,
823 2074 914 2129 tibi
938 2071 1182 2128 Creatori
1209 2069 1487 2131 obediunt,
1513 2065 1774 2128 serviunt,
1801 2068 1856 2115 et
1885 2067 2126 2114 tremunt

538 2166 608 2222 ad
633 2175 824 2221 nutum
856 2171 1026 2218 tuum.
1057 2161 1215 2218 Facis
1239 2171 1574 2231 quascunque
1595 2152 1747 2209 velis.
1771 2152 1850 2206 Tu
1887 2165 1949 2220 es
1978 2149 2123 2204 enim

541 2270 674 2312 vere
695 2255 956 2312 Dominus
977 2253 1144 2320 solus,
1181 2253 1324 2307 Deus
1357 2245 1666 2312 invisibilis,
1710 2237 2121 2304 intestimabilis,

540 2348 1064 2416 incircumscriptus,
1094 2343 1339 2407 illocalis,
1374 2342 1690 2402 immensus,
1725 2346 1780 2390 et
1829 2334 2128 2403 incompre-

540 2437 845 2502 hensibilis,
867 2437 1069 2506 ubique
1115 2443 1280 2500 totus,
1311 2433 1511 2500 ubique
1545 2441 1807 2500 praesens,
1843 2421 2125 2479 ineffabili-

539 2541 626 2589 ter
648 2531 830 2588 omnia
855 2538 1166 2602 penetrans,
1197 2527 1376 2584 munia
1401 2523 1701 2585 continens,
1716 2518 1895 2574 omnia
1923 2516 2120 2579 sciens,

538 2629 736 2681 cuncta
762 2621 1119 2692 prospiciens,
1139 2617 1320 2673 omnia
1342 2623 1554 2687 petens,
1578 2619 1635 2668 et
1654 2611 1908 2666 universa
1930 2607 2128 2679 guber-

541 2724 700 2768 nans.
727 2711 896 2765 Totus
933 2709 988 2764 in
1015 2707 1174 2774 coelo,
1203 2716 1348 2762 totus
1372 2707 1426 2762 in
1452 2713 1616 2768 terra,
1640 2710 1787 2757 totus
1809 2702 1974 2755 etiam
2005 2697 2127 2752 ubi-

539 2813 666 2874 que,
689 2813 745 2858 et
765 2815 872 2856 non
901 2809 985 2856 est
1012 2799 1150 2855 alius
1183 2799 1326 2854 Deus
1351 2804 1549 2870 praeter
1573 2807 1626 2851 te
1650 2795 1820 2850 Deum
1857 2800 2123 2854 nostrum,

541 2895 598 2950 in
627 2905 790 2965 quem
814 2893 991 2948 credit
1015 2898 1073 2946 ct
1096 2902 1257 2961 quem
1280 2888 1473 2944 adorat
1513 2897 1687 2942 mater
1713 2883 1975 2946 Ecclesia,
2000 2895 2130 2953 apo-

542 2989 735 3044 stolica
773 2995 828 3042 et
861 2985 1204 3042 universalis.
1232 2983 1312 3039 Tu
1337 2998 1396 3039 es
1416 2981 1542 3050 jure
1584 2978 1842 3036 colendus
1874 2985 1930 3032 et
1957 2989 2125 3031 Vene-

540 3083 772 3148 raadus,
822 3080 1092 3136 timendus
1141 3086 1197 3132 et
1241 3076 1525 3138 amandus,
1546 3088 1670 3129 cum
1720 3071 1866 3127 omni
1913 3081 2129 3140 semper

542 3174 850 3238 devotione,
863 3170 1089 3226 Domine
1101 3169 1243 3223 Deus
1264 3176 1448 3222 noster
1463 3182 1476 3231 ;
1495 3165 1586 3234 qui
1598 3179 1720 3219 cum
1736 3177 1843 3218 non
1859 3174 2125 3228 essemus,

541 3273 792 3339 potenter
812 3224 985 3319 iecisti
1024 3275 1145 3326 nos,
1170 3267 1225 3314 et
1261 3272 1383 3313 cum
1411 3224 1606 3328 perditi
1643 3254 1934 3310 fuissemus
1965 3224 2124 3322 culpa
2149 3224 2201 3292 ο

543 3356 990 3428 nostra,pietate
1033 3361 1089 3408 et
1137 3351 1378 3406 bonitate
1424 3357 1514 3404 tua
1555 3347 1878 3403 mirabiliter
1909 3359 2129 3415 recupc~

547 3451 682 3507 rasti
709 3465 825 3504 nos.
854 3446 1007 3504 Unde
1033 3445 1299 3501 conﬁteor
1332 3441 1451 3507 tibi,
1488 3441 1605 3496 Rex
1632 3439 1756 3496 caeli
1784 3446 1842 3493 et
1868 3447 2050 3503 terrae,
2075 3444 2130 3492 et

548 3539 850 3598 honorifico
897 3546 952 3594 te
998 3534 1271 3592 sacriﬁcio
1318 3532 1494 3588 laudis
1542 3551 1555 3586 :
1599 3539 1655 3584 et
1690 3530 1818 3600 quia
1859 3527 2130 3584 exteriora

547 3647 775 3691 munera
821 3630 1039 3693 desunt,
1068 3627 1196 3683 totis
1232 3625 1484 3684 medullis
1523 3624 1736 3690 cordis,
1774 3635 1895 3693 quae
1940 3621 1996 3675 in
2043 3631 2132 3674 me

547 3732 696 3788 sunt,
722 3729 847 3777 vota
883 3717 1208 3775 laudationis
1233 3714 1398 3770 reddo
1423 3713 1545 3770 tibi.

620 3815 706 3871 Vl.
749 3814 855 3869 Sed
897 3813 1020 3882 quia
1049 3810 1181 3865 nihil
1211 3809 1313 3863 nisi
1338 3808 1408 3864 de
1435 3815 1528 3863 tuo
1552 3803 1888 3877 acceptabi-le
1924 3803 2024 3858 tibi
2045 3800 2132 3855 oi-

549 3905 681 3962 ierri
711 3911 910 3977 potest,
940 3912 998 3956 tu
1025 3901 1191 3966 Deus,
1224 3899 1279 3953 in
1317 3897 1472 3969 cujus
1517 3897 1724 3952 lumine
1769 3895 1950 3952 lumen
1984 3893 2136 3948 γωδ.

550 4014 692 4064 mus,
725 3999 792 4053 da
839 4010 1021 4067 qumso
1057 3995 1232 4050 lucem
1273 3993 1326 4046 in
1356 3990 1552 4054 corde,
1577 3991 1645 4046 da
1683 3989 1906 4042 verbum
1936 3983 1990 4040 in
2016 3999 2134 4050 ore,

550 4092 622 4146 da
653 4088 817 4144 menti
847 4085 1123 4142 caelestem
1171 4079 1538 4138 conscendere
1579 4079 1788 4142 sedem,
1821 4077 1891 4131 da
1936 4074 2137 4130 fontem

551 4180 789 4237 lustrare
810 4178 961 4243 boni,
978 4177 1043 4234 da
1068 4175 1189 4231 luce
1212 4180 1428 4244 recepta
1457 4172 1512 4226 in
1539 4179 1596 4226 te
1629 4169 1949 4238 conspicuos
1974 4163 2139 4220 animi

553 4272 789 4342 deﬁgere
822 4269 993 4324 visus.
1033 4267 1100 4322 Et
1126 4265 1381 4336 quoniam
1411 4263 1582 4318 altera
1620 4275 1747 4332 pars
1781 4273 1970 4314 sumus
1993 4253 2137 4321 cmli,

553 4362 726 4439 altera
751 4371 930 4426 terra,
957 4359 1102 4415 unde
1145 4372 1334 4428 corpus
1368 4355 1508 4427 quod
1551 4353 1927 4424 corrumpitur,
1953 4365 2143 4420 τιθέντας

2223 1970 2390 2027 habet
2414 1967 2705 2038 quidquam
2733 1980 2840 2020 non
2869 1962 3057 2017 unum?

2292 2059 2404 2116 Ἧι.
2440 2058 2643 2114 Beddis
2663 2056 2846 2112 debita
2871 2053 3002 2108 nulli
3027 2051 3252 2116 debeas,
3275 2050 3446 2106 donas
3465 2049 3646 2105 debita
3674 2045 3820 2102 nihil

2219 2149 2454 2224 perduis
2481 2169 2494 2204 :
2521 2169 2540 2202 ι
2574 2149 2667 2219 qni
2684 2146 2832 2203 solus
2857 2143 3100 2199 viviﬁcas
3122 2141 3324 2204 omnia,
3350 2141 3443 2209 qui
3467 2137 3666 2194 creasti
3689 2148 3817 2192 om-

2222 2244 2312 2300 nia
2330 2281 2346 2308 ,
2373 2243 2468 2312 qni
2493 2241 2697 2311 ubique
2720 2254 2782 2295 es
2808 2246 2863 2292 et
2892 2236 3092 2305 ubique
3119 2241 3296 2298 totus,
3318 2232 3410 2302 qui
3437 2229 3629 2286 sentiri
3656 2237 3821 2300 potes

2221 2343 2280 2390 et
2309 2333 2484 2390 videri
2519 2348 2626 2386 nou
2649 2337 2821 2402 potes,
2853 2327 2948 2398 qui
2974 2339 3241 2395 nusquam
3277 2323 3433 2388 dces,
3454 2329 3512 2378 et
3536 2328 3717 2375 tamen
3749 2317 3821 2374 ab

2224 2424 2532 2496 iniquorum
2572 2419 2988 2494 cogitationibus
3026 2415 3185 2487 longe
3220 2428 3312 2480 es;
3339 2413 3432 2482 qui
3460 2426 3562 2468 nec
3579 2410 3654 2466 ibi
3687 2411 3823 2466 dees

2223 2517 2317 2573 ubi
2345 2517 2503 2587 longe
2526 2529 2588 2570 es
2610 2533 2624 2569 :
2647 2514 2775 2584 quia
2803 2511 2894 2567 ubi
2918 2524 3028 2566 non
3061 2524 3122 2565 es
3150 2523 3249 2579 per
3275 2508 3530 2579 gratiam,
3561 2505 3693 2561 ades
3717 2519 3824 2574 per

2225 2610 2538 2666 vindictam.
2584 2607 2685 2676 Qui
2733 2606 2913 2662 omnia
2955 2602 3155 2676 tangis,
3201 2617 3302 2657 nec
3325 2611 3504 2656 tamen
3530 2598 3821 2671 aequaliter

2223 2700 2407 2757 omnia
2443 2699 2654 2770 tangis;
2685 2697 2935 2768 quaedam
2967 2695 3114 2750 enim
3152 2694 3332 2764 tangis
3361 2699 3422 2745 ut
3447 2691 3577 2756 sint,
3606 2704 3710 2744 nec
3737 2696 3824 2743 ta-

2226 2808 2350 2849 men
2379 2801 2442 2848 ut
2466 2793 2653 2846 vivant
2685 2798 2742 2846 et
2765 2788 3035 2855 sentiant;
3064 2787 3312 2859 quaedam
3357 2785 3535 2855 tangis
3580 2790 3643 2837 ut
3683 2783 3822 2846 sint,

2225 2886 2412 2941 vivant
2439 2893 2495 2940 et
2534 2884 2790 2947 sentiant,
2818 2897 2920 2938 nec
2945 2880 3109 2953 387
3144 2888 3329 2935 tamen
3365 2886 3429 2933 ut
3471 2877 3822 2941 discernant;

2227 2977 2476 3050 quaedam
2501 2975 2679 3047 tangis
2700 2983 2764 3030 ut
2782 2976 2915 3040 sint,
2937 2977 3144 3039 vivant,
3163 2973 3402 3030 sentiant
3429 2979 3594 3042 atque
3615 2971 3824 3025 discer-

2228 3077 2378 3126 nant.
2433 3069 2502 3124 Et
2539 3083 2664 3124 cum
2709 3067 3026 3137 tibimetipsi
3069 3079 3347 3135 nunquam
3396 3063 3674 3118 dissimilis
3719 3061 3825 3125 sis,

2227 3167 2571 3225 dissimiliter
2593 3173 2771 3220 tamen
2793 3165 2974 3235 tangis
2993 3161 3295 3218 dissimilia.
3327 3160 3428 3227 Qui
3456 3159 3655 3228 ubique
3678 3169 3824 3228 pra“

2229 3275 2356 3317 sens
2379 3275 2464 3327 es,
2494 3264 2549 3314 et
2590 3256 2824 3313 inveniri
2849 3255 2936 3311 vix
2961 3263 3117 3326 potes
3143 3273 3156 3307 τ
3183 3264 3345 3324 quem
3383 3260 3618 3305 stantem
3643 3247 3830 3318 sequi-

2225 3368 2352 3410 mur
2373 3361 2429 3409 et
2453 3350 2860 3424 apprchendere
2885 3363 2994 3403 non
3014 3347 3255 3402 valemus
3281 3360 3295 3400 :
3319 3344 3410 3414 qui
3432 3353 3586 3398 tones
3613 3341 3820 3402 omnia,

2227 3444 2422 3516 imples
2457 3441 2662 3508 omnia,
2691 3427 3157 3511 circumplecteris
3198 3433 3401 3500 omnia,
3431 3431 3820 3503 superexcezlis

2229 3535 2434 3600 omnia,
2462 3531 2696 3588 sustines
2737 3530 2950 3596 omnia;
2981 3543 3084 3584 nec
3122 3542 3191 3582 ex
3223 3525 3329 3580 alia
3369 3532 3524 3594 parte
3552 3521 3813 3581 sustines,

2230 3634 2395 3697 atque
2425 3622 2533 3679 alia
2557 3620 2967 3694 superexcedis;
2991 3632 3170 3690 neque
3195 3633 3263 3673 ex
3294 3617 3398 3671 alia
3421 3621 3574 3686 parte
3604 3611 3818 3682 imples,

2230 3725 2395 3788 atque
2419 3714 2526 3770 alia
2551 3711 3046 3781 circumplecteris;
3082 3709 3176 3764 Μ
3202 3701 3694 3777 circumplectendo
3722 3702 3826 3756 im-

2228 3808 2370 3881 ples,
2400 3816 2454 3863 et
2477 3805 2750 3878 implendo
2777 3800 3261 3872 circumplecteris,
3287 3796 3607 3853 sustinendo
3632 3809 3826 3862 supcr-

2234 3897 2470 3964 excedis,
2497 3907 2554 3953 et
2581 3892 3057 3966 superexcedendo
3083 3890 3344 3946 sustines.
3374 3889 3474 3954 Qui
3500 3889 3666 3944 coria
3689 3883 3825 3938 ilic--

2235 3993 2369 4048 lium
2395 3990 2558 4046 doces
2583 3987 2704 4043 sine
2723 3986 2953 4056 strepitu
2981 3982 3292 4044 verborum,
3314 3983 3403 4053 qui
3429 3979 3644 4050 attingis
3666 3995 3700 4032 a
3723 3978 3828 4047 [ine

2236 4097 2402 4153 usque
2429 4079 2501 4134 ad
2540 4079 2698 4147 ﬁnem
2746 4076 2970 4148 fortiter,
3005 4086 3056 4128 et
3104 4071 3340 4144 disponis
3380 4072 3558 4126 omnia
3601 4070 3833 4124 auat-iter

2239 4171 2389 4245 (Sep.
2424 4185 2551 4235 vnt,
2572 4167 2648 4240 i).
2679 4165 2782 4235 Qui
2807 4166 2942 4222 locis
2967 4181 3077 4223 non
3115 4161 3464 4229 distenderis,
3493 4177 3594 4220 nec
3617 4168 3826 4230 tempo-

2241 4268 2392 4323 ribus
2413 4263 2668 4329 variaris,
2693 4276 2868 4333 neque
2887 4262 3054 4317 habes
3076 4271 3328 4315 accessus
3354 4265 3412 4313 et
3433 4272 3700 4314 recessus.
3727 4255 3832 4322 Qui

2241 4361 2448 4414 habitas
2488 4355 2658 4410 lucent
2695 4350 3107 4409 inaccessibilem
3160 4347 3214 4422 (ι
3259 4349 3394 4404 Tim.
3429 4364 3505 4414 v1,
3535 4348 3646 4419 16),
3671 4361 3834 4417 quam

554 4465 641 4511 aut
688 4455 943 4518 animum,
973 4460 1023 4507 et
1051 4461 1258 4505 terrena
1285 4446 1600 4502 inhabitatio
1646 4444 1888 4516 deprimit
1933 4455 2144 4495 sensum

2245 4451 2421 4507 nullus
2459 4449 2596 4504 vidit
2623 4447 2922 4511 hominum,
2955 4444 3049 4501 sed
3091 4458 3194 4500 nec
3221 4445 3405 4499 videte
3437 4448 3635 4512 potest.
3684 4438 3745 4494 In
3777 4449 3833 4494 te

555 4547 723 4602 multa
751 4543 1061 4616 cogitantem
1089 4540 1244 4611 (Sap.
1279 4555 1360 4603 rx,
1399 4537 1511 4610 15),
1555 4534 1744 4604 disiice
1788 4542 2019 4589 terreuze
2047 4547 2141 4586 ne-

2245 4555 2470 4598 manens
2518 4538 2758 4607 quietus,
2793 4537 2995 4606 ubique
3037 4536 3240 4591 circuis
3287 4541 3480 4590 totum.
3529 4531 3641 4587 Nec
3685 4531 3834 4587 enim

554 4638 712 4694 bulas
737 4645 793 4693 ει
815 4636 1053 4706 Poma"!
1084 4633 1262 4698 ηιθιίευ
1292 4639 1455 4701 atque
1485 4639 1600 4694 ῑυον
1622 4641 1828 4697 time”.
1858 4625 2142 4698 εριειηάονθ
2171 4620 2218 4635 ”
2244 4632 2418 4689 scindi
2447 4631 2531 4685 vel
2557 4629 2724 4685 dividi
2769 4629 2997 4699 poteris,
3023 4627 3151 4697 quia
3180 4641 3308 4682 vere
3335 4640 3478 4681 unus
3505 4639 3588 4680 es.
3638 4620 3751 4678 Nec
3781 4623 3836 4676 in

559 4727 798 4786 illumina
846 4728 1132 4782 obscuram
1171 4722 1448 4777 interioris
1477 4719 1712 4774 hominis
1754 4716 1966 4773 faciem.
1999 4713 2142 4768 Siste
2241 4735 2425 4798 partes
2466 4723 2714 4783 afﬁceris.
2748 4721 2844 4777 sed
2893 4729 3036 4775 {olus
3066 4728 3241 4774 ιοωιη
3286 4727 3464 4782 lenes,
3515 4723 3689 4772 ωιυηι
3733 4714 3840 4768 im-

557 4837 723 4893 vagas
766 4827 973 4875 mentes
996 4831 1094 4887 per
1133 4815 1288 4870 devia
1331 4813 1498 4867 multa
1529 4817 1766 4865 ruentes.
1811 4806 1995 4863 Subde
2024 4820 2145 4860 cara-

2241 4815 2380 4888 ples,
2396 4823 2568 4868 totum
2589 4811 2830 4868 illustras
2847 4821 2904 4866 et
2923 4811 3192 4881 possides.
3217 4804 3330 4864 Hoc
3347 4807 3666 4878 mysterium
3685 4817 3840 4860 mens

557 4929 683 4971 nem
712 4910 948 4983 spiritui,
981 4908 1253 4977 appetitus
1281 4902 1503 4967 rationi,
1531 4901 1662 4956 vitia
1688 4899 1998 4963 virtutibus,
2023 4912 2145 4952 cor-
2245 4907 2480 4962 humana
2527 4904 2811 4974 concipere
2859 4918 2971 4957 non
3017 4908 3218 4973 potest,
3246 4915 3350 4955 nec
3387 4899 3628 4955 οηιοηε
3652 4897 3836 4968 lingua

557 5021 662 5077 P115
706 5004 908 5068 animo.
935 5008 1099 5070 διιιιιθ
1127 5007 1236 5052 ῑυω
1281 5009 1370 5050 me
1400 4994 1546 5048 ίηῑιιε
1585 4991 1934 5059 “Willqu
1973 4988 2146 5043 subde
2244 5010 2528 5062 enarrare,
2546 4997 2735 5066 neque
2760 4993 2938 5049 diii'usi
2967 4992 3238 5049 sermonis
3266 4991 3718 5046 bibliothecarum
3747 5001 3842 5043 vo-

560 5110 658 5168 per
686 5093 866 5149 omnia
897 5088 1198 5153 voluntati,
1223 5094 1285 5142 ut
1309 5083 1578 5160 universis
1619 5099 1718 5137 suo
1762 5081 1902 5136 bene
1928 5095 2149 5151 compo-

561 5186 682 5242 sitis
709 5183 902 5239 ordine
926 5195 1024 5251 per
1050 5181 1278 5251 gratiam
1305 5185 1454 5231 tuam
1480 5181 1537 5228 et
1559 5172 1799 5244 perfecte
1830 5180 1880 5226 te
1903 5171 2144 5243 diligere,

561 5287 621 5335 et
640 5277 802 5348 digne
824 5283 878 5330 te
908 5274 1129 5328 laudare
1157 5284 1390 5334 merear,
1418 5267 1577 5321 labiis
1598 5275 1653 5320 et
1677 5267 1863 5346 corde,
1894 5265 2151 5333 omnique

564 5382 673 5439 qua
699 5338 869 5420 vvaleo
898 5365 1101 5418 virtute
1129 5359 1372 5416 clamans
1407 5357 1476 5412 ad
1517 5365 1568 5409 te
1595 5363 1760 5424 atque
1801 5338 1876 5408 ita
1917 5354 2146 5409 dicens:

566 5457 812 5523 Summe,
837 5452 1386 5526 omnipotentissime,
1417 5448 1946 5512 misericordissime,
1964 5446 2154 5517 justis-

566 5551 726 5617 sime,
763 5547 1146 5610 secretissima,
1167 5541 1612 5615 praesentissime,
1633 5539 2018 5612 pulcherrime,
2042 5537 2157 5594 ior—

567 5645 802 5713 tissime,
817 5641 1155 5705 suavissime,
1169 5637 1524 5694 invictissime
1547 5635 1772 5690 Domine
1788 5631 1933 5690 Deus
1952 5642 2158 5698 noster,

571 5739 780 5797 stabilis
803 5753 863 5794 es
885 5745 943 5792 et
962 5730 1542 5801 incomprehensibilis,
1569 5727 1924 5786 immutabilis
1941 5735 2159 5782 mutans

644 5868 668 5896 ι
705 5855 867 5920 ADL,
891 5851 996 5907 loc.
1022 5850 1119 5916 cit,
1155 5861 1276 5917 cap.
1312 5845 1362 5898 4.

2250 5090 2456 5145 lumina
2494 5096 2700 5159 queunt
2752 5085 3044 5158 explicare.
3101 5085 3159 5140 Si
3205 5093 3378 5140 totum
3421 5084 3681 5138 mundum
3719 5081 3838 5137 libri

2252 5180 2517 5250 repleam,
2550 5188 2640 5234 tua
2670 5179 2898 5236 scientia
2929 5177 3312 5232 inenarrabilis
3341 5189 3448 5230 non
3479 5182 3657 5247 potest
3685 5189 3840 5230 enar-

2252 5269 2382 5323 rari.
2416 5269 2682 5336 Quoniam
2706 5280 2837 5323 vere
2863 5266 3156 5324 indicibilis
3185 5282 3268 5332 es,
3299 5265 3445 5322 nullo
3480 5265 3641 5320 modo
3679 5264 3838 5319 scribi

2251 5359 2479 5428 poteris,
2501 5373 2679 5429 neque
2716 5358 2986 5424 concludi,
3017 5359 3109 5430 qui
3135 5371 3196 5412 es
3223 5354 3346 5413 fons
3371 5357 3508 5412 lucis
3536 5355 3752 5420 divinat,
3785 5362 3842 5410 et

2257 5449 2337 5505 sol
2366 5449 2630 5504 claritatis
2657 5457 2896 5504 mternze.

2332 5539 2462 5596 Vill.
2502 5539 2727 5610 Magnus
2749 5541 2895 5596 enim
2921 5556 2983 5597 es
3003 5540 3121 5596 sine
3145 5541 3479 5610 quantitate,
3509 5546 3566 5594 et
3595 5538 3716 5594 ideo
3743 5542 3841 5596 im-

2259 5645 2480 5686 mensus
2507 5648 2520 5684 :
2552 5632 2729 5686 bonus
2757 5632 2874 5686 sine
2899 5632 3192 5702 qualitate,
3224 5631 3347 5687 ideo
3376 5646 3504 5687 vere
3543 5637 3599 5687 et
3635 5645 3841 5688 summa

2259 5727 2465 5790 bontts,
2496 5732 2554 5781 et
2577 5739 2740 5781 nemo
2763 5725 2941 5780 bonus
2969 5723 3073 5781 nisi
3101 5735 3157 5781 tu
3198 5725 3344 5782 solus
3363 5768 3378 5792 ,
3408 5722 3560 5794 cujus
3595 5724 3843 5785 voluntas

2338 5841 2366 5881 δ
2404 5840 2565 5916 Aug.,
2597 5840 2704 5896 loc.
2742 5841 2862 5906 cit.,
2889 5855 3010 5912 cap.
3047 5845 3090 5896 '7.
