  <div class='ocr_page' id='page_1' title='image "/cluster/home/n/w/nwhite01/storage/ocr_20150623/101/umn.31951002477394h/531.png"; bbox 0 0 4090 6490; ppageno 0'>
   <div class='ocr_carea' id='block_1_1' title="bbox 587 503 725 560">
    <p class='ocr_par' dir='ltr' id='par_1_1' title="bbox 587 503 725 560">
     <span class='ocr_line' id='line_1_1' title="bbox 587 503 725 560; baseline 0.007 -1"><span class='ocrx_word' id='word_1_1' title='bbox 587 503 725 560; x_wconf 71' lang='lat'><strong>{035</strong></span> 
     </span>
    </p>
   </div>
   <div class='ocr_carea' id='block_1_2' title="bbox 1406 500 3042 560">
    <p class='ocr_par' dir='ltr' id='par_1_2' title="bbox 1406 500 3042 560">
     <span class='ocr_line' id='line_1_2' title="bbox 1406 500 3042 560; baseline -0.001 -3"><span class='ocrx_word' id='word_1_2' title='bbox 1406 503 1465 557; x_wconf 83' lang='grc' dir='ltr'><strong>Β.</strong></span> <span class='ocrx_word' id='word_1_3' title='bbox 1507 502 1568 558; x_wconf 83' lang='lat' dir='ltr'><strong>F.</strong></span> <span class='ocrx_word' id='word_1_4' title='bbox 1610 502 1836 558; x_wconf 77' lang='lat' dir='ltr'><strong>ALBlNl</strong></span> <span class='ocrx_word' id='word_1_5' title='bbox 1877 502 2008 560; x_wconf 84' lang='lat' dir='ltr'><strong>SEU</strong></span> <span class='ocrx_word' id='word_1_6' title='bbox 2048 501 2324 559; x_wconf 72' lang='lat' dir='ltr'><strong>ALCUlNl</strong></span> <span class='ocrx_word' id='word_1_7' title='bbox 2365 503 2651 560; x_wconf 75' lang='lat' dir='ltr'><strong>OPERUM</strong></span> <span class='ocrx_word' id='word_1_8' title='bbox 2690 501 2872 560; x_wconf 73' lang='lat' dir='ltr'><strong>PARS</strong></span> <span class='ocrx_word' id='word_1_9' title='bbox 2908 500 3042 559; x_wconf 75' lang='lat' dir='ltr'><strong>Vill.</strong></span> 
     </span>
    </p>
   </div>
   <div class='ocr_carea' id='block_1_3' title="bbox 3718 497 3862 555">
    <p class='ocr_par' dir='ltr' id='par_1_3' title="bbox 3718 497 3862 555">
     <span class='ocr_line' id='line_1_3' title="bbox 3718 497 3862 555; baseline -0.014 -1"><span class='ocrx_word' id='word_1_10' title='bbox 3718 497 3862 555; x_wconf 75' lang='lat' dir='ltr'><strong>i056</strong></span> 
     </span>
    </p>
   </div>
   <div class='ocr_carea' id='block_1_4' title="bbox 584 615 3857 690">
    <p class='ocr_par' dir='ltr' id='par_1_4' title="bbox 584 615 3857 690">
     <span class='ocr_line' id='line_1_4' title="bbox 584 615 3857 690; baseline -0.003 -14"><span class='ocrx_word' id='word_1_11' title='bbox 584 631 736 677; x_wconf 87' lang='lat' dir='ltr'><strong>tuam</strong></span> <span class='ocrx_word' id='word_1_12' title='bbox 767 634 998 676; x_wconf 81' lang='lat' dir='ltr'><strong>creasse.</strong></span> <span class='ocrx_word' id='word_1_13' title='bbox 1031 619 1320 678; x_wconf 82' lang='lat' dir='ltr'><strong>Enimvero</strong></span> <span class='ocrx_word' id='word_1_14' title='bbox 1351 617 1486 675; x_wconf 82' lang='lat' dir='ltr'><strong>nihil</strong></span> <span class='ocrx_word' id='word_1_15' title='bbox 1526 619 1746 690; x_wconf 87' lang='lat' dir='ltr'><strong>dignum</strong></span> <span class='ocrx_word' id='word_1_16' title='bbox 1788 617 2056 672; x_wconf 86' lang='lat' dir='ltr'><strong>humanus</strong></span> <span class='ocrx_word' id='word_1_17' title='bbox 2095 615 2163 671; x_wconf 86' lang='lat' dir='ltr'><strong>de</strong></span> <span class='ocrx_word' id='word_1_18' title='bbox 2192 619 2237 677; x_wconf 79' lang='grc' dir='ltr'><strong>Δ</strong></span> <span class='ocrx_word' id='word_1_19' title='bbox 2270 621 2382 690; x_wconf 86' lang='lat' dir='ltr'><strong>ipsa</strong></span> <span class='ocrx_word' id='word_1_20' title='bbox 2425 618 2778 675; x_wconf 82' lang='lat' dir='ltr'><strong>Confesslonc</strong></span> <span class='ocrx_word' id='word_1_21' title='bbox 2824 617 2970 672; x_wconf 88' lang='lat' dir='ltr'><strong>illata</strong></span> <span class='ocrx_word' id='word_1_22' title='bbox 3017 623 3185 682; x_wconf 85' lang='lat' dir='ltr'><strong>sunt;</strong></span> <span class='ocrx_word' id='word_1_23' title='bbox 3233 615 3494 686; x_wconf 85' lang='lat' dir='ltr'><strong>scriptum</strong></span> <span class='ocrx_word' id='word_1_24' title='bbox 3535 622 3620 670; x_wconf 90' lang='lat' dir='ltr'><strong>est</strong></span> <span class='ocrx_word' id='word_1_25' title='bbox 3665 616 3857 668; x_wconf 88' lang='lat' dir='ltr'><strong>enim:</strong></span> 
     </span>
    </p>
   </div>
   <div class='ocr_carea' id='block_1_5' title="bbox 584 710 2167 785">
    <p class='ocr_par' dir='ltr' id='par_1_5' title="bbox 584 710 2167 785">
     <span class='ocr_line' id='line_1_5' title="bbox 584 710 2167 785; baseline -0.006 -14"><span class='ocrx_word' id='word_1_26' title='bbox 584 723 639 771; x_wconf 89' lang='lat' dir='ltr'><strong>te</strong></span> <span class='ocrx_word' id='word_1_27' title='bbox 675 713 913 785; x_wconf 74' lang='lat' dir='ltr'><strong>loquitur</strong></span> <span class='ocrx_word' id='word_1_28' title='bbox 949 728 1162 778; x_wconf 85' lang='lat' dir='ltr'><strong>sermo,</strong></span> <span class='ocrx_word' id='word_1_29' title='bbox 1196 714 1324 785; x_wconf 84' lang='lat' dir='ltr'><strong>quia</strong></span> <span class='ocrx_word' id='word_1_30' title='bbox 1366 728 1466 769; x_wconf 88' lang='lat' dir='ltr'><strong>nee</strong></span> <span class='ocrx_word' id='word_1_31' title='bbox 1510 713 1809 768; x_wconf 87' lang='lat' dir='ltr'><strong>secundum</strong></span> <span class='ocrx_word' id='word_1_32' title='bbox 1853 710 2167 780; x_wconf 88' lang='lat' dir='ltr'><strong>qualitatem</strong></span> 
     </span>
    </p>
   </div>
   <div class='ocr_carea' id='block_1_6' title="bbox 583 800 2170 875">
    <p class='ocr_par' dir='ltr' id='par_1_6' title="bbox 583 800 2170 875">
     <span class='ocr_line' id='line_1_6' title="bbox 583 800 2170 875; baseline -0.003 -17"><span class='ocrx_word' id='word_1_33' title='bbox 583 813 677 859; x_wconf 88' lang='lat' dir='ltr'><strong>aut</strong></span> <span class='ocrx_word' id='word_1_34' title='bbox 701 804 1057 875; x_wconf 73' lang='lat' dir='ltr'><strong>quantitatem</strong></span> <span class='ocrx_word' id='word_1_35' title='bbox 1075 846 1089 870; x_wconf 91' lang='lat'><strong>,</strong></span> <span class='ocrx_word' id='word_1_36' title='bbox 1112 805 1277 862; x_wconf 83' lang='lat' dir='ltr'><strong>situm</strong></span> <span class='ocrx_word' id='word_1_37' title='bbox 1305 802 1391 858; x_wconf 90' lang='lat' dir='ltr'><strong>vel</strong></span> <span class='ocrx_word' id='word_1_38' title='bbox 1417 802 1661 858; x_wconf 86' lang='lat' dir='ltr'><strong>habitum</strong></span> <span class='ocrx_word' id='word_1_39' title='bbox 1679 842 1692 868; x_wconf 93' lang='lat'><strong>,</strong></span> <span class='ocrx_word' id='word_1_40' title='bbox 1715 816 1811 858; x_wconf 86' lang='lat' dir='ltr'><strong>seu</strong></span> <span class='ocrx_word' id='word_1_41' title='bbox 1839 810 2043 857; x_wconf 89' lang='lat' dir='ltr'><strong>motum</strong></span> <span class='ocrx_word' id='word_1_42' title='bbox 2073 800 2170 853; x_wconf 88' lang='lat' dir='ltr'><strong>ali-</strong></span> 
     </span>
    </p>
   </div>
   <div class='ocr_carea' id='block_1_7' title="bbox 581 893 2165 968">
    <p class='ocr_par' dir='ltr' id='par_1_7' title="bbox 581 893 2165 968">
     <span class='ocr_line' id='line_1_7' title="bbox 581 893 2165 968; baseline -0.002 -18"><span class='ocrx_word' id='word_1_43' title='bbox 581 897 710 967; x_wconf 89' lang='lat' dir='ltr'><strong>quid</strong></span> <span class='ocrx_word' id='word_1_44' title='bbox 740 895 900 968; x_wconf 90' lang='lat' dir='ltr'><strong>digne</strong></span> <span class='ocrx_word' id='word_1_45' title='bbox 932 896 1128 952; x_wconf 90' lang='lat' dir='ltr'><strong>dicitur</strong></span> <span class='ocrx_word' id='word_1_46' title='bbox 1154 914 1166 950; x_wconf 91' lang='lat'><strong>:</strong></span> <span class='ocrx_word' id='word_1_47' title='bbox 1197 905 1253 951; x_wconf 88' lang='lat' dir='ltr'><strong>et</strong></span> <span class='ocrx_word' id='word_1_48' title='bbox 1284 907 1465 951; x_wconf 88' lang='lat' dir='ltr'><strong>tamen</strong></span> <span class='ocrx_word' id='word_1_49' title='bbox 1495 894 1748 959; x_wconf 85' lang='lat' dir='ltr'><strong>latitudo,</strong></span> <span class='ocrx_word' id='word_1_50' title='bbox 1779 903 1833 950; x_wconf 92' lang='lat' dir='ltr'><strong>et</strong></span> <span class='ocrx_word' id='word_1_51' title='bbox 1867 893 2165 965; x_wconf 90' lang='lat' dir='ltr'><strong>longitudo,</strong></span> 
     </span>
    </p>
   </div>
   <div class='ocr_carea' id='block_1_8' title="bbox 581 984 2170 1058">
    <p class='ocr_par' dir='ltr' id='par_1_8' title="bbox 581 984 2170 1058">
     <span class='ocr_line' id='line_1_8' title="bbox 581 984 2170 1058; baseline -0.001 -18"><span class='ocrx_word' id='word_1_52' title='bbox 581 988 807 1042; x_wconf 76' lang='lat' dir='ltr'><strong>altitudo</strong></span> <span class='ocrx_word' id='word_1_53' title='bbox 828 1030 840 1052; x_wconf 90' lang='lat'><strong>,</strong></span> <span class='ocrx_word' id='word_1_54' title='bbox 870 997 925 1042; x_wconf 88' lang='lat' dir='ltr'><strong>et</strong></span> <span class='ocrx_word' id='word_1_55' title='bbox 952 985 1295 1058; x_wconf 72' lang='lat' dir='ltr'><strong>profunditas</strong></span> <span class='ocrx_word' id='word_1_56' title='bbox 1328 985 1424 1043; x_wconf 88' lang='lat' dir='ltr'><strong>tibi</strong></span> <span class='ocrx_word' id='word_1_57' title='bbox 1453 986 1852 1056; x_wconf 87' lang='lat' dir='ltr'><strong>quodammodo</strong></span> <span class='ocrx_word' id='word_1_58' title='bbox 1879 984 2062 1040; x_wconf 78' lang='lat' dir='ltr'><strong>inesse</strong></span> <span class='ocrx_word' id='word_1_59' title='bbox 2090 984 2170 1038; x_wconf 86' lang='lat' dir='ltr'><strong>le-</strong></span> 
     </span>
    </p>
   </div>
   <div class='ocr_carea' id='block_1_9' title="bbox 581 1085 2169 1158">
    <p class='ocr_par' dir='ltr' id='par_1_9' title="bbox 581 1085 2169 1158">
     <span class='ocr_line' id='line_1_9' title="bbox 581 1085 2169 1158; baseline -0.003 -16"><span class='ocrx_word' id='word_1_60' title='bbox 581 1091 743 1158; x_wconf 91' lang='lat' dir='ltr'><strong>gitur.</strong></span> <span class='ocrx_word' id='word_1_61' title='bbox 771 1086 877 1143; x_wconf 88' lang='lat' dir='ltr'><strong>Sed</strong></span> <span class='ocrx_word' id='word_1_62' title='bbox 909 1086 1135 1145; x_wconf 87' lang='lat' dir='ltr'><strong>latitudo</strong></span> <span class='ocrx_word' id='word_1_63' title='bbox 1159 1086 1378 1158; x_wconf 81' lang='lat' dir='ltr'><strong>quidem</strong></span> <span class='ocrx_word' id='word_1_64' title='bbox 1410 1085 1713 1149; x_wconf 86' lang='lat' dir='ltr'><strong>charitatis,</strong></span> <span class='ocrx_word' id='word_1_65' title='bbox 1732 1086 1844 1155; x_wconf 80' lang='lat' dir='ltr'><strong>&#39;qua</strong></span> <span class='ocrx_word' id='word_1_66' title='bbox 1879 1100 1978 1139; x_wconf 92' lang='lat' dir='ltr'><strong>nos</strong></span> <span class='ocrx_word' id='word_1_67' title='bbox 1995 1085 2064 1139; x_wconf 89' lang='lat' dir='ltr'><strong>ab</strong></span> <span class='ocrx_word' id='word_1_68' title='bbox 2082 1099 2169 1138; x_wconf 89' lang='lat' dir='ltr'><strong>er-</strong></span> 
     </span>
    </p>
   </div>
   <div class='ocr_carea' id='block_1_10' title="bbox 580 1178 2164 1252">
    <p class='ocr_par' dir='ltr' id='par_1_10' title="bbox 580 1178 2164 1252">
     <span class='ocr_line' id='line_1_10' title="bbox 580 1178 2164 1252; baseline -0.001 -17"><span class='ocrx_word' id='word_1_69' title='bbox 580 1197 704 1236; x_wconf 89' lang='lat' dir='ltr'><strong>rore</strong></span> <span class='ocrx_word' id='word_1_70' title='bbox 729 1180 960 1252; x_wconf 77' lang='lat' dir='ltr'><strong>colligis.</strong></span> <span class='ocrx_word' id='word_1_71' title='bbox 981 1190 1036 1235; x_wconf 90' lang='lat' dir='ltr'><strong>et</strong></span> <span class='ocrx_word' id='word_1_72' title='bbox 1061 1181 1312 1236; x_wconf 89' lang='lat' dir='ltr'><strong>contines</strong></span> <span class='ocrx_word' id='word_1_73' title='bbox 1337 1181 1391 1234; x_wconf 90' lang='lat' dir='ltr'><strong>in</strong></span> <span class='ocrx_word' id='word_1_74' title='bbox 1421 1179 1652 1234; x_wconf 78' lang='lat' dir='ltr'><strong>veritate</strong></span> <span class='ocrx_word' id='word_1_75' title='bbox 1676 1197 1687 1233; x_wconf 91' lang='lat'>:</span> <span class='ocrx_word' id='word_1_76' title='bbox 1716 1178 1986 1249; x_wconf 76' lang='lat' dir='ltr'><strong>longitudo</strong></span> <span class='ocrx_word' id='word_1_77' title='bbox 2015 1192 2164 1244; x_wconf 84' lang='lat' dir='ltr'><strong>vero,</strong></span> 
     </span>
    </p>
   </div>
   <div class='ocr_carea' id='block_1_11' title="bbox 578 1270 2167 1343">
    <p class='ocr_par' dir='ltr' id='par_1_11' title="bbox 578 1270 2167 1343">
     <span class='ocr_line' id='line_1_11' title="bbox 578 1270 2167 1343; baseline -0.002 -15"><span class='ocrx_word' id='word_1_78' title='bbox 578 1289 688 1343; x_wconf 89' lang='lat' dir='ltr'><strong>qua</strong></span> <span class='ocrx_word' id='word_1_79' title='bbox 725 1288 823 1328; x_wconf 88' lang='lat' dir='ltr'><strong>nos</strong></span> <span class='ocrx_word' id='word_1_80' title='bbox 852 1271 1232 1343; x_wconf 88' lang='lat' dir='ltr'><strong>longanimiter</strong></span> <span class='ocrx_word' id='word_1_81' title='bbox 1263 1271 1432 1326; x_wconf 85' lang='lat' dir='ltr'><strong>malos</strong></span> <span class='ocrx_word' id='word_1_82' title='bbox 1461 1279 1678 1341; x_wconf 89' lang='lat' dir='ltr'><strong>portas,</strong></span> <span class='ocrx_word' id='word_1_83' title='bbox 1710 1270 1883 1324; x_wconf 91' lang='lat' dir='ltr'><strong>donec</strong></span> <span class='ocrx_word' id='word_1_84' title='bbox 1911 1271 2167 1327; x_wconf 89' lang='lat' dir='ltr'><strong>emenda-</strong></span> 
     </span>
    </p>
   </div>
   <div class='ocr_carea' id='block_1_12' title="bbox 579 1362 2166 1435">
    <p class='ocr_par' dir='ltr' id='par_1_12' title="bbox 579 1362 2166 1435">
     <span class='ocr_line' id='line_1_12' title="bbox 579 1362 2166 1435; baseline -0.003 -13"><span class='ocrx_word' id='word_1_85' title='bbox 579 1377 665 1422; x_wconf 88' lang='lat' dir='ltr'><strong>tos</strong></span> <span class='ocrx_word' id='word_1_86' title='bbox 711 1365 904 1421; x_wconf 69' lang='lat' dir='ltr'><strong>futuras</strong></span> <span class='ocrx_word' id='word_1_87' title='bbox 947 1367 1139 1435; x_wconf 69' lang='lat' dir='ltr'><strong>patrias</strong></span> <span class='ocrx_word' id='word_1_88' title='bbox 1186 1365 1483 1420; x_wconf 90' lang='lat' dir='ltr'><strong>restituas:</strong></span> <span class='ocrx_word' id='word_1_89' title='bbox 1531 1362 1756 1419; x_wconf 85' lang='lat' dir='ltr'><strong>altitudo</strong></span> <span class='ocrx_word' id='word_1_90' title='bbox 1801 1373 2007 1426; x_wconf 86' lang='lat' dir='ltr'><strong>autem,</strong></span> <span class='ocrx_word' id='word_1_91' title='bbox 2059 1377 2166 1434; x_wconf 89' lang='lat' dir='ltr'><strong>qua</strong></span> 
     </span>
    </p>
   </div>
   <div class='ocr_carea' id='block_1_13' title="bbox 578 1453 2169 1523">
    <p class='ocr_par' dir='ltr' id='par_1_13' title="bbox 578 1453 2169 1523">
     <span class='ocr_line' id='line_1_13' title="bbox 578 1453 2169 1523; baseline -0.001 -13"><span class='ocrx_word' id='word_1_92' title='bbox 578 1470 794 1512; x_wconf 88' lang='lat' dir='ltr'><strong>omnem</strong></span> <span class='ocrx_word' id='word_1_93' title='bbox 824 1470 1042 1512; x_wconf 88' lang='lat' dir='ltr'><strong>sensum</strong></span> <span class='ocrx_word' id='word_1_94' title='bbox 1071 1463 1127 1509; x_wconf 92' lang='lat' dir='ltr'><strong>et</strong></span> <span class='ocrx_word' id='word_1_95' title='bbox 1140 1454 1426 1510; x_wconf 88' lang='lat' dir='ltr'><strong>.bominum</strong></span> <span class='ocrx_word' id='word_1_96' title='bbox 1453 1462 1509 1509; x_wconf 91' lang='lat' dir='ltr'><strong>et</strong></span> <span class='ocrx_word' id='word_1_97' title='bbox 1532 1454 1846 1523; x_wconf 81' lang='lat' dir='ltr'><strong>angelorum</strong></span> <span class='ocrx_word' id='word_1_98' title='bbox 1887 1453 2169 1510; x_wconf 77' lang='lat' dir='ltr'><strong>immensi-</strong></span> 
     </span>
    </p>
   </div>
   <div class='ocr_carea' id='block_1_14' title="bbox 579 1544 2164 1618">
    <p class='ocr_par' dir='ltr' id='par_1_14' title="bbox 579 1544 2164 1618">
     <span class='ocr_line' id='line_1_14' title="bbox 579 1544 2164 1618; baseline -0.001 -15"><span class='ocrx_word' id='word_1_99' title='bbox 579 1557 691 1604; x_wconf 88' lang='lat' dir='ltr'><strong>tate</strong></span> <span class='ocrx_word' id='word_1_100' title='bbox 716 1548 955 1604; x_wconf 71' lang='lat' dir='ltr'><strong>scientite</strong></span> <span class='ocrx_word' id='word_1_101' title='bbox 981 1544 1367 1616; x_wconf 75' lang='lat' dir='ltr'><strong>superexcellis</strong></span> <span class='ocrx_word' id='word_1_102' title='bbox 1392 1565 1405 1599; x_wconf 90' lang='lat'><strong>:</strong></span> <span class='ocrx_word' id='word_1_103' title='bbox 1430 1545 1768 1615; x_wconf 76' lang='lat' dir='ltr'><strong>profunditas</strong></span> <span class='ocrx_word' id='word_1_104' title='bbox 1795 1561 2030 1618; x_wconf 86' lang='lat' dir='ltr'><strong>quoque,</strong></span> <span class='ocrx_word' id='word_1_105' title='bbox 2059 1562 2164 1618; x_wconf 85' lang='lat' dir='ltr'><strong>qua</strong></span> 
     </span>
    </p>
   </div>
   <div class='ocr_carea' id='block_1_15' title="bbox 578 1637 2165 1709">
    <p class='ocr_par' dir='ltr' id='par_1_15' title="bbox 578 1637 2165 1709">
     <span class='ocr_line' id='line_1_15' title="bbox 578 1637 2165 1709; baseline -0.001 -12"><span class='ocrx_word' id='word_1_106' title='bbox 578 1640 917 1697; x_wconf 85' lang='lat' dir='ltr'><strong>damnandos</strong></span> <span class='ocrx_word' id='word_1_107' title='bbox 945 1637 1168 1696; x_wconf 74' lang='lat' dir='ltr'><strong>inferius</strong></span> <span class='ocrx_word' id='word_1_108' title='bbox 1188 1638 1344 1709; x_wconf 81' lang='lat' dir='ltr'><strong>juxta</strong></span> <span class='ocrx_word' id='word_1_109' title='bbox 1375 1638 1683 1709; x_wconf 71' lang='lat' dir='ltr'><strong>mquitatem</strong></span> <span class='ocrx_word' id='word_1_110' title='bbox 1713 1638 1971 1708; x_wconf 83' lang='lat' dir='ltr'><strong>disponis,</strong></span> <span class='ocrx_word' id='word_1_111' title='bbox 2004 1648 2165 1708; x_wconf 88' lang='lat' dir='ltr'><strong>atque</strong></span> 
     </span>
    </p>
   </div>
   <div class='ocr_carea' id='block_1_16' title="bbox 580 1727 2166 1801">
    <p class='ocr_par' dir='ltr' id='par_1_16' title="bbox 580 1727 2166 1801">
     <span class='ocr_line' id='line_1_16' title="bbox 580 1727 2166 1801; baseline -0.001 -16"><span class='ocrx_word' id='word_1_112' title='bbox 580 1741 729 1788; x_wconf 89' lang='lat' dir='ltr'><strong>recto</strong></span> <span class='ocrx_word' id='word_1_113' title='bbox 749 1730 953 1800; x_wconf 85' lang='lat' dir='ltr'><strong>judicio</strong></span> <span class='ocrx_word' id='word_1_114' title='bbox 974 1727 1144 1785; x_wconf 67' lang='lat' dir='ltr'><strong>Iudex</strong></span> <span class='ocrx_word' id='word_1_115' title='bbox 1166 1727 1342 1798; x_wconf 78' lang='lat' dir='ltr'><strong>justus</strong></span> <span class='ocrx_word' id='word_1_116' title='bbox 1365 1727 1715 1798; x_wconf 62' lang='lat' dir='ltr'><strong>praeordinas.</strong></span> <span class='ocrx_word' id='word_1_117' title='bbox 1747 1727 1973 1784; x_wconf 85' lang='lat' dir='ltr'><strong>Omnem</strong></span> <span class='ocrx_word' id='word_1_118' title='bbox 2000 1730 2166 1801; x_wconf 83' lang='lat' dir='ltr'><strong>igitur</strong></span> 
     </span>
    </p>
   </div>
   <div class='ocr_carea' id='block_1_17' title="bbox 577 1820 2162 1899">
    <p class='ocr_par' dir='ltr' id='par_1_17' title="bbox 577 1820 2162 1899">
     <span class='ocr_line' id='line_1_17' title="bbox 577 1820 2162 1899; baseline -0.006 -16"><span class='ocrx_word' id='word_1_119' title='bbox 577 1827 1018 1899; x_wconf 81' lang='lat' dir='ltr'><strong>supergrediatur</strong></span> <span class='ocrx_word' id='word_1_120' title='bbox 1047 1834 1352 1882; x_wconf 86' lang='lat' dir='ltr'><strong>creaturam</strong></span> <span class='ocrx_word' id='word_1_121' title='bbox 1373 1865 1388 1889; x_wconf 94' lang='lat'><strong>,</strong></span> <span class='ocrx_word' id='word_1_122' title='bbox 1421 1831 1476 1878; x_wconf 91' lang='lat' dir='ltr'><strong>et</strong></span> <span class='ocrx_word' id='word_1_123' title='bbox 1505 1824 1702 1879; x_wconf 90' lang='lat' dir='ltr'><strong>mentis</strong></span> <span class='ocrx_word' id='word_1_124' title='bbox 1739 1822 1994 1878; x_wconf 84' lang='lat' dir='ltr'><strong>intuitum</strong></span> <span class='ocrx_word' id='word_1_125' title='bbox 2022 1820 2162 1874; x_wconf 87' lang='lat' dir='ltr'><strong>ultra</strong></span> 
     </span>
    </p>
   </div>
   <div class='ocr_carea' id='block_1_18' title="bbox 578 1911 2163 1990">
    <p class='ocr_par' dir='ltr' id='par_1_18' title="bbox 578 1911 2163 1990">
     <span class='ocr_line' id='line_1_18' title="bbox 578 1911 2163 1990; baseline -0.006 -15"><span class='ocrx_word' id='word_1_126' title='bbox 578 1921 760 1975; x_wconf 81' lang='lat' dir='ltr'><strong>omnia</strong></span> <span class='ocrx_word' id='word_1_127' title='bbox 790 1918 983 1990; x_wconf 84' lang='lat' dir='ltr'><strong>dirigat</strong></span> <span class='ocrx_word' id='word_1_128' title='bbox 1002 1957 1019 1982; x_wconf 88' lang='lat'><strong>,</strong></span> <span class='ocrx_word' id='word_1_129' title='bbox 1052 1911 1143 1988; x_wconf 87' lang='lat' dir='ltr'><strong>qui</strong></span> <span class='ocrx_word' id='word_1_130' title='bbox 1173 1916 1375 1988; x_wconf 86' lang='lat' dir='ltr'><strong>aliquid</strong></span> <span class='ocrx_word' id='word_1_131' title='bbox 1403 1914 1634 1971; x_wconf 88' lang='lat' dir='ltr'><strong>voluerit</strong></span> <span class='ocrx_word' id='word_1_132' title='bbox 1662 1915 1729 1970; x_wconf 91' lang='lat' dir='ltr'><strong>de</strong></span> <span class='ocrx_word' id='word_1_133' title='bbox 1761 1922 1850 1970; x_wconf 89' lang='lat' dir='ltr'><strong>tua</strong></span> <span class='ocrx_word' id='word_1_134' title='bbox 1878 1911 2163 1983; x_wconf 59' lang='lat' dir='ltr'><strong>praelibare</strong></span> 
     </span>
    </p>
   </div>
   <div class='ocr_carea' id='block_1_19' title="bbox 576 2015 2161 2092">
    <p class='ocr_par' dir='ltr' id='par_1_19' title="bbox 576 2015 2161 2092">
     <span class='ocr_line' id='line_1_19' title="bbox 576 2015 2161 2092; baseline -0.001 -19"><span class='ocrx_word' id='word_1_135' title='bbox 576 2021 935 2092; x_wconf 78' lang='lat' dir='ltr'><strong>proprietate.</strong></span> <span class='ocrx_word' id='word_1_136' title='bbox 971 2033 1181 2075; x_wconf 89' lang='lat' dir='ltr'><strong>summa</strong></span> <span class='ocrx_word' id='word_1_137' title='bbox 1213 2017 1306 2073; x_wconf 89' lang='lat' dir='ltr'><strong>Dei</strong></span> <span class='ocrx_word' id='word_1_138' title='bbox 1335 2016 1571 2073; x_wconf 84' lang='lat' dir='ltr'><strong>bonitas.</strong></span> <span class='ocrx_word' id='word_1_139' title='bbox 1618 2015 1772 2072; x_wconf 84' lang='lat' dir='ltr'><strong>Tunc</strong></span> <span class='ocrx_word' id='word_1_140' title='bbox 1811 2016 1958 2073; x_wconf 89' lang='lat' dir='ltr'><strong>enim</strong></span> <span class='ocrx_word' id='word_1_141' title='bbox 1998 2015 2161 2072; x_wconf 82' lang='lat' dir='ltr'><strong>homo</strong></span> 
     </span>
    </p>
   </div>
   <div class='ocr_carea' id='block_1_20' title="bbox 576 2107 2161 2181">
    <p class='ocr_par' dir='ltr' id='par_1_20' title="bbox 576 2107 2161 2181">
     <span class='ocr_line' id='line_1_20' title="bbox 576 2107 2161 2181; baseline -0.003 -13"><span class='ocrx_word' id='word_1_142' title='bbox 576 2111 764 2181; x_wconf 84' lang='lat' dir='ltr'><strong>procul</strong></span> <span class='ocrx_word' id='word_1_143' title='bbox 806 2109 1016 2180; x_wconf 89' lang='lat' dir='ltr'><strong>positus</strong></span> <span class='ocrx_word' id='word_1_144' title='bbox 1041 2124 1070 2164; x_wconf 90' lang='lat' dir='ltr'><strong>a</strong></span> <span class='ocrx_word' id='word_1_145' title='bbox 1099 2109 1375 2175; x_wconf 79' lang='lat' dir='ltr'><strong>vanitate,</strong></span> <span class='ocrx_word' id='word_1_146' title='bbox 1400 2107 1616 2180; x_wconf 76' lang='lat' dir='ltr'><strong>plenius</strong></span> <span class='ocrx_word' id='word_1_147' title='bbox 1654 2107 1712 2164; x_wconf 90' lang='lat' dir='ltr'><strong>in</strong></span> <span class='ocrx_word' id='word_1_148' title='bbox 1753 2107 1982 2163; x_wconf 79' lang='lat' dir='ltr'><strong>veritate</strong></span> <span class='ocrx_word' id='word_1_149' title='bbox 2005 2114 2161 2164; x_wconf 83' lang='lat' dir='ltr'><strong>tene-</strong></span> 
     </span>
    </p>
   </div>
   <div class='ocr_carea' id='block_1_21' title="bbox 578 2198 2161 2272">
    <p class='ocr_par' dir='ltr' id='par_1_21' title="bbox 578 2198 2161 2272">
     <span class='ocr_line' id='line_1_21' title="bbox 578 2198 2161 2272; baseline -0.002 -15"><span class='ocrx_word' id='word_1_150' title='bbox 578 2213 683 2266; x_wconf 90' lang='lat' dir='ltr'><strong>tur,</strong></span> <span class='ocrx_word' id='word_1_151' title='bbox 719 2202 936 2272; x_wconf 86' lang='lat' dir='ltr'><strong>quando</strong></span> <span class='ocrx_word' id='word_1_152' title='bbox 964 2200 1019 2258; x_wconf 91' lang='lat' dir='ltr'><strong>in</strong></span> <span class='ocrx_word' id='word_1_153' title='bbox 1047 2199 1212 2256; x_wconf 88' lang='lat' dir='ltr'><strong>corde</strong></span> <span class='ocrx_word' id='word_1_154' title='bbox 1245 2198 1363 2270; x_wconf 79' lang='lat' dir='ltr'><strong>ejus</strong></span> <span class='ocrx_word' id='word_1_155' title='bbox 1389 2199 1653 2272; x_wconf 82' lang='lat' dir='ltr'><strong>quidquid</strong></span> <span class='ocrx_word' id='word_1_156' title='bbox 1692 2207 1777 2255; x_wconf 87' lang='lat' dir='ltr'><strong>est</strong></span> <span class='ocrx_word' id='word_1_157' title='bbox 1817 2199 1990 2263; x_wconf 90' lang='lat' dir='ltr'><strong>Deus,</strong></span> <span class='ocrx_word' id='word_1_158' title='bbox 2035 2199 2161 2254; x_wconf 85' lang='lat' dir='ltr'><strong>reli-</strong></span> 
     </span>
    </p>
   </div>
   <div class='ocr_carea' id='block_1_22' title="bbox 578 2290 2165 2364">
    <p class='ocr_par' dir='ltr' id='par_1_22' title="bbox 578 2290 2165 2364">
     <span class='ocr_line' id='line_1_22' title="bbox 578 2290 2165 2364; baseline 0 -16"><span class='ocrx_word' id='word_1_159' title='bbox 578 2295 700 2364; x_wconf 84' lang='lat' dir='ltr'><strong>quis</strong></span> <span class='ocrx_word' id='word_1_160' title='bbox 727 2293 939 2351; x_wconf 86' lang='lat' dir='ltr'><strong>cunetis</strong></span> <span class='ocrx_word' id='word_1_161' title='bbox 965 2293 1034 2348; x_wconf 87' lang='lat' dir='ltr'><strong>ab</strong></span> <span class='ocrx_word' id='word_1_162' title='bbox 1064 2291 1264 2348; x_wconf 86' lang='lat' dir='ltr'><strong>intuitu</strong></span> <span class='ocrx_word' id='word_1_163' title='bbox 1292 2290 1514 2349; x_wconf 86' lang='lat' dir='ltr'><strong>dimatis</strong></span> <span class='ocrx_word' id='word_1_164' title='bbox 1542 2290 1768 2362; x_wconf 83' lang='lat' dir='ltr'><strong>paciﬁca</strong></span> <span class='ocrx_word' id='word_1_165' title='bbox 1788 2332 1804 2357; x_wconf 90' lang='lat'><strong>,</strong></span> <span class='ocrx_word' id='word_1_166' title='bbox 1833 2297 1890 2344; x_wconf 89' lang='lat' dir='ltr'><strong>et</strong></span> <span class='ocrx_word' id='word_1_167' title='bbox 1926 2291 2015 2361; x_wconf 90' lang='lat' dir='ltr'><strong>pie</strong></span> <span class='ocrx_word' id='word_1_168' title='bbox 2045 2305 2165 2348; x_wconf 84' lang='lat' dir='ltr'><strong>cre-</strong></span> 
     </span>
    </p>
   </div>
   <div class='ocr_carea' id='block_1_23' title="bbox 577 2381 2166 2456">
    <p class='ocr_par' dir='ltr' id='par_1_23' title="bbox 577 2381 2166 2456">
     <span class='ocr_line' id='line_1_23' title="bbox 577 2381 2166 2456; baseline -0.002 -14"><span class='ocrx_word' id='word_1_169' title='bbox 577 2388 725 2442; x_wconf 81' lang='lat' dir='ltr'><strong>ditur</strong></span> <span class='ocrx_word' id='word_1_170' title='bbox 749 2393 805 2442; x_wconf 89' lang='lat' dir='ltr'><strong>et</strong></span> <span class='ocrx_word' id='word_1_171' title='bbox 833 2392 1021 2440; x_wconf 82' lang='lat' dir='ltr'><strong>sancte</strong></span> <span class='ocrx_word' id='word_1_172' title='bbox 1045 2384 1338 2456; x_wconf 83' lang='lat' dir='ltr'><strong>eogltatur.</strong></span> <span class='ocrx_word' id='word_1_173' title='bbox 1370 2381 1477 2443; x_wconf 97' lang='lat' dir='ltr'><strong>Sed</strong></span> <span class='ocrx_word' id='word_1_174' title='bbox 1505 2383 1634 2439; x_wconf 88' lang='lat' dir='ltr'><strong>licet</strong></span> <span class='ocrx_word' id='word_1_175' title='bbox 1666 2398 1826 2440; x_wconf 87' lang='lat' dir='ltr'><strong>nemo</strong></span> <span class='ocrx_word' id='word_1_176' title='bbox 1854 2383 1956 2446; x_wconf 87' lang='lat' dir='ltr'><strong>sit,</strong></span> <span class='ocrx_word' id='word_1_177' title='bbox 1988 2383 2079 2454; x_wconf 79' lang='lat' dir='ltr'><strong>qui</strong></span> <span class='ocrx_word' id='word_1_178' title='bbox 2112 2391 2166 2439; x_wconf 87' lang='lat' dir='ltr'><strong>te</strong></span> 
     </span>
    </p>
   </div>
   <div class='ocr_carea' id='block_1_24' title="bbox 577 2475 2168 2550">
    <p class='ocr_par' dir='ltr' id='par_1_24' title="bbox 577 2475 2168 2550">
     <span class='ocr_line' id='line_1_24' title="bbox 577 2475 2168 2550; baseline -0.001 -17"><span class='ocrx_word' id='word_1_179' title='bbox 577 2481 632 2534; x_wconf 90' lang='lat' dir='ltr'><strong>in</strong></span> <span class='ocrx_word' id='word_1_180' title='bbox 666 2479 770 2536; x_wconf 84' lang='lat' dir='ltr'><strong>hac</strong></span> <span class='ocrx_word' id='word_1_181' title='bbox 796 2476 1042 2536; x_wconf 80' lang='lat' dir='ltr'><strong>convalle</strong></span> <span class='ocrx_word' id='word_1_182' title='bbox 1067 2477 1430 2550; x_wconf 86' lang='lat' dir='ltr'><strong>lacrymarum</strong></span> <span class='ocrx_word' id='word_1_183' title='bbox 1468 2477 1646 2532; x_wconf 82' lang='lat' dir='ltr'><strong>valeat</strong></span> <span class='ocrx_word' id='word_1_184' title='bbox 1685 2475 1977 2533; x_wconf 81' lang='lat' dir='ltr'><strong>etlicaeiter</strong></span> <span class='ocrx_word' id='word_1_185' title='bbox 2015 2492 2168 2534; x_wconf 88' lang='lat' dir='ltr'><strong>eom-</strong></span> 
     </span>
    </p>
   </div>
   <div class='ocr_carea' id='block_1_25' title="bbox 575 2568 2163 2641">
    <p class='ocr_par' dir='ltr' id='par_1_25' title="bbox 575 2568 2163 2641">
     <span class='ocr_line' id='line_1_25' title="bbox 575 2568 2163 2641; baseline -0.001 -15"><span class='ocrx_word' id='word_1_186' title='bbox 575 2571 911 2641; x_wconf 76' lang='lat' dir='ltr'><strong>prehendere</strong></span> <span class='ocrx_word' id='word_1_187' title='bbox 946 2568 1023 2627; x_wconf 81' lang='lat' dir='ltr'><strong>vel</strong></span> <span class='ocrx_word' id='word_1_188' title='bbox 1051 2569 1303 2633; x_wconf 81' lang='lat' dir='ltr'><strong>deﬁnire,</strong></span> <span class='ocrx_word' id='word_1_189' title='bbox 1352 2583 1602 2640; x_wconf 83' lang='lat' dir='ltr'><strong>magnum</strong></span> <span class='ocrx_word' id='word_1_190' title='bbox 1645 2576 1822 2624; x_wconf 89' lang='lat' dir='ltr'><strong>tamen</strong></span> <span class='ocrx_word' id='word_1_191' title='bbox 1868 2577 1922 2624; x_wconf 89' lang='lat' dir='ltr'><strong>et</strong></span> <span class='ocrx_word' id='word_1_192' title='bbox 1964 2570 2163 2624; x_wconf 89' lang='lat' dir='ltr'><strong>mirum</strong></span> 
     </span>
    </p>
   </div>
   <div class='ocr_carea' id='block_1_26' title="bbox 578 2657 2165 2721">
    <p class='ocr_par' dir='ltr' id='par_1_26' title="bbox 578 2657 2165 2721">
     <span class='ocr_line' id='line_1_26' title="bbox 578 2657 2165 2721; baseline -0.003 -2"><span class='ocrx_word' id='word_1_193' title='bbox 578 2664 736 2721; x_wconf 84' lang='lat' dir='ltr'><strong>valde</strong></span> <span class='ocrx_word' id='word_1_194' title='bbox 779 2671 983 2721; x_wconf 63' lang='lat' dir='ltr'><strong>nostris</strong></span> <span class='ocrx_word' id='word_1_195' title='bbox 1026 2663 1173 2718; x_wconf 76' lang='lat' dir='ltr'><strong>tutati</strong></span> <span class='ocrx_word' id='word_1_196' title='bbox 1219 2661 1406 2716; x_wconf 87' lang='lat' dir='ltr'><strong>datum</strong></span> <span class='ocrx_word' id='word_1_197' title='bbox 1443 2671 1530 2716; x_wconf 88' lang='lat' dir='ltr'><strong>est</strong></span> <span class='ocrx_word' id='word_1_198' title='bbox 1565 2662 1707 2716; x_wconf 86' lang='lat' dir='ltr'><strong>scire</strong></span> <span class='ocrx_word' id='word_1_199' title='bbox 1737 2657 1805 2718; x_wconf 91' lang='lat' dir='ltr'><strong>de</strong></span> <span class='ocrx_word' id='word_1_200' title='bbox 1854 2671 1905 2718; x_wconf 86' lang='lat' dir='ltr'><strong>te</strong></span> <span class='ocrx_word' id='word_1_201' title='bbox 1951 2673 2165 2716; x_wconf 79' lang='lat' dir='ltr'><strong>summo</strong></span> 
     </span>
    </p>
   </div>
   <div class='ocr_carea' id='block_1_27' title="bbox 575 2754 1862 2824">
    <p class='ocr_par' dir='ltr' id='par_1_27' title="bbox 575 2754 1862 2824">
     <span class='ocr_line' id='line_1_27' title="bbox 575 2754 1862 2824; baseline -0.004 -11"><span class='ocrx_word' id='word_1_202' title='bbox 575 2758 718 2813; x_wconf 87' lang='lat' dir='ltr'><strong>bono</strong></span> <span class='ocrx_word' id='word_1_203' title='bbox 737 2799 750 2821; x_wconf 93' lang='lat'><strong>,</strong></span> <span class='ocrx_word' id='word_1_204' title='bbox 781 2765 871 2810; x_wconf 88' lang='lat' dir='ltr'><strong>tua</strong></span> <span class='ocrx_word' id='word_1_205' title='bbox 899 2755 1153 2811; x_wconf 80' lang='lat' dir='ltr'><strong>nimirum</strong></span> <span class='ocrx_word' id='word_1_206' title='bbox 1185 2755 1336 2810; x_wconf 88' lang='lat' dir='ltr'><strong>nobis</strong></span> <span class='ocrx_word' id='word_1_207' title='bbox 1366 2755 1540 2824; x_wconf 82' lang='lat' dir='ltr'><strong>gratia</strong></span> <span class='ocrx_word' id='word_1_208' title='bbox 1571 2754 1862 2812; x_wconf 82' lang='lat' dir='ltr'><strong>revelantc.</strong></span> 
     </span>
    </p>
   </div>
   <div class='ocr_carea' id='block_1_28' title="bbox 649 2855 2165 2928">
    <p class='ocr_par' dir='ltr' id='par_1_28' title="bbox 649 2855 2165 2928">
     <span class='ocr_line' id='line_1_28' title="bbox 649 2855 2165 2928; baseline -0.003 -14"><span class='ocrx_word' id='word_1_209' title='bbox 649 2859 759 2914; x_wconf 80' lang='lat' dir='ltr'><strong>.\&#39;ll.</strong></span> <span class='ocrx_word' id='word_1_210' title='bbox 797 2857 927 2925; x_wconf 85' lang='lat' dir='ltr'><strong>Quis</strong></span> <span class='ocrx_word' id='word_1_211' title='bbox 959 2866 1084 2912; x_wconf 88' lang='lat' dir='ltr'><strong>ante</strong></span> <span class='ocrx_word' id='word_1_212' title='bbox 1120 2871 1253 2921; x_wconf 84' lang='lat' dir='ltr'><strong>nos,</strong></span> <span class='ocrx_word' id='word_1_213' title='bbox 1277 2859 1335 2912; x_wconf 85' lang='lat' dir='ltr'><strong>iu</strong></span> <span class='ocrx_word' id='word_1_214' title='bbox 1374 2871 1514 2928; x_wconf 85' lang='lat' dir='ltr'><strong>quos</strong></span> <span class='ocrx_word' id='word_1_215' title='bbox 1551 2857 1686 2911; x_wconf 81' lang='lat' dir='ltr'><strong>lines</strong></span> <span class='ocrx_word' id='word_1_216' title='bbox 1716 2855 2035 2912; x_wconf 70' lang='lat' dir='ltr'><strong>smeulorum</strong></span> <span class='ocrx_word' id='word_1_217' title='bbox 2070 2856 2165 2910; x_wconf 91' lang='lat' dir='ltr'><strong>de-</strong></span> 
     </span>
    </p>
   </div>
   <div class='ocr_carea' id='block_1_29' title="bbox 575 2946 2162 3018">
    <p class='ocr_par' dir='ltr' id='par_1_29' title="bbox 575 2946 2162 3018">
     <span class='ocr_line' id='line_1_29' title="bbox 575 2946 2162 3018; baseline 0 -16"><span class='ocrx_word' id='word_1_218' title='bbox 575 2958 872 3014; x_wconf 81' lang='lat' dir='ltr'><strong>venerunt,</strong></span> <span class='ocrx_word' id='word_1_219' title='bbox 919 2949 1042 3004; x_wconf 85' lang='lat' dir='ltr'><strong>talia</strong></span> <span class='ocrx_word' id='word_1_220' title='bbox 1087 2959 1144 3003; x_wconf 89' lang='lat' dir='ltr'><strong>et</strong></span> <span class='ocrx_word' id='word_1_221' title='bbox 1170 2949 1249 3004; x_wconf 89' lang='lat' dir='ltr'><strong>sic</strong></span> <span class='ocrx_word' id='word_1_222' title='bbox 1298 2946 1582 3005; x_wconf 76' lang='lat' dir='ltr'><strong>manifesta</strong></span> <span class='ocrx_word' id='word_1_223' title='bbox 1625 2947 1811 3002; x_wconf 86' lang='lat' dir='ltr'><strong>audire</strong></span> <span class='ocrx_word' id='word_1_224' title='bbox 1859 2947 2036 3018; x_wconf 89' lang='lat' dir='ltr'><strong>potuit</strong></span> <span class='ocrx_word' id='word_1_225' title='bbox 2077 2948 2162 3002; x_wconf 88' lang='lat' dir='ltr'><strong>vel</strong></span> 
     </span>
    </p>
   </div>
   <div class='ocr_carea' id='block_1_30' title="bbox 576 3037 2164 3113">
    <p class='ocr_par' dir='ltr' id='par_1_30' title="bbox 576 3037 2164 3113">
     <span class='ocr_line' id='line_1_30' title="bbox 576 3037 2164 3113; baseline -0.004 -15"><span class='ocrx_word' id='word_1_226' title='bbox 576 3054 903 3113; x_wconf 88' lang='lat' dir='ltr'><strong>cognoscere</strong></span> <span class='ocrx_word' id='word_1_227' title='bbox 933 3041 1000 3096; x_wconf 91' lang='lat' dir='ltr'><strong>de</strong></span> <span class='ocrx_word' id='word_1_228' title='bbox 1027 3039 1296 3097; x_wconf 84' lang='lat' dir='ltr'><strong>Trinitate</strong></span> <span class='ocrx_word' id='word_1_229' title='bbox 1323 3047 1378 3094; x_wconf 92' lang='lat' dir='ltr'><strong>et</strong></span> <span class='ocrx_word' id='word_1_230' title='bbox 1418 3037 1664 3102; x_wconf 85' lang='lat' dir='ltr'><strong>Unitate,</strong></span> <span class='ocrx_word' id='word_1_231' title='bbox 1713 3039 1776 3093; x_wconf 89' lang='lat' dir='ltr'><strong>de</strong></span> <span class='ocrx_word' id='word_1_232' title='bbox 1820 3039 2067 3108; x_wconf 80' lang='lat' dir='ltr'><strong>personis</strong></span> <span class='ocrx_word' id='word_1_233' title='bbox 2108 3046 2164 3094; x_wconf 92' lang='lat' dir='ltr'><strong>et</strong></span> 
     </span>
    </p>
   </div>
   <div class='ocr_carea' id='block_1_31' title="bbox 576 3128 2160 3202">
    <p class='ocr_par' dir='ltr' id='par_1_31' title="bbox 576 3128 2160 3202">
     <span class='ocr_line' id='line_1_31' title="bbox 576 3128 2160 3202; baseline -0.003 -14"><span class='ocrx_word' id='word_1_234' title='bbox 576 3132 921 3188; x_wconf 86' lang='lat' dir='ltr'><strong>substantia?</strong></span> <span class='ocrx_word' id='word_1_235' title='bbox 962 3130 1028 3189; x_wconf 85' lang='lat' dir='ltr'><strong>de</strong></span> <span class='ocrx_word' id='word_1_236' title='bbox 1071 3139 1126 3188; x_wconf 89' lang='lat' dir='ltr'><strong>te</strong></span> <span class='ocrx_word' id='word_1_237' title='bbox 1165 3130 1380 3202; x_wconf 86' lang='lat' dir='ltr'><strong>quidem</strong></span> <span class='ocrx_word' id='word_1_238' title='bbox 1402 3172 1416 3196; x_wconf 93' lang='lat'><strong>,</strong></span> <span class='ocrx_word' id='word_1_239' title='bbox 1449 3129 1613 3185; x_wconf 84' lang='lat' dir='ltr'><strong>Pater</strong></span> <span class='ocrx_word' id='word_1_240' title='bbox 1641 3128 1811 3192; x_wconf 87' lang='lat' dir='ltr'><strong>Deus,</strong></span> <span class='ocrx_word' id='word_1_241' title='bbox 1844 3131 1986 3200; x_wconf 88' lang='lat' dir='ltr'><strong>quod</strong></span> <span class='ocrx_word' id='word_1_242' title='bbox 2027 3130 2103 3184; x_wconf 88' lang='lat' dir='ltr'><strong>sis</strong></span> <span class='ocrx_word' id='word_1_243' title='bbox 2132 3145 2160 3184; x_wconf 91' lang='lat' dir='ltr'><strong>a</strong></span> 
     </span>
    </p>
   </div>
   <div class='ocr_carea' id='block_1_32' title="bbox 574 3223 2164 3298">
    <p class='ocr_par' dir='ltr' id='par_1_32' title="bbox 574 3223 2164 3298">
     <span class='ocr_line' id='line_1_32' title="bbox 574 3223 2164 3298; baseline -0.005 -10"><span class='ocrx_word' id='word_1_244' title='bbox 574 3227 756 3294; x_wconf 81' lang='lat' dir='ltr'><strong>nullo,</strong></span> <span class='ocrx_word' id='word_1_245' title='bbox 784 3233 841 3282; x_wconf 90' lang='lat' dir='ltr'><strong>et</strong></span> <span class='ocrx_word' id='word_1_246' title='bbox 870 3227 991 3286; x_wconf 82' lang='lat' dir='ltr'><strong>ideo</strong></span> <span class='ocrx_word' id='word_1_247' title='bbox 1022 3227 1292 3298; x_wconf 84' lang='lat' dir='ltr'><strong>ingenitus</strong></span> <span class='ocrx_word' id='word_1_248' title='bbox 1317 3224 1516 3280; x_wconf 86' lang='lat' dir='ltr'><strong>dicaris</strong></span> <span class='ocrx_word' id='word_1_249' title='bbox 1540 3241 1553 3289; x_wconf 85' lang='lat'><strong>;</strong></span> <span class='ocrx_word' id='word_1_250' title='bbox 1585 3224 1649 3278; x_wconf 91' lang='lat' dir='ltr'><strong>de</strong></span> <span class='ocrx_word' id='word_1_251' title='bbox 1675 3223 1812 3280; x_wconf 85' lang='lat' dir='ltr'><strong>Filio</strong></span> <span class='ocrx_word' id='word_1_252' title='bbox 1839 3230 2019 3277; x_wconf 86' lang='lat' dir='ltr'><strong>autem</strong></span> <span class='ocrx_word' id='word_1_253' title='bbox 2047 3231 2164 3288; x_wconf 83' lang='lat' dir='ltr'><strong>tuo,</strong></span> 
     </span>
    </p>
   </div>
   <div class='ocr_carea' id='block_1_33' title="bbox 2270 707 3527 782">
    <p class='ocr_par' dir='ltr' id='par_1_33' title="bbox 2270 707 3527 782">
     <span class='ocr_line' id='line_1_33' title="bbox 2270 707 3527 782; baseline -0.004 -16"><span class='ocrx_word' id='word_1_254' title='bbox 2270 710 2440 781; x_wconf 81' lang='lat' dir='ltr'><strong>Super</strong></span> <span class='ocrx_word' id='word_1_255' title='bbox 2466 728 2614 765; x_wconf 86' lang='lat' dir='ltr'><strong>senes</strong></span> <span class='ocrx_word' id='word_1_256' title='bbox 2647 709 2882 766; x_wconf 69' lang='lat' dir='ltr'><strong>intellexi</strong></span> <span class='ocrx_word' id='word_1_257' title='bbox 2912 711 2932 782; x_wconf 93' lang='lat'>(</span> <span class='ocrx_word' id='word_1_258' title='bbox 2956 708 3105 764; x_wconf 83' lang='lat' dir='ltr'><strong>Psal.</strong></span> <span class='ocrx_word' id='word_1_259' title='bbox 3134 723 3301 764; x_wconf 78' lang='lat' dir='ltr'><strong>cxvnt</strong></span> <span class='ocrx_word' id='word_1_260' title='bbox 3318 749 3333 774; x_wconf 93' lang='lat'><strong>,</strong></span> <span class='ocrx_word' id='word_1_261' title='bbox 3360 707 3462 762; x_wconf 72' lang='grc'><strong>100</strong></span> <span class='ocrx_word' id='word_1_262' title='bbox 3484 708 3527 782; x_wconf 90' lang='grc'><strong>).</strong></span> 
     </span>
    </p>
   </div>
   <div class='ocr_carea' id='block_1_34' title="bbox 2335 799 3862 867">
    <p class='ocr_par' dir='ltr' id='par_1_34' title="bbox 2335 799 3862 867">
     <span class='ocr_line' id='line_1_34' title="bbox 2335 799 3862 867; baseline -0.002 -10"><span class='ocrx_word' id='word_1_263' title='bbox 2335 802 2471 857; x_wconf 75' lang='grc' dir='ltr'><strong>ΧΙΙΙ.</strong></span> <span class='ocrx_word' id='word_1_264' title='bbox 2512 802 2739 858; x_wconf 88' lang='lat' dir='ltr'><strong>Domine</strong></span> <span class='ocrx_word' id='word_1_265' title='bbox 2771 800 2915 858; x_wconf 88' lang='lat' dir='ltr'><strong>Deus</strong></span> <span class='ocrx_word' id='word_1_266' title='bbox 2948 811 3152 865; x_wconf 88' lang='lat' dir='ltr'><strong>noster,</strong></span> <span class='ocrx_word' id='word_1_267' title='bbox 3190 799 3335 856; x_wconf 85' lang='lat' dir='ltr'><strong>Deus</strong></span> <span class='ocrx_word' id='word_1_268' title='bbox 3371 800 3528 856; x_wconf 90' lang='lat' dir='ltr'><strong>vivus</strong></span> <span class='ocrx_word' id='word_1_269' title='bbox 3563 809 3621 856; x_wconf 90' lang='lat' dir='ltr'><strong>ct</strong></span> <span class='ocrx_word' id='word_1_270' title='bbox 3653 813 3820 855; x_wconf 83' lang='lat' dir='ltr'><strong>verus</strong></span> <span class='ocrx_word' id='word_1_271' title='bbox 3840 838 3862 867; x_wconf 89' lang='lat'><strong>,</strong></span> 
     </span>
    </p>
   </div>
   <div class='ocr_carea' id='block_1_35' title="bbox 2269 891 3858 960">
    <p class='ocr_par' dir='ltr' id='par_1_35' title="bbox 2269 891 3858 960">
     <span class='ocr_line' id='line_1_35' title="bbox 2269 891 3858 960; baseline -0.003 -12"><span class='ocrx_word' id='word_1_272' title='bbox 2269 895 2371 949; x_wconf 84' lang='lat' dir='ltr'><strong>nisi</strong></span> <span class='ocrx_word' id='word_1_273' title='bbox 2411 903 2466 949; x_wconf 89' lang='lat' dir='ltr'><strong>tu</strong></span> <span class='ocrx_word' id='word_1_274' title='bbox 2503 895 2678 949; x_wconf 85' lang='lat' dir='ltr'><strong>trinus</strong></span> <span class='ocrx_word' id='word_1_275' title='bbox 2711 908 2862 949; x_wconf 85' lang='lat' dir='ltr'><strong>esses</strong></span> <span class='ocrx_word' id='word_1_276' title='bbox 2887 935 2904 960; x_wconf 93' lang='lat'><strong>,</strong></span> <span class='ocrx_word' id='word_1_277' title='bbox 2937 908 3046 948; x_wconf 91' lang='lat' dir='ltr'><strong>non</strong></span> <span class='ocrx_word' id='word_1_278' title='bbox 3083 893 3358 950; x_wconf 80' lang='lat' dir='ltr'><strong>diceretur</strong></span> <span class='ocrx_word' id='word_1_279' title='bbox 3389 907 3520 947; x_wconf 84' lang='lat' dir='ltr'><strong>voce</strong></span> <span class='ocrx_word' id='word_1_280' title='bbox 3557 891 3858 947; x_wconf 58' lang='lat' dir='ltr'><strong>Veritatis:</strong></span> 
     </span>
    </p>
   </div>
   <div class='ocr_carea' id='block_1_36' title="bbox 2269 979 3866 1057">
    <p class='ocr_par' dir='ltr' id='par_1_36' title="bbox 2269 979 3866 1057">
     <span class='ocr_line' id='line_1_36' title="bbox 2269 979 3866 1057; baseline -0.001 -19"><span class='ocrx_word' id='word_1_281' title='bbox 2269 983 2380 1051; x_wconf 79' lang='lat' dir='ltr'><strong>Ite,</strong></span> <span class='ocrx_word' id='word_1_282' title='bbox 2411 985 2674 1057; x_wconf 78' lang='lat' dir='ltr'><strong>baptisate</strong></span> <span class='ocrx_word' id='word_1_283' title='bbox 2701 1001 2878 1040; x_wconf 86' lang='lat' dir='ltr'><strong>omnes</strong></span> <span class='ocrx_word' id='word_1_284' title='bbox 2905 995 3081 1056; x_wconf 81' lang='lat' dir='ltr'><strong>gentes</strong></span> <span class='ocrx_word' id='word_1_285' title='bbox 3115 986 3170 1039; x_wconf 85' lang='lat' dir='ltr'><strong>in</strong></span> <span class='ocrx_word' id='word_1_286' title='bbox 3205 984 3412 1040; x_wconf 69' lang='lat' dir='ltr'><strong>nomine</strong></span> <span class='ocrx_word' id='word_1_287' title='bbox 3442 979 3650 1047; x_wconf 83' lang='lat' dir='ltr'><strong>Patris,</strong></span> <span class='ocrx_word' id='word_1_288' title='bbox 3681 993 3729 1038; x_wconf 87' lang='lat' dir='ltr'><strong>et</strong></span> <span class='ocrx_word' id='word_1_289' title='bbox 3764 982 3866 1037; x_wconf 77' lang='lat' dir='ltr'><strong>Fi-</strong></span> 
     </span>
    </p>
   </div>
   <div class='ocr_carea' id='block_1_37' title="bbox 2267 1074 3867 1149">
    <p class='ocr_par' dir='ltr' id='par_1_37' title="bbox 2267 1074 3867 1149">
     <span class='ocr_line' id='line_1_37' title="bbox 2267 1074 3867 1149; baseline 0 -19"><span class='ocrx_word' id='word_1_290' title='bbox 2267 1076 2359 1144; x_wconf 81' lang='lat' dir='ltr'><strong>lii,</strong></span> <span class='ocrx_word' id='word_1_291' title='bbox 2406 1086 2456 1132; x_wconf 85' lang='lat' dir='ltr'><strong>et</strong></span> <span class='ocrx_word' id='word_1_292' title='bbox 2512 1074 2735 1148; x_wconf 68' lang='lat' dir='ltr'><strong>Spiritus</strong></span> <span class='ocrx_word' id='word_1_293' title='bbox 2786 1078 2957 1132; x_wconf 80' lang='lat' dir='ltr'><strong>sancti</strong></span> <span class='ocrx_word' id='word_1_294' title='bbox 2996 1075 3230 1148; x_wconf 66' lang='lat' dir='ltr'><strong>(Matth.</strong></span> <span class='ocrx_word' id='word_1_295' title='bbox 3261 1091 3467 1139; x_wconf 79' lang='lat' dir='ltr'><strong>uvttt,</strong></span> <span class='ocrx_word' id='word_1_296' title='bbox 3498 1075 3628 1149; x_wconf 69' lang='lat'><strong>19).</strong></span> <span class='ocrx_word' id='word_1_297' title='bbox 3671 1075 3867 1147; x_wconf 79' lang='lat' dir='ltr'><strong>Neque</strong></span> 
     </span>
    </p>
   </div>
   <div class='ocr_carea' id='block_1_38' title="bbox 2266 1163 3864 1239">
    <p class='ocr_par' dir='ltr' id='par_1_38' title="bbox 2266 1163 3864 1239">
     <span class='ocr_line' id='line_1_38' title="bbox 2266 1163 3864 1239; baseline -0.003 -15"><span class='ocrx_word' id='word_1_298' title='bbox 2266 1169 2413 1224; x_wconf 88' lang='lat' dir='ltr'><strong>enim</strong></span> <span class='ocrx_word' id='word_1_299' title='bbox 2461 1167 2728 1239; x_wconf 77' lang='lat' dir='ltr'><strong>baptizari</strong></span> <span class='ocrx_word' id='word_1_300' title='bbox 2767 1165 3105 1237; x_wconf 84' lang='lat' dir='ltr'><strong>juberemur,</strong></span> <span class='ocrx_word' id='word_1_301' title='bbox 3148 1167 3376 1222; x_wconf 89' lang='lat' dir='ltr'><strong>Domine</strong></span> <span class='ocrx_word' id='word_1_302' title='bbox 3419 1163 3596 1231; x_wconf 85' lang='lat' dir='ltr'><strong>Deus,</strong></span> <span class='ocrx_word' id='word_1_303' title='bbox 3640 1167 3696 1220; x_wconf 92' lang='lat' dir='ltr'><strong>in</strong></span> <span class='ocrx_word' id='word_1_304' title='bbox 3734 1167 3864 1236; x_wconf 85' lang='lat' dir='ltr'><strong>ejus</strong></span> 
     </span>
    </p>
   </div>
   <div class='ocr_carea' id='block_1_39' title="bbox 2266 1257 3862 1331">
    <p class='ocr_par' dir='ltr' id='par_1_39' title="bbox 2266 1257 3862 1331">
     <span class='ocr_line' id='line_1_39' title="bbox 2266 1257 3862 1331; baseline -0.004 -16"><span class='ocrx_word' id='word_1_305' title='bbox 2266 1260 2486 1317; x_wconf 84' lang='lat' dir='ltr'><strong>nomine</strong></span> <span class='ocrx_word' id='word_1_306' title='bbox 2510 1259 2601 1331; x_wconf 87' lang='lat' dir='ltr'><strong>qui</strong></span> <span class='ocrx_word' id='word_1_307' title='bbox 2624 1274 2735 1315; x_wconf 90' lang='lat' dir='ltr'><strong>non</strong></span> <span class='ocrx_word' id='word_1_308' title='bbox 2761 1267 2906 1315; x_wconf 82' lang='lat' dir='ltr'><strong>esset</strong></span> <span class='ocrx_word' id='word_1_309' title='bbox 2931 1259 3191 1314; x_wconf 87' lang='lat' dir='ltr'><strong>Dominus</strong></span> <span class='ocrx_word' id='word_1_310' title='bbox 3215 1257 3376 1314; x_wconf 90' lang='lat' dir='ltr'><strong>Deus.</strong></span> <span class='ocrx_word' id='word_1_311' title='bbox 3411 1257 3473 1312; x_wconf 83' lang='lat' dir='ltr'><strong>Et</strong></span> <span class='ocrx_word' id='word_1_312' title='bbox 3505 1271 3718 1312; x_wconf 80' lang='lat' dir='ltr'><strong>rursum</strong></span> <span class='ocrx_word' id='word_1_313' title='bbox 3747 1258 3862 1311; x_wconf 88' lang='lat' dir='ltr'><strong>nisi</strong></span> 
     </span>
    </p>
   </div>
   <div class='ocr_carea' id='block_1_40' title="bbox 2268 1350 3860 1421">
    <p class='ocr_par' dir='ltr' id='par_1_40' title="bbox 2268 1350 3860 1421">
     <span class='ocr_line' id='line_1_40' title="bbox 2268 1350 3860 1421; baseline -0.004 -14"><span class='ocrx_word' id='word_1_314' title='bbox 2268 1361 2324 1408; x_wconf 92' lang='lat' dir='ltr'><strong>tu</strong></span> <span class='ocrx_word' id='word_1_315' title='bbox 2347 1352 2592 1409; x_wconf 85' lang='lat' dir='ltr'><strong>Trinitas</strong></span> <span class='ocrx_word' id='word_1_316' title='bbox 2612 1366 2751 1406; x_wconf 88' lang='lat' dir='ltr'><strong>unus</strong></span> <span class='ocrx_word' id='word_1_317' title='bbox 2770 1351 3142 1421; x_wconf 90' lang='lat' dir='ltr'><strong>proculdubio</strong></span> <span class='ocrx_word' id='word_1_318' title='bbox 3162 1350 3302 1406; x_wconf 84' lang='lat' dir='ltr'><strong>Deus</strong></span> <span class='ocrx_word' id='word_1_319' title='bbox 3323 1364 3488 1411; x_wconf 87' lang='lat' dir='ltr'><strong>esses,</strong></span> <span class='ocrx_word' id='word_1_320' title='bbox 3513 1363 3860 1419; x_wconf 76' lang='lat' dir='ltr'><strong>nequaquam</strong></span> 
     </span>
    </p>
   </div>
   <div class='ocr_carea' id='block_1_41' title="bbox 2266 1440 3859 1508">
    <p class='ocr_par' dir='ltr' id='par_1_41' title="bbox 2266 1440 3859 1508">
     <span class='ocr_line' id='line_1_41' title="bbox 2266 1440 3859 1508; baseline -0.003 -8"><span class='ocrx_word' id='word_1_321' title='bbox 2266 1444 2540 1502; x_wconf 82' lang='lat' dir='ltr'><strong>diceretur</strong></span> <span class='ocrx_word' id='word_1_322' title='bbox 2588 1460 2722 1500; x_wconf 86' lang='lat' dir='ltr'><strong>voce</strong></span> <span class='ocrx_word' id='word_1_323' title='bbox 2770 1453 2904 1499; x_wconf 86' lang='lat' dir='ltr'><strong>tua:</strong></span> <span class='ocrx_word' id='word_1_324' title='bbox 2960 1445 3100 1500; x_wconf 73' lang='lat' dir='ltr'><strong>Audi</strong></span> <span class='ocrx_word' id='word_1_325' title='bbox 3149 1443 3354 1508; x_wconf 83' lang='lat' dir='ltr'><strong>Israel.</strong></span> <span class='ocrx_word' id='word_1_326' title='bbox 3408 1442 3666 1498; x_wconf 76' lang='lat' dir='ltr'><strong>Dominus</strong></span> <span class='ocrx_word' id='word_1_327' title='bbox 3711 1440 3859 1497; x_wconf 76' lang='lat' dir='ltr'><strong>Deus</strong></span> 
     </span>
    </p>
   </div>
   <div class='ocr_carea' id='block_1_42' title="bbox 2265 1534 3862 1608">
    <p class='ocr_par' dir='ltr' id='par_1_42' title="bbox 2265 1534 3862 1608">
     <span class='ocr_line' id='line_1_42' title="bbox 2265 1534 3862 1608; baseline -0.001 -18"><span class='ocrx_word' id='word_1_328' title='bbox 2265 1545 2420 1603; x_wconf 80' lang='lat' dir='ltr'><strong>tuus,</strong></span> <span class='ocrx_word' id='word_1_329' title='bbox 2453 1535 2594 1592; x_wconf 70' lang='lat' dir='ltr'><strong>Deus</strong></span> <span class='ocrx_word' id='word_1_330' title='bbox 2621 1552 2759 1591; x_wconf 81' lang='lat' dir='ltr'><strong>unus</strong></span> <span class='ocrx_word' id='word_1_331' title='bbox 2789 1545 2864 1592; x_wconf 81' lang='lat' dir='ltr'><strong>est</strong></span> <span class='ocrx_word' id='word_1_332' title='bbox 2897 1535 3075 1608; x_wconf 83' lang='lat' dir='ltr'><strong>(Deut.</strong></span> <span class='ocrx_word' id='word_1_333' title='bbox 3102 1551 3190 1600; x_wconf 86' lang='lat' dir='ltr'><strong>vt,</strong></span> <span class='ocrx_word' id='word_1_334' title='bbox 3215 1535 3464 1607; x_wconf 66' lang='lat' dir='ltr'><strong>i).&#39;Ergo</strong></span> <span class='ocrx_word' id='word_1_335' title='bbox 3493 1534 3594 1590; x_wconf 86' lang='lat' dir='ltr'><strong>nisi</strong></span> <span class='ocrx_word' id='word_1_336' title='bbox 3626 1545 3682 1589; x_wconf 90' lang='lat' dir='ltr'><strong>tu</strong></span> <span class='ocrx_word' id='word_1_337' title='bbox 3713 1534 3862 1588; x_wconf 84' lang='lat' dir='ltr'><strong>Deus</strong></span> 
     </span>
    </p>
   </div>
   <div class='ocr_carea' id='block_1_43' title="bbox 2265 1624 3864 1699">
    <p class='ocr_par' dir='ltr' id='par_1_43' title="bbox 2265 1624 3864 1699">
     <span class='ocr_line' id='line_1_43' title="bbox 2265 1624 3864 1699; baseline 0 -17"><span class='ocrx_word' id='word_1_338' title='bbox 2265 1625 2429 1683; x_wconf 78' lang='lat' dir='ltr'><strong>Pater</strong></span> <span class='ocrx_word' id='word_1_339' title='bbox 2464 1628 2609 1699; x_wconf 87' lang='lat' dir='ltr'><strong>ipse,</strong></span> <span class='ocrx_word' id='word_1_340' title='bbox 2646 1637 2700 1683; x_wconf 91' lang='lat' dir='ltr'><strong>et</strong></span> <span class='ocrx_word' id='word_1_341' title='bbox 2733 1626 2903 1683; x_wconf 80' lang='lat' dir='ltr'><strong>Filius</strong></span> <span class='ocrx_word' id='word_1_342' title='bbox 2939 1628 3174 1683; x_wconf 82' lang='lat' dir='ltr'><strong>Verbum</strong></span> <span class='ocrx_word' id='word_1_343' title='bbox 3211 1636 3361 1682; x_wconf 90' lang='lat' dir='ltr'><strong>tuum</strong></span> <span class='ocrx_word' id='word_1_344' title='bbox 3407 1624 3564 1682; x_wconf 78' lang='lat' dir='ltr'><strong>Jesus</strong></span> <span class='ocrx_word' id='word_1_345' title='bbox 3607 1625 3864 1682; x_wconf 80' lang='lat' dir='ltr'><strong>Christus</strong></span> 
     </span>
    </p>
   </div>
   <div class='ocr_carea' id='block_1_44' title="bbox 2267 1717 3862 1790">
    <p class='ocr_par' dir='ltr' id='par_1_44' title="bbox 2267 1717 3862 1790">
     <span class='ocr_line' id='line_1_44' title="bbox 2267 1717 3862 1790; baseline -0.001 -16"><span class='ocrx_word' id='word_1_346' title='bbox 2267 1719 2382 1790; x_wconf 88' lang='lat' dir='ltr'><strong>ipse</strong></span> <span class='ocrx_word' id='word_1_347' title='bbox 2407 1728 2553 1775; x_wconf 80' lang='lat' dir='ltr'><strong>esset</strong></span> <span class='ocrx_word' id='word_1_348' title='bbox 2572 1759 2586 1784; x_wconf 95' lang='lat'><strong>,</strong></span> <span class='ocrx_word' id='word_1_349' title='bbox 2618 1729 2674 1774; x_wconf 90' lang='lat' dir='ltr'><strong>et</strong></span> <span class='ocrx_word' id='word_1_350' title='bbox 2697 1721 2896 1774; x_wconf 91' lang='lat' dir='ltr'><strong>donum</strong></span> <span class='ocrx_word' id='word_1_351' title='bbox 2925 1727 3164 1774; x_wconf 84' lang='lat' dir='ltr'><strong>vestrum</strong></span> <span class='ocrx_word' id='word_1_352' title='bbox 3210 1717 3445 1788; x_wconf 86' lang='lat' dir='ltr'><strong>Spiritus</strong></span> <span class='ocrx_word' id='word_1_353' title='bbox 3483 1726 3702 1774; x_wconf 86' lang='lat' dir='ltr'><strong>sanctus</strong></span> <span class='ocrx_word' id='word_1_354' title='bbox 3741 1718 3862 1788; x_wconf 90' lang='lat' dir='ltr'><strong>ipse</strong></span> 
     </span>
    </p>
   </div>
   <div class='ocr_carea' id='block_1_45' title="bbox 2264 1809 3863 1883">
    <p class='ocr_par' dir='ltr' id='par_1_45' title="bbox 2264 1809 3863 1883">
     <span class='ocr_line' id='line_1_45' title="bbox 2264 1809 3863 1883; baseline -0.001 -17"><span class='ocrx_word' id='word_1_355' title='bbox 2264 1817 2438 1876; x_wconf 83' lang='lat' dir='ltr'><strong>esset,</strong></span> <span class='ocrx_word' id='word_1_356' title='bbox 2464 1825 2572 1867; x_wconf 91' lang='lat' dir='ltr'><strong>non</strong></span> <span class='ocrx_word' id='word_1_357' title='bbox 2601 1809 2904 1883; x_wconf 82' lang='lat' dir='ltr'><strong>legeremus</strong></span> <span class='ocrx_word' id='word_1_358' title='bbox 2927 1811 2982 1865; x_wconf 91' lang='lat' dir='ltr'><strong>in</strong></span> <span class='ocrx_word' id='word_1_359' title='bbox 3006 1810 3205 1867; x_wconf 76' lang='lat' dir='ltr'><strong>litteris</strong></span> <span class='ocrx_word' id='word_1_360' title='bbox 3230 1811 3476 1866; x_wconf 76' lang='lat' dir='ltr'><strong>veritatis</strong></span> <span class='ocrx_word' id='word_1_361' title='bbox 3503 1830 3514 1864; x_wconf 91' lang='lat'>:</span> <span class='ocrx_word' id='word_1_362' title='bbox 3543 1809 3691 1864; x_wconf 77' lang='lat' dir='ltr'><strong>Misit</strong></span> <span class='ocrx_word' id='word_1_363' title='bbox 3714 1809 3863 1865; x_wconf 76' lang='lat' dir='ltr'><strong>Deus</strong></span> 
     </span>
    </p>
   </div>
   <div class='ocr_carea' id='block_1_46' title="bbox 2267 1899 3864 1976">
    <p class='ocr_par' dir='ltr' id='par_1_46' title="bbox 2267 1899 3864 1976">
     <span class='ocr_line' id='line_1_46' title="bbox 2267 1899 3864 1976; baseline 0.003 -20"><span class='ocrx_word' id='word_1_364' title='bbox 2267 1901 2472 1958; x_wconf 69' lang='lat' dir='ltr'><strong>Filium</strong></span> <span class='ocrx_word' id='word_1_365' title='bbox 2497 1920 2653 1958; x_wconf 74' lang='lat' dir='ltr'><strong>suum</strong></span> <span class='ocrx_word' id='word_1_366' title='bbox 2682 1899 2842 1975; x_wconf 82' lang='lat' dir='ltr'><strong>(Gal.</strong></span> <span class='ocrx_word' id='word_1_367' title='bbox 2873 1919 2951 1970; x_wconf 83' lang='lat' dir='ltr'><strong>tv,</strong></span> <span class='ocrx_word' id='word_1_368' title='bbox 2979 1902 3013 1957; x_wconf 75' lang='grc' dir='ltr'>ι</span> <span class='ocrx_word' id='word_1_369' title='bbox 3035 1903 3075 1976; x_wconf 93' lang='grc'><strong>).</strong></span> <span class='ocrx_word' id='word_1_370' title='bbox 3109 1903 3220 1961; x_wconf 83' lang='lat' dir='ltr'><strong>Nec</strong></span> <span class='ocrx_word' id='word_1_371' title='bbox 3247 1912 3306 1960; x_wconf 91' lang='lat' dir='ltr'><strong>tu</strong></span> <span class='ocrx_word' id='word_1_372' title='bbox 3335 1904 3624 1975; x_wconf 80' lang='lat' dir='ltr'><strong>Uuigenite</strong></span> <span class='ocrx_word' id='word_1_373' title='bbox 3647 1904 3864 1960; x_wconf 87' lang='lat' dir='ltr'><strong>diceres</strong></span> 
     </span>
    </p>
   </div>
   <div class='ocr_carea' id='block_1_47' title="bbox 2266 1996 3862 2068">
    <p class='ocr_par' dir='ltr' id='par_1_47' title="bbox 2266 1996 3862 2068">
     <span class='ocr_line' id='line_1_47' title="bbox 2266 1996 3862 2068; baseline 0.002 -16"><span class='ocrx_word' id='word_1_374' title='bbox 2266 1997 2335 2054; x_wconf 87' lang='lat' dir='ltr'><strong>de</strong></span> <span class='ocrx_word' id='word_1_375' title='bbox 2360 1996 2566 2068; x_wconf 88' lang='lat' dir='ltr'><strong>Spiritu</strong></span> <span class='ocrx_word' id='word_1_376' title='bbox 2594 2007 2784 2054; x_wconf 84' lang='lat' dir='ltr'><strong>sancto</strong></span> <span class='ocrx_word' id='word_1_377' title='bbox 2808 2017 2820 2052; x_wconf 96' lang='lat'>:</span> <span class='ocrx_word' id='word_1_378' title='bbox 2855 1997 3022 2064; x_wconf 83' lang='lat' dir='ltr'><strong>Quent</strong></span> <span class='ocrx_word' id='word_1_379' title='bbox 3049 2000 3215 2054; x_wconf 74' lang='lat' dir='ltr'><strong>mittet</strong></span> <span class='ocrx_word' id='word_1_380' title='bbox 3244 1997 3406 2054; x_wconf 85' lang='lat' dir='ltr'><strong>Pater</strong></span> <span class='ocrx_word' id='word_1_381' title='bbox 3429 2001 3484 2054; x_wconf 86' lang='lat' dir='ltr'><strong>in</strong></span> <span class='ocrx_word' id='word_1_382' title='bbox 3510 2001 3720 2056; x_wconf 62' lang='lat' dir='ltr'><strong>nomine</strong></span> <span class='ocrx_word' id='word_1_383' title='bbox 3743 2017 3862 2055; x_wconf 68' lang='lat' dir='ltr'><strong>tneo</strong></span> 
     </span>
    </p>
   </div>
   <div class='ocr_carea' id='block_1_48' title="bbox 2267 2087 3860 2163">
    <p class='ocr_par' dir='ltr' id='par_1_48' title="bbox 2267 2087 3860 2163">
     <span class='ocr_line' id='line_1_48' title="bbox 2267 2087 3860 2163; baseline 0.002 -19"><span class='ocrx_word' id='word_1_384' title='bbox 2267 2087 2289 2163; x_wconf 93' lang='lat'><strong>(</strong></span> <span class='ocrx_word' id='word_1_385' title='bbox 2306 2088 2470 2145; x_wconf 78' lang='lat' dir='ltr'><strong>Joan.</strong></span> <span class='ocrx_word' id='word_1_386' title='bbox 2500 2106 2614 2157; x_wconf 73' lang='grc' dir='ltr'><strong>ιιν,</strong></span> <span class='ocrx_word' id='word_1_387' title='bbox 2642 2089 2752 2158; x_wconf 78' lang='grc'><strong>26)</strong></span> <span class='ocrx_word' id='word_1_388' title='bbox 2780 2108 2794 2154; x_wconf 87' lang='grc'>;</span> <span class='ocrx_word' id='word_1_389' title='bbox 2821 2100 2879 2146; x_wconf 91' lang='lat' dir='ltr'><strong>et</strong></span> <span class='ocrx_word' id='word_1_390' title='bbox 2903 2110 2914 2144; x_wconf 90' lang='lat'>:</span> <span class='ocrx_word' id='word_1_391' title='bbox 2949 2088 3118 2158; x_wconf 73' lang='lat' dir='ltr'><strong>Quem</strong></span> <span class='ocrx_word' id='word_1_392' title='bbox 3144 2108 3239 2162; x_wconf 81' lang='lat' dir='ltr'><strong>ego</strong></span> <span class='ocrx_word' id='word_1_393' title='bbox 3266 2094 3470 2147; x_wconf 72' lang='lat' dir='ltr'><strong>mittant</strong></span> <span class='ocrx_word' id='word_1_394' title='bbox 3502 2092 3646 2148; x_wconf 79' lang='lat' dir='ltr'><strong>vobis</strong></span> <span class='ocrx_word' id='word_1_395' title='bbox 3675 2110 3710 2148; x_wconf 92' lang='lat' dir='ltr'><strong>a</strong></span> <span class='ocrx_word' id='word_1_396' title='bbox 3742 2090 3860 2147; x_wconf 83' lang='lat' dir='ltr'><strong>Pa-</strong></span> 
     </span>
    </p>
   </div>
   <div class='ocr_carea' id='block_1_49' title="bbox 2265 2181 3862 2256">
    <p class='ocr_par' dir='ltr' id='par_1_49' title="bbox 2265 2181 3862 2256">
     <span class='ocr_line' id='line_1_49' title="bbox 2265 2181 3862 2256; baseline 0.004 -21"><span class='ocrx_word' id='word_1_397' title='bbox 2265 2191 2345 2236; x_wconf 84' lang='lat' dir='ltr'><strong>tre</strong></span> <span class='ocrx_word' id='word_1_398' title='bbox 2373 2181 2555 2254; x_wconf 81' lang='lat' dir='ltr'><strong>(Joan.</strong></span> <span class='ocrx_word' id='word_1_399' title='bbox 2582 2198 2677 2250; x_wconf 75' lang='lat' dir='ltr'><strong>xv,</strong></span> <span class='ocrx_word' id='word_1_400' title='bbox 2702 2182 2774 2236; x_wconf 73' lang='lat'><strong>‘26</strong></span> <span class='ocrx_word' id='word_1_401' title='bbox 2796 2183 2816 2256; x_wconf 84' lang='lat'><strong>)</strong></span> <span class='ocrx_word' id='word_1_402' title='bbox 2841 2202 2855 2248; x_wconf 87' lang='lat'><strong>;</strong></span> <span class='ocrx_word' id='word_1_403' title='bbox 2886 2191 2944 2239; x_wconf 87' lang='lat' dir='ltr'><strong>et</strong></span> <span class='ocrx_word' id='word_1_404' title='bbox 2967 2183 3095 2240; x_wconf 84' lang='lat' dir='ltr'><strong>alibi</strong></span> <span class='ocrx_word' id='word_1_405' title='bbox 3123 2204 3135 2238; x_wconf 91' lang='lat'>:</span> <span class='ocrx_word' id='word_1_406' title='bbox 3169 2184 3284 2256; x_wconf 75' lang='lat' dir='ltr'><strong>Ego</strong></span> <span class='ocrx_word' id='word_1_407' title='bbox 3313 2195 3362 2240; x_wconf 86' lang='lat' dir='ltr'><strong>et</strong></span> <span class='ocrx_word' id='word_1_408' title='bbox 3392 2183 3552 2240; x_wconf 74' lang='lat' dir='ltr'><strong>Pater</strong></span> <span class='ocrx_word' id='word_1_409' title='bbox 3576 2202 3741 2240; x_wconf 74' lang='lat' dir='ltr'><strong>unum</strong></span> <span class='ocrx_word' id='word_1_410' title='bbox 3768 2203 3862 2241; x_wconf 69' lang='lat' dir='ltr'><strong>su-</strong></span> 
     </span>
    </p>
   </div>
   <div class='ocr_carea' id='block_1_50' title="bbox 2259 2272 3859 2353">
    <p class='ocr_par' dir='ltr' id='par_1_50' title="bbox 2259 2272 3859 2353">
     <span class='ocr_line' id='line_1_50' title="bbox 2259 2272 3859 2353; baseline -0.003 -23"><span class='ocrx_word' id='word_1_411' title='bbox 2259 2291 2383 2353; x_wconf 60' lang='lat' dir='ltr'><strong>ptus</strong></span> <span class='ocrx_word' id='word_1_412' title='bbox 2407 2272 2662 2346; x_wconf 81' lang='lat' dir='ltr'><strong>(Joan.x,</strong></span> <span class='ocrx_word' id='word_1_413' title='bbox 2678 2273 2801 2345; x_wconf 80' lang='lat'><strong>30);</strong></span> <span class='ocrx_word' id='word_1_414' title='bbox 2828 2283 2884 2330; x_wconf 90' lang='lat' dir='ltr'><strong>et</strong></span> <span class='ocrx_word' id='word_1_415' title='bbox 2908 2291 2922 2329; x_wconf 92' lang='lat'><strong>:</strong></span> <span class='ocrx_word' id='word_1_416' title='bbox 2954 2272 3058 2340; x_wconf 80' lang='lat' dir='ltr'><strong>Qui</strong></span> <span class='ocrx_word' id='word_1_417' title='bbox 3085 2276 3219 2330; x_wconf 79' lang='lat' dir='ltr'><strong>videt</strong></span> <span class='ocrx_word' id='word_1_418' title='bbox 3244 2292 3345 2342; x_wconf 86' lang='lat' dir='ltr'><strong>nte,</strong></span> <span class='ocrx_word' id='word_1_419' title='bbox 3370 2276 3505 2330; x_wconf 74' lang='lat' dir='ltr'><strong>uidet</strong></span> <span class='ocrx_word' id='word_1_420' title='bbox 3529 2285 3580 2331; x_wconf 87' lang='lat' dir='ltr'><strong>et</strong></span> <span class='ocrx_word' id='word_1_421' title='bbox 3602 2273 3821 2331; x_wconf 74' lang='lat' dir='ltr'><strong>Patrem</strong></span> <span class='ocrx_word' id='word_1_422' title='bbox 3839 2291 3859 2326; x_wconf 91' lang='lat'><em>:</em></span> 
     </span>
    </p>
   </div>
   <div class='ocr_carea' id='block_1_51' title="bbox 2264 2363 3864 2439">
    <p class='ocr_par' dir='ltr' id='par_1_51' title="bbox 2264 2363 3864 2439">
     <span class='ocr_line' id='line_1_51' title="bbox 2264 2363 3864 2439; baseline -0.001 -19"><span class='ocrx_word' id='word_1_423' title='bbox 2264 2381 2358 2437; x_wconf 75' lang='lat' dir='ltr'><strong>ego</strong></span> <span class='ocrx_word' id='word_1_424' title='bbox 2385 2367 2441 2420; x_wconf 82' lang='lat' dir='ltr'><strong>in</strong></span> <span class='ocrx_word' id='word_1_425' title='bbox 2469 2364 2631 2422; x_wconf 86' lang='lat' dir='ltr'><strong>Patre</strong></span> <span class='ocrx_word' id='word_1_426' title='bbox 2653 2376 2700 2422; x_wconf 76' lang='lat' dir='ltr'><strong>et</strong></span> <span class='ocrx_word' id='word_1_427' title='bbox 2731 2363 2896 2421; x_wconf 79' lang='lat' dir='ltr'><strong>Pater</strong></span> <span class='ocrx_word' id='word_1_428' title='bbox 2915 2367 2971 2421; x_wconf 85' lang='lat' dir='ltr'><strong>in</strong></span> <span class='ocrx_word' id='word_1_429' title='bbox 2991 2383 3074 2422; x_wconf 79' lang='lat' dir='ltr'><strong>me</strong></span> <span class='ocrx_word' id='word_1_430' title='bbox 3105 2365 3286 2439; x_wconf 79' lang='lat' dir='ltr'><strong>(Joan.</strong></span> <span class='ocrx_word' id='word_1_431' title='bbox 3308 2384 3419 2434; x_wconf 73' lang='lat' dir='ltr'><strong>Xtv,</strong></span> <span class='ocrx_word' id='word_1_432' title='bbox 3444 2368 3499 2439; x_wconf 83' lang='lat'><strong>9)</strong></span> <span class='ocrx_word' id='word_1_433' title='bbox 3525 2385 3539 2434; x_wconf 89' lang='lat'><strong>;</strong></span> <span class='ocrx_word' id='word_1_434' title='bbox 3565 2376 3620 2423; x_wconf 90' lang='lat' dir='ltr'><strong>et</strong></span> <span class='ocrx_word' id='word_1_435' title='bbox 3649 2387 3659 2421; x_wconf 96' lang='lat'><strong>:</strong></span> <span class='ocrx_word' id='word_1_436' title='bbox 3694 2365 3864 2421; x_wconf 86' lang='lat' dir='ltr'><strong>Pater</strong></span> 
     </span>
    </p>
   </div>
   <div class='ocr_carea' id='block_1_52' title="bbox 2265 2454 3858 2529">
    <p class='ocr_par' dir='ltr' id='par_1_52' title="bbox 2265 2454 3858 2529">
     <span class='ocr_line' id='line_1_52' title="bbox 2265 2454 3858 2529; baseline 0.003 -22"><span class='ocrx_word' id='word_1_437' title='bbox 2265 2455 2321 2509; x_wconf 87' lang='lat' dir='ltr'><strong>in</strong></span> <span class='ocrx_word' id='word_1_438' title='bbox 2359 2471 2441 2511; x_wconf 77' lang='lat' dir='ltr'><strong>nte</strong></span> <span class='ocrx_word' id='word_1_439' title='bbox 2480 2472 2730 2522; x_wconf 84' lang='lat' dir='ltr'><strong>manens,</strong></span> <span class='ocrx_word' id='word_1_440' title='bbox 2763 2457 2873 2527; x_wconf 85' lang='lat' dir='ltr'><strong>ipse</strong></span> <span class='ocrx_word' id='word_1_441' title='bbox 2907 2454 3036 2525; x_wconf 78' lang='lat' dir='ltr'><strong>facit</strong></span> <span class='ocrx_word' id='word_1_442' title='bbox 3074 2473 3230 2528; x_wconf 84' lang='lat' dir='ltr'><strong>opera</strong></span> <span class='ocrx_word' id='word_1_443' title='bbox 3265 2457 3450 2529; x_wconf 84' lang='lat' dir='ltr'><strong>(Joan.</strong></span> <span class='ocrx_word' id='word_1_444' title='bbox 3477 2459 3682 2527; x_wconf 71' lang='lat' dir='ltr'><strong>v,10).</strong></span> <span class='ocrx_word' id='word_1_445' title='bbox 3713 2458 3858 2527; x_wconf 82' lang='lat' dir='ltr'><strong>Quid</strong></span> 
     </span>
    </p>
   </div>
   <div class='ocr_carea' id='block_1_53' title="bbox 2264 2545 3862 2607">
    <p class='ocr_par' dir='ltr' id='par_1_53' title="bbox 2264 2545 3862 2607">
     <span class='ocr_line' id='line_1_53' title="bbox 2264 2545 3862 2607; baseline 0.004 -6"><span class='ocrx_word' id='word_1_446' title='bbox 2264 2545 2410 2601; x_wconf 87' lang='lat' dir='ltr'><strong>enim</strong></span> <span class='ocrx_word' id='word_1_447' title='bbox 2435 2546 2522 2602; x_wconf 88' lang='lat' dir='ltr'><strong>his</strong></span> <span class='ocrx_word' id='word_1_448' title='bbox 2547 2547 2727 2604; x_wconf 82' lang='lat' dir='ltr'><strong>verbis</strong></span> <span class='ocrx_word' id='word_1_449' title='bbox 2753 2549 2897 2605; x_wconf 81' lang='lat' dir='ltr'><strong>aliud</strong></span> <span class='ocrx_word' id='word_1_450' title='bbox 2925 2549 3028 2605; x_wconf 90' lang='lat' dir='ltr'><strong>nisi</strong></span> <span class='ocrx_word' id='word_1_451' title='bbox 3059 2552 3260 2606; x_wconf 89' lang='lat' dir='ltr'><strong>trinum</strong></span> <span class='ocrx_word' id='word_1_452' title='bbox 3287 2560 3342 2606; x_wconf 90' lang='lat' dir='ltr'><strong>et</strong></span> <span class='ocrx_word' id='word_1_453' title='bbox 3368 2568 3532 2607; x_wconf 90' lang='lat' dir='ltr'><strong>unum</strong></span> <span class='ocrx_word' id='word_1_454' title='bbox 3561 2551 3730 2606; x_wconf 88' lang='lat' dir='ltr'><strong>Deum</strong></span> <span class='ocrx_word' id='word_1_455' title='bbox 3763 2553 3862 2606; x_wconf 83' lang='lat' dir='ltr'><strong>do-</strong></span> 
     </span>
    </p>
   </div>
   <div class='ocr_carea' id='block_1_54' title="bbox 2264 2639 3861 2714">
    <p class='ocr_par' dir='ltr' id='par_1_54' title="bbox 2264 2639 3861 2714">
     <span class='ocr_line' id='line_1_54' title="bbox 2264 2639 3861 2714; baseline 0.003 -21"><span class='ocrx_word' id='word_1_456' title='bbox 2264 2650 2357 2693; x_wconf 88' lang='lat' dir='ltr'><strong>ces</strong></span> <span class='ocrx_word' id='word_1_457' title='bbox 2385 2651 2486 2694; x_wconf 91' lang='lat' dir='ltr'><strong>nos</strong></span> <span class='ocrx_word' id='word_1_458' title='bbox 2513 2639 2763 2706; x_wconf 87' lang='lat' dir='ltr'><strong>credere,</strong></span> <span class='ocrx_word' id='word_1_459' title='bbox 2799 2650 2856 2696; x_wconf 89' lang='lat' dir='ltr'><strong>tu</strong></span> <span class='ocrx_word' id='word_1_460' title='bbox 2885 2641 3148 2712; x_wconf 83' lang='lat' dir='ltr'><strong>magister</strong></span> <span class='ocrx_word' id='word_1_461' title='bbox 3179 2643 3427 2698; x_wconf 83' lang='lat' dir='ltr'><strong>veritatis</strong></span> <span class='ocrx_word' id='word_1_462' title='bbox 3446 2685 3460 2709; x_wconf 92' lang='lat'><strong>,</strong></span> <span class='ocrx_word' id='word_1_463' title='bbox 3491 2645 3545 2698; x_wconf 86' lang='lat' dir='ltr'><strong>in</strong></span> <span class='ocrx_word' id='word_1_464' title='bbox 3577 2641 3731 2713; x_wconf 80' lang='lat' dir='ltr'><strong>cujus</strong></span> <span class='ocrx_word' id='word_1_465' title='bbox 3758 2657 3861 2714; x_wconf 86' lang='lat' dir='ltr'><strong>pe-</strong></span> 
     </span>
    </p>
   </div>
   <div class='ocr_carea' id='block_1_55' title="bbox 2264 2733 3870 2809">
    <p class='ocr_par' dir='ltr' id='par_1_55' title="bbox 2264 2733 3870 2809">
     <span class='ocr_line' id='line_1_55' title="bbox 2264 2733 3870 2809; baseline 0.005 -25"><span class='ocrx_word' id='word_1_466' title='bbox 2264 2738 2417 2787; x_wconf 86' lang='lat' dir='ltr'><strong>ctore</strong></span> <span class='ocrx_word' id='word_1_467' title='bbox 2464 2733 2728 2789; x_wconf 73' lang='lat' dir='ltr'><strong>reconditi</strong></span> <span class='ocrx_word' id='word_1_468' title='bbox 2777 2743 2904 2790; x_wconf 88' lang='lat' dir='ltr'><strong>sunt</strong></span> <span class='ocrx_word' id='word_1_469' title='bbox 2949 2750 3143 2792; x_wconf 91' lang='lat' dir='ltr'><strong>omnes</strong></span> <span class='ocrx_word' id='word_1_470' title='bbox 3190 2737 3430 2793; x_wconf 81' lang='lat' dir='ltr'><strong>thesauri</strong></span> <span class='ocrx_word' id='word_1_471' title='bbox 3479 2739 3760 2809; x_wconf 69' lang='lat' dir='ltr'><strong>sapientiai</strong></span> <span class='ocrx_word' id='word_1_472' title='bbox 3803 2753 3870 2792; x_wconf 83' lang='lat' dir='ltr'><strong>es</strong></span> 
     </span>
    </p>
   </div>
   <div class='ocr_carea' id='block_1_56' title="bbox 2265 2826 3862 2900">
    <p class='ocr_par' dir='ltr' id='par_1_56' title="bbox 2265 2826 3862 2900">
     <span class='ocr_line' id='line_1_56' title="bbox 2265 2826 3862 2900; baseline 0.006 -22"><span class='ocrx_word' id='word_1_473' title='bbox 2265 2826 2552 2880; x_wconf 67' lang='lat' dir='ltr'><strong>scientite?</strong></span> <span class='ocrx_word' id='word_1_474' title='bbox 2585 2827 2728 2884; x_wconf 87' lang='lat' dir='ltr'><strong>Dicis</strong></span> <span class='ocrx_word' id='word_1_475' title='bbox 2758 2844 2974 2900; x_wconf 79' lang='lat' dir='ltr'><strong>quoque</strong></span> <span class='ocrx_word' id='word_1_476' title='bbox 3004 2849 3017 2885; x_wconf 86' lang='lat'><strong>:</strong></span> <span class='ocrx_word' id='word_1_477' title='bbox 3058 2829 3180 2886; x_wconf 72' lang='lat' dir='ltr'><strong>Hea</strong></span> <span class='ocrx_word' id='word_1_478' title='bbox 3213 2833 3456 2888; x_wconf 80' lang='lat' dir='ltr'><strong>doctrina</strong></span> <span class='ocrx_word' id='word_1_479' title='bbox 3494 2850 3594 2887; x_wconf 82' lang='lat' dir='ltr'><strong>non</strong></span> <span class='ocrx_word' id='word_1_480' title='bbox 3627 2843 3704 2889; x_wconf 83' lang='lat' dir='ltr'><strong>est</strong></span> <span class='ocrx_word' id='word_1_481' title='bbox 3738 2850 3862 2888; x_wconf 69' lang='lat' dir='ltr'><strong>mea</strong></span> 
     </span>
    </p>
   </div>
   <div class='ocr_carea' id='block_1_57' title="bbox 2266 2914 3858 2996">
    <p class='ocr_par' dir='ltr' id='par_1_57' title="bbox 2266 2914 3858 2996">
     <span class='ocr_line' id='line_1_57' title="bbox 2266 2914 3858 2996; baseline 0.007 -27"><span class='ocrx_word' id='word_1_482' title='bbox 2266 2914 2448 2988; x_wconf 83' lang='lat' dir='ltr'><strong>(Joan.</strong></span> <span class='ocrx_word' id='word_1_483' title='bbox 2483 2933 2555 2972; x_wconf 77' lang='lat' dir='ltr'><strong>\‘ll</strong></span> <span class='ocrx_word' id='word_1_484' title='bbox 2580 2959 2593 2982; x_wconf 89' lang='lat'><strong>,</strong></span> <span class='ocrx_word' id='word_1_485' title='bbox 2627 2919 2731 2989; x_wconf 77' lang='grc'><strong>16)</strong></span> <span class='ocrx_word' id='word_1_486' title='bbox 2761 2938 2772 2984; x_wconf 89' lang='grc'>;</span> <span class='ocrx_word' id='word_1_487' title='bbox 2803 2930 2894 2976; x_wconf 90' lang='lat' dir='ltr'><strong>et:</strong></span> <span class='ocrx_word' id='word_1_488' title='bbox 2931 2921 3238 2977; x_wconf 70' lang='lat' dir='ltr'><strong>Sermonem</strong></span> <span class='ocrx_word' id='word_1_489' title='bbox 3259 2966 3273 2986; x_wconf 95' lang='lat'><strong>,</strong></span> <span class='ocrx_word' id='word_1_490' title='bbox 3303 2941 3456 2996; x_wconf 80' lang='lat' dir='ltr'><strong>quem</strong></span> <span class='ocrx_word' id='word_1_491' title='bbox 3477 2925 3718 2991; x_wconf 77' lang='lat' dir='ltr'><strong>audistis,</strong></span> <span class='ocrx_word' id='word_1_492' title='bbox 3751 2941 3858 2980; x_wconf 79' lang='lat' dir='ltr'><strong>non</strong></span> 
     </span>
    </p>
   </div>
   <div class='ocr_carea' id='block_1_58' title="bbox 2269 3010 3862 3089">
    <p class='ocr_par' dir='ltr' id='par_1_58' title="bbox 2269 3010 3862 3089">
     <span class='ocr_line' id='line_1_58' title="bbox 2269 3010 3862 3089; baseline 0.004 -25"><span class='ocrx_word' id='word_1_493' title='bbox 2269 3019 2346 3064; x_wconf 77' lang='lat' dir='ltr'><strong>est</strong></span> <span class='ocrx_word' id='word_1_494' title='bbox 2379 3026 2523 3066; x_wconf 81' lang='lat' dir='ltr'><strong>meus</strong></span> <span class='ocrx_word' id='word_1_495' title='bbox 2556 3010 2738 3081; x_wconf 82' lang='lat' dir='ltr'><strong>(Joan.</strong></span> <span class='ocrx_word' id='word_1_496' title='bbox 2766 3029 2878 3078; x_wconf 75' lang='lat' dir='ltr'><strong>xiv,</strong></span> <span class='ocrx_word' id='word_1_497' title='bbox 2910 3013 3021 3085; x_wconf 62' lang='lat'><strong>24).</strong></span> <span class='ocrx_word' id='word_1_498' title='bbox 3055 3012 3161 3069; x_wconf 80' lang='lat' dir='ltr'><strong>Res</strong></span> <span class='ocrx_word' id='word_1_499' title='bbox 3189 3017 3357 3070; x_wconf 91' lang='lat' dir='ltr'><strong>mira!</strong></span> <span class='ocrx_word' id='word_1_500' title='bbox 3393 3015 3508 3081; x_wconf 90' lang='lat' dir='ltr'><strong>Dic,</strong></span> <span class='ocrx_word' id='word_1_501' title='bbox 3538 3032 3690 3089; x_wconf 84' lang='lat' dir='ltr'><strong>rogo,</strong></span> <span class='ocrx_word' id='word_1_502' title='bbox 3720 3018 3862 3072; x_wconf 87' lang='lat' dir='ltr'><strong>Ver-</strong></span> 
     </span>
    </p>
   </div>
   <div class='ocr_carea' id='block_1_59' title="bbox 2265 3099 3858 3178">
    <p class='ocr_par' dir='ltr' id='par_1_59' title="bbox 2265 3099 3858 3178">
     <span class='ocr_line' id='line_1_59' title="bbox 2265 3099 3858 3178; baseline 0.003 -22"><span class='ocrx_word' id='word_1_503' title='bbox 2265 3099 2391 3156; x_wconf 90' lang='lat' dir='ltr'><strong>bum</strong></span> <span class='ocrx_word' id='word_1_504' title='bbox 2431 3099 2630 3157; x_wconf 82' lang='lat' dir='ltr'><strong>Patris.</strong></span> <span class='ocrx_word' id='word_1_505' title='bbox 2671 3102 2977 3173; x_wconf 85' lang='lat' dir='ltr'><strong>Responde,</strong></span> <span class='ocrx_word' id='word_1_506' title='bbox 3019 3119 3236 3174; x_wconf 64' lang='lat' dir='ltr'><strong>quaeso,</strong></span> <span class='ocrx_word' id='word_1_507' title='bbox 3271 3106 3440 3162; x_wconf 75' lang='lat' dir='ltr'><strong>virtus</strong></span> <span class='ocrx_word' id='word_1_508' title='bbox 3487 3117 3543 3161; x_wconf 91' lang='lat' dir='ltr'><strong>et</strong></span> <span class='ocrx_word' id='word_1_509' title='bbox 3588 3108 3858 3178; x_wconf 86' lang='lat' dir='ltr'><strong>sapientia</strong></span> 
     </span>
    </p>
   </div>
   <div class='ocr_carea' id='block_1_60' title="bbox 2268 3195 3862 3271">
    <p class='ocr_par' dir='ltr' id='par_1_60' title="bbox 2268 3195 3862 3271">
     <span class='ocr_line' id='line_1_60' title="bbox 2268 3195 3862 3271; baseline 0.003 -21"><span class='ocrx_word' id='word_1_510' title='bbox 2268 3195 2470 3250; x_wconf 82' lang='lat' dir='ltr'><strong>summi</strong></span> <span class='ocrx_word' id='word_1_511' title='bbox 2498 3196 2782 3268; x_wconf 90' lang='lat' dir='ltr'><strong>principii,</strong></span> <span class='ocrx_word' id='word_1_512' title='bbox 2813 3198 2909 3253; x_wconf 89' lang='lat' dir='ltr'><strong>sed</strong></span> <span class='ocrx_word' id='word_1_513' title='bbox 2949 3205 3005 3252; x_wconf 90' lang='lat' dir='ltr'><strong>tu</strong></span> <span class='ocrx_word' id='word_1_514' title='bbox 3043 3195 3159 3268; x_wconf 86' lang='lat' dir='ltr'><strong>ipse</strong></span> <span class='ocrx_word' id='word_1_515' title='bbox 3187 3198 3513 3271; x_wconf 89' lang='lat' dir='ltr'><strong>principium</strong></span> <span class='ocrx_word' id='word_1_516' title='bbox 3551 3199 3620 3256; x_wconf 88' lang='lat' dir='ltr'><strong>de</strong></span> <span class='ocrx_word' id='word_1_517' title='bbox 3653 3199 3862 3271; x_wconf 81' lang='lat' dir='ltr'><strong>princi-</strong></span> 
     </span>
    </p>
   </div>
   <div class='ocr_carea' id='block_1_61' title="bbox 576 3289 2176 3394">
    <p class='ocr_par' dir='ltr' id='par_1_61' title="bbox 576 3313 2158 3392">
     <span class='ocr_line' id='line_1_61' title="bbox 576 3313 2158 3392; baseline -0.004 -17"><span class='ocrx_word' id='word_1_518' title='bbox 576 3321 703 3392; x_wconf 85' lang='lat' dir='ltr'><strong>quia</strong></span> <span class='ocrx_word' id='word_1_519' title='bbox 727 3320 938 3391; x_wconf 84' lang='lat' dir='ltr'><strong>genitus</strong></span> <span class='ocrx_word' id='word_1_520' title='bbox 962 3325 1016 3374; x_wconf 92' lang='lat' dir='ltr'><strong>et</strong></span> <span class='ocrx_word' id='word_1_521' title='bbox 1045 3333 1076 3373; x_wconf 83' lang='lat' dir='ltr'><strong>a</strong></span> <span class='ocrx_word' id='word_1_522' title='bbox 1104 3326 1155 3373; x_wconf 88' lang='lat' dir='ltr'><strong>te</strong></span> <span class='ocrx_word' id='word_1_523' title='bbox 1182 3317 1279 3382; x_wconf 89' lang='lat' dir='ltr'><strong>sit,</strong></span> <span class='ocrx_word' id='word_1_524' title='bbox 1305 3331 1410 3371; x_wconf 91' lang='lat' dir='ltr'><strong>non</strong></span> <span class='ocrx_word' id='word_1_525' title='bbox 1436 3331 1464 3369; x_wconf 90' lang='lat' dir='ltr'><strong>a</strong></span> <span class='ocrx_word' id='word_1_526' title='bbox 1493 3329 1572 3380; x_wconf 89' lang='lat' dir='ltr'><strong>se,</strong></span> <span class='ocrx_word' id='word_1_527' title='bbox 1598 3316 1662 3370; x_wconf 92' lang='lat' dir='ltr'><strong>de</strong></span> <span class='ocrx_word' id='word_1_528' title='bbox 1686 3313 1891 3384; x_wconf 83' lang='lat' dir='ltr'><strong>Spiritu</strong></span> <span class='ocrx_word' id='word_1_529' title='bbox 1920 3329 2158 3385; x_wconf 88' lang='lat' dir='ltr'><strong>namque</strong></span> 
     </span>
    </p>
   </div>
   <div class='ocr_carea' id='block_1_62' title="bbox 2260 3289 3854 3394">
    <p class='ocr_par' dir='ltr' id='par_1_62' title="bbox 2263 3289 3854 3366">
     <span class='ocr_line' id='line_1_62' title="bbox 2263 3289 3854 3366; baseline 0.004 -24"><span class='ocrx_word' id='word_1_530' title='bbox 2263 3289 2355 3359; x_wconf 91' lang='lat' dir='ltr'><strong>pio</strong></span> <span class='ocrx_word' id='word_1_531' title='bbox 2381 3306 2395 3352; x_wconf 91' lang='lat'><strong>;</strong></span> <span class='ocrx_word' id='word_1_532' title='bbox 2425 3305 2531 3344; x_wconf 90' lang='lat' dir='ltr'><strong>non</strong></span> <span class='ocrx_word' id='word_1_533' title='bbox 2559 3290 2665 3344; x_wconf 78' lang='lat' dir='ltr'><strong>duo</strong></span> <span class='ocrx_word' id='word_1_534' title='bbox 2690 3290 2958 3362; x_wconf 82' lang='lat' dir='ltr'><strong>principia</strong></span> <span class='ocrx_word' id='word_1_535' title='bbox 2981 3333 2995 3355; x_wconf 95' lang='lat'><strong>,</strong></span> <span class='ocrx_word' id='word_1_536' title='bbox 3024 3293 3118 3347; x_wconf 88' lang='lat' dir='ltr'><strong>sed</strong></span> <span class='ocrx_word' id='word_1_537' title='bbox 3143 3307 3307 3349; x_wconf 87' lang='lat' dir='ltr'><strong>unum</strong></span> <span class='ocrx_word' id='word_1_538' title='bbox 3337 3302 3483 3348; x_wconf 87' lang='lat' dir='ltr'><strong>certe</strong></span> <span class='ocrx_word' id='word_1_539' title='bbox 3508 3294 3854 3366; x_wconf 88' lang='lat' dir='ltr'><strong>principium.</strong></span> 
     </span>
    </p>
   </div>
   <div class='ocr_carea' id='block_1_63' title="bbox 576 3382 3860 3483">
    <p class='ocr_par' dir='ltr' id='par_1_63' title="bbox 576 3382 3860 3483">
     <span class='ocr_line' id='line_1_63' title="bbox 576 3382 3860 3483; baseline -0.007 -12"><span class='ocrx_word' id='word_1_540' title='bbox 576 3382 797 3474; x_wconf 57' lang='lat' dir='ltr'><strong>sancto,</strong></span> <span class='ocrx_word' id='word_1_541' title='bbox 829 3411 956 3483; x_wconf 86' lang='lat' dir='ltr'><strong>quia</strong></span> <span class='ocrx_word' id='word_1_542' title='bbox 983 3409 1282 3482; x_wconf 85' lang='lat' dir='ltr'><strong>procedens</strong></span> <span class='ocrx_word' id='word_1_543' title='bbox 1303 3449 1316 3474; x_wconf 94' lang='lat'><strong>,</strong></span> <span class='ocrx_word' id='word_1_544' title='bbox 1343 3415 1399 3463; x_wconf 91' lang='lat' dir='ltr'><strong>et</strong></span> <span class='ocrx_word' id='word_1_545' title='bbox 1428 3424 1457 3462; x_wconf 91' lang='lat' dir='ltr'><strong>a</strong></span> <span class='ocrx_word' id='word_1_546' title='bbox 1488 3423 1546 3462; x_wconf 89' lang='lat' dir='ltr'><strong>se</strong></span> <span class='ocrx_word' id='word_1_547' title='bbox 1574 3422 1680 3462; x_wconf 90' lang='lat' dir='ltr'><strong>non</strong></span> <span class='ocrx_word' id='word_1_548' title='bbox 1711 3382 1781 3462; x_wconf 78' lang='lat' dir='ltr'><strong>sit</strong></span> <span class='ocrx_word' id='word_1_549' title='bbox 1802 3450 1815 3472; x_wconf 91' lang='lat'><strong>,</strong></span> <span class='ocrx_word' id='word_1_550' title='bbox 1847 3408 1946 3463; x_wconf 85' lang='lat' dir='ltr'><strong>sed</strong></span> <span class='ocrx_word' id='word_1_551' title='bbox 1973 3422 2004 3463; x_wconf 89' lang='lat' dir='ltr'><strong>a</strong></span> <span class='ocrx_word' id='word_1_552' title='bbox 2035 3382 2087 3462; x_wconf 77' lang='lat' dir='ltr'><strong>te</strong></span> <span class='ocrx_word' id='word_1_553' title='bbox 2114 3414 2167 3461; x_wconf 92' lang='lat' dir='ltr'><strong>ct</strong></span> <span class='ocrx_word' id='word_1_554' title='bbox 2190 3382 2232 3393; x_wconf 55' lang='lat'><strong><em>—</em></strong></span> <span class='ocrx_word' id='word_1_555' title='bbox 2383 3424 2397 3448; x_wconf 72' lang='grc' dir='ltr'><strong>ν</strong></span> <span class='ocrx_word' id='word_1_556' title='bbox 2421 3383 2667 3483; x_wconf 37' lang='grc' dir='ltr'><strong>’νέτδυῖη</strong></span> <span class='ocrx_word' id='word_1_557' title='bbox 2699 3399 3211 3483; x_wconf 23' lang='grc' dir='ltr'><strong>εθωβθΐ-ῐῐξῖξηθηᾳε.</strong></span> <span class='ocrx_word' id='word_1_558' title='bbox 3252 3385 3387 3442; x_wconf 75' lang='lat' dir='ltr'><strong>doce</strong></span> <span class='ocrx_word' id='word_1_559' title='bbox 3420 3401 3637 3442; x_wconf 68' lang='lat' dir='ltr'><strong>servum</strong></span> <span class='ocrx_word' id='word_1_560' title='bbox 3675 3387 3860 3483; x_wconf 57' lang='lat' dir='ltr'><strong>humi:-</strong></span> 
     </span>
    </p>
   </div>
   <div class='ocr_carea' id='block_1_64' title="bbox 576 3497 2164 3574">
    <p class='ocr_par' dir='ltr' id='par_1_64' title="bbox 576 3497 2164 3574">
     <span class='ocr_line' id='line_1_64' title="bbox 576 3497 2164 3574; baseline -0.006 -15"><span class='ocrx_word' id='word_1_561' title='bbox 576 3503 751 3564; x_wconf 78' lang='lat' dir='ltr'><strong>Filio,</strong></span> <span class='ocrx_word' id='word_1_562' title='bbox 799 3515 1029 3574; x_wconf 89' lang='lat' dir='ltr'><strong>quorum</strong></span> <span class='ocrx_word' id='word_1_563' title='bbox 1072 3508 1158 3556; x_wconf 89' lang='lat' dir='ltr'><strong>est</strong></span> <span class='ocrx_word' id='word_1_564' title='bbox 1203 3497 1559 3569; x_wconf 86' lang='lat' dir='ltr'><strong>Spiritus.lta</strong></span> <span class='ocrx_word' id='word_1_565' title='bbox 1600 3508 1779 3561; x_wconf 87' lang='lat' dir='ltr'><strong>tenus,</strong></span> <span class='ocrx_word' id='word_1_566' title='bbox 1824 3505 1882 3553; x_wconf 90' lang='lat' dir='ltr'><strong>ut</strong></span> <span class='ocrx_word' id='word_1_567' title='bbox 1925 3499 2068 3553; x_wconf 91' lang='lat' dir='ltr'><strong>sicut</strong></span> <span class='ocrx_word' id='word_1_568' title='bbox 2111 3505 2164 3550; x_wconf 91' lang='lat' dir='ltr'><strong>tu</strong></span> 
     </span>
    </p>
   </div>
   <div class='ocr_carea' id='block_1_65' title="bbox 575 3589 2166 3664">
    <p class='ocr_par' dir='ltr' id='par_1_65' title="bbox 575 3589 2166 3664">
     <span class='ocr_line' id='line_1_65' title="bbox 575 3589 2166 3664; baseline -0.004 -13"><span class='ocrx_word' id='word_1_569' title='bbox 575 3595 739 3651; x_wconf 83' lang='lat' dir='ltr'><strong>Pater</strong></span> <span class='ocrx_word' id='word_1_570' title='bbox 781 3607 881 3649; x_wconf 87' lang='lat' dir='ltr'><strong>nec</strong></span> <span class='ocrx_word' id='word_1_571' title='bbox 923 3591 1165 3664; x_wconf 85' lang='lat' dir='ltr'><strong>genitus,</strong></span> <span class='ocrx_word' id='word_1_572' title='bbox 1201 3605 1313 3646; x_wconf 82' lang='lat' dir='ltr'><strong>nec</strong></span> <span class='ocrx_word' id='word_1_573' title='bbox 1356 3591 1655 3660; x_wconf 87' lang='lat' dir='ltr'><strong>procedens</strong></span> <span class='ocrx_word' id='word_1_574' title='bbox 1700 3591 1805 3649; x_wconf 83' lang='lat' dir='ltr'><strong>dici</strong></span> <span class='ocrx_word' id='word_1_575' title='bbox 1847 3599 2038 3662; x_wconf 88' lang='lat' dir='ltr'><strong>potes;</strong></span> <span class='ocrx_word' id='word_1_576' title='bbox 2087 3589 2166 3644; x_wconf 88' lang='lat' dir='ltr'><strong>sic</strong></span> 
     </span>
    </p>
   </div>
   <div class='ocr_carea' id='block_1_66' title="bbox 580 3687 2167 3762">
    <p class='ocr_par' dir='ltr' id='par_1_66' title="bbox 580 3687 2167 3762">
     <span class='ocr_line' id='line_1_66' title="bbox 580 3687 2167 3762; baseline -0.001 -14"><span class='ocrx_word' id='word_1_577' title='bbox 580 3693 621 3748; x_wconf 82' lang='lat' dir='ltr'>F</span> <span class='ocrx_word' id='word_1_578' title='bbox 628 3693 752 3748; x_wconf 91' lang='lat' dir='ltr'><strong>ilius</strong></span> <span class='ocrx_word' id='word_1_579' title='bbox 781 3707 879 3748; x_wconf 90' lang='lat' dir='ltr'><strong>nec</strong></span> <span class='ocrx_word' id='word_1_580' title='bbox 919 3691 1222 3762; x_wconf 83' lang='lat' dir='ltr'><strong>ingenitus,</strong></span> <span class='ocrx_word' id='word_1_581' title='bbox 1269 3705 1371 3746; x_wconf 90' lang='lat' dir='ltr'><strong>nec</strong></span> <span class='ocrx_word' id='word_1_582' title='bbox 1415 3690 1755 3761; x_wconf 87' lang='lat' dir='ltr'><strong>procedens;</strong></span> <span class='ocrx_word' id='word_1_583' title='bbox 1805 3690 1885 3744; x_wconf 87' lang='lat' dir='ltr'><strong>sic</strong></span> <span class='ocrx_word' id='word_1_584' title='bbox 1929 3687 2167 3760; x_wconf 86' lang='lat' dir='ltr'><strong>Spiritus</strong></span> 
     </span>
    </p>
   </div>
   <div class='ocr_carea' id='block_1_67' title="bbox 578 3781 2160 3855">
    <p class='ocr_par' dir='ltr' id='par_1_67' title="bbox 578 3781 2160 3855">
     <span class='ocr_line' id='line_1_67' title="bbox 578 3781 2160 3855; baseline -0.003 -15"><span class='ocrx_word' id='word_1_585' title='bbox 578 3791 802 3840; x_wconf 82' lang='lat' dir='ltr'><strong>sanctus</strong></span> <span class='ocrx_word' id='word_1_586' title='bbox 843 3797 943 3839; x_wconf 90' lang='lat' dir='ltr'><strong>nec</strong></span> <span class='ocrx_word' id='word_1_587' title='bbox 985 3781 1286 3854; x_wconf 89' lang='lat' dir='ltr'><strong>ingenitus,</strong></span> <span class='ocrx_word' id='word_1_588' title='bbox 1330 3796 1434 3836; x_wconf 85' lang='lat' dir='ltr'><strong>nec</strong></span> <span class='ocrx_word' id='word_1_589' title='bbox 1477 3782 1693 3855; x_wconf 85' lang='lat' dir='ltr'><strong>genitus</strong></span> <span class='ocrx_word' id='word_1_590' title='bbox 1737 3781 1844 3837; x_wconf 86' lang='lat' dir='ltr'><strong>dici</strong></span> <span class='ocrx_word' id='word_1_591' title='bbox 1890 3781 2160 3837; x_wconf 85' lang='lat' dir='ltr'><strong>debeant:</strong></span> 
     </span>
    </p>
   </div>
   <div class='ocr_carea' id='block_1_68' title="bbox 575 3871 2164 3948">
    <p class='ocr_par' dir='ltr' id='par_1_68' title="bbox 575 3871 2164 3948">
     <span class='ocr_line' id='line_1_68' title="bbox 575 3871 2164 3948; baseline -0.001 -18"><span class='ocrx_word' id='word_1_592' title='bbox 575 3875 834 3948; x_wconf 87' lang='lat' dir='ltr'><strong>quatinus</strong></span> <span class='ocrx_word' id='word_1_593' title='bbox 872 3888 1232 3944; x_wconf 86' lang='lat' dir='ltr'><strong>personarum</strong></span> <span class='ocrx_word' id='word_1_594' title='bbox 1278 3873 1582 3948; x_wconf 86' lang='lat' dir='ltr'><strong>proprietas</strong></span> <span class='ocrx_word' id='word_1_595' title='bbox 1628 3881 1685 3929; x_wconf 88' lang='lat' dir='ltr'><strong>te</strong></span> <span class='ocrx_word' id='word_1_596' title='bbox 1733 3888 1899 3929; x_wconf 90' lang='lat' dir='ltr'><strong>unum</strong></span> <span class='ocrx_word' id='word_1_597' title='bbox 1946 3871 2164 3929; x_wconf 86' lang='lat' dir='ltr'><strong>Patrem</strong></span> 
     </span>
    </p>
   </div>
   <div class='ocr_carea' id='block_1_69' title="bbox 577 3971 2163 4046">
    <p class='ocr_par' dir='ltr' id='par_1_69' title="bbox 577 3971 2163 4046">
     <span class='ocr_line' id='line_1_69' title="bbox 577 3971 2163 4046; baseline -0.001 -15"><span class='ocrx_word' id='word_1_598' title='bbox 577 3975 740 4031; x_wconf 84' lang='lat' dir='ltr'><strong>simul</strong></span> <span class='ocrx_word' id='word_1_599' title='bbox 780 3989 902 4031; x_wconf 90' lang='lat' dir='ltr'><strong>cum</strong></span> <span class='ocrx_word' id='word_1_600' title='bbox 939 3987 1049 4029; x_wconf 90' lang='lat' dir='ltr'><strong>uno</strong></span> <span class='ocrx_word' id='word_1_601' title='bbox 1088 3971 1258 4040; x_wconf 85' lang='lat' dir='ltr'><strong>Filio,</strong></span> <span class='ocrx_word' id='word_1_602' title='bbox 1288 3980 1347 4032; x_wconf 86' lang='lat' dir='ltr'><strong>et</strong></span> <span class='ocrx_word' id='word_1_603' title='bbox 1383 3988 1492 4029; x_wconf 86' lang='lat' dir='ltr'><strong>uno</strong></span> <span class='ocrx_word' id='word_1_604' title='bbox 1528 3983 1723 4029; x_wconf 86' lang='lat' dir='ltr'><strong>sancto</strong></span> <span class='ocrx_word' id='word_1_605' title='bbox 1761 3971 1965 4046; x_wconf 89' lang='lat' dir='ltr'><strong>Spiritu</strong></span> <span class='ocrx_word' id='word_1_606' title='bbox 2006 3974 2163 4030; x_wconf 87' lang='lat' dir='ltr'><strong>nobis</strong></span> 
     </span>
    </p>
   </div>
   <div class='ocr_carea' id='block_1_70' title="bbox 575 4067 2162 4143">
    <p class='ocr_par' dir='ltr' id='par_1_70' title="bbox 575 4067 2162 4143">
     <span class='ocr_line' id='line_1_70' title="bbox 575 4067 2162 4143; baseline -0.002 -16"><span class='ocrx_word' id='word_1_607' title='bbox 575 4079 828 4143; x_wconf 88' lang='lat' dir='ltr'><strong>patenter</strong></span> <span class='ocrx_word' id='word_1_608' title='bbox 849 4071 1118 4126; x_wconf 77' lang='lat' dir='ltr'><strong>ostendat.</strong></span> <span class='ocrx_word' id='word_1_609' title='bbox 1145 4067 1277 4136; x_wconf 84' lang='lat' dir='ltr'><strong>Quis</strong></span> <span class='ocrx_word' id='word_1_610' title='bbox 1299 4067 1572 4141; x_wconf 88' lang='lat' dir='ltr'><strong>prioribus</strong></span> <span class='ocrx_word' id='word_1_611' title='bbox 1595 4069 1807 4124; x_wconf 63' lang='lat' dir='ltr'><strong>saxulis</strong></span> <span class='ocrx_word' id='word_1_612' title='bbox 1834 4070 1889 4124; x_wconf 90' lang='lat' dir='ltr'><strong>in</strong></span> <span class='ocrx_word' id='word_1_613' title='bbox 1920 4077 1971 4124; x_wconf 89' lang='lat' dir='ltr'><strong>te</strong></span> <span class='ocrx_word' id='word_1_614' title='bbox 1995 4085 2162 4125; x_wconf 88' lang='lat' dir='ltr'><strong>unum</strong></span> 
     </span>
    </p>
   </div>
   <div class='ocr_carea' id='block_1_71' title="bbox 576 4160 2159 4232">
    <p class='ocr_par' dir='ltr' id='par_1_71' title="bbox 576 4160 2159 4232">
     <span class='ocr_line' id='line_1_71' title="bbox 576 4160 2159 4232; baseline -0.001 -14"><span class='ocrx_word' id='word_1_615' title='bbox 576 4164 798 4218; x_wconf 83' lang='lat' dir='ltr'><strong>credere</strong></span> <span class='ocrx_word' id='word_1_616' title='bbox 839 4162 1046 4225; x_wconf 76' lang='lat' dir='ltr'><strong>Deum,</strong></span> <span class='ocrx_word' id='word_1_617' title='bbox 1087 4169 1141 4217; x_wconf 89' lang='lat' dir='ltr'><strong>et</strong></span> <span class='ocrx_word' id='word_1_618' title='bbox 1184 4169 1236 4217; x_wconf 85' lang='lat' dir='ltr'><strong>te</strong></span> <span class='ocrx_word' id='word_1_619' title='bbox 1273 4160 1517 4218; x_wconf 79' lang='lat' dir='ltr'><strong>conﬁteri</strong></span> <span class='ocrx_word' id='word_1_620' title='bbox 1562 4162 1797 4227; x_wconf 91' lang='lat' dir='ltr'><strong>trinum,</strong></span> <span class='ocrx_word' id='word_1_621' title='bbox 1827 4176 2003 4232; x_wconf 85' lang='lat' dir='ltr'><strong>neque</strong></span> <span class='ocrx_word' id='word_1_622' title='bbox 2031 4161 2159 4217; x_wconf 89' lang='lat' dir='ltr'><strong>sub-</strong></span> 
     </span>
    </p>
   </div>
   <div class='ocr_carea' id='block_1_72' title="bbox 578 4256 2161 4326">
    <p class='ocr_par' dir='ltr' id='par_1_72' title="bbox 578 4256 2161 4326">
     <span class='ocr_line' id='line_1_72' title="bbox 578 4256 2161 4326; baseline 0.001 -15"><span class='ocrx_word' id='word_1_623' title='bbox 578 4258 834 4312; x_wconf 83' lang='lat' dir='ltr'><strong>stantiam</strong></span> <span class='ocrx_word' id='word_1_624' title='bbox 863 4270 1150 4325; x_wconf 87' lang='lat' dir='ltr'><strong>separans,</strong></span> <span class='ocrx_word' id='word_1_625' title='bbox 1183 4269 1358 4326; x_wconf 87' lang='lat' dir='ltr'><strong>neque</strong></span> <span class='ocrx_word' id='word_1_626' title='bbox 1387 4270 1648 4326; x_wconf 87' lang='lat' dir='ltr'><strong>personas</strong></span> <span class='ocrx_word' id='word_1_627' title='bbox 1677 4256 2014 4313; x_wconf 72' lang='lat' dir='ltr'><strong>coitiundens</strong></span> <span class='ocrx_word' id='word_1_628' title='bbox 2035 4299 2049 4322; x_wconf 92' lang='lat'><strong>,</strong></span> <span class='ocrx_word' id='word_1_629' title='bbox 2080 4256 2161 4313; x_wconf 87' lang='lat' dir='ltr'><strong>sic</strong></span> 
     </span>
    </p>
   </div>
   <div class='ocr_carea' id='block_1_73' title="bbox 575 4355 2161 4428">
    <p class='ocr_par' dir='ltr' id='par_1_73' title="bbox 575 4355 2161 4428">
     <span class='ocr_line' id='line_1_73' title="bbox 575 4355 2161 4428; baseline 0.003 -17"><span class='ocrx_word' id='word_1_630' title='bbox 575 4356 871 4428; x_wconf 85' lang='lat' dir='ltr'><strong>prudenter</strong></span> <span class='ocrx_word' id='word_1_631' title='bbox 903 4355 1194 4420; x_wconf 75' lang='lat' dir='ltr'><strong>intellexit,</strong></span> <span class='ocrx_word' id='word_1_632' title='bbox 1224 4356 1305 4413; x_wconf 91' lang='lat' dir='ltr'><strong>sic</strong></span> <span class='ocrx_word' id='word_1_633' title='bbox 1332 4355 1509 4427; x_wconf 88' lang='lat' dir='ltr'><strong>palam</strong></span> <span class='ocrx_word' id='word_1_634' title='bbox 1547 4357 1759 4428; x_wconf 88' lang='lat' dir='ltr'><strong>sapuit,</strong></span> <span class='ocrx_word' id='word_1_635' title='bbox 1805 4359 1994 4428; x_wconf 90' lang='lat' dir='ltr'><strong>sicque</strong></span> <span class='ocrx_word' id='word_1_636' title='bbox 2032 4375 2161 4415; x_wconf 89' lang='lat' dir='ltr'><strong>vere</strong></span> 
     </span>
    </p>
   </div>
   <div class='ocr_carea' id='block_1_74' title="bbox 577 4447 2160 4523">
    <p class='ocr_par' dir='ltr' id='par_1_74' title="bbox 577 4447 2160 4523">
     <span class='ocr_line' id='line_1_74' title="bbox 577 4447 2160 4523; baseline 0.002 -17"><span class='ocrx_word' id='word_1_637' title='bbox 577 4448 872 4521; x_wconf 77' lang='lat' dir='ltr'><strong>cognovit?</strong></span> <span class='ocrx_word' id='word_1_638' title='bbox 897 4447 1066 4504; x_wconf 80' lang='lat' dir='ltr'><strong>Filius</strong></span> <span class='ocrx_word' id='word_1_639' title='bbox 1094 4464 1224 4505; x_wconf 87' lang='lat' dir='ltr'><strong>sane</strong></span> <span class='ocrx_word' id='word_1_640' title='bbox 1252 4458 1376 4504; x_wconf 88' lang='lat' dir='ltr'><strong>tuus</strong></span> <span class='ocrx_word' id='word_1_641' title='bbox 1416 4451 1615 4507; x_wconf 89' lang='lat' dir='ltr'><strong>missus</strong></span> <span class='ocrx_word' id='word_1_642' title='bbox 1653 4453 1722 4507; x_wconf 92' lang='lat' dir='ltr'><strong>ad</strong></span> <span class='ocrx_word' id='word_1_643' title='bbox 1762 4451 2033 4523; x_wconf 88' lang='lat' dir='ltr'><strong>publicum</strong></span> <span class='ocrx_word' id='word_1_644' title='bbox 2062 4469 2160 4509; x_wconf 92' lang='lat' dir='ltr'><strong>no-</strong></span> 
     </span>
    </p>
   </div>
   <div class='ocr_carea' id='block_1_75' title="bbox 577 4540 2156 4599">
    <p class='ocr_par' dir='ltr' id='par_1_75' title="bbox 577 4540 2156 4599">
     <span class='ocr_line' id='line_1_75' title="bbox 577 4540 2156 4599; baseline 0.001 -1"><span class='ocrx_word' id='word_1_645' title='bbox 577 4551 748 4598; x_wconf 85' lang='lat' dir='ltr'><strong>strum</strong></span> <span class='ocrx_word' id='word_1_646' title='bbox 775 4541 840 4596; x_wconf 91' lang='lat' dir='ltr'><strong>de</strong></span> <span class='ocrx_word' id='word_1_647' title='bbox 866 4541 985 4596; x_wconf 89' lang='lat' dir='ltr'><strong>sinu</strong></span> <span class='ocrx_word' id='word_1_648' title='bbox 1013 4549 1105 4596; x_wconf 90' lang='lat' dir='ltr'><strong>tuo</strong></span> <span class='ocrx_word' id='word_1_649' title='bbox 1143 4541 1282 4596; x_wconf 89' lang='lat' dir='ltr'><strong>hanc</strong></span> <span class='ocrx_word' id='word_1_650' title='bbox 1326 4551 1489 4596; x_wconf 72' lang='lat' dir='ltr'><strong>recta:</strong></span> <span class='ocrx_word' id='word_1_651' title='bbox 1512 4540 1636 4598; x_wconf 75' lang='lat' dir='ltr'><strong>ﬁdei</strong></span> <span class='ocrx_word' id='word_1_652' title='bbox 1666 4557 1908 4598; x_wconf 90' lang='lat' dir='ltr'><strong>normam</strong></span> <span class='ocrx_word' id='word_1_653' title='bbox 1935 4543 2156 4599; x_wconf 88' lang='lat' dir='ltr'><strong>eviden-</strong></span> 
     </span>
    </p>
   </div>
   <div class='ocr_carea' id='block_1_76' title="bbox 577 4629 2157 4703">
    <p class='ocr_par' dir='ltr' id='par_1_76' title="bbox 577 4629 2157 4703">
     <span class='ocr_line' id='line_1_76' title="bbox 577 4629 2157 4703; baseline 0.003 -17"><span class='ocrx_word' id='word_1_654' title='bbox 577 4633 682 4688; x_wconf 91' lang='lat' dir='ltr'><strong>tius</strong></span> <span class='ocrx_word' id='word_1_655' title='bbox 709 4633 833 4688; x_wconf 83' lang='lat' dir='ltr'><strong>huic</strong></span> <span class='ocrx_word' id='word_1_656' title='bbox 856 4631 1057 4687; x_wconf 72' lang='lat' dir='ltr'><strong>ultima:</strong></span> <span class='ocrx_word' id='word_1_657' title='bbox 1082 4629 1335 4702; x_wconf 86' lang='lat' dir='ltr'><strong>pateleeit</strong></span> <span class='ocrx_word' id='word_1_658' title='bbox 1358 4633 1524 4687; x_wconf 73' lang='lat' dir='ltr'><strong>tutati.</strong></span> <span class='ocrx_word' id='word_1_659' title='bbox 1551 4632 1874 4703; x_wconf 85' lang='lat' dir='ltr'><strong>Priusquam</strong></span> <span class='ocrx_word' id='word_1_660' title='bbox 1895 4643 2157 4690; x_wconf 74' lang='lat' dir='ltr'><strong>creaturae</strong></span> 
     </span>
    </p>
   </div>
   <div class='ocr_carea' id='block_1_77' title="bbox 574 4733 2154 4799">
    <p class='ocr_par' dir='ltr' id='par_1_77' title="bbox 574 4733 2154 4799">
     <span class='ocr_line' id='line_1_77' title="bbox 574 4733 2154 4799; baseline 0.001 -10"><span class='ocrx_word' id='word_1_661' title='bbox 574 4734 891 4792; x_wconf 88' lang='lat' dir='ltr'><strong>ostenderes</strong></span> <span class='ocrx_word' id='word_1_662' title='bbox 936 4733 1281 4799; x_wconf 84' lang='lat' dir='ltr'><strong>Creatorem,</strong></span> <span class='ocrx_word' id='word_1_663' title='bbox 1333 4734 1386 4789; x_wconf 91' lang='lat' dir='ltr'><strong>in</strong></span> <span class='ocrx_word' id='word_1_664' title='bbox 1436 4733 1548 4788; x_wconf 86' lang='lat' dir='ltr'><strong>sola</strong></span> <span class='ocrx_word' id='word_1_665' title='bbox 1596 4745 1757 4790; x_wconf 89' lang='lat' dir='ltr'><strong>notus</strong></span> <span class='ocrx_word' id='word_1_666' title='bbox 1802 4751 1925 4792; x_wconf 87' lang='lat' dir='ltr'><strong>eras</strong></span> <span class='ocrx_word' id='word_1_667' title='bbox 1971 4735 2154 4792; x_wconf 76' lang='lat' dir='ltr'><strong>Judzea</strong></span> 
     </span>
    </p>
   </div>
   <div class='ocr_carea' id='block_1_78' title="bbox 576 4823 2155 4894">
    <p class='ocr_par' dir='ltr' id='par_1_78' title="bbox 576 4823 2155 4894">
     <span class='ocr_line' id='line_1_78' title="bbox 576 4823 2155 4894; baseline 0.001 -12"><span class='ocrx_word' id='word_1_668' title='bbox 576 4827 719 4882; x_wconf 83' lang='lat' dir='ltr'><strong>Deus</strong></span> <span class='ocrx_word' id='word_1_669' title='bbox 740 4864 752 4888; x_wconf 93' lang='lat'><strong>,</strong></span> <span class='ocrx_word' id='word_1_670' title='bbox 784 4833 838 4876; x_wconf 90' lang='lat' dir='ltr'><strong>ct</strong></span> <span class='ocrx_word' id='word_1_671' title='bbox 868 4823 919 4878; x_wconf 88' lang='lat' dir='ltr'><strong>in</strong></span> <span class='ocrx_word' id='word_1_672' title='bbox 947 4823 1114 4876; x_wconf 81' lang='lat' dir='ltr'><strong>Israel</strong></span> <span class='ocrx_word' id='word_1_673' title='bbox 1145 4823 1322 4894; x_wconf 83' lang='lat' dir='ltr'><strong>magni</strong></span> <span class='ocrx_word' id='word_1_674' title='bbox 1353 4825 1589 4879; x_wconf 88' lang='lat' dir='ltr'><strong>nominis</strong></span> <span class='ocrx_word' id='word_1_675' title='bbox 1620 4825 1695 4879; x_wconf 87' lang='lat' dir='ltr'><strong>tui</strong></span> <span class='ocrx_word' id='word_1_676' title='bbox 1726 4825 1866 4880; x_wconf 79' lang='lat' dir='ltr'><strong>fama</strong></span> <span class='ocrx_word' id='word_1_677' title='bbox 1899 4836 1952 4882; x_wconf 90' lang='lat' dir='ltr'><strong>et</strong></span> <span class='ocrx_word' id='word_1_678' title='bbox 1980 4829 2155 4884; x_wconf 88' lang='lat' dir='ltr'><strong>cultus</strong></span> 
     </span>
    </p>
   </div>
   <div class='ocr_carea' id='block_1_79' title="bbox 574 4914 2121 4985">
    <p class='ocr_par' dir='ltr' id='par_1_79' title="bbox 574 4914 2121 4985">
     <span class='ocr_line' id='line_1_79' title="bbox 574 4914 2121 4985; baseline 0.001 -14"><span class='ocrx_word' id='word_1_679' title='bbox 574 4917 929 4980; x_wconf 79' lang='lat' dir='ltr'><strong>audiebatur;</strong></span> <span class='ocrx_word' id='word_1_680' title='bbox 973 4915 1067 4970; x_wconf 87' lang='lat' dir='ltr'><strong>sed</strong></span> <span class='ocrx_word' id='word_1_681' title='bbox 1109 4914 1348 4984; x_wconf 84' lang='lat' dir='ltr'><strong>nunquid</strong></span> <span class='ocrx_word' id='word_1_682' title='bbox 1389 4916 1469 4970; x_wconf 87' lang='lat' dir='ltr'><strong>sic</strong></span> <span class='ocrx_word' id='word_1_683' title='bbox 1510 4915 1744 4985; x_wconf 88' lang='lat' dir='ltr'><strong>liquido,</strong></span> <span class='ocrx_word' id='word_1_684' title='bbox 1777 4926 1870 4972; x_wconf 91' lang='lat' dir='ltr'><strong>aut</strong></span> <span class='ocrx_word' id='word_1_685' title='bbox 1911 4927 2121 4973; x_wconf 86' lang='lat' dir='ltr'><strong>tantum</strong></span> 
     </span>
    </p>
   </div>
   <div class='ocr_carea' id='block_1_80' title="bbox 571 5006 2156 5080">
    <p class='ocr_par' dir='ltr' id='par_1_80' title="bbox 571 5006 2156 5080">
     <span class='ocr_line' id='line_1_80' title="bbox 571 5006 2156 5080; baseline 0 -15"><span class='ocrx_word' id='word_1_686' title='bbox 571 5017 832 5080; x_wconf 88' lang='lat' dir='ltr'><strong>quantum</strong></span> <span class='ocrx_word' id='word_1_687' title='bbox 864 5008 1002 5076; x_wconf 89' lang='lat' dir='ltr'><strong>apud</strong></span> <span class='ocrx_word' id='word_1_688' title='bbox 1033 5021 1130 5061; x_wconf 90' lang='lat' dir='ltr'><strong>nos</strong></span> <span class='ocrx_word' id='word_1_689' title='bbox 1154 5006 1254 5061; x_wconf 90' lang='lat' dir='ltr'><strong>sub</strong></span> <span class='ocrx_word' id='word_1_690' title='bbox 1279 5007 1450 5076; x_wconf 82' lang='lat' dir='ltr'><strong>gratia</strong></span> <span class='ocrx_word' id='word_1_691' title='bbox 1480 5008 1846 5063; x_wconf 88' lang='lat' dir='ltr'><strong>constitutos?</strong></span> <span class='ocrx_word' id='word_1_692' title='bbox 1877 5009 1952 5064; x_wconf 88' lang='lat' dir='ltr'><strong>De</strong></span> <span class='ocrx_word' id='word_1_693' title='bbox 1980 5011 2156 5065; x_wconf 87' lang='lat' dir='ltr'><strong>Trini-</strong></span> 
     </span>
    </p>
   </div>
   <div class='ocr_carea' id='block_1_81' title="bbox 575 5104 2153 5174">
    <p class='ocr_par' dir='ltr' id='par_1_81' title="bbox 575 5104 2153 5174">
     <span class='ocr_line' id='line_1_81' title="bbox 575 5104 2153 5174; baseline 0 -13"><span class='ocrx_word' id='word_1_694' title='bbox 575 5117 687 5161; x_wconf 79' lang='lat' dir='ltr'><strong>tate</strong></span> <span class='ocrx_word' id='word_1_695' title='bbox 715 5121 844 5162; x_wconf 87' lang='lat' dir='ltr'><strong>vero</strong></span> <span class='ocrx_word' id='word_1_696' title='bbox 871 5104 1142 5159; x_wconf 75' lang='lat' dir='ltr'><strong>individua</strong></span> <span class='ocrx_word' id='word_1_697' title='bbox 1173 5117 1363 5172; x_wconf 86' lang='lat' dir='ltr'><strong>parum</strong></span> <span class='ocrx_word' id='word_1_698' title='bbox 1393 5104 1521 5172; x_wconf 91' lang='lat' dir='ltr'><strong>quid</strong></span> <span class='ocrx_word' id='word_1_699' title='bbox 1560 5105 1815 5174; x_wconf 79' lang='lat' dir='ltr'><strong>perpauci</strong></span> <span class='ocrx_word' id='word_1_700' title='bbox 1857 5115 1988 5160; x_wconf 89' lang='lat' dir='ltr'><strong>tunc</strong></span> <span class='ocrx_word' id='word_1_701' title='bbox 2027 5123 2153 5161; x_wconf 83' lang='lat' dir='ltr'><strong>sen—</strong></span> 
     </span>
    </p>
   </div>
   <div class='ocr_carea' id='block_1_82' title="bbox 576 5202 2158 5274">
    <p class='ocr_par' dir='ltr' id='par_1_82' title="bbox 576 5202 2158 5274">
     <span class='ocr_line' id='line_1_82' title="bbox 576 5202 2158 5274; baseline 0.001 -13"><span class='ocrx_word' id='word_1_702' title='bbox 576 5214 783 5261; x_wconf 78' lang='lat' dir='ltr'><strong>serunt.</strong></span> <span class='ocrx_word' id='word_1_703' title='bbox 822 5204 1213 5274; x_wconf 80' lang='lat' dir='ltr'><strong>Legislatorum</strong></span> <span class='ocrx_word' id='word_1_704' title='bbox 1257 5205 1400 5256; x_wconf 91' lang='lat' dir='ltr'><strong>enim</strong></span> <span class='ocrx_word' id='word_1_705' title='bbox 1437 5202 1529 5257; x_wconf 82' lang='lat' dir='ltr'><strong>lilii</strong></span> <span class='ocrx_word' id='word_1_706' title='bbox 1551 5246 1565 5266; x_wconf 94' lang='lat'><strong>,</strong></span> <span class='ocrx_word' id='word_1_707' title='bbox 1598 5205 1727 5274; x_wconf 89' lang='lat' dir='ltr'><strong>quid</strong></span> <span class='ocrx_word' id='word_1_708' title='bbox 1754 5207 1821 5261; x_wconf 83' lang='lat' dir='ltr'><strong>tie</strong></span> <span class='ocrx_word' id='word_1_709' title='bbox 1848 5223 1954 5261; x_wconf 81' lang='lat' dir='ltr'><strong>una</strong></span> <span class='ocrx_word' id='word_1_710' title='bbox 1978 5208 2158 5264; x_wconf 85' lang='lat' dir='ltr'><strong>Trini-</strong></span> 
     </span>
    </p>
   </div>
   <div class='ocr_carea' id='block_1_83' title="bbox 577 5294 2154 5368">
    <p class='ocr_par' dir='ltr' id='par_1_83' title="bbox 577 5294 2154 5368">
     <span class='ocr_line' id='line_1_83' title="bbox 577 5294 2154 5368; baseline 0.004 -18"><span class='ocrx_word' id='word_1_711' title='bbox 577 5305 719 5362; x_wconf 83' lang='lat' dir='ltr'><strong>tate,</strong></span> <span class='ocrx_word' id='word_1_712' title='bbox 747 5294 830 5350; x_wconf 90' lang='lat' dir='ltr'><strong>vel</strong></span> <span class='ocrx_word' id='word_1_713' title='bbox 861 5295 1000 5348; x_wconf 89' lang='lat' dir='ltr'><strong>trina</strong></span> <span class='ocrx_word' id='word_1_714' title='bbox 1031 5295 1238 5348; x_wconf 83' lang='lat' dir='ltr'><strong>unitate</strong></span> <span class='ocrx_word' id='word_1_715' title='bbox 1269 5295 1407 5349; x_wconf 89' lang='lat' dir='ltr'><strong>scire</strong></span> <span class='ocrx_word' id='word_1_716' title='bbox 1435 5294 1694 5358; x_wconf 86' lang='lat' dir='ltr'><strong>debeant,</strong></span> <span class='ocrx_word' id='word_1_717' title='bbox 1729 5297 1888 5368; x_wconf 89' lang='lat' dir='ltr'><strong>digna</strong></span> <span class='ocrx_word' id='word_1_718' title='bbox 1921 5301 2154 5367; x_wconf 85' lang='lat' dir='ltr'><strong>perculsi</strong></span> 
     </span>
    </p>
   </div>
   <div class='ocr_carea' id='block_1_84' title="bbox 578 5386 2153 5456">
    <p class='ocr_par' dir='ltr' id='par_1_84' title="bbox 578 5386 2153 5456">
     <span class='ocr_line' id='line_1_84' title="bbox 578 5386 2153 5456; baseline 0.003 -13"><span class='ocrx_word' id='word_1_719' title='bbox 578 5387 820 5444; x_wconf 74' lang='lat' dir='ltr'><strong>rzecitate</strong></span> <span class='ocrx_word' id='word_1_720' title='bbox 850 5387 1026 5441; x_wconf 87' lang='lat' dir='ltr'><strong>adhuc</strong></span> <span class='ocrx_word' id='word_1_721' title='bbox 1053 5387 1335 5456; x_wconf 79' lang='lat' dir='ltr'><strong>ignorant;</strong></span> <span class='ocrx_word' id='word_1_722' title='bbox 1369 5386 1510 5440; x_wconf 87' lang='lat' dir='ltr'><strong>aliud</strong></span> <span class='ocrx_word' id='word_1_723' title='bbox 1543 5395 1738 5456; x_wconf 63' lang='lat' dir='ltr'><strong>praeter</strong></span> <span class='ocrx_word' id='word_1_724' title='bbox 1779 5405 1943 5444; x_wconf 91' lang='lat' dir='ltr'><strong>unum</strong></span> <span class='ocrx_word' id='word_1_725' title='bbox 1986 5391 2153 5448; x_wconf 90' lang='lat' dir='ltr'><strong>Deum</strong></span> 
     </span>
    </p>
   </div>
   <div class='ocr_carea' id='block_1_85' title="bbox 575 5477 2154 5549">
    <p class='ocr_par' dir='ltr' id='par_1_85' title="bbox 575 5477 2154 5549">
     <span class='ocr_line' id='line_1_85' title="bbox 575 5477 2154 5549; baseline 0.001 -12"><span class='ocrx_word' id='word_1_726' title='bbox 575 5477 822 5537; x_wconf 77' lang='lat' dir='ltr'><strong>conﬁteri</strong></span> <span class='ocrx_word' id='word_1_727' title='bbox 851 5478 1032 5532; x_wconf 89' lang='lat' dir='ltr'><strong>miseri</strong></span> <span class='ocrx_word' id='word_1_728' title='bbox 1065 5477 1332 5543; x_wconf 83' lang='lat' dir='ltr'><strong>nolentes,</strong></span> <span class='ocrx_word' id='word_1_729' title='bbox 1358 5487 1411 5532; x_wconf 89' lang='lat' dir='ltr'><strong>et</strong></span> <span class='ocrx_word' id='word_1_730' title='bbox 1439 5480 1739 5549; x_wconf 83' lang='lat' dir='ltr'><strong>garrientes</strong></span> <span class='ocrx_word' id='word_1_731' title='bbox 1769 5481 1828 5535; x_wconf 87' lang='lat' dir='ltr'><strong>in</strong></span> <span class='ocrx_word' id='word_1_732' title='bbox 1847 5498 1945 5536; x_wconf 88' lang='lat' dir='ltr'><strong>nos</strong></span> <span class='ocrx_word' id='word_1_733' title='bbox 1972 5485 2154 5540; x_wconf 86' lang='lat' dir='ltr'><strong>verbis</strong></span> 
     </span>
    </p>
   </div>
   <div class='ocr_carea' id='block_1_86' title="bbox 578 5570 2156 5643">
    <p class='ocr_par' dir='ltr' id='par_1_86' title="bbox 578 5570 2156 5643">
     <span class='ocr_line' id='line_1_86' title="bbox 578 5570 2156 5643; baseline 0.003 -16"><span class='ocrx_word' id='word_1_734' title='bbox 578 5572 861 5643; x_wconf 76' lang='lat' dir='ltr'><strong>malignis,</strong></span> <span class='ocrx_word' id='word_1_735' title='bbox 902 5570 1028 5626; x_wconf 89' lang='lat' dir='ltr'><strong>dum</strong></span> <span class='ocrx_word' id='word_1_736' title='bbox 1065 5570 1260 5625; x_wconf 80' lang='lat' dir='ltr'><strong>dicitur</strong></span> <span class='ocrx_word' id='word_1_737' title='bbox 1300 5579 1350 5626; x_wconf 89' lang='lat' dir='ltr'><strong>te</strong></span> <span class='ocrx_word' id='word_1_738' title='bbox 1385 5572 1582 5627; x_wconf 89' lang='lat' dir='ltr'><strong>habere</strong></span> <span class='ocrx_word' id='word_1_739' title='bbox 1620 5572 1834 5628; x_wconf 87' lang='lat' dir='ltr'><strong>Filium.</strong></span> <span class='ocrx_word' id='word_1_740' title='bbox 1869 5574 2029 5631; x_wconf 79' lang='lat' dir='ltr'><strong>Nobis</strong></span> <span class='ocrx_word' id='word_1_741' title='bbox 2061 5592 2156 5631; x_wconf 88' lang='lat' dir='ltr'><strong>au-</strong></span> 
     </span>
    </p>
   </div>
   <div class='ocr_carea' id='block_1_87' title="bbox 579 5663 2153 5735">
    <p class='ocr_par' dir='ltr' id='par_1_87' title="bbox 579 5663 2153 5735">
     <span class='ocr_line' id='line_1_87' title="bbox 579 5663 2153 5735; baseline 0.003 -15"><span class='ocrx_word' id='word_1_742' title='bbox 579 5677 718 5730; x_wconf 82' lang='lat' dir='ltr'><strong>tem,</strong></span> <span class='ocrx_word' id='word_1_743' title='bbox 751 5665 842 5735; x_wconf 88' lang='lat' dir='ltr'><strong>qui</strong></span> <span class='ocrx_word' id='word_1_744' title='bbox 869 5678 941 5720; x_wconf 73' lang='lat' dir='ltr'><strong>ex</strong></span> <span class='ocrx_word' id='word_1_745' title='bbox 967 5663 1217 5735; x_wconf 81' lang='lat' dir='ltr'><strong>gentibus</strong></span> <span class='ocrx_word' id='word_1_746' title='bbox 1245 5663 1489 5720; x_wconf 85' lang='lat' dir='ltr'><strong>venimus</strong></span> <span class='ocrx_word' id='word_1_747' title='bbox 1508 5706 1520 5728; x_wconf 91' lang='lat'><strong>,</strong></span> <span class='ocrx_word' id='word_1_748' title='bbox 1554 5681 1715 5734; x_wconf 89' lang='lat' dir='ltr'><strong>quam</strong></span> <span class='ocrx_word' id='word_1_749' title='bbox 1746 5666 1914 5720; x_wconf 88' lang='lat' dir='ltr'><strong>multa</strong></span> <span class='ocrx_word' id='word_1_750' title='bbox 1943 5675 1996 5721; x_wconf 91' lang='lat' dir='ltr'><strong>et</strong></span> <span class='ocrx_word' id='word_1_751' title='bbox 2027 5684 2153 5724; x_wconf 85' lang='lat' dir='ltr'><strong>vera</strong></span> 
     </span>
    </p>
   </div>
   <div class='ocr_carea' id='block_1_88' title="bbox 580 5762 2153 5835">
    <p class='ocr_par' dir='ltr' id='par_1_88' title="bbox 580 5762 2153 5835">
     <span class='ocr_line' id='line_1_88' title="bbox 580 5762 2153 5835; baseline 0 -13"><span class='ocrx_word' id='word_1_752' title='bbox 580 5766 647 5822; x_wconf 89' lang='lat' dir='ltr'><strong>de</strong></span> <span class='ocrx_word' id='word_1_753' title='bbox 674 5765 817 5820; x_wconf 89' lang='lat' dir='ltr'><strong>trino</strong></span> <span class='ocrx_word' id='word_1_754' title='bbox 843 5777 1057 5834; x_wconf 89' lang='lat' dir='ltr'><strong>unoque</strong></span> <span class='ocrx_word' id='word_1_755' title='bbox 1084 5762 1193 5819; x_wconf 89' lang='lat' dir='ltr'><strong>Deo</strong></span> <span class='ocrx_word' id='word_1_756' title='bbox 1223 5764 1404 5818; x_wconf 85' lang='lat' dir='ltr'><strong>datum</strong></span> <span class='ocrx_word' id='word_1_757' title='bbox 1434 5764 1502 5818; x_wconf 85' lang='lat' dir='ltr'><strong>sit</strong></span> <span class='ocrx_word' id='word_1_758' title='bbox 1535 5779 1746 5834; x_wconf 85' lang='lat' dir='ltr'><strong>sapere,</strong></span> <span class='ocrx_word' id='word_1_759' title='bbox 1777 5765 2007 5835; x_wconf 84' lang='lat' dir='ltr'><strong>probant</strong></span> <span class='ocrx_word' id='word_1_760' title='bbox 2029 5783 2153 5822; x_wconf 90' lang='lat' dir='ltr'><strong>cor-</strong></span> 
     </span>
    </p>
   </div>
   <div class='ocr_carea' id='block_1_89' title="bbox 578 5858 2149 5929">
    <p class='ocr_par' dir='ltr' id='par_1_89' title="bbox 578 5858 2149 5929">
     <span class='ocr_line' id='line_1_89' title="bbox 578 5858 2149 5929; baseline -0.001 -14"><span class='ocrx_word' id='word_1_761' title='bbox 578 5861 646 5915; x_wconf 89' lang='lat' dir='ltr'><strong>da</strong></span> <span class='ocrx_word' id='word_1_762' title='bbox 667 5901 679 5925; x_wconf 92' lang='lat'><strong>,</strong></span> <span class='ocrx_word' id='word_1_763' title='bbox 710 5873 831 5929; x_wconf 67' lang='lat' dir='ltr'><strong>quae</strong></span> <span class='ocrx_word' id='word_1_764' title='bbox 858 5858 1116 5922; x_wconf 84' lang='lat' dir='ltr'><strong>credunt,</strong></span> <span class='ocrx_word' id='word_1_765' title='bbox 1146 5873 1246 5912; x_wconf 88' lang='lat' dir='ltr'><strong>nec</strong></span> <span class='ocrx_word' id='word_1_766' title='bbox 1273 5873 1378 5913; x_wconf 93' lang='lat' dir='ltr'><strong>non</strong></span> <span class='ocrx_word' id='word_1_767' title='bbox 1411 5868 1464 5913; x_wconf 91' lang='lat' dir='ltr'><strong>et</strong></span> <span class='ocrx_word' id='word_1_768' title='bbox 1491 5873 1607 5922; x_wconf 84' lang='lat' dir='ltr'><strong>ora,</strong></span> <span class='ocrx_word' id='word_1_769' title='bbox 1641 5874 1760 5927; x_wconf 79' lang='lat' dir='ltr'><strong>qua:</strong></span> <span class='ocrx_word' id='word_1_770' title='bbox 1788 5859 2149 5924; x_wconf 81' lang='lat' dir='ltr'><strong>conﬁtentur;</strong></span> 
     </span>
    </p>
   </div>
   <div class='ocr_carea' id='block_1_90' title="bbox 583 5947 2153 6020">
    <p class='ocr_par' dir='ltr' id='par_1_90' title="bbox 583 5947 2153 6020">
     <span class='ocr_line' id='line_1_90' title="bbox 583 5947 2153 6020; baseline 0.002 -17"><span class='ocrx_word' id='word_1_771' title='bbox 583 5960 742 6019; x_wconf 88' lang='lat' dir='ltr'><strong>atque</strong></span> <span class='ocrx_word' id='word_1_772' title='bbox 764 5949 1114 6004; x_wconf 86' lang='lat' dir='ltr'><strong>nihilominus</strong></span> <span class='ocrx_word' id='word_1_773' title='bbox 1135 5947 1339 6019; x_wconf 79' lang='lat' dir='ltr'><strong>ﬂagella</strong></span> <span class='ocrx_word' id='word_1_774' title='bbox 1372 5950 1485 6018; x_wconf 85' lang='lat' dir='ltr'><strong>ipsa</strong></span> <span class='ocrx_word' id='word_1_775' title='bbox 1517 5960 1568 6003; x_wconf 86' lang='lat' dir='ltr'><strong>et</strong></span> <span class='ocrx_word' id='word_1_776' title='bbox 1600 5965 1762 6012; x_wconf 91' lang='lat' dir='ltr'><strong>mors,</strong></span> <span class='ocrx_word' id='word_1_777' title='bbox 1787 5965 1906 6019; x_wconf 60' lang='lat' dir='ltr'><strong>quin</strong></span> <span class='ocrx_word' id='word_1_778' title='bbox 1928 5965 2028 6020; x_wconf 84' lang='lat' dir='ltr'><strong>pro</strong></span> <span class='ocrx_word' id='word_1_779' title='bbox 2051 5950 2153 6007; x_wconf 80' lang='lat' dir='ltr'><strong>hac</strong></span> 
     </span>
    </p>
   </div>
   <div class='ocr_carea' id='block_1_91' title="bbox 2264 3471 3863 3548">
    <p class='ocr_par' dir='ltr' id='par_1_91' title="bbox 2264 3471 3863 3548">
     <span class='ocr_line' id='line_1_91' title="bbox 2264 3471 3863 3548; baseline 0.003 -22"><span class='ocrx_word' id='word_1_780' title='bbox 2264 3471 2391 3527; x_wconf 82' lang='lat' dir='ltr'><strong>liter</strong></span> <span class='ocrx_word' id='word_1_781' title='bbox 2421 3473 2867 3542; x_wconf 84' lang='lat' dir='ltr'><strong>interrogantem.</strong></span> <span class='ocrx_word' id='word_1_782' title='bbox 2900 3475 3042 3544; x_wconf 86' lang='lat' dir='ltr'><strong>Quid</strong></span> <span class='ocrx_word' id='word_1_783' title='bbox 3067 3475 3216 3531; x_wconf 87' lang='lat' dir='ltr'><strong>enim</strong></span> <span class='ocrx_word' id='word_1_784' title='bbox 3247 3484 3355 3531; x_wconf 88' lang='lat' dir='ltr'><strong>tam</strong></span> <span class='ocrx_word' id='word_1_785' title='bbox 3387 3484 3534 3532; x_wconf 91' lang='lat' dir='ltr'><strong>tuum</strong></span> <span class='ocrx_word' id='word_1_786' title='bbox 3563 3491 3724 3548; x_wconf 89' lang='lat' dir='ltr'><strong>quam</strong></span> <span class='ocrx_word' id='word_1_787' title='bbox 3756 3488 3811 3531; x_wconf 91' lang='lat' dir='ltr'><strong>tu</strong></span> <span class='ocrx_word' id='word_1_788' title='bbox 3833 3480 3863 3531; x_wconf 79' lang='lat'><strong>?</strong></span> 
     </span>
    </p>
   </div>
   <div class='ocr_carea' id='block_1_92' title="bbox 2265 3563 3860 3637">
    <p class='ocr_par' dir='ltr' id='par_1_92' title="bbox 2265 3563 3860 3637">
     <span class='ocr_line' id='line_1_92' title="bbox 2265 3563 3860 3637; baseline 0.001 -16"><span class='ocrx_word' id='word_1_789' title='bbox 2265 3563 2374 3621; x_wconf 88' lang='lat' dir='ltr'><strong>Sed</strong></span> <span class='ocrx_word' id='word_1_790' title='bbox 2404 3572 2458 3620; x_wconf 94' lang='lat' dir='ltr'><strong>tu</strong></span> <span class='ocrx_word' id='word_1_791' title='bbox 2489 3573 2610 3620; x_wconf 88' lang='lat' dir='ltr'><strong>tuus</strong></span> <span class='ocrx_word' id='word_1_792' title='bbox 2635 3576 2686 3620; x_wconf 87' lang='lat' dir='ltr'><strong>et</strong></span> <span class='ocrx_word' id='word_1_793' title='bbox 2717 3583 2823 3621; x_wconf 92' lang='lat' dir='ltr'><strong>non</strong></span> <span class='ocrx_word' id='word_1_794' title='bbox 2853 3574 3000 3631; x_wconf 87' lang='lat' dir='ltr'><strong>tuus,</strong></span> <span class='ocrx_word' id='word_1_795' title='bbox 3029 3567 3156 3636; x_wconf 89' lang='lat' dir='ltr'><strong>quia</strong></span> <span class='ocrx_word' id='word_1_796' title='bbox 3186 3583 3289 3622; x_wconf 90' lang='lat' dir='ltr'><strong>non</strong></span> <span class='ocrx_word' id='word_1_797' title='bbox 3318 3582 3377 3622; x_wconf 87' lang='lat' dir='ltr'><strong>es</strong></span> <span class='ocrx_word' id='word_1_798' title='bbox 3403 3582 3434 3622; x_wconf 87' lang='lat' dir='ltr'><strong>a</strong></span> <span class='ocrx_word' id='word_1_799' title='bbox 3466 3578 3519 3623; x_wconf 87' lang='lat' dir='ltr'><strong>te</strong></span> <span class='ocrx_word' id='word_1_800' title='bbox 3547 3568 3680 3637; x_wconf 87' lang='lat' dir='ltr'><strong>ipso,</strong></span> <span class='ocrx_word' id='word_1_801' title='bbox 3712 3570 3860 3623; x_wconf 90' lang='lat' dir='ltr'><strong>sicut</strong></span> 
     </span>
    </p>
   </div>
   <div class='ocr_carea' id='block_1_93' title="bbox 2264 3653 3860 3730">
    <p class='ocr_par' dir='ltr' id='par_1_93' title="bbox 2264 3653 3860 3730">
     <span class='ocr_line' id='line_1_93' title="bbox 2264 3653 3860 3730; baseline 0.004 -20"><span class='ocrx_word' id='word_1_802' title='bbox 2264 3656 2321 3710; x_wconf 92' lang='lat' dir='ltr'><strong>in</strong></span> <span class='ocrx_word' id='word_1_803' title='bbox 2348 3653 2531 3711; x_wconf 89' lang='lat' dir='ltr'><strong>multis</strong></span> <span class='ocrx_word' id='word_1_804' title='bbox 2560 3671 2702 3727; x_wconf 64' lang='lat' dir='ltr'><strong>saepe</strong></span> <span class='ocrx_word' id='word_1_805' title='bbox 2733 3657 2866 3712; x_wconf 90' lang='lat' dir='ltr'><strong>locis</strong></span> <span class='ocrx_word' id='word_1_806' title='bbox 2897 3658 3114 3714; x_wconf 87' lang='lat' dir='ltr'><strong>testaris</strong></span> <span class='ocrx_word' id='word_1_807' title='bbox 3134 3700 3148 3722; x_wconf 92' lang='lat'><strong>,</strong></span> <span class='ocrx_word' id='word_1_808' title='bbox 3182 3659 3275 3715; x_wconf 85' lang='lat' dir='ltr'><strong>sed</strong></span> <span class='ocrx_word' id='word_1_809' title='bbox 3313 3673 3342 3713; x_wconf 87' lang='lat' dir='ltr'><strong>a</strong></span> <span class='ocrx_word' id='word_1_810' title='bbox 3381 3659 3572 3725; x_wconf 85' lang='lat' dir='ltr'><strong>Patre,</strong></span> <span class='ocrx_word' id='word_1_811' title='bbox 3604 3660 3757 3730; x_wconf 83' lang='lat' dir='ltr'><strong>cujus</strong></span> <span class='ocrx_word' id='word_1_812' title='bbox 3795 3676 3860 3716; x_wconf 83' lang='lat' dir='ltr'><strong>es</strong></span> 
     </span>
    </p>
   </div>
   <div class='ocr_carea' id='block_1_94' title="bbox 2262 3745 3855 3822">
    <p class='ocr_par' dir='ltr' id='par_1_94' title="bbox 2262 3745 3855 3822">
     <span class='ocr_line' id='line_1_94' title="bbox 2262 3745 3855 3822; baseline 0.003 -21"><span class='ocrx_word' id='word_1_813' title='bbox 2262 3745 2500 3803; x_wconf 80' lang='lat' dir='ltr'><strong>Verbum</strong></span> <span class='ocrx_word' id='word_1_814' title='bbox 2523 3790 2538 3814; x_wconf 91' lang='lat'><strong>,</strong></span> <span class='ocrx_word' id='word_1_815' title='bbox 2578 3764 2686 3804; x_wconf 90' lang='lat' dir='ltr'><strong>non</strong></span> <span class='ocrx_word' id='word_1_816' title='bbox 2717 3749 2962 3806; x_wconf 88' lang='lat' dir='ltr'><strong>sonabile</strong></span> <span class='ocrx_word' id='word_1_817' title='bbox 2995 3766 3093 3820; x_wconf 89' lang='lat' dir='ltr'><strong>per</strong></span> <span class='ocrx_word' id='word_1_818' title='bbox 3127 3749 3362 3822; x_wconf 84' lang='lat' dir='ltr'><strong>syllabas</strong></span> <span class='ocrx_word' id='word_1_819' title='bbox 3387 3761 3440 3808; x_wconf 91' lang='lat' dir='ltr'><strong>et</strong></span> <span class='ocrx_word' id='word_1_820' title='bbox 3478 3751 3726 3818; x_wconf 87' lang='lat' dir='ltr'><strong>volatile,</strong></span> <span class='ocrx_word' id='word_1_821' title='bbox 3758 3753 3855 3806; x_wconf 90' lang='lat' dir='ltr'><strong>sed</strong></span> 
     </span>
    </p>
   </div>
   <div class='ocr_carea' id='block_1_95' title="bbox 2261 3841 3856 3913">
    <p class='ocr_par' dir='ltr' id='par_1_95' title="bbox 2261 3841 3856 3913">
     <span class='ocr_line' id='line_1_95' title="bbox 2261 3841 3856 3913; baseline 0.002 -18"><span class='ocrx_word' id='word_1_822' title='bbox 2261 3853 2483 3910; x_wconf 80' lang='lat' dir='ltr'><strong>semper</strong></span> <span class='ocrx_word' id='word_1_823' title='bbox 2503 3853 2619 3906; x_wconf 90' lang='lat' dir='ltr'><strong>ens,</strong></span> <span class='ocrx_word' id='word_1_824' title='bbox 2648 3841 2840 3897; x_wconf 86' lang='lat' dir='ltr'><strong>vivens</strong></span> <span class='ocrx_word' id='word_1_825' title='bbox 2864 3851 3026 3913; x_wconf 90' lang='lat' dir='ltr'><strong>atque</strong></span> <span class='ocrx_word' id='word_1_826' title='bbox 3056 3857 3318 3909; x_wconf 82' lang='lat' dir='ltr'><strong>manens;</strong></span> <span class='ocrx_word' id='word_1_827' title='bbox 3347 3853 3402 3898; x_wconf 91' lang='lat' dir='ltr'><strong>et</strong></span> <span class='ocrx_word' id='word_1_828' title='bbox 3432 3844 3552 3899; x_wconf 90' lang='lat' dir='ltr'><strong>ideo</strong></span> <span class='ocrx_word' id='word_1_829' title='bbox 3579 3842 3815 3899; x_wconf 83' lang='lat' dir='ltr'><strong>Verbum</strong></span> <span class='ocrx_word' id='word_1_830' title='bbox 3837 3885 3856 3906; x_wconf 88' lang='lat'><strong>,</strong></span> 
     </span>
    </p>
   </div>
   <div class='ocr_carea' id='block_1_96' title="bbox 2261 3932 3855 4004">
    <p class='ocr_par' dir='ltr' id='par_1_96' title="bbox 2261 3932 3855 4004">
     <span class='ocr_line' id='line_1_96' title="bbox 2261 3932 3855 4004; baseline 0.001 -18"><span class='ocrx_word' id='word_1_831' title='bbox 2261 3947 2370 3987; x_wconf 89' lang='lat' dir='ltr'><strong>uon</strong></span> <span class='ocrx_word' id='word_1_832' title='bbox 2403 3932 2547 4002; x_wconf 90' lang='lat' dir='ltr'><strong>quod</strong></span> <span class='ocrx_word' id='word_1_833' title='bbox 2580 3932 2782 3988; x_wconf 88' lang='lat' dir='ltr'><strong>desiuit</strong></span> <span class='ocrx_word' id='word_1_834' title='bbox 2810 3933 3112 4004; x_wconf 89' lang='lat' dir='ltr'><strong>prolatum,</strong></span> <span class='ocrx_word' id='word_1_835' title='bbox 3139 3934 3234 3990; x_wconf 87' lang='lat' dir='ltr'><strong>sed</strong></span> <span class='ocrx_word' id='word_1_836' title='bbox 3260 3934 3402 4004; x_wconf 89' lang='lat' dir='ltr'><strong>quod</strong></span> <span class='ocrx_word' id='word_1_837' title='bbox 3432 3942 3715 4004; x_wconf 81' lang='lat' dir='ltr'><strong>permanet</strong></span> <span class='ocrx_word' id='word_1_838' title='bbox 3748 3949 3855 3988; x_wconf 87' lang='lat' dir='ltr'><strong>na-</strong></span> 
     </span>
    </p>
   </div>
   <div class='ocr_carea' id='block_1_97' title="bbox 2260 4023 3852 4090">
    <p class='ocr_par' dir='ltr' id='par_1_97' title="bbox 2260 4023 3852 4090">
     <span class='ocr_line' id='line_1_97' title="bbox 2260 4023 3852 4090; baseline -0.001 -10"><span class='ocrx_word' id='word_1_839' title='bbox 2260 4031 2375 4080; x_wconf 87' lang='lat' dir='ltr'><strong>tum</strong></span> <span class='ocrx_word' id='word_1_840' title='bbox 2399 4041 2414 4090; x_wconf 87' lang='lat'><strong>;</strong></span> <span class='ocrx_word' id='word_1_841' title='bbox 2448 4036 2557 4080; x_wconf 88' lang='lat' dir='ltr'><strong>non</strong></span> <span class='ocrx_word' id='word_1_842' title='bbox 2585 4023 2990 4089; x_wconf 84' lang='lat' dir='ltr'><strong>transitorium,</strong></span> <span class='ocrx_word' id='word_1_843' title='bbox 3019 4024 3116 4080; x_wconf 89' lang='lat' dir='ltr'><strong>sed</strong></span> <span class='ocrx_word' id='word_1_844' title='bbox 3145 4034 3405 4081; x_wconf 85' lang='lat' dir='ltr'><strong>:eternum</strong></span> <span class='ocrx_word' id='word_1_845' title='bbox 3434 4044 3447 4078; x_wconf 94' lang='lat'>:</span> <span class='ocrx_word' id='word_1_846' title='bbox 3480 4039 3586 4079; x_wconf 93' lang='lat' dir='ltr'><strong>non</strong></span> <span class='ocrx_word' id='word_1_847' title='bbox 3623 4023 3852 4089; x_wconf 78' lang='lat' dir='ltr'><strong>factum,</strong></span> 
     </span>
    </p>
   </div>
   <div class='ocr_carea' id='block_1_98' title="bbox 2259 4113 3858 4188">
    <p class='ocr_par' dir='ltr' id='par_1_98' title="bbox 2259 4113 3858 4188">
     <span class='ocr_line' id='line_1_98' title="bbox 2259 4113 3858 4188; baseline 0.001 -19"><span class='ocrx_word' id='word_1_848' title='bbox 2259 4113 2356 4169; x_wconf 83' lang='lat' dir='ltr'><strong>sed</strong></span> <span class='ocrx_word' id='word_1_849' title='bbox 2381 4113 2653 4184; x_wconf 81' lang='lat' dir='ltr'><strong>genitum;</strong></span> <span class='ocrx_word' id='word_1_850' title='bbox 2675 4128 2774 4169; x_wconf 86' lang='lat' dir='ltr'><strong>nec</strong></span> <span class='ocrx_word' id='word_1_851' title='bbox 2805 4114 2978 4170; x_wconf 88' lang='lat' dir='ltr'><strong>solum</strong></span> <span class='ocrx_word' id='word_1_852' title='bbox 3006 4116 3267 4184; x_wconf 85' lang='lat' dir='ltr'><strong>genitum,</strong></span> <span class='ocrx_word' id='word_1_853' title='bbox 3295 4115 3388 4170; x_wconf 81' lang='lat' dir='ltr'><strong>sed</strong></span> <span class='ocrx_word' id='word_1_854' title='bbox 3417 4116 3580 4170; x_wconf 85' lang='lat' dir='ltr'><strong>etiam</strong></span> <span class='ocrx_word' id='word_1_855' title='bbox 3607 4116 3858 4188; x_wconf 84' lang='lat' dir='ltr'><strong>unigeni-</strong></span> 
     </span>
    </p>
   </div>
   <div class='ocr_carea' id='block_1_99' title="bbox 2259 4207 3858 4280">
    <p class='ocr_par' dir='ltr' id='par_1_99' title="bbox 2259 4207 3858 4280">
     <span class='ocr_line' id='line_1_99' title="bbox 2259 4207 3858 4280; baseline 0.003 -18"><span class='ocrx_word' id='word_1_856' title='bbox 2259 4217 2373 4262; x_wconf 86' lang='lat' dir='ltr'><strong>tum</strong></span> <span class='ocrx_word' id='word_1_857' title='bbox 2392 4248 2407 4273; x_wconf 96' lang='lat'><strong>,</strong></span> <span class='ocrx_word' id='word_1_858' title='bbox 2440 4207 2527 4262; x_wconf 85' lang='lat' dir='ltr'><strong>cui</strong></span> <span class='ocrx_word' id='word_1_859' title='bbox 2557 4208 2695 4263; x_wconf 88' lang='lat' dir='ltr'><strong>ratio</strong></span> <span class='ocrx_word' id='word_1_860' title='bbox 2723 4207 2879 4263; x_wconf 89' lang='lat' dir='ltr'><strong>adest</strong></span> <span class='ocrx_word' id='word_1_861' title='bbox 2901 4208 3206 4280; x_wconf 87' lang='lat' dir='ltr'><strong>disponenti</strong></span> <span class='ocrx_word' id='word_1_862' title='bbox 3227 4248 3242 4273; x_wconf 93' lang='lat'><strong>,</strong></span> <span class='ocrx_word' id='word_1_863' title='bbox 3269 4215 3324 4263; x_wconf 91' lang='lat' dir='ltr'><strong>et</strong></span> <span class='ocrx_word' id='word_1_864' title='bbox 3349 4210 3525 4264; x_wconf 90' lang='lat' dir='ltr'><strong>virtus</strong></span> <span class='ocrx_word' id='word_1_865' title='bbox 3546 4216 3746 4278; x_wconf 63' lang='lat' dir='ltr'><strong>praesto</strong></span> <span class='ocrx_word' id='word_1_866' title='bbox 3769 4219 3858 4265; x_wconf 85' lang='lat' dir='ltr'><strong>est</strong></span> 
     </span>
    </p>
   </div>
   <div class='ocr_carea' id='block_1_100' title="bbox 2256 4301 3740 4373">
    <p class='ocr_par' dir='ltr' id='par_1_100' title="bbox 2256 4301 3740 4373">
     <span class='ocr_line' id='line_1_100' title="bbox 2256 4301 3740 4373; baseline 0 -15"><span class='ocrx_word' id='word_1_867' title='bbox 2256 4301 2583 4373; x_wconf 73' lang='lat' dir='ltr'><strong>perﬁcienti,</strong></span> <span class='ocrx_word' id='word_1_868' title='bbox 2633 4309 2847 4372; x_wconf 86' lang='lat' dir='ltr'><strong>utpote</strong></span> <span class='ocrx_word' id='word_1_869' title='bbox 2874 4316 3006 4356; x_wconf 86' lang='lat' dir='ltr'><strong>vero</strong></span> <span class='ocrx_word' id='word_1_870' title='bbox 3035 4302 3147 4359; x_wconf 91' lang='lat' dir='ltr'><strong>Deo</strong></span> <span class='ocrx_word' id='word_1_871' title='bbox 3169 4310 3225 4358; x_wconf 89' lang='lat' dir='ltr'><strong>et</strong></span> <span class='ocrx_word' id='word_1_872' title='bbox 3252 4315 3467 4356; x_wconf 88' lang='lat' dir='ltr'><strong>summo</strong></span> <span class='ocrx_word' id='word_1_873' title='bbox 3492 4301 3740 4358; x_wconf 87' lang='lat' dir='ltr'><strong>Domino.</strong></span> 
     </span>
    </p>
   </div>
   <div class='ocr_carea' id='block_1_101' title="bbox 2327 4392 3854 4466">
    <p class='ocr_par' dir='ltr' id='par_1_101' title="bbox 2327 4392 3854 4466">
     <span class='ocr_line' id='line_1_101' title="bbox 2327 4392 3854 4466; baseline 0.001 -18"><span class='ocrx_word' id='word_1_874' title='bbox 2327 4394 2496 4466; x_wconf 72' lang='lat'><strong>389</strong></span> <span class='ocrx_word' id='word_1_875' title='bbox 2519 4393 2656 4449; x_wconf 82' lang='lat' dir='ltr'><strong>XIV.</strong></span> <span class='ocrx_word' id='word_1_876' title='bbox 2687 4393 2764 4448; x_wconf 84' lang='lat' dir='ltr'><strong>&#39;l‘e</strong></span> <span class='ocrx_word' id='word_1_877' title='bbox 2789 4394 2988 4464; x_wconf 90' lang='lat' dir='ltr'><strong>quippe</strong></span> <span class='ocrx_word' id='word_1_878' title='bbox 3033 4392 3369 4465; x_wconf 88' lang='lat' dir='ltr'><strong>unigenitum</strong></span> <span class='ocrx_word' id='word_1_879' title='bbox 3421 4393 3656 4448; x_wconf 77' lang='lat' dir='ltr'><strong>Verbum</strong></span> <span class='ocrx_word' id='word_1_880' title='bbox 3686 4393 3854 4449; x_wconf 83' lang='lat' dir='ltr'><strong>Pater</strong></span> 
     </span>
    </p>
   </div>
   <div class='ocr_carea' id='block_1_102' title="bbox 2258 4485 3853 4561">
    <p class='ocr_par' dir='ltr' id='par_1_102' title="bbox 2258 4485 3853 4561">
     <span class='ocr_line' id='line_1_102' title="bbox 2258 4485 3853 4561; baseline -0.001 -18"><span class='ocrx_word' id='word_1_881' title='bbox 2258 4487 2446 4561; x_wconf 87' lang='lat' dir='ltr'><strong>genuit</strong></span> <span class='ocrx_word' id='word_1_882' title='bbox 2484 4487 2552 4542; x_wconf 89' lang='lat' dir='ltr'><strong>de</strong></span> <span class='ocrx_word' id='word_1_883' title='bbox 2578 4501 2638 4545; x_wconf 88' lang='lat' dir='ltr'><strong>se</strong></span> <span class='ocrx_word' id='word_1_884' title='bbox 2679 4487 2817 4558; x_wconf 87' lang='lat' dir='ltr'><strong>ipso,</strong></span> <span class='ocrx_word' id='word_1_885' title='bbox 2851 4500 2951 4556; x_wconf 86' lang='lat' dir='ltr'><strong>per</strong></span> <span class='ocrx_word' id='word_1_886' title='bbox 2983 4488 3128 4557; x_wconf 92' lang='lat' dir='ltr'><strong>quod</strong></span> <span class='ocrx_word' id='word_1_887' title='bbox 3153 4485 3336 4542; x_wconf 88' lang='lat' dir='ltr'><strong>omnia</strong></span> <span class='ocrx_word' id='word_1_888' title='bbox 3361 4487 3570 4543; x_wconf 87' lang='lat' dir='ltr'><strong>creavit</strong></span> <span class='ocrx_word' id='word_1_889' title='bbox 3609 4501 3678 4542; x_wconf 76' lang='lat' dir='ltr'><strong>ex</strong></span> <span class='ocrx_word' id='word_1_890' title='bbox 3705 4487 3853 4542; x_wconf 83' lang='lat' dir='ltr'><strong>nihi-</strong></span> 
     </span>
    </p>
   </div>
   <div class='ocr_carea' id='block_1_103' title="bbox 2258 4577 3851 4650">
    <p class='ocr_par' dir='ltr' id='par_1_103' title="bbox 2258 4577 3851 4650">
     <span class='ocr_line' id='line_1_103' title="bbox 2258 4577 3851 4650; baseline 0.001 -15"><span class='ocrx_word' id='word_1_891' title='bbox 2258 4579 2350 4635; x_wconf 92' lang='lat' dir='ltr'><strong>lo:</strong></span> <span class='ocrx_word' id='word_1_892' title='bbox 2401 4587 2460 4635; x_wconf 91' lang='lat' dir='ltr'><strong>et</strong></span> <span class='ocrx_word' id='word_1_893' title='bbox 2502 4577 2708 4635; x_wconf 88' lang='lat' dir='ltr'><strong>idcirco</strong></span> <span class='ocrx_word' id='word_1_894' title='bbox 2749 4578 3122 4635; x_wconf 79' lang='lat' dir='ltr'><strong>indubitanter</strong></span> <span class='ocrx_word' id='word_1_895' title='bbox 3144 4578 3436 4644; x_wconf 73' lang='lat' dir='ltr'><strong>credimus,</strong></span> <span class='ocrx_word' id='word_1_896' title='bbox 3479 4580 3606 4650; x_wconf 88' lang='lat' dir='ltr'><strong>quia</strong></span> <span class='ocrx_word' id='word_1_897' title='bbox 3630 4581 3739 4636; x_wconf 56' lang='lat' dir='ltr'><strong>nisi</strong></span> <span class='ocrx_word' id='word_1_898' title='bbox 3767 4589 3851 4646; x_wconf 88' lang='lat' dir='ltr'><strong>tu,</strong></span> 
     </span>
    </p>
   </div>
   <div class='ocr_carea' id='block_1_104' title="bbox 2187 4668 3848 4752">
    <p class='ocr_par' dir='ltr' id='par_1_104' title="bbox 2187 4668 3848 4752">
     <span class='ocr_line' id='line_1_104' title="bbox 2187 4668 3848 4752; baseline 0.001 -27"><span class='ocrx_word' id='word_1_899' title='bbox 2187 4695 2236 4752; x_wconf 81' lang='grc' dir='ltr'>ο</span> <span class='ocrx_word' id='word_1_900' title='bbox 2259 4669 2584 4726; x_wconf 86' lang='lat' dir='ltr'><strong>omniscium</strong></span> <span class='ocrx_word' id='word_1_901' title='bbox 2626 4678 2680 4723; x_wconf 89' lang='lat' dir='ltr'><strong>et</strong></span> <span class='ocrx_word' id='word_1_902' title='bbox 2730 4669 3110 4739; x_wconf 86' lang='lat' dir='ltr'><strong>cunctipotens</strong></span> <span class='ocrx_word' id='word_1_903' title='bbox 3162 4668 3398 4724; x_wconf 87' lang='lat' dir='ltr'><strong>Verbum</strong></span> <span class='ocrx_word' id='word_1_904' title='bbox 3422 4709 3437 4734; x_wconf 93' lang='lat'><strong>,</strong></span> <span class='ocrx_word' id='word_1_905' title='bbox 3487 4669 3629 4726; x_wconf 90' lang='lat' dir='ltr'><strong>Deus</strong></span> <span class='ocrx_word' id='word_1_906' title='bbox 3674 4685 3848 4737; x_wconf 74' lang='lat' dir='ltr'><strong>esses,</strong></span> 
     </span>
    </p>
   </div>
   <div class='ocr_carea' id='block_1_105' title="bbox 2258 4757 3851 4830">
    <p class='ocr_par' dir='ltr' id='par_1_105' title="bbox 2258 4757 3851 4830">
     <span class='ocr_line' id='line_1_105' title="bbox 2258 4757 3851 4830; baseline 0 -14"><span class='ocrx_word' id='word_1_907' title='bbox 2258 4761 2406 4817; x_wconf 91' lang='lat' dir='ltr'><strong>nullo</strong></span> <span class='ocrx_word' id='word_1_908' title='bbox 2435 4760 2595 4816; x_wconf 90' lang='lat' dir='ltr'><strong>modo</strong></span> <span class='ocrx_word' id='word_1_909' title='bbox 2633 4773 2732 4830; x_wconf 91' lang='lat' dir='ltr'><strong>per</strong></span> <span class='ocrx_word' id='word_1_910' title='bbox 2768 4766 2825 4814; x_wconf 89' lang='lat' dir='ltr'><strong>te</strong></span> <span class='ocrx_word' id='word_1_911' title='bbox 2868 4758 3052 4814; x_wconf 88' lang='lat' dir='ltr'><strong>omnia</strong></span> <span class='ocrx_word' id='word_1_912' title='bbox 3082 4757 3224 4813; x_wconf 79' lang='lat' dir='ltr'><strong>facta</strong></span> <span class='ocrx_word' id='word_1_913' title='bbox 3272 4757 3519 4815; x_wconf 70' lang='lat' dir='ltr'><strong>fuissent.</strong></span> <span class='ocrx_word' id='word_1_914' title='bbox 3566 4760 3851 4828; x_wconf 84' lang='lat' dir='ltr'><strong>Quomodo</strong></span> 
     </span>
    </p>
   </div>
   <div class='ocr_carea' id='block_1_106' title="bbox 2255 4850 3849 4922">
    <p class='ocr_par' dir='ltr' id='par_1_106' title="bbox 2255 4850 3849 4922">
     <span class='ocr_line' id='line_1_106' title="bbox 2255 4850 3849 4922; baseline -0.001 -11"><span class='ocrx_word' id='word_1_915' title='bbox 2255 4863 2506 4911; x_wconf 84' lang='lat' dir='ltr'><strong>creatura</strong></span> <span class='ocrx_word' id='word_1_916' title='bbox 2550 4867 2738 4908; x_wconf 87' lang='lat' dir='ltr'><strong>creare</strong></span> <span class='ocrx_word' id='word_1_917' title='bbox 2779 4850 2983 4922; x_wconf 88' lang='lat' dir='ltr'><strong>aliquid</strong></span> <span class='ocrx_word' id='word_1_918' title='bbox 3027 4851 3246 4922; x_wconf 79' lang='lat' dir='ltr'><strong>potest?</strong></span> <span class='ocrx_word' id='word_1_919' title='bbox 3290 4850 3492 4909; x_wconf 87' lang='lat' dir='ltr'><strong>Creare</strong></span> <span class='ocrx_word' id='word_1_920' title='bbox 3521 4862 3673 4908; x_wconf 81' lang='lat' dir='ltr'><strong>certe</strong></span> <span class='ocrx_word' id='word_1_921' title='bbox 3698 4852 3849 4910; x_wconf 86' lang='lat' dir='ltr'><strong>solus</strong></span> 
     </span>
    </p>
   </div>
   <div class='ocr_carea' id='block_1_107' title="bbox 2257 4943 3846 5017">
    <p class='ocr_par' dir='ltr' id='par_1_107' title="bbox 2257 4943 3846 5017">
     <span class='ocr_line' id='line_1_107' title="bbox 2257 4943 3846 5017; baseline 0 -15"><span class='ocrx_word' id='word_1_922' title='bbox 2257 4947 2401 5002; x_wconf 89' lang='lat' dir='ltr'><strong>Deus</strong></span> <span class='ocrx_word' id='word_1_923' title='bbox 2426 4945 2586 5010; x_wconf 89' lang='lat' dir='ltr'><strong>valet,</strong></span> <span class='ocrx_word' id='word_1_924' title='bbox 2618 4945 2712 5016; x_wconf 86' lang='lat' dir='ltr'><strong>qui</strong></span> <span class='ocrx_word' id='word_1_925' title='bbox 2739 4952 2956 4999; x_wconf 88' lang='lat' dir='ltr'><strong>creatus</strong></span> <span class='ocrx_word' id='word_1_926' title='bbox 2982 4959 3089 4999; x_wconf 89' lang='lat' dir='ltr'><strong>non</strong></span> <span class='ocrx_word' id='word_1_927' title='bbox 3117 4952 3222 5000; x_wconf 90' lang='lat' dir='ltr'><strong>est.</strong></span> <span class='ocrx_word' id='word_1_928' title='bbox 3252 4943 3395 5001; x_wconf 77' lang='lat' dir='ltr'><strong>Nihil</strong></span> <span class='ocrx_word' id='word_1_929' title='bbox 3421 4947 3590 5012; x_wconf 88' lang='lat' dir='ltr'><strong>enim,</strong></span> <span class='ocrx_word' id='word_1_930' title='bbox 3617 4956 3846 5017; x_wconf 63' lang='lat' dir='ltr'><strong>exmpto</strong></span> 
     </span>
    </p>
   </div>
   <div class='ocr_carea' id='block_1_108' title="bbox 2257 5035 3848 5104">
    <p class='ocr_par' dir='ltr' id='par_1_108' title="bbox 2257 5035 3848 5104">
     <span class='ocr_line' id='line_1_108' title="bbox 2257 5035 3848 5104; baseline 0.001 -10"><span class='ocrx_word' id='word_1_931' title='bbox 2257 5039 2390 5104; x_wconf 87' lang='lat' dir='ltr'><strong>Deo,</strong></span> <span class='ocrx_word' id='word_1_932' title='bbox 2420 5054 2524 5093; x_wconf 89' lang='lat' dir='ltr'><strong>non</strong></span> <span class='ocrx_word' id='word_1_933' title='bbox 2554 5045 2794 5093; x_wconf 84' lang='lat' dir='ltr'><strong>creatum</strong></span> <span class='ocrx_word' id='word_1_934' title='bbox 2825 5045 2929 5092; x_wconf 90' lang='lat' dir='ltr'><strong>est.</strong></span> <span class='ocrx_word' id='word_1_935' title='bbox 2970 5035 3126 5092; x_wconf 80' lang='lat' dir='ltr'><strong>Absit</strong></span> <span class='ocrx_word' id='word_1_936' title='bbox 3153 5037 3221 5091; x_wconf 87' lang='lat' dir='ltr'><strong>ab</strong></span> <span class='ocrx_word' id='word_1_937' title='bbox 3253 5037 3527 5094; x_wconf 87' lang='lat' dir='ltr'><strong>intellectu</strong></span> <span class='ocrx_word' id='word_1_938' title='bbox 3553 5050 3762 5104; x_wconf 72' lang='lat' dir='ltr'><strong>nostro,</strong></span> <span class='ocrx_word' id='word_1_939' title='bbox 3785 5051 3848 5101; x_wconf 87' lang='lat' dir='ltr'><strong>ut</strong></span> 
     </span>
    </p>
   </div>
   <div class='ocr_carea' id='block_1_109' title="bbox 2255 5125 3844 5197">
    <p class='ocr_par' dir='ltr' id='par_1_109' title="bbox 2255 5125 3844 5197">
     <span class='ocr_line' id='line_1_109' title="bbox 2255 5125 3844 5197; baseline 0.004 -15"><span class='ocrx_word' id='word_1_940' title='bbox 2255 5127 2458 5197; x_wconf 90' lang='lat' dir='ltr'><strong>aliquid</strong></span> <span class='ocrx_word' id='word_1_941' title='bbox 2483 5125 2751 5181; x_wconf 79' lang='lat' dir='ltr'><strong>fateamur</strong></span> <span class='ocrx_word' id='word_1_942' title='bbox 2787 5142 2853 5182; x_wconf 80' lang='lat' dir='ltr'><strong>ex</strong></span> <span class='ocrx_word' id='word_1_943' title='bbox 2883 5126 3042 5182; x_wconf 80' lang='lat' dir='ltr'><strong>Patre</strong></span> <span class='ocrx_word' id='word_1_944' title='bbox 3070 5128 3172 5182; x_wconf 92' lang='lat' dir='ltr'><strong>nisi</strong></span> <span class='ocrx_word' id='word_1_945' title='bbox 3212 5127 3252 5182; x_wconf 85' lang='lat' dir='ltr'><strong>F</strong></span> <span class='ocrx_word' id='word_1_946' title='bbox 3259 5128 3408 5184; x_wconf 90' lang='lat' dir='ltr'><strong>ilium</strong></span> <span class='ocrx_word' id='word_1_947' title='bbox 3434 5146 3448 5194; x_wconf 91' lang='lat'><strong>;</strong></span> <span class='ocrx_word' id='word_1_948' title='bbox 3478 5140 3533 5184; x_wconf 88' lang='lat' dir='ltr'><strong>et</strong></span> <span class='ocrx_word' id='word_1_949' title='bbox 3576 5130 3697 5185; x_wconf 87' lang='lat' dir='ltr'><strong>ideo</strong></span> <span class='ocrx_word' id='word_1_950' title='bbox 3737 5146 3844 5188; x_wconf 89' lang='lat' dir='ltr'><strong>non</strong></span> 
     </span>
    </p>
   </div>
   <div class='ocr_carea' id='block_1_110' title="bbox 2255 5217 3845 5285">
    <p class='ocr_par' dir='ltr' id='par_1_110' title="bbox 2255 5217 3845 5285">
     <span class='ocr_line' id='line_1_110' title="bbox 2255 5217 3845 5285; baseline 0.004 -12"><span class='ocrx_word' id='word_1_951' title='bbox 2255 5219 2357 5274; x_wconf 89' lang='lat' dir='ltr'><strong>nisi</strong></span> <span class='ocrx_word' id='word_1_952' title='bbox 2392 5218 2530 5272; x_wconf 92' lang='lat' dir='ltr'><strong>Deus</strong></span> <span class='ocrx_word' id='word_1_953' title='bbox 2556 5217 2705 5272; x_wconf 87' lang='lat' dir='ltr'><strong>nasci</strong></span> <span class='ocrx_word' id='word_1_954' title='bbox 2741 5218 2917 5285; x_wconf 91' lang='lat' dir='ltr'><strong>potuit</strong></span> <span class='ocrx_word' id='word_1_955' title='bbox 2943 5231 3012 5272; x_wconf 80' lang='lat' dir='ltr'><strong>ex</strong></span> <span class='ocrx_word' id='word_1_956' title='bbox 3049 5217 3178 5272; x_wconf 88' lang='lat' dir='ltr'><strong>Deo.</strong></span> <span class='ocrx_word' id='word_1_957' title='bbox 3222 5217 3376 5274; x_wconf 89' lang='lat' dir='ltr'><strong>Unde</strong></span> <span class='ocrx_word' id='word_1_958' title='bbox 3403 5219 3537 5273; x_wconf 84' lang='lat' dir='ltr'><strong>mihi</strong></span> <span class='ocrx_word' id='word_1_959' title='bbox 3569 5230 3623 5274; x_wconf 88' lang='lat' dir='ltr'><strong>te</strong></span> <span class='ocrx_word' id='word_1_960' title='bbox 3666 5220 3845 5280; x_wconf 84' lang='lat' dir='ltr'><strong>Patris</strong></span> 
     </span>
    </p>
   </div>
   <div class='ocr_carea' id='block_1_111' title="bbox 2254 5306 3842 5380">
    <p class='ocr_par' dir='ltr' id='par_1_111' title="bbox 2254 5306 3842 5380">
     <span class='ocr_line' id='line_1_111' title="bbox 2254 5306 3842 5380; baseline 0.002 -14"><span class='ocrx_word' id='word_1_961' title='bbox 2254 5311 2489 5366; x_wconf 79' lang='lat' dir='ltr'><strong>Verbum</strong></span> <span class='ocrx_word' id='word_1_962' title='bbox 2520 5308 2868 5365; x_wconf 87' lang='lat' dir='ltr'><strong>considerare</strong></span> <span class='ocrx_word' id='word_1_963' title='bbox 2909 5306 3111 5363; x_wconf 80' lang='lat' dir='ltr'><strong>volenti</strong></span> <span class='ocrx_word' id='word_1_964' title='bbox 3158 5308 3301 5363; x_wconf 92' lang='lat' dir='ltr'><strong>nulla</strong></span> <span class='ocrx_word' id='word_1_965' title='bbox 3346 5309 3622 5366; x_wconf 76' lang='lat' dir='ltr'><strong>sufficiunt</strong></span> <span class='ocrx_word' id='word_1_966' title='bbox 3653 5313 3842 5380; x_wconf 86' lang='lat' dir='ltr'><strong>verba,</strong></span> 
     </span>
    </p>
   </div>
   <div class='ocr_carea' id='block_1_112' title="bbox 2255 5398 3844 5472">
    <p class='ocr_par' dir='ltr' id='par_1_112' title="bbox 2255 5398 3844 5472">
     <span class='ocr_line' id='line_1_112' title="bbox 2255 5398 3844 5472; baseline 0.003 -16"><span class='ocrx_word' id='word_1_967' title='bbox 2255 5402 2450 5472; x_wconf 88' lang='lat' dir='ltr'><strong>quibus</strong></span> <span class='ocrx_word' id='word_1_968' title='bbox 2487 5409 2539 5453; x_wconf 91' lang='lat' dir='ltr'><strong>te</strong></span> <span class='ocrx_word' id='word_1_969' title='bbox 2568 5399 2779 5454; x_wconf 86' lang='lat' dir='ltr'><strong>valeam</strong></span> <span class='ocrx_word' id='word_1_970' title='bbox 2809 5398 3102 5468; x_wconf 75' lang='lat' dir='ltr'><strong>explicare.</strong></span> <span class='ocrx_word' id='word_1_971' title='bbox 3143 5398 3369 5467; x_wconf 90' lang='lat' dir='ltr'><strong>Quando</strong></span> <span class='ocrx_word' id='word_1_972' title='bbox 3411 5411 3592 5456; x_wconf 89' lang='lat' dir='ltr'><strong>autem</strong></span> <span class='ocrx_word' id='word_1_973' title='bbox 3632 5403 3844 5460; x_wconf 84' lang='lat' dir='ltr'><strong>abunde</strong></span> 
     </span>
    </p>
   </div>
   <div class='ocr_carea' id='block_1_113' title="bbox 2256 5488 3839 5563">
    <p class='ocr_par' dir='ltr' id='par_1_113' title="bbox 2256 5488 3839 5563">
     <span class='ocr_line' id='line_1_113' title="bbox 2256 5488 3839 5563; baseline 0.001 -17"><span class='ocrx_word' id='word_1_974' title='bbox 2256 5494 2335 5550; x_wconf 89' lang='lat' dir='ltr'><strong>vel</strong></span> <span class='ocrx_word' id='word_1_975' title='bbox 2367 5493 2524 5563; x_wconf 84' lang='lat' dir='ltr'><strong>digne</strong></span> <span class='ocrx_word' id='word_1_976' title='bbox 2549 5490 2693 5560; x_wconf 83' lang='lat' dir='ltr'><strong>loqui</strong></span> <span class='ocrx_word' id='word_1_977' title='bbox 2715 5489 2946 5560; x_wconf 85' lang='lat' dir='ltr'><strong>potero?</strong></span> <span class='ocrx_word' id='word_1_978' title='bbox 2971 5488 3145 5554; x_wconf 87' lang='lat' dir='ltr'><strong>Quis?</strong></span> <span class='ocrx_word' id='word_1_979' title='bbox 3166 5490 3232 5544; x_wconf 92' lang='lat' dir='ltr'><strong>de</strong></span> <span class='ocrx_word' id='word_1_980' title='bbox 3254 5506 3362 5559; x_wconf 92' lang='lat' dir='ltr'><strong>quo</strong></span> <span class='ocrx_word' id='word_1_981' title='bbox 3381 5491 3404 5543; x_wconf 87' lang='lat'><strong>?</strong></span> <span class='ocrx_word' id='word_1_982' title='bbox 3430 5491 3602 5548; x_wconf 87' lang='lat' dir='ltr'><strong>Homo</strong></span> <span class='ocrx_word' id='word_1_983' title='bbox 3623 5494 3689 5548; x_wconf 87' lang='lat' dir='ltr'><strong>de</strong></span> <span class='ocrx_word' id='word_1_984' title='bbox 3710 5492 3839 5559; x_wconf 88' lang='lat' dir='ltr'><strong>Deo,</strong></span> 
     </span>
    </p>
   </div>
   <div class='ocr_carea' id='block_1_114' title="bbox 2253 5581 3846 5654">
    <p class='ocr_par' dir='ltr' id='par_1_114' title="bbox 2253 5581 3846 5654">
     <span class='ocr_line' id='line_1_114' title="bbox 2253 5581 3846 5654; baseline 0 -12"><span class='ocrx_word' id='word_1_985' title='bbox 2253 5601 2388 5654; x_wconf 89' lang='lat' dir='ltr'><strong>opus</strong></span> <span class='ocrx_word' id='word_1_986' title='bbox 2417 5586 2481 5639; x_wconf 90' lang='lat' dir='ltr'><strong>de</strong></span> <span class='ocrx_word' id='word_1_987' title='bbox 2506 5583 2720 5653; x_wconf 82' lang='lat' dir='ltr'><strong>opiﬁce,</strong></span> <span class='ocrx_word' id='word_1_988' title='bbox 2767 5581 3012 5638; x_wconf 87' lang='lat' dir='ltr'><strong>mortalis</strong></span> <span class='ocrx_word' id='word_1_989' title='bbox 3036 5581 3104 5636; x_wconf 85' lang='lat' dir='ltr'><strong>de</strong></span> <span class='ocrx_word' id='word_1_990' title='bbox 3131 5582 3444 5649; x_wconf 88' lang='lat' dir='ltr'><strong>immortali,</strong></span> <span class='ocrx_word' id='word_1_991' title='bbox 3491 5595 3741 5641; x_wconf 73' lang='lat' dir='ltr'><strong>creatura</strong></span> <span class='ocrx_word' id='word_1_992' title='bbox 3772 5586 3846 5642; x_wconf 85' lang='lat' dir='ltr'><strong>de</strong></span> 
     </span>
    </p>
   </div>
   <div class='ocr_carea' id='block_1_115' title="bbox 2252 5672 3842 5745">
    <p class='ocr_par' dir='ltr' id='par_1_115' title="bbox 2252 5672 3842 5745">
     <span class='ocr_line' id='line_1_115' title="bbox 2252 5672 3842 5745; baseline -0.001 -11"><span class='ocrx_word' id='word_1_993' title='bbox 2252 5677 2530 5739; x_wconf 85' lang='lat' dir='ltr'><strong>Creatore,</strong></span> <span class='ocrx_word' id='word_1_994' title='bbox 2555 5689 2755 5745; x_wconf 84' lang='lat' dir='ltr'><strong>parvus</strong></span> <span class='ocrx_word' id='word_1_995' title='bbox 2779 5673 2842 5727; x_wconf 90' lang='lat' dir='ltr'><strong>de</strong></span> <span class='ocrx_word' id='word_1_996' title='bbox 2873 5672 3158 5737; x_wconf 89' lang='lat' dir='ltr'><strong>immenso,</strong></span> <span class='ocrx_word' id='word_1_997' title='bbox 3185 5675 3496 5744; x_wconf 76' lang='lat' dir='ltr'><strong>temporalis</strong></span> <span class='ocrx_word' id='word_1_998' title='bbox 3517 5676 3584 5731; x_wconf 88' lang='lat' dir='ltr'><strong>de</strong></span> <span class='ocrx_word' id='word_1_999' title='bbox 3607 5685 3842 5743; x_wconf 73' lang='lat' dir='ltr'><strong>aeterno;</strong></span> 
     </span>
    </p>
   </div>
   <div class='ocr_carea' id='block_1_116' title="bbox 2253 5763 3840 5839">
    <p class='ocr_par' dir='ltr' id='par_1_116' title="bbox 2253 5763 3840 5839">
     <span class='ocr_line' id='line_1_116' title="bbox 2253 5763 3840 5839; baseline -0.002 -14"><span class='ocrx_word' id='word_1_1000' title='bbox 2253 5767 2407 5837; x_wconf 83' lang='lat' dir='ltr'><strong>cujus</strong></span> <span class='ocrx_word' id='word_1_1001' title='bbox 2433 5776 2514 5823; x_wconf 86' lang='lat' dir='ltr'><strong>est</strong></span> <span class='ocrx_word' id='word_1_1002' title='bbox 2539 5763 2863 5820; x_wconf 87' lang='lat' dir='ltr'><strong>venerabilis</strong></span> <span class='ocrx_word' id='word_1_1003' title='bbox 2888 5763 3302 5833; x_wconf 89' lang='lat' dir='ltr'><strong>omnipotentia,</strong></span> <span class='ocrx_word' id='word_1_1004' title='bbox 3331 5781 3436 5835; x_wconf 87' lang='lat' dir='ltr'><strong>qua</strong></span> <span class='ocrx_word' id='word_1_1005' title='bbox 3469 5782 3568 5822; x_wconf 89' lang='lat' dir='ltr'><strong>nos</strong></span> <span class='ocrx_word' id='word_1_1006' title='bbox 3601 5766 3840 5839; x_wconf 76' lang='lat' dir='ltr'><strong>gratuita</strong></span> 
     </span>
    </p>
   </div>
   <div class='ocr_carea' id='block_1_117' title="bbox 2252 5853 3844 5930">
    <p class='ocr_par' dir='ltr' id='par_1_117' title="bbox 2252 5853 3844 5930">
     <span class='ocr_line' id='line_1_117' title="bbox 2252 5853 3844 5930; baseline -0.004 -14"><span class='ocrx_word' id='word_1_1007' title='bbox 2252 5859 2490 5917; x_wconf 85' lang='lat' dir='ltr'><strong>bonitate</strong></span> <span class='ocrx_word' id='word_1_1008' title='bbox 2517 5855 2691 5910; x_wconf 80' lang='lat' dir='ltr'><strong>fecisti</strong></span> <span class='ocrx_word' id='word_1_1009' title='bbox 2719 5872 2732 5907; x_wconf 86' lang='lat'>:</span> <span class='ocrx_word' id='word_1_1010' title='bbox 2764 5868 2864 5908; x_wconf 86' lang='lat' dir='ltr'><strong>nec</strong></span> <span class='ocrx_word' id='word_1_1011' title='bbox 2897 5853 3078 5909; x_wconf 86' lang='lat' dir='ltr'><strong>minus</strong></span> <span class='ocrx_word' id='word_1_1012' title='bbox 3108 5861 3286 5910; x_wconf 84' lang='lat' dir='ltr'><strong>tamen</strong></span> <span class='ocrx_word' id='word_1_1013' title='bbox 3316 5855 3692 5913; x_wconf 87' lang='lat' dir='ltr'><strong>inenarrabilis</strong></span> <span class='ocrx_word' id='word_1_1014' title='bbox 3718 5873 3844 5930; x_wconf 78' lang='lat' dir='ltr'><strong>gra-</strong></span> 
     </span>
    </p>
   </div>
   <div class='ocr_carea' id='block_1_118' title="bbox 2251 5945 3838 6020">
    <p class='ocr_par' dir='ltr' id='par_1_118' title="bbox 2251 5945 3838 6020">
     <span class='ocr_line' id='line_1_118' title="bbox 2251 5945 3838 6020; baseline 0.001 -14"><span class='ocrx_word' id='word_1_1015' title='bbox 2251 5951 2345 6017; x_wconf 83' lang='lat' dir='ltr'><strong>tia,</strong></span> <span class='ocrx_word' id='word_1_1016' title='bbox 2378 5965 2482 6020; x_wconf 85' lang='lat' dir='ltr'><strong>qua</strong></span> <span class='ocrx_word' id='word_1_1017' title='bbox 2511 5963 2610 6004; x_wconf 84' lang='lat' dir='ltr'><strong>nos</strong></span> <span class='ocrx_word' id='word_1_1018' title='bbox 2644 5945 3167 6015; x_wconf 78' lang='lat' dir='ltr'><strong>omnipotentissima</strong></span> <span class='ocrx_word' id='word_1_1019' title='bbox 3195 5947 3565 6006; x_wconf 69' lang='lat' dir='ltr'><strong>misericordia</strong></span> <span class='ocrx_word' id='word_1_1020' title='bbox 3594 5949 3838 6007; x_wconf 64' lang='lat' dir='ltr'><strong>saluati.</strong></span> 
     </span>
    </p>
   </div>
  </div>
