  <div class='ocr_page' id='page_1' title='image "/cluster/home/n/w/nwhite01/storage/ocr_20150623/101/umn.31951002477394h/532.png"; bbox 0 0 4090 6490; ppageno 0'>
   <div class='ocr_carea' id='block_1_1' title="bbox 230 420 374 478">
    <p class='ocr_par' dir='ltr' id='par_1_1' title="bbox 230 420 374 478">
     <span class='ocr_line' id='line_1_1' title="bbox 230 420 374 478; baseline -0.007 0"><span class='ocrx_word' id='word_1_1' title='bbox 230 421 259 478; x_wconf 69' lang='grc'><strong>1</strong></span> <span class='ocrx_word' id='word_1_2' title='bbox 268 420 374 478; x_wconf 79' lang='lat'><strong>057</strong></span> 
     </span>
    </p>
   </div>
   <div class='ocr_carea' id='block_1_2' title="bbox 945 418 2797 481">
    <p class='ocr_par' dir='ltr' id='par_1_2' title="bbox 945 418 2797 481">
     <span class='ocr_line' id='line_1_2' title="bbox 945 418 2797 481; baseline -0.001 -2"><span class='ocrx_word' id='word_1_3' title='bbox 945 420 1097 481; x_wconf 83' lang='lat' dir='ltr'><strong>OPP.</strong></span> <span class='ocrx_word' id='word_1_4' title='bbox 1143 421 1374 480; x_wconf 81' lang='lat' dir='ltr'><strong>DUBIA.</strong></span> <span class='ocrx_word' id='word_1_5' title='bbox 1413 451 1485 464; x_wconf 92' lang='lat'><strong>-—</strong></span> <span class='ocrx_word' id='word_1_6' title='bbox 1519 418 1749 478; x_wconf 75' lang='lat' dir='ltr'><strong>ALBINI</strong></span> <span class='ocrx_word' id='word_1_7' title='bbox 1783 418 2166 478; x_wconf 78' lang='lat' dir='ltr'><strong>CONFESSIO</strong></span> <span class='ocrx_word' id='word_1_8' title='bbox 2204 420 2404 479; x_wconf 75' lang='lat' dir='ltr'><strong>FIDE].</strong></span> <span class='ocrx_word' id='word_1_9' title='bbox 2441 453 2507 463; x_wconf 85' lang='grc'><strong><em>-</em></strong></span> <span class='ocrx_word' id='word_1_10' title='bbox 2540 423 2719 479; x_wconf 75' lang='lat' dir='ltr'><strong>PARS</strong></span> <span class='ocrx_word' id='word_1_11' title='bbox 2755 423 2797 479; x_wconf 81' lang='grc' dir='ltr'><strong>ι.</strong></span> 
     </span>
    </p>
   </div>
   <div class='ocr_carea' id='block_1_3' title="bbox 3373 421 3511 478">
    <p class='ocr_par' dir='ltr' id='par_1_3' title="bbox 3373 421 3511 478">
     <span class='ocr_line' id='line_1_3' title="bbox 3373 421 3511 478; baseline 0.007 -1"><span class='ocrx_word' id='word_1_12' title='bbox 3373 421 3511 478; x_wconf 77' lang='grc'><strong>1058</strong></span> 
     </span>
    </p>
   </div>
   <div class='ocr_carea' id='block_1_4' title="bbox 230 530 3519 605">
    <p class='ocr_par' dir='ltr' id='par_1_4' title="bbox 230 530 3519 605">
     <span class='ocr_line' id='line_1_4' title="bbox 230 530 3519 605; baseline -0.001 -16"><span class='ocrx_word' id='word_1_13' title='bbox 230 532 337 602; x_wconf 85' lang='lat' dir='ltr'><strong>Qui</strong></span> <span class='ocrx_word' id='word_1_14' title='bbox 365 540 421 591; x_wconf 84' lang='lat' dir='ltr'><strong>et</strong></span> <span class='ocrx_word' id='word_1_15' title='bbox 440 547 577 605; x_wconf 80' lang='lat' dir='ltr'><strong>opus</strong></span> <span class='ocrx_word' id='word_1_16' title='bbox 598 532 879 591; x_wconf 85' lang='lat' dir='ltr'><strong>creatricls</strong></span> <span class='ocrx_word' id='word_1_17' title='bbox 903 534 1310 604; x_wconf 67' lang='lat' dir='ltr'><strong>omnipotentiae</strong></span> <span class='ocrx_word' id='word_1_18' title='bbox 1335 532 1505 605; x_wconf 90' lang='lat' dir='ltr'><strong>gratis</strong></span> <span class='ocrx_word' id='word_1_19' title='bbox 1538 530 1737 595; x_wconf 81' lang='lat' dir='ltr'><strong>fecisti,</strong></span> <span class='ocrx_word' id='word_1_20' title='bbox 1765 538 1822 586; x_wconf 90' lang='lat' dir='ltr'><strong>et</strong></span> <span class='ocrx_word' id='word_1_21' title='bbox 1852 533 1894 589; x_wconf 82' lang='grc' dir='ltr'><strong>Α</strong></span> <span class='ocrx_word' id='word_1_22' title='bbox 1922 540 2185 596; x_wconf 88' lang='lat' dir='ltr'><strong>creatum,</strong></span> <span class='ocrx_word' id='word_1_23' title='bbox 2221 547 2321 588; x_wconf 90' lang='lat' dir='ltr'><strong>nec</strong></span> <span class='ocrx_word' id='word_1_24' title='bbox 2353 534 2613 604; x_wconf 89' lang='lat' dir='ltr'><strong>genitum,</strong></span> <span class='ocrx_word' id='word_1_25' title='bbox 2643 547 2819 602; x_wconf 79' lang='lat' dir='ltr'><strong>neque.</strong></span> <span class='ocrx_word' id='word_1_26' title='bbox 2846 532 3163 605; x_wconf 85' lang='lat' dir='ltr'><strong>ingenitum,</strong></span> <span class='ocrx_word' id='word_1_27' title='bbox 3198 534 3291 589; x_wconf 89' lang='lat' dir='ltr'><strong>sed</strong></span> <span class='ocrx_word' id='word_1_28' title='bbox 3319 549 3385 589; x_wconf 80' lang='lat' dir='ltr'><strong>ex</strong></span> <span class='ocrx_word' id='word_1_29' title='bbox 3417 533 3519 588; x_wconf 83' lang='lat' dir='ltr'><strong>Pa-</strong></span> 
     </span>
    </p>
   </div>
   <div class='ocr_carea' id='block_1_5' title="bbox 232 622 1828 698">
    <p class='ocr_par' dir='ltr' id='par_1_5' title="bbox 232 622 1828 698">
     <span class='ocr_line' id='line_1_5' title="bbox 232 622 1828 698; baseline -0.003 -18"><span class='ocrx_word' id='word_1_30' title='bbox 232 642 371 697; x_wconf 87' lang='lat' dir='ltr'><strong>opns</strong></span> <span class='ocrx_word' id='word_1_31' title='bbox 400 626 590 698; x_wconf 62' lang='lat' dir='ltr'><strong>gratim</strong></span> <span class='ocrx_word' id='word_1_32' title='bbox 630 626 936 683; x_wconf 88' lang='lat' dir='ltr'><strong>salvatrieis</strong></span> <span class='ocrx_word' id='word_1_33' title='bbox 976 627 1381 696; x_wconf 88' lang='lat' dir='ltr'><strong>omnipotenter</strong></span> <span class='ocrx_word' id='word_1_34' title='bbox 1419 622 1653 693; x_wconf 72' lang='lat' dir='ltr'><strong>implesti</strong></span> <span class='ocrx_word' id='word_1_35' title='bbox 1682 638 1696 676; x_wconf 89' lang='lat'><strong>:</strong></span> <span class='ocrx_word' id='word_1_36' title='bbox 1729 622 1828 676; x_wconf 86' lang='lat' dir='ltr'><strong>ha-</strong></span> 
     </span>
    </p>
   </div>
   <div class='ocr_carea' id='block_1_6' title="bbox 234 713 1828 788">
    <p class='ocr_par' dir='ltr' id='par_1_6' title="bbox 234 713 1828 788">
     <span class='ocr_line' id='line_1_6' title="bbox 234 713 1828 788; baseline -0.006 -14"><span class='ocrx_word' id='word_1_37' title='bbox 234 718 371 775; x_wconf 88' lang='lat' dir='ltr'><strong>bens</strong></span> <span class='ocrx_word' id='word_1_38' title='bbox 398 717 653 773; x_wconf 82' lang='lat' dir='ltr'><strong>nimirum</strong></span> <span class='ocrx_word' id='word_1_39' title='bbox 683 725 961 788; x_wconf 75' lang='lat' dir='ltr'><strong>perpetem</strong></span> <span class='ocrx_word' id='word_1_40' title='bbox 990 725 1337 788; x_wconf 86' lang='lat' dir='ltr'><strong>potestatem,</strong></span> <span class='ocrx_word' id='word_1_41' title='bbox 1366 725 1424 771; x_wconf 90' lang='lat' dir='ltr'><strong>et</strong></span> <span class='ocrx_word' id='word_1_42' title='bbox 1452 713 1719 770; x_wconf 86' lang='lat' dir='ltr'><strong>condendi</strong></span> <span class='ocrx_word' id='word_1_43' title='bbox 1752 713 1828 766; x_wconf 83' lang='lat' dir='ltr'><strong>iu-</strong></span> 
     </span>
    </p>
   </div>
   <div class='ocr_carea' id='block_1_7' title="bbox 233 804 1834 880">
    <p class='ocr_par' dir='ltr' id='par_1_7' title="bbox 233 804 1834 880">
     <span class='ocr_line' id='line_1_7' title="bbox 233 804 1834 880; baseline -0.007 -11"><span class='ocrx_word' id='word_1_44' title='bbox 233 810 455 869; x_wconf 85' lang='lat' dir='ltr'><strong>condita</strong></span> <span class='ocrx_word' id='word_1_45' title='bbox 473 851 488 877; x_wconf 91' lang='lat'><strong>,</strong></span> <span class='ocrx_word' id='word_1_46' title='bbox 516 818 573 866; x_wconf 89' lang='lat' dir='ltr'><strong>et</strong></span> <span class='ocrx_word' id='word_1_47' title='bbox 599 810 809 880; x_wconf 88' lang='lat' dir='ltr'><strong>perdita</strong></span> <span class='ocrx_word' id='word_1_48' title='bbox 841 809 1147 880; x_wconf 89' lang='lat' dir='ltr'><strong>reparandi.</strong></span> <span class='ocrx_word' id='word_1_49' title='bbox 1195 806 1306 864; x_wconf 88' lang='lat' dir='ltr'><strong>Nec</strong></span> <span class='ocrx_word' id='word_1_50' title='bbox 1333 808 1497 877; x_wconf 86' lang='lat' dir='ltr'><strong>igitur</strong></span> <span class='ocrx_word' id='word_1_51' title='bbox 1526 806 1615 863; x_wconf 85' lang='lat' dir='ltr'><strong>ille</strong></span> <span class='ocrx_word' id='word_1_52' title='bbox 1642 804 1834 878; x_wconf 72' lang='lat' dir='ltr'><strong>prteci-</strong></span> 
     </span>
    </p>
   </div>
   <div class='ocr_carea' id='block_1_8' title="bbox 232 900 1833 977">
    <p class='ocr_par' dir='ltr' id='par_1_8' title="bbox 232 900 1833 977">
     <span class='ocr_line' id='line_1_8' title="bbox 232 900 1833 977; baseline -0.004 -18"><span class='ocrx_word' id='word_1_53' title='bbox 232 920 376 977; x_wconf 86' lang='lat' dir='ltr'><strong>pnus</strong></span> <span class='ocrx_word' id='word_1_54' title='bbox 425 902 821 974; x_wconf 84' lang='lat' dir='ltr'><strong>theologorum,</strong></span> <span class='ocrx_word' id='word_1_55' title='bbox 852 917 1064 958; x_wconf 88' lang='lat' dir='ltr'><strong>summa</strong></span> <span class='ocrx_word' id='word_1_56' title='bbox 1092 900 1413 972; x_wconf 78' lang='lat' dir='ltr'><strong>profundius</strong></span> <span class='ocrx_word' id='word_1_57' title='bbox 1442 901 1655 957; x_wconf 66' lang='lat' dir='ltr'><strong>ueteris</strong></span> <span class='ocrx_word' id='word_1_58' title='bbox 1680 900 1833 968; x_wconf 85' lang='lat' dir='ltr'><strong>aqui-</strong></span> 
     </span>
    </p>
   </div>
   <div class='ocr_carea' id='block_1_9' title="bbox 234 991 1828 1064">
    <p class='ocr_par' dir='ltr' id='par_1_9' title="bbox 234 991 1828 1064">
     <span class='ocr_line' id='line_1_9' title="bbox 234 991 1828 1064; baseline -0.006 -15"><span class='ocrx_word' id='word_1_59' title='bbox 234 995 361 1049; x_wconf 83' lang='lat' dir='ltr'><strong>imis</strong></span> <span class='ocrx_word' id='word_1_60' title='bbox 387 992 783 1064; x_wconf 81' lang='lat' dir='ltr'><strong>contemplatus</strong></span> <span class='ocrx_word' id='word_1_61' title='bbox 811 991 1091 1045; x_wconf 84' lang='lat' dir='ltr'><strong>obtutibus</strong></span> <span class='ocrx_word' id='word_1_62' title='bbox 1109 1028 1123 1054; x_wconf 91' lang='lat'><strong>,</strong></span> <span class='ocrx_word' id='word_1_63' title='bbox 1171 992 1487 1059; x_wconf 77' lang='lat' dir='ltr'><strong>scriptitans</strong></span> <span class='ocrx_word' id='word_1_64' title='bbox 1514 998 1828 1044; x_wconf 88' lang='lat' dir='ltr'><strong>eructaret:</strong></span> 
     </span>
    </p>
   </div>
   <div class='ocr_carea' id='block_1_10' title="bbox 234 1078 1833 1155">
    <p class='ocr_par' dir='ltr' id='par_1_10' title="bbox 234 1078 1833 1155">
     <span class='ocr_line' id='line_1_10' title="bbox 234 1078 1833 1155; baseline -0.004 -17"><span class='ocrx_word' id='word_1_65' title='bbox 234 1084 304 1139; x_wconf 80' lang='lat' dir='ltr'><strong>In</strong></span> <span class='ocrx_word' id='word_1_66' title='bbox 351 1083 609 1155; x_wconf 83' lang='lat' dir='ltr'><strong>principio</strong></span> <span class='ocrx_word' id='word_1_67' title='bbox 654 1091 766 1137; x_wconf 84' lang='lat' dir='ltr'><strong>erat</strong></span> <span class='ocrx_word' id='word_1_68' title='bbox 828 1078 1053 1136; x_wconf 79' lang='lat' dir='ltr'><strong>Verbum</strong></span> <span class='ocrx_word' id='word_1_69' title='bbox 1078 1122 1093 1145; x_wconf 91' lang='lat'><strong>,</strong></span> <span class='ocrx_word' id='word_1_70' title='bbox 1153 1090 1203 1135; x_wconf 88' lang='lat' dir='ltr'><strong>et</strong></span> <span class='ocrx_word' id='word_1_71' title='bbox 1267 1079 1488 1134; x_wconf 80' lang='lat' dir='ltr'><strong>Verbum</strong></span> <span class='ocrx_word' id='word_1_72' title='bbox 1534 1088 1649 1133; x_wconf 78' lang='lat' dir='ltr'><strong>erat</strong></span> <span class='ocrx_word' id='word_1_73' title='bbox 1693 1079 1833 1149; x_wconf 81' lang='lat' dir='ltr'><strong>apud</strong></span> 
     </span>
    </p>
   </div>
   <div class='ocr_carea' id='block_1_11' title="bbox 235 1168 1834 1240">
    <p class='ocr_par' dir='ltr' id='par_1_11' title="bbox 235 1168 1834 1240">
     <span class='ocr_line' id='line_1_11' title="bbox 235 1168 1834 1240; baseline -0.006 -10"><span class='ocrx_word' id='word_1_74' title='bbox 235 1177 428 1239; x_wconf 79' lang='lat' dir='ltr'><strong>Deum,</strong></span> <span class='ocrx_word' id='word_1_75' title='bbox 475 1185 522 1230; x_wconf 80' lang='lat' dir='ltr'><strong>et</strong></span> <span class='ocrx_word' id='word_1_76' title='bbox 552 1174 693 1229; x_wconf 76' lang='lat' dir='ltr'><strong>Deus</strong></span> <span class='ocrx_word' id='word_1_77' title='bbox 735 1182 846 1227; x_wconf 84' lang='lat' dir='ltr'><strong>erat</strong></span> <span class='ocrx_word' id='word_1_78' title='bbox 893 1170 1161 1237; x_wconf 79' lang='lat' dir='ltr'><strong>Verbum;</strong></span> <span class='ocrx_word' id='word_1_79' title='bbox 1209 1172 1306 1225; x_wconf 85' lang='lat' dir='ltr'><strong>hoc</strong></span> <span class='ocrx_word' id='word_1_80' title='bbox 1332 1179 1445 1223; x_wconf 80' lang='lat' dir='ltr'><strong>erat</strong></span> <span class='ocrx_word' id='word_1_81' title='bbox 1474 1170 1529 1222; x_wconf 82' lang='lat' dir='ltr'><strong>in</strong></span> <span class='ocrx_word' id='word_1_82' title='bbox 1575 1168 1834 1240; x_wconf 77' lang='lat' dir='ltr'><strong>principio</strong></span> 
     </span>
    </p>
   </div>
   <div class='ocr_carea' id='block_1_12' title="bbox 232 1258 1836 1337">
    <p class='ocr_par' dir='ltr' id='par_1_12' title="bbox 232 1258 1836 1337">
     <span class='ocr_line' id='line_1_12' title="bbox 232 1258 1836 1337; baseline -0.006 -17"><span class='ocrx_word' id='word_1_83' title='bbox 232 1268 380 1337; x_wconf 75' lang='lat' dir='ltr'><strong>apud</strong></span> <span class='ocrx_word' id='word_1_84' title='bbox 410 1267 577 1322; x_wconf 74' lang='lat' dir='ltr'><strong>Deum</strong></span> <span class='ocrx_word' id='word_1_85' title='bbox 602 1263 786 1337; x_wconf 84' lang='lat' dir='ltr'><strong>(Joau.</strong></span> <span class='ocrx_word' id='word_1_86' title='bbox 820 1280 855 1326; x_wconf 83' lang='grc' dir='ltr'><strong>ι.</strong></span> <span class='ocrx_word' id='word_1_87' title='bbox 893 1261 944 1334; x_wconf 85' lang='grc'><strong>1)</strong></span> <span class='ocrx_word' id='word_1_88' title='bbox 973 1281 989 1329; x_wconf 86' lang='lat'><strong>;</strong></span> <span class='ocrx_word' id='word_1_89' title='bbox 1035 1263 1141 1317; x_wconf 91' lang='lat' dir='ltr'><strong>nisi</strong></span> <span class='ocrx_word' id='word_1_90' title='bbox 1168 1270 1221 1316; x_wconf 92' lang='lat' dir='ltr'><strong>tu</strong></span> <span class='ocrx_word' id='word_1_91' title='bbox 1256 1261 1396 1317; x_wconf 86' lang='lat' dir='ltr'><strong>Deus</strong></span> <span class='ocrx_word' id='word_1_92' title='bbox 1426 1258 1661 1315; x_wconf 80' lang='lat' dir='ltr'><strong>Verbum</strong></span> <span class='ocrx_word' id='word_1_93' title='bbox 1700 1276 1836 1315; x_wconf 86' lang='lat' dir='ltr'><strong>sem-</strong></span> 
     </span>
    </p>
   </div>
   <div class='ocr_carea' id='block_1_13' title="bbox 235 1347 1834 1429">
    <p class='ocr_par' dir='ltr' id='par_1_13' title="bbox 235 1347 1834 1429">
     <span class='ocr_line' id='line_1_13' title="bbox 235 1347 1834 1429; baseline -0.009 -15"><span class='ocrx_word' id='word_1_94' title='bbox 235 1374 337 1429; x_wconf 90' lang='lat' dir='ltr'><strong>per</strong></span> <span class='ocrx_word' id='word_1_95' title='bbox 358 1357 500 1428; x_wconf 88' lang='lat' dir='ltr'><strong>apud</strong></span> <span class='ocrx_word' id='word_1_96' title='bbox 528 1355 769 1421; x_wconf 81' lang='lat' dir='ltr'><strong>Patrem,</strong></span> <span class='ocrx_word' id='word_1_97' title='bbox 796 1367 1013 1424; x_wconf 87' lang='lat' dir='ltr'><strong>semper</strong></span> <span class='ocrx_word' id='word_1_98' title='bbox 1040 1367 1161 1408; x_wconf 89' lang='lat' dir='ltr'><strong>cum</strong></span> <span class='ocrx_word' id='word_1_99' title='bbox 1191 1350 1374 1415; x_wconf 85' lang='lat' dir='ltr'><strong>Patre,</strong></span> <span class='ocrx_word' id='word_1_100' title='bbox 1401 1364 1616 1419; x_wconf 85' lang='lat' dir='ltr'><strong>semper</strong></span> <span class='ocrx_word' id='word_1_101' title='bbox 1644 1347 1711 1404; x_wconf 90' lang='lat' dir='ltr'><strong>de</strong></span> <span class='ocrx_word' id='word_1_102' title='bbox 1737 1348 1834 1401; x_wconf 84' lang='lat' dir='ltr'><strong>Pa-</strong></span> 
     </span>
    </p>
   </div>
   <div class='ocr_carea' id='block_1_14' title="bbox 235 1440 1833 1519">
    <p class='ocr_par' dir='ltr' id='par_1_14' title="bbox 235 1440 1833 1519">
     <span class='ocr_line' id='line_1_14' title="bbox 235 1440 1833 1519; baseline -0.007 -15"><span class='ocrx_word' id='word_1_103' title='bbox 235 1458 349 1516; x_wconf 89' lang='lat' dir='ltr'><strong>tre,</strong></span> <span class='ocrx_word' id='word_1_104' title='bbox 396 1461 614 1519; x_wconf 81' lang='lat' dir='ltr'><strong>semper</strong></span> <span class='ocrx_word' id='word_1_105' title='bbox 653 1461 806 1501; x_wconf 81' lang='lat' dir='ltr'><strong>esses</strong></span> <span class='ocrx_word' id='word_1_106' title='bbox 833 1446 888 1500; x_wconf 90' lang='lat' dir='ltr'><strong>in</strong></span> <span class='ocrx_word' id='word_1_107' title='bbox 919 1444 1118 1499; x_wconf 80' lang='lat' dir='ltr'><strong>Patre:</strong></span> <span class='ocrx_word' id='word_1_108' title='bbox 1159 1458 1265 1497; x_wconf 92' lang='lat' dir='ltr'><strong>non</strong></span> <span class='ocrx_word' id='word_1_109' title='bbox 1293 1442 1436 1498; x_wconf 88' lang='lat' dir='ltr'><strong>sicut</strong></span> <span class='ocrx_word' id='word_1_110' title='bbox 1462 1455 1560 1494; x_wconf 86' lang='lat' dir='ltr'><strong>vas</strong></span> <span class='ocrx_word' id='word_1_111' title='bbox 1595 1440 1653 1494; x_wconf 89' lang='lat' dir='ltr'><strong>in</strong></span> <span class='ocrx_word' id='word_1_112' title='bbox 1682 1454 1833 1504; x_wconf 83' lang='lat' dir='ltr'><strong>vase,</strong></span> 
     </span>
    </p>
   </div>
   <div class='ocr_carea' id='block_1_15' title="bbox 235 1534 1833 1614">
    <p class='ocr_par' dir='ltr' id='par_1_15' title="bbox 235 1534 1833 1614">
     <span class='ocr_line' id='line_1_15' title="bbox 235 1534 1833 1614; baseline -0.008 -15"><span class='ocrx_word' id='word_1_113' title='bbox 235 1545 324 1601; x_wconf 81' lang='lat' dir='ltr'><strong>vel</strong></span> <span class='ocrx_word' id='word_1_114' title='bbox 348 1545 539 1601; x_wconf 84' lang='lat' dir='ltr'><strong>civitas</strong></span> <span class='ocrx_word' id='word_1_115' title='bbox 566 1541 708 1614; x_wconf 87' lang='lat' dir='ltr'><strong>apud</strong></span> <span class='ocrx_word' id='word_1_116' title='bbox 730 1539 955 1606; x_wconf 88' lang='lat' dir='ltr'><strong>urbem;</strong></span> <span class='ocrx_word' id='word_1_117' title='bbox 986 1538 1081 1595; x_wconf 87' lang='lat' dir='ltr'><strong>sed</strong></span> <span class='ocrx_word' id='word_1_118' title='bbox 1101 1538 1179 1593; x_wconf 90' lang='lat' dir='ltr'><strong>uti</strong></span> <span class='ocrx_word' id='word_1_119' title='bbox 1200 1536 1464 1606; x_wconf 81' lang='lat' dir='ltr'><strong>sapientia</strong></span> <span class='ocrx_word' id='word_1_120' title='bbox 1491 1534 1546 1589; x_wconf 91' lang='lat' dir='ltr'><strong>iu</strong></span> <span class='ocrx_word' id='word_1_121' title='bbox 1569 1534 1833 1603; x_wconf 81' lang='lat' dir='ltr'><strong>sapiente,</strong></span> 
     </span>
    </p>
   </div>
   <div class='ocr_carea' id='block_1_16' title="bbox 235 1627 1833 1698">
    <p class='ocr_par' dir='ltr' id='par_1_16' title="bbox 235 1627 1833 1698">
     <span class='ocr_line' id='line_1_16' title="bbox 235 1627 1833 1698; baseline -0.008 -6"><span class='ocrx_word' id='word_1_122' title='bbox 235 1637 443 1693; x_wconf 83' lang='lat' dir='ltr'><strong>veritas</strong></span> <span class='ocrx_word' id='word_1_123' title='bbox 488 1636 543 1690; x_wconf 90' lang='lat' dir='ltr'><strong>in</strong></span> <span class='ocrx_word' id='word_1_124' title='bbox 588 1648 820 1698; x_wconf 82' lang='lat' dir='ltr'><strong>verace,</strong></span> <span class='ocrx_word' id='word_1_125' title='bbox 872 1632 1085 1687; x_wconf 85' lang='lat' dir='ltr'><strong>bonitas</strong></span> <span class='ocrx_word' id='word_1_126' title='bbox 1129 1630 1184 1686; x_wconf 91' lang='lat' dir='ltr'><strong>in</strong></span> <span class='ocrx_word' id='word_1_127' title='bbox 1229 1630 1409 1693; x_wconf 87' lang='lat' dir='ltr'><strong>bono,</strong></span> <span class='ocrx_word' id='word_1_128' title='bbox 1457 1628 1732 1684; x_wconf 71' lang='lat' dir='ltr'><strong>aeternitas</strong></span> <span class='ocrx_word' id='word_1_129' title='bbox 1780 1627 1833 1681; x_wconf 92' lang='lat' dir='ltr'><strong>in</strong></span> 
     </span>
    </p>
   </div>
   <div class='ocr_carea' id='block_1_17' title="bbox 234 1710 1833 1798">
    <p class='ocr_par' dir='ltr' id='par_1_17' title="bbox 234 1710 1833 1798">
     <span class='ocr_line' id='line_1_17' title="bbox 234 1710 1833 1798; baseline -0.006 -13"><span class='ocrx_word' id='word_1_130' title='bbox 234 1738 489 1795; x_wconf 63' lang='lat' dir='ltr'><strong>aeterno;</strong></span> <span class='ocrx_word' id='word_1_131' title='bbox 538 1728 667 1798; x_wconf 84' lang='lat' dir='ltr'><strong>quia</strong></span> <span class='ocrx_word' id='word_1_132' title='bbox 714 1725 849 1783; x_wconf 84' lang='lat' dir='ltr'><strong>nihil</strong></span> <span class='ocrx_word' id='word_1_133' title='bbox 888 1724 1035 1781; x_wconf 83' lang='lat' dir='ltr'><strong>aliud</strong></span> <span class='ocrx_word' id='word_1_134' title='bbox 1079 1723 1135 1779; x_wconf 91' lang='lat' dir='ltr'><strong>iu</strong></span> <span class='ocrx_word' id='word_1_135' title='bbox 1174 1720 1352 1777; x_wconf 84' lang='lat' dir='ltr'><strong>Patris</strong></span> <span class='ocrx_word' id='word_1_136' title='bbox 1378 1710 1680 1777; x_wconf 84' lang='lat' dir='ltr'><strong>substantia</strong></span> <span class='ocrx_word' id='word_1_137' title='bbox 1728 1720 1833 1775; x_wconf 88' lang='lat' dir='ltr'><strong>nisi</strong></span> 
     </span>
    </p>
   </div>
   <div class='ocr_carea' id='block_1_18' title="bbox 235 1806 1828 1891">
    <p class='ocr_par' dir='ltr' id='par_1_18' title="bbox 235 1806 1828 1891">
     <span class='ocr_line' id='line_1_18' title="bbox 235 1806 1828 1891; baseline -0.007 -13"><span class='ocrx_word' id='word_1_138' title='bbox 235 1820 406 1885; x_wconf 84' lang='lat' dir='ltr'><strong>Deus,</strong></span> <span class='ocrx_word' id='word_1_139' title='bbox 433 1820 679 1891; x_wconf 79' lang='lat' dir='ltr'><strong>:equalis,</strong></span> <span class='ocrx_word' id='word_1_140' title='bbox 720 1827 778 1875; x_wconf 92' lang='lat' dir='ltr'><strong>et</strong></span> <span class='ocrx_word' id='word_1_141' title='bbox 803 1816 1109 1873; x_wconf 74' lang='lat' dir='ltr'><strong>eomternus</strong></span> <span class='ocrx_word' id='word_1_142' title='bbox 1146 1806 1248 1880; x_wconf 86' lang='lat' dir='ltr'><strong>illi,</strong></span> <span class='ocrx_word' id='word_1_143' title='bbox 1291 1830 1325 1869; x_wconf 90' lang='lat' dir='ltr'><strong>a</strong></span> <span class='ocrx_word' id='word_1_144' title='bbox 1364 1830 1470 1884; x_wconf 90' lang='lat' dir='ltr'><strong>quo</strong></span> <span class='ocrx_word' id='word_1_145' title='bbox 1508 1806 1722 1884; x_wconf 88' lang='lat' dir='ltr'><strong>genitus</strong></span> <span class='ocrx_word' id='word_1_146' title='bbox 1747 1826 1828 1875; x_wconf 89' lang='lat' dir='ltr'><strong>es,</strong></span> 
     </span>
    </p>
   </div>
   <div class='ocr_carea' id='block_1_19' title="bbox 1934 622 3518 694">
    <p class='ocr_par' dir='ltr' id='par_1_19' title="bbox 1934 622 3518 694">
     <span class='ocr_line' id='line_1_19' title="bbox 1934 622 3518 694; baseline 0.003 -19"><span class='ocrx_word' id='word_1_147' title='bbox 1934 638 2015 677; x_wconf 80' lang='lat' dir='ltr'><strong>tre</strong></span> <span class='ocrx_word' id='word_1_148' title='bbox 2059 622 2298 693; x_wconf 73' lang='lat' dir='ltr'><strong>Filioque</strong></span> <span class='ocrx_word' id='word_1_149' title='bbox 2325 624 2761 679; x_wconf 79' lang='lat' dir='ltr'><strong>inenarrabiliter</strong></span> <span class='ocrx_word' id='word_1_150' title='bbox 2788 623 3190 694; x_wconf 73' lang='lat' dir='ltr'><strong>procedentem,</strong></span> <span class='ocrx_word' id='word_1_151' title='bbox 3242 635 3294 681; x_wconf 85' lang='lat' dir='ltr'><strong>ct</strong></span> <span class='ocrx_word' id='word_1_152' title='bbox 3336 625 3390 678; x_wconf 88' lang='lat' dir='ltr'><strong>iu</strong></span> <span class='ocrx_word' id='word_1_153' title='bbox 3422 623 3518 679; x_wconf 82' lang='lat' dir='ltr'><strong>Pa-</strong></span> 
     </span>
    </p>
   </div>
   <div class='ocr_carea' id='block_1_20' title="bbox 1932 715 3518 787">
    <p class='ocr_par' dir='ltr' id='par_1_20' title="bbox 1932 715 3518 787">
     <span class='ocr_line' id='line_1_20' title="bbox 1932 715 3518 787; baseline 0.002 -21"><span class='ocrx_word' id='word_1_154' title='bbox 1932 722 2053 777; x_wconf 87' lang='lat' dir='ltr'><strong>tre,</strong></span> <span class='ocrx_word' id='word_1_155' title='bbox 2109 715 2377 787; x_wconf 86' lang='lat' dir='ltr'><strong>simulque</strong></span> <span class='ocrx_word' id='word_1_156' title='bbox 2426 715 2561 771; x_wconf 83' lang='lat' dir='ltr'><strong>Filio</strong></span> <span class='ocrx_word' id='word_1_157' title='bbox 2604 715 3033 772; x_wconf 85' lang='lat' dir='ltr'><strong>substantialiter</strong></span> <span class='ocrx_word' id='word_1_158' title='bbox 3068 726 3518 787; x_wconf 84' lang='lat' dir='ltr'><strong>permanentem:</strong></span> 
     </span>
    </p>
   </div>
   <div class='ocr_carea' id='block_1_21' title="bbox 1932 804 3519 877">
    <p class='ocr_par' dir='ltr' id='par_1_21' title="bbox 1932 804 3519 877">
     <span class='ocr_line' id='line_1_21' title="bbox 1932 804 3519 877; baseline 0.001 -20"><span class='ocrx_word' id='word_1_159' title='bbox 1932 812 2095 874; x_wconf 90' lang='lat' dir='ltr'><strong>atque</strong></span> <span class='ocrx_word' id='word_1_160' title='bbox 2140 807 2215 861; x_wconf 88' lang='lat' dir='ltr'><strong>ita</strong></span> <span class='ocrx_word' id='word_1_161' title='bbox 2263 822 2362 877; x_wconf 86' lang='lat' dir='ltr'><strong>per</strong></span> <span class='ocrx_word' id='word_1_162' title='bbox 2400 807 2583 862; x_wconf 88' lang='lat' dir='ltr'><strong>omnia</strong></span> <span class='ocrx_word' id='word_1_163' title='bbox 2611 806 2718 861; x_wconf 89' lang='lat' dir='ltr'><strong>Deo</strong></span> <span class='ocrx_word' id='word_1_164' title='bbox 2766 806 2915 861; x_wconf 82' lang='lat' dir='ltr'><strong>Patri</strong></span> <span class='ocrx_word' id='word_1_165' title='bbox 2958 813 3013 860; x_wconf 90' lang='lat' dir='ltr'><strong>et</strong></span> <span class='ocrx_word' id='word_1_166' title='bbox 3062 805 3197 862; x_wconf 87' lang='lat' dir='ltr'><strong>Filio</strong></span> <span class='ocrx_word' id='word_1_167' title='bbox 3236 804 3519 877; x_wconf 64' lang='lat' dir='ltr'><strong>aequalem,</strong></span> 
     </span>
    </p>
   </div>
   <div class='ocr_carea' id='block_1_22' title="bbox 1934 899 3527 972">
    <p class='ocr_par' dir='ltr' id='par_1_22' title="bbox 1934 899 3527 972">
     <span class='ocr_line' id='line_1_22' title="bbox 1934 899 3527 972; baseline 0.003 -20"><span class='ocrx_word' id='word_1_168' title='bbox 1934 906 2285 965; x_wconf 61' lang='lat' dir='ltr'><strong>coaeternum,</strong></span> <span class='ocrx_word' id='word_1_169' title='bbox 2337 909 2393 955; x_wconf 87' lang='lat' dir='ltr'><strong>et</strong></span> <span class='ocrx_word' id='word_1_170' title='bbox 2439 899 2988 966; x_wconf 87' lang='lat' dir='ltr'><strong>consubstantialem,</strong></span> <span class='ocrx_word' id='word_1_171' title='bbox 3039 908 3100 953; x_wconf 89' lang='lat' dir='ltr'><strong>ut</strong></span> <span class='ocrx_word' id='word_1_172' title='bbox 3132 914 3308 972; x_wconf 85' lang='lat' dir='ltr'><strong>neque</strong></span> <span class='ocrx_word' id='word_1_173' title='bbox 3338 899 3527 956; x_wconf 81' lang='lat' dir='ltr'><strong>volun-</strong></span> 
     </span>
    </p>
   </div>
   <div class='ocr_carea' id='block_1_23' title="bbox 1936 992 3523 1062">
    <p class='ocr_par' dir='ltr' id='par_1_23' title="bbox 1936 992 3523 1062">
     <span class='ocr_line' id='line_1_23' title="bbox 1936 992 3523 1062; baseline 0.003 -20"><span class='ocrx_word' id='word_1_174' title='bbox 1936 998 2076 1054; x_wconf 91' lang='lat' dir='ltr'><strong>tate,</strong></span> <span class='ocrx_word' id='word_1_175' title='bbox 2112 1006 2212 1045; x_wconf 90' lang='lat' dir='ltr'><strong>nec</strong></span> <span class='ocrx_word' id='word_1_176' title='bbox 2260 999 2548 1061; x_wconf 80' lang='lat' dir='ltr'><strong>potestate,</strong></span> <span class='ocrx_word' id='word_1_177' title='bbox 2602 1006 2774 1060; x_wconf 85' lang='lat' dir='ltr'><strong>neque</strong></span> <span class='ocrx_word' id='word_1_178' title='bbox 2803 992 3125 1057; x_wconf 76' lang='lat' dir='ltr'><strong>:eternitate,</strong></span> <span class='ocrx_word' id='word_1_179' title='bbox 3178 1006 3352 1062; x_wconf 88' lang='lat' dir='ltr'><strong>neque</strong></span> <span class='ocrx_word' id='word_1_180' title='bbox 3394 992 3523 1047; x_wconf 82' lang='lat' dir='ltr'><strong>sub-</strong></span> 
     </span>
    </p>
   </div>
   <div class='ocr_carea' id='block_1_24' title="bbox 1934 1082 3526 1155">
    <p class='ocr_par' dir='ltr' id='par_1_24' title="bbox 1934 1082 3526 1155">
     <span class='ocr_line' id='line_1_24' title="bbox 1934 1082 3526 1155; baseline 0 -18"><span class='ocrx_word' id='word_1_181' title='bbox 1934 1084 2134 1138; x_wconf 87' lang='lat' dir='ltr'><strong>stantia</strong></span> <span class='ocrx_word' id='word_1_182' title='bbox 2178 1082 2381 1139; x_wconf 80' lang='lat' dir='ltr'><strong>differri</strong></span> <span class='ocrx_word' id='word_1_183' title='bbox 2410 1084 2590 1155; x_wconf 88' lang='lat' dir='ltr'><strong>possis</strong></span> <span class='ocrx_word' id='word_1_184' title='bbox 2616 1085 2684 1139; x_wconf 89' lang='lat' dir='ltr'><strong>ab</strong></span> <span class='ocrx_word' id='word_1_185' title='bbox 2721 1086 2820 1149; x_wconf 90' lang='lat' dir='ltr'><strong>eis,</strong></span> <span class='ocrx_word' id='word_1_186' title='bbox 2858 1083 2942 1138; x_wconf 80' lang='lat' dir='ltr'><strong>vel</strong></span> <span class='ocrx_word' id='word_1_187' title='bbox 2969 1083 3220 1154; x_wconf 65' lang='lat' dir='ltr'><strong>prmcedi,</strong></span> <span class='ocrx_word' id='word_1_188' title='bbox 3270 1097 3302 1138; x_wconf 90' lang='lat' dir='ltr'><strong>a</strong></span> <span class='ocrx_word' id='word_1_189' title='bbox 3331 1083 3526 1154; x_wconf 88' lang='lat' dir='ltr'><strong>quibus</strong></span> 
     </span>
    </p>
   </div>
   <div class='ocr_carea' id='block_1_25' title="bbox 1933 1175 3523 1248">
    <p class='ocr_par' dir='ltr' id='par_1_25' title="bbox 1933 1175 3523 1248">
     <span class='ocr_line' id='line_1_25' title="bbox 1933 1175 3523 1248; baseline 0.001 -20"><span class='ocrx_word' id='word_1_190' title='bbox 1933 1177 2203 1247; x_wconf 76' lang='lat' dir='ltr'><strong>procedis.</strong></span> <span class='ocrx_word' id='word_1_191' title='bbox 2259 1177 2426 1248; x_wconf 85' lang='lat' dir='ltr'><strong>Igitur</strong></span> <span class='ocrx_word' id='word_1_192' title='bbox 2470 1185 2732 1231; x_wconf 67' lang='lat' dir='ltr'><strong>aeternum</strong></span> <span class='ocrx_word' id='word_1_193' title='bbox 2786 1176 3005 1232; x_wconf 81' lang='lat' dir='ltr'><strong>Patrem</strong></span> <span class='ocrx_word' id='word_1_194' title='bbox 3051 1176 3172 1232; x_wconf 88' lang='lat' dir='ltr'><strong>sine</strong></span> <span class='ocrx_word' id='word_1_195' title='bbox 3220 1175 3523 1238; x_wconf 83' lang='lat' dir='ltr'><strong>nativitate,</strong></span> 
     </span>
    </p>
   </div>
   <div class='ocr_carea' id='block_1_26' title="bbox 1934 1264 3526 1338">
    <p class='ocr_par' dir='ltr' id='par_1_26' title="bbox 1934 1264 3526 1338">
     <span class='ocr_line' id='line_1_26' title="bbox 1934 1264 3526 1338; baseline -0.002 -15"><span class='ocrx_word' id='word_1_196' title='bbox 1934 1277 2197 1323; x_wconf 80' lang='lat' dir='ltr'><strong>:eternum</strong></span> <span class='ocrx_word' id='word_1_197' title='bbox 2237 1267 2431 1324; x_wconf 88' lang='lat' dir='ltr'><strong>Filium</strong></span> <span class='ocrx_word' id='word_1_198' title='bbox 2460 1284 2582 1323; x_wconf 90' lang='lat' dir='ltr'><strong>cum</strong></span> <span class='ocrx_word' id='word_1_199' title='bbox 2624 1269 2927 1334; x_wconf 78' lang='lat' dir='ltr'><strong>nativitate,</strong></span> <span class='ocrx_word' id='word_1_200' title='bbox 2971 1278 3233 1322; x_wconf 73' lang='lat' dir='ltr'><strong>teternum</strong></span> <span class='ocrx_word' id='word_1_201' title='bbox 3264 1264 3526 1338; x_wconf 88' lang='lat' dir='ltr'><strong>Spiritum</strong></span> 
     </span>
    </p>
   </div>
   <div class='ocr_carea' id='block_1_27' title="bbox 1934 1356 3527 1430">
    <p class='ocr_par' dir='ltr' id='par_1_27' title="bbox 1934 1356 3527 1430">
     <span class='ocr_line' id='line_1_27' title="bbox 1934 1356 3527 1430; baseline -0.003 -15"><span class='ocrx_word' id='word_1_202' title='bbox 1934 1368 2186 1415; x_wconf 84' lang='lat' dir='ltr'><strong>sanctum</strong></span> <span class='ocrx_word' id='word_1_203' title='bbox 2228 1375 2355 1414; x_wconf 79' lang='lat' dir='ltr'><strong>cum</strong></span> <span class='ocrx_word' id='word_1_204' title='bbox 2395 1360 2777 1430; x_wconf 81' lang='lat' dir='ltr'><strong>processione,</strong></span> <span class='ocrx_word' id='word_1_205' title='bbox 2824 1358 2943 1413; x_wconf 85' lang='lat' dir='ltr'><strong>sine</strong></span> <span class='ocrx_word' id='word_1_206' title='bbox 2981 1358 3284 1414; x_wconf 81' lang='lat' dir='ltr'><strong>nativitate.</strong></span> <span class='ocrx_word' id='word_1_207' title='bbox 3332 1356 3527 1413; x_wconf 87' lang='lat' dir='ltr'><strong>Totum</strong></span> 
     </span>
    </p>
   </div>
   <div class='ocr_carea' id='block_1_28' title="bbox 1934 1449 3526 1521">
    <p class='ocr_par' dir='ltr' id='par_1_28' title="bbox 1934 1449 3526 1521">
     <span class='ocr_line' id='line_1_28' title="bbox 1934 1449 3526 1521; baseline 0 -18"><span class='ocrx_word' id='word_1_208' title='bbox 1934 1450 2154 1506; x_wconf 87' lang='lat' dir='ltr'><strong>Patrem</strong></span> <span class='ocrx_word' id='word_1_209' title='bbox 2183 1452 2237 1507; x_wconf 89' lang='lat' dir='ltr'><strong>in</strong></span> <span class='ocrx_word' id='word_1_210' title='bbox 2269 1451 2402 1505; x_wconf 82' lang='lat' dir='ltr'><strong>Filio</strong></span> <span class='ocrx_word' id='word_1_211' title='bbox 2430 1459 2485 1505; x_wconf 86' lang='lat' dir='ltr'><strong>et</strong></span> <span class='ocrx_word' id='word_1_212' title='bbox 2511 1450 2715 1521; x_wconf 84' lang='lat' dir='ltr'><strong>Spiritu</strong></span> <span class='ocrx_word' id='word_1_213' title='bbox 2764 1457 2987 1515; x_wconf 86' lang='lat' dir='ltr'><strong>sancto,</strong></span> <span class='ocrx_word' id='word_1_214' title='bbox 3037 1457 3209 1506; x_wconf 91' lang='lat' dir='ltr'><strong>totum</strong></span> <span class='ocrx_word' id='word_1_215' title='bbox 3249 1449 3442 1504; x_wconf 82' lang='lat' dir='ltr'><strong>Filium</strong></span> <span class='ocrx_word' id='word_1_216' title='bbox 3474 1452 3526 1504; x_wconf 89' lang='lat' dir='ltr'><strong>in</strong></span> 
     </span>
    </p>
   </div>
   <div class='ocr_carea' id='block_1_29' title="bbox 1935 1542 3527 1617">
    <p class='ocr_par' dir='ltr' id='par_1_29' title="bbox 1935 1542 3527 1617">
     <span class='ocr_line' id='line_1_29' title="bbox 1935 1542 3527 1617; baseline -0.003 -18"><span class='ocrx_word' id='word_1_217' title='bbox 1935 1544 2097 1600; x_wconf 82' lang='lat' dir='ltr'><strong>Patre</strong></span> <span class='ocrx_word' id='word_1_218' title='bbox 2121 1554 2177 1599; x_wconf 91' lang='lat' dir='ltr'><strong>et</strong></span> <span class='ocrx_word' id='word_1_219' title='bbox 2207 1544 2413 1617; x_wconf 86' lang='lat' dir='ltr'><strong>Spiritu</strong></span> <span class='ocrx_word' id='word_1_220' title='bbox 2440 1554 2649 1610; x_wconf 88' lang='lat' dir='ltr'><strong>sancto,</strong></span> <span class='ocrx_word' id='word_1_221' title='bbox 2684 1553 2857 1599; x_wconf 89' lang='lat' dir='ltr'><strong>totum</strong></span> <span class='ocrx_word' id='word_1_222' title='bbox 2885 1542 3145 1614; x_wconf 86' lang='lat' dir='ltr'><strong>Spiritum</strong></span> <span class='ocrx_word' id='word_1_223' title='bbox 3176 1548 3446 1608; x_wconf 90' lang='lat' dir='ltr'><strong>sanctum,</strong></span> <span class='ocrx_word' id='word_1_224' title='bbox 3476 1543 3527 1595; x_wconf 90' lang='lat' dir='ltr'><strong>iu</strong></span> 
     </span>
    </p>
   </div>
   <div class='ocr_carea' id='block_1_30' title="bbox 1937 1632 3530 1704">
    <p class='ocr_par' dir='ltr' id='par_1_30' title="bbox 1937 1632 3530 1704">
     <span class='ocr_line' id='line_1_30' title="bbox 1937 1632 3530 1704; baseline -0.004 -11"><span class='ocrx_word' id='word_1_225' title='bbox 1937 1638 2095 1693; x_wconf 85' lang='lat' dir='ltr'><strong>Patre</strong></span> <span class='ocrx_word' id='word_1_226' title='bbox 2121 1645 2177 1693; x_wconf 88' lang='lat' dir='ltr'><strong>et</strong></span> <span class='ocrx_word' id='word_1_227' title='bbox 2202 1638 2339 1694; x_wconf 87' lang='lat' dir='ltr'><strong>Filio</strong></span> <span class='ocrx_word' id='word_1_228' title='bbox 2362 1646 2694 1694; x_wconf 74' lang='lat' dir='ltr'><strong>manentem.</strong></span> <span class='ocrx_word' id='word_1_229' title='bbox 2746 1636 2982 1701; x_wconf 86' lang='lat' dir='ltr'><strong>Patrem,</strong></span> <span class='ocrx_word' id='word_1_230' title='bbox 3028 1633 3242 1697; x_wconf 83' lang='lat' dir='ltr'><strong>Filium,</strong></span> <span class='ocrx_word' id='word_1_231' title='bbox 3271 1643 3326 1689; x_wconf 89' lang='lat' dir='ltr'><strong>et</strong></span> <span class='ocrx_word' id='word_1_232' title='bbox 3355 1632 3530 1704; x_wconf 88' lang='lat' dir='ltr'><strong>Spiri-</strong></span> 
     </span>
    </p>
   </div>
   <div class='ocr_carea' id='block_1_31' title="bbox 1937 1725 3535 1794">
    <p class='ocr_par' dir='ltr' id='par_1_31' title="bbox 1937 1725 3535 1794">
     <span class='ocr_line' id='line_1_31' title="bbox 1937 1725 3535 1794; baseline -0.004 -12"><span class='ocrx_word' id='word_1_233' title='bbox 1937 1735 2051 1782; x_wconf 90' lang='lat' dir='ltr'><strong>tum</strong></span> <span class='ocrx_word' id='word_1_234' title='bbox 2077 1736 2351 1792; x_wconf 90' lang='lat' dir='ltr'><strong>sanctum,</strong></span> <span class='ocrx_word' id='word_1_235' title='bbox 2394 1740 2563 1782; x_wconf 87' lang='lat' dir='ltr'><strong>unum</strong></span> <span class='ocrx_word' id='word_1_236' title='bbox 2591 1725 2781 1790; x_wconf 88' lang='lat' dir='ltr'><strong>Deum,</strong></span> <span class='ocrx_word' id='word_1_237' title='bbox 2827 1725 3274 1794; x_wconf 80' lang='lat' dir='ltr'><strong>omnipotentem,</strong></span> <span class='ocrx_word' id='word_1_238' title='bbox 3304 1739 3411 1778; x_wconf 89' lang='lat' dir='ltr'><strong>una</strong></span> <span class='ocrx_word' id='word_1_239' title='bbox 3439 1739 3535 1792; x_wconf 93' lang='lat' dir='ltr'><strong>po—</strong></span> 
     </span>
    </p>
   </div>
   <div class='ocr_carea' id='block_1_32' title="bbox 1938 1818 3533 1893">
    <p class='ocr_par' dir='ltr' id='par_1_32' title="bbox 1938 1818 3533 1893">
     <span class='ocr_line' id='line_1_32' title="bbox 1938 1818 3533 1893; baseline -0.002 -20"><span class='ocrx_word' id='word_1_240' title='bbox 1938 1829 2135 1874; x_wconf 82' lang='lat' dir='ltr'><strong>testate</strong></span> <span class='ocrx_word' id='word_1_241' title='bbox 2162 1834 2378 1889; x_wconf 87' lang='lat' dir='ltr'><strong>unoque</strong></span> <span class='ocrx_word' id='word_1_242' title='bbox 2406 1834 2598 1893; x_wconf 79' lang='lat' dir='ltr'><strong>regno,</strong></span> <span class='ocrx_word' id='word_1_243' title='bbox 2643 1833 2747 1872; x_wconf 94' lang='lat' dir='ltr'><strong>una</strong></span> <span class='ocrx_word' id='word_1_244' title='bbox 2776 1818 3083 1886; x_wconf 79' lang='lat' dir='ltr'><strong>majestate,</strong></span> <span class='ocrx_word' id='word_1_245' title='bbox 3130 1832 3345 1887; x_wconf 89' lang='lat' dir='ltr'><strong>unaque</strong></span> <span class='ocrx_word' id='word_1_246' title='bbox 3371 1824 3533 1871; x_wconf 67' lang='lat' dir='ltr'><strong>aeter-</strong></span> 
     </span>
    </p>
   </div>
   <div class='ocr_carea' id='block_1_33' title="bbox 236 1877 3530 1984">
    <p class='ocr_par' dir='ltr' id='par_1_33' title="bbox 236 1877 3530 1984">
     <span class='ocr_line' id='line_1_33' title="bbox 236 1877 3530 1984; baseline -0.001 -17"><span class='ocrx_word' id='word_1_247' title='bbox 236 1928 365 1971; x_wconf 80' lang='lat' dir='ltr'><strong>esse</strong></span> <span class='ocrx_word' id='word_1_248' title='bbox 390 1923 561 1984; x_wconf 87' lang='lat' dir='ltr'><strong>potes.</strong></span> <span class='ocrx_word' id='word_1_249' title='bbox 607 1911 958 1970; x_wconf 84' lang='lat' dir='ltr'><strong>Obmutescat</strong></span> <span class='ocrx_word' id='word_1_250' title='bbox 986 1912 1170 1981; x_wconf 81' lang='lat' dir='ltr'><strong>itaque</strong></span> <span class='ocrx_word' id='word_1_251' title='bbox 1211 1917 1269 1964; x_wconf 91' lang='lat' dir='ltr'><strong>et</strong></span> <span class='ocrx_word' id='word_1_252' title='bbox 1298 1924 1419 1965; x_wconf 90' lang='lat' dir='ltr'><strong>cum</strong></span> <span class='ocrx_word' id='word_1_253' title='bbox 1450 1909 1567 1963; x_wconf 88' lang='lat' dir='ltr'><strong>suis</strong></span> <span class='ocrx_word' id='word_1_254' title='bbox 1594 1907 1832 1963; x_wconf 85' lang='lat' dir='ltr'><strong>auctori-</strong></span> <span class='ocrx_word' id='word_1_255' title='bbox 1866 1877 1912 1940; x_wconf 66' lang='grc' dir='ltr'><strong>Β</strong></span> <span class='ocrx_word' id='word_1_256' title='bbox 1939 1913 2111 1966; x_wconf 89' lang='lat' dir='ltr'><strong>nitate</strong></span> <span class='ocrx_word' id='word_1_257' title='bbox 2137 1926 2203 1966; x_wconf 82' lang='lat' dir='ltr'><strong>ex</strong></span> <span class='ocrx_word' id='word_1_258' title='bbox 2232 1877 2381 1977; x_wconf 71' lang='lat' dir='ltr'><strong>tunc,</strong></span> <span class='ocrx_word' id='word_1_259' title='bbox 2400 1877 2639 1973; x_wconf 58' lang='lat' dir='ltr'><strong>etimne,</strong></span> <span class='ocrx_word' id='word_1_260' title='bbox 2659 1919 2713 1965; x_wconf 90' lang='lat' dir='ltr'><strong>et</strong></span> <span class='ocrx_word' id='word_1_261' title='bbox 2737 1924 2951 1979; x_wconf 86' lang='lat' dir='ltr'><strong>semper</strong></span> <span class='ocrx_word' id='word_1_262' title='bbox 2973 1911 3173 1979; x_wconf 87' lang='lat' dir='ltr'><strong>ubique</strong></span> <span class='ocrx_word' id='word_1_263' title='bbox 3195 1877 3530 1981; x_wconf 75' lang='lat' dir='ltr'><strong>regnantem,</strong></span> 
     </span>
    </p>
   </div>
   <div class='ocr_carea' id='block_1_34' title="bbox 236 2000 1838 2077">
    <p class='ocr_par' dir='ltr' id='par_1_34' title="bbox 236 2000 1838 2077">
     <span class='ocr_line' id='line_1_34' title="bbox 236 2000 1838 2077; baseline -0.002 -14"><span class='ocrx_word' id='word_1_264' title='bbox 236 2006 347 2063; x_wconf 83' lang='lat' dir='ltr'><strong>bus</strong></span> <span class='ocrx_word' id='word_1_265' title='bbox 385 2015 575 2077; x_wconf 84' lang='lat' dir='ltr'><strong>pereat</strong></span> <span class='ocrx_word' id='word_1_266' title='bbox 624 2000 805 2063; x_wconf 89' lang='lat' dir='ltr'><strong>omnis</strong></span> <span class='ocrx_word' id='word_1_267' title='bbox 844 2007 1100 2063; x_wconf 80' lang='lat' dir='ltr'><strong>haeretica</strong></span> <span class='ocrx_word' id='word_1_268' title='bbox 1144 2008 1415 2077; x_wconf 77' lang='lat' dir='ltr'><strong>pravitas,</strong></span> <span class='ocrx_word' id='word_1_269' title='bbox 1467 2021 1573 2075; x_wconf 81' lang='lat' dir='ltr'><strong>qua</strong></span> <span class='ocrx_word' id='word_1_270' title='bbox 1618 2003 1838 2060; x_wconf 87' lang='lat' dir='ltr'><strong>inimica</strong></span> 
     </span>
    </p>
   </div>
   <div class='ocr_carea' id='block_1_35' title="bbox 238 2097 1839 2169">
    <p class='ocr_par' dir='ltr' id='par_1_35' title="bbox 238 2097 1839 2169">
     <span class='ocr_line' id='line_1_35' title="bbox 238 2097 1839 2169; baseline -0.003 -15"><span class='ocrx_word' id='word_1_271' title='bbox 238 2112 462 2168; x_wconf 78' lang='lat' dir='ltr'><strong>semper</strong></span> <span class='ocrx_word' id='word_1_272' title='bbox 490 2098 586 2153; x_wconf 91' lang='lat' dir='ltr'><strong>lite</strong></span> <span class='ocrx_word' id='word_1_273' title='bbox 610 2113 754 2154; x_wconf 91' lang='lat' dir='ltr'><strong>nunc</strong></span> <span class='ocrx_word' id='word_1_274' title='bbox 781 2097 1139 2153; x_wconf 85' lang='lat' dir='ltr'><strong>substantiam</strong></span> <span class='ocrx_word' id='word_1_275' title='bbox 1166 2097 1374 2161; x_wconf 79' lang='lat' dir='ltr'><strong>dividit,</strong></span> <span class='ocrx_word' id='word_1_276' title='bbox 1414 2112 1557 2152; x_wconf 88' lang='lat' dir='ltr'><strong>nunc</strong></span> <span class='ocrx_word' id='word_1_277' title='bbox 1580 2110 1839 2169; x_wconf 81' lang='lat' dir='ltr'><strong>personas</strong></span> 
     </span>
    </p>
   </div>
   <div class='ocr_carea' id='block_1_36' title="bbox 240 2183 1840 2258">
    <p class='ocr_par' dir='ltr' id='par_1_36' title="bbox 240 2183 1840 2258">
     <span class='ocr_line' id='line_1_36' title="bbox 240 2183 1840 2258; baseline -0.003 -15"><span class='ocrx_word' id='word_1_278' title='bbox 240 2186 551 2243; x_wconf 81' lang='lat' dir='ltr'><strong>confundit.</strong></span> <span class='ocrx_word' id='word_1_279' title='bbox 596 2185 845 2252; x_wconf 88' lang='lat' dir='ltr'><strong>Crescat,</strong></span> <span class='ocrx_word' id='word_1_280' title='bbox 894 2201 1049 2258; x_wconf 86' lang='lat' dir='ltr'><strong>rogo,</strong></span> <span class='ocrx_word' id='word_1_281' title='bbox 1098 2183 1226 2250; x_wconf 90' lang='lat' dir='ltr'><strong>ﬁde,</strong></span> <span class='ocrx_word' id='word_1_282' title='bbox 1271 2192 1328 2239; x_wconf 89' lang='lat' dir='ltr'><strong>et</strong></span> <span class='ocrx_word' id='word_1_283' title='bbox 1355 2183 1531 2257; x_wconf 82' lang='lat' dir='ltr'><strong>magis</strong></span> <span class='ocrx_word' id='word_1_284' title='bbox 1556 2184 1840 2258; x_wconf 75' lang='lat' dir='ltr'><strong>magisque</strong></span> 
     </span>
    </p>
   </div>
   <div class='ocr_carea' id='block_1_37' title="bbox 239 2274 1841 2350">
    <p class='ocr_par' dir='ltr' id='par_1_37' title="bbox 239 2274 1841 2350">
     <span class='ocr_line' id='line_1_37' title="bbox 239 2274 1841 2350; baseline -0.001 -19"><span class='ocrx_word' id='word_1_285' title='bbox 239 2277 354 2350; x_wconf 84' lang='lat' dir='ltr'><strong>piis</strong></span> <span class='ocrx_word' id='word_1_286' title='bbox 398 2276 722 2333; x_wconf 81' lang='lat' dir='ltr'><strong>Iecundetur</strong></span> <span class='ocrx_word' id='word_1_287' title='bbox 771 2276 982 2332; x_wconf 87' lang='lat' dir='ltr'><strong>actibus</strong></span> <span class='ocrx_word' id='word_1_288' title='bbox 1021 2282 1198 2331; x_wconf 84' lang='lat' dir='ltr'><strong>mater</strong></span> <span class='ocrx_word' id='word_1_289' title='bbox 1235 2274 1513 2341; x_wconf 83' lang='lat' dir='ltr'><strong>Ecclesia,</strong></span> <span class='ocrx_word' id='word_1_290' title='bbox 1564 2290 1685 2345; x_wconf 66' lang='lat' dir='ltr'><strong>quae</strong></span> <span class='ocrx_word' id='word_1_291' title='bbox 1728 2282 1841 2330; x_wconf 83' lang='lat' dir='ltr'><strong>tres</strong></span> 
     </span>
    </p>
   </div>
   <div class='ocr_carea' id='block_1_38' title="bbox 242 2360 1835 2438">
    <p class='ocr_par' dir='ltr' id='par_1_38' title="bbox 242 2360 1835 2438">
     <span class='ocr_line' id='line_1_38' title="bbox 242 2360 1835 2438; baseline -0.004 -11"><span class='ocrx_word' id='word_1_292' title='bbox 242 2371 377 2427; x_wconf 86' lang='lat' dir='ltr'><strong>deos</strong></span> <span class='ocrx_word' id='word_1_293' title='bbox 403 2368 602 2435; x_wconf 78' lang='lat' dir='ltr'><strong>colere,</strong></span> <span class='ocrx_word' id='word_1_294' title='bbox 634 2368 934 2424; x_wconf 89' lang='lat' dir='ltr'><strong>trinitatem</strong></span> <span class='ocrx_word' id='word_1_295' title='bbox 973 2368 1027 2422; x_wconf 87' lang='lat' dir='ltr'><strong>In</strong></span> <span class='ocrx_word' id='word_1_296' title='bbox 1054 2360 1301 2438; x_wconf 86' lang='lat' dir='ltr'><strong>personis</strong></span> <span class='ocrx_word' id='word_1_297' title='bbox 1340 2382 1449 2421; x_wconf 89' lang='lat' dir='ltr'><strong>non</strong></span> <span class='ocrx_word' id='word_1_298' title='bbox 1480 2362 1835 2437; x_wconf 72' lang='lat' dir='ltr'><strong>distinguere,</strong></span> 
     </span>
    </p>
   </div>
   <div class='ocr_carea' id='block_1_39' title="bbox 241 2448 1845 2533">
    <p class='ocr_par' dir='ltr' id='par_1_39' title="bbox 241 2448 1845 2533">
     <span class='ocr_line' id='line_1_39' title="bbox 241 2448 1845 2533; baseline -0.002 -15"><span class='ocrx_word' id='word_1_299' title='bbox 241 2461 535 2533; x_wconf 79' lang='lat' dir='ltr'><strong>profanum</strong></span> <span class='ocrx_word' id='word_1_300' title='bbox 562 2469 617 2516; x_wconf 92' lang='lat' dir='ltr'><strong>et</strong></span> <span class='ocrx_word' id='word_1_301' title='bbox 641 2453 803 2516; x_wconf 87' lang='lat' dir='ltr'><strong>nimis</strong></span> <span class='ocrx_word' id='word_1_302' title='bbox 825 2459 1048 2530; x_wconf 90' lang='lat' dir='ltr'><strong>impium</strong></span> <span class='ocrx_word' id='word_1_303' title='bbox 1071 2450 1299 2530; x_wconf 69' lang='lat' dir='ltr'><strong>iudicat.</strong></span> <span class='ocrx_word' id='word_1_304' title='bbox 1333 2452 1461 2513; x_wconf 61' lang='lat' dir='ltr'><strong>Haec</strong></span> <span class='ocrx_word' id='word_1_305' title='bbox 1480 2448 1714 2530; x_wconf 88' lang='lat' dir='ltr'><strong>denique</strong></span> <span class='ocrx_word' id='word_1_306' title='bbox 1736 2468 1845 2514; x_wconf 57' lang='lat' dir='ltr'><strong>ore</strong></span> 
     </span>
    </p>
   </div>
   <div class='ocr_carea' id='block_1_40' title="bbox 245 2543 1841 2620">
    <p class='ocr_par' dir='ltr' id='par_1_40' title="bbox 245 2543 1841 2620">
     <span class='ocr_line' id='line_1_40' title="bbox 245 2543 1841 2620; baseline -0.003 -12"><span class='ocrx_word' id='word_1_307' title='bbox 245 2552 476 2609; x_wconf 84' lang='lat' dir='ltr'><strong>lestibus</strong></span> <span class='ocrx_word' id='word_1_308' title='bbox 515 2552 729 2607; x_wconf 81' lang='lat' dir='ltr'><strong>erudita</strong></span> <span class='ocrx_word' id='word_1_309' title='bbox 757 2544 1058 2620; x_wconf 86' lang='lat' dir='ltr'><strong>disciplinis</strong></span> <span class='ocrx_word' id='word_1_310' title='bbox 1086 2543 1279 2615; x_wconf 87' lang='lat' dir='ltr'><strong>credit,</strong></span> <span class='ocrx_word' id='word_1_311' title='bbox 1311 2547 1603 2605; x_wconf 83' lang='lat' dir='ltr'><strong>conﬁtetur</strong></span> <span class='ocrx_word' id='word_1_312' title='bbox 1642 2558 1701 2605; x_wconf 88' lang='lat' dir='ltr'><strong>et</strong></span> <span class='ocrx_word' id='word_1_313' title='bbox 1742 2549 1841 2605; x_wconf 88' lang='lat' dir='ltr'><strong>do-</strong></span> 
     </span>
    </p>
   </div>
   <div class='ocr_carea' id='block_1_41' title="bbox 247 2634 1844 2715">
    <p class='ocr_par' dir='ltr' id='par_1_41' title="bbox 247 2634 1844 2715">
     <span class='ocr_line' id='line_1_41' title="bbox 247 2634 1844 2715; baseline 0.001 -17"><span class='ocrx_word' id='word_1_314' title='bbox 247 2652 339 2698; x_wconf 88' lang='lat' dir='ltr'><strong>cet</strong></span> <span class='ocrx_word' id='word_1_315' title='bbox 366 2657 531 2699; x_wconf 85' lang='lat' dir='ltr'><strong>unam</strong></span> <span class='ocrx_word' id='word_1_316' title='bbox 557 2636 746 2714; x_wconf 86' lang='lat' dir='ltr'><strong>procul</strong></span> <span class='ocrx_word' id='word_1_317' title='bbox 771 2634 936 2698; x_wconf 88' lang='lat' dir='ltr'><strong>dubio</strong></span> <span class='ocrx_word' id='word_1_318' title='bbox 957 2642 1317 2697; x_wconf 82' lang='lat' dir='ltr'><strong>substantiam</strong></span> <span class='ocrx_word' id='word_1_319' title='bbox 1339 2649 1398 2698; x_wconf 88' lang='lat' dir='ltr'><strong>et</strong></span> <span class='ocrx_word' id='word_1_320' title='bbox 1421 2651 1534 2698; x_wconf 86' lang='lat' dir='ltr'><strong>tres</strong></span> <span class='ocrx_word' id='word_1_321' title='bbox 1559 2657 1844 2715; x_wconf 85' lang='lat' dir='ltr'><strong>personas,</strong></span> 
     </span>
    </p>
   </div>
   <div class='ocr_carea' id='block_1_42' title="bbox 246 2726 1650 2805">
    <p class='ocr_par' dir='ltr' id='par_1_42' title="bbox 246 2726 1650 2805">
     <span class='ocr_line' id='line_1_42' title="bbox 246 2726 1650 2805; baseline -0.004 -13"><span class='ocrx_word' id='word_1_322' title='bbox 246 2736 431 2792; x_wconf 89' lang='lat' dir='ltr'><strong>sciens</strong></span> <span class='ocrx_word' id='word_1_323' title='bbox 456 2734 637 2791; x_wconf 85' lang='lat' dir='ltr'><strong>omnia</strong></span> <span class='ocrx_word' id='word_1_324' title='bbox 673 2749 795 2804; x_wconf 74' lang='lat' dir='ltr'><strong>quae</strong></span> <span class='ocrx_word' id='word_1_325' title='bbox 823 2735 891 2789; x_wconf 88' lang='lat' dir='ltr'><strong>ad</strong></span> <span class='ocrx_word' id='word_1_326' title='bbox 919 2726 1045 2791; x_wconf 88' lang='lat' dir='ltr'><strong>ﬁdei</strong></span> <span class='ocrx_word' id='word_1_327' title='bbox 1083 2727 1325 2805; x_wconf 81' lang='lat' dir='ltr'><strong>regulam</strong></span> <span class='ocrx_word' id='word_1_328' title='bbox 1353 2726 1650 2805; x_wconf 86' lang='lat' dir='ltr'><strong>pertinent.</strong></span> 
     </span>
    </p>
   </div>
   <div class='ocr_carea' id='block_1_43' title="bbox 1935 2003 2804 2060">
    <p class='ocr_par' dir='ltr' id='par_1_43' title="bbox 1935 2003 2804 2060">
     <span class='ocr_line' id='line_1_43' title="bbox 1935 2003 2804 2060; baseline -0.008 0"><span class='ocrx_word' id='word_1_329' title='bbox 1935 2005 2101 2060; x_wconf 88' lang='lat' dir='ltr'><strong>corde</strong></span> <span class='ocrx_word' id='word_1_330' title='bbox 2130 2004 2294 2059; x_wconf 88' lang='lat' dir='ltr'><strong>credo</strong></span> <span class='ocrx_word' id='word_1_331' title='bbox 2323 2015 2377 2059; x_wconf 91' lang='lat' dir='ltr'><strong>et</strong></span> <span class='ocrx_word' id='word_1_332' title='bbox 2400 2016 2496 2057; x_wconf 89' lang='lat' dir='ltr'><strong>ore</strong></span> <span class='ocrx_word' id='word_1_333' title='bbox 2521 2003 2804 2060; x_wconf 79' lang='lat' dir='ltr'><strong>conﬁteor.</strong></span> 
     </span>
    </p>
   </div>
   <div class='ocr_carea' id='block_1_44' title="bbox 2009 2092 3534 2165">
    <p class='ocr_par' dir='ltr' id='par_1_44' title="bbox 2009 2092 3534 2165">
     <span class='ocr_line' id='line_1_44' title="bbox 2009 2092 3534 2165; baseline -0.003 -14"><span class='ocrx_word' id='word_1_334' title='bbox 2009 2094 2150 2151; x_wconf 77' lang='lat' dir='ltr'><strong>XVI.</strong></span> <span class='ocrx_word' id='word_1_335' title='bbox 2178 2095 2260 2152; x_wconf 83' lang='lat' dir='ltr'><strong>Ad</strong></span> <span class='ocrx_word' id='word_1_336' title='bbox 2289 2096 2434 2150; x_wconf 86' lang='lat' dir='ltr'><strong>hanc</strong></span> <span class='ocrx_word' id='word_1_337' title='bbox 2462 2093 2585 2149; x_wconf 81' lang='lat' dir='ltr'><strong>ﬁdei</strong></span> <span class='ocrx_word' id='word_1_338' title='bbox 2621 2092 2861 2165; x_wconf 79' lang='lat' dir='ltr'><strong>regulam</strong></span> <span class='ocrx_word' id='word_1_339' title='bbox 2902 2093 3139 2164; x_wconf 73' lang='lat' dir='ltr'><strong>dirigens</strong></span> <span class='ocrx_word' id='word_1_340' title='bbox 3177 2092 3534 2148; x_wconf 86' lang='lat' dir='ltr'><strong>intentionem</strong></span> 
     </span>
    </p>
   </div>
   <div class='ocr_carea' id='block_1_45' title="bbox 1939 2182 3533 2255">
    <p class='ocr_par' dir='ltr' id='par_1_45' title="bbox 1939 2182 3533 2255">
     <span class='ocr_line' id='line_1_45' title="bbox 1939 2182 3533 2255; baseline -0.003 -12"><span class='ocrx_word' id='word_1_341' title='bbox 1939 2200 2137 2254; x_wconf 85' lang='lat' dir='ltr'><strong>meam,</strong></span> <span class='ocrx_word' id='word_1_342' title='bbox 2180 2194 2446 2255; x_wconf 87' lang='lat' dir='ltr'><strong>quantum</strong></span> <span class='ocrx_word' id='word_1_343' title='bbox 2472 2199 2561 2240; x_wconf 83' lang='lat' dir='ltr'><strong>me</strong></span> <span class='ocrx_word' id='word_1_344' title='bbox 2581 2198 2741 2254; x_wconf 90' lang='lat' dir='ltr'><strong>posse</strong></span> <span class='ocrx_word' id='word_1_345' title='bbox 2764 2182 2964 2249; x_wconf 74' lang='lat' dir='ltr'><strong>fecisti,</strong></span> <span class='ocrx_word' id='word_1_346' title='bbox 2996 2184 3140 2239; x_wconf 87' lang='lat' dir='ltr'><strong>Deus</strong></span> <span class='ocrx_word' id='word_1_347' title='bbox 3180 2197 3352 2247; x_wconf 86' lang='lat' dir='ltr'><strong>meus,</strong></span> <span class='ocrx_word' id='word_1_348' title='bbox 3384 2198 3533 2253; x_wconf 71' lang='lat' dir='ltr'><strong>qutu-</strong></span> 
     </span>
    </p>
   </div>
   <div class='ocr_carea' id='block_1_46' title="bbox 1940 2276 3533 2346">
    <p class='ocr_par' dir='ltr' id='par_1_46' title="bbox 1940 2276 3533 2346">
     <span class='ocr_line' id='line_1_46' title="bbox 1940 2276 3533 2346; baseline -0.006 -10"><span class='ocrx_word' id='word_1_349' title='bbox 1940 2280 2044 2336; x_wconf 90' lang='lat' dir='ltr'><strong>sivi</strong></span> <span class='ocrx_word' id='word_1_350' title='bbox 2095 2288 2150 2337; x_wconf 88' lang='lat' dir='ltr'><strong>te</strong></span> <span class='ocrx_word' id='word_1_351' title='bbox 2175 2287 2234 2335; x_wconf 89' lang='lat' dir='ltr'><strong>et</strong></span> <span class='ocrx_word' id='word_1_352' title='bbox 2255 2278 2561 2336; x_wconf 83' lang='lat' dir='ltr'><strong>desideravi</strong></span> <span class='ocrx_word' id='word_1_353' title='bbox 2603 2277 2879 2335; x_wconf 77' lang='lat' dir='ltr'><strong>intellectu</strong></span> <span class='ocrx_word' id='word_1_354' title='bbox 2912 2278 3100 2337; x_wconf 68' lang='lat' dir='ltr'><strong>videre</strong></span> <span class='ocrx_word' id='word_1_355' title='bbox 3125 2276 3268 2346; x_wconf 88' lang='lat' dir='ltr'><strong>quod</strong></span> <span class='ocrx_word' id='word_1_356' title='bbox 3305 2276 3533 2331; x_wconf 84' lang='lat' dir='ltr'><strong>credidi.</strong></span> 
     </span>
    </p>
   </div>
   <div class='ocr_carea' id='block_1_47' title="bbox 1942 2365 3535 2442">
    <p class='ocr_par' dir='ltr' id='par_1_47' title="bbox 1942 2365 3535 2442">
     <span class='ocr_line' id='line_1_47' title="bbox 1942 2365 3535 2442; baseline -0.006 -15"><span class='ocrx_word' id='word_1_357' title='bbox 1942 2371 2113 2442; x_wconf 76' lang='lat' dir='ltr'><strong>Hujus</strong></span> <span class='ocrx_word' id='word_1_358' title='bbox 2142 2372 2223 2427; x_wconf 84' lang='lat' dir='ltr'><strong>rei</strong></span> <span class='ocrx_word' id='word_1_359' title='bbox 2250 2370 2425 2442; x_wconf 86' lang='lat' dir='ltr'><strong>gratia</strong></span> <span class='ocrx_word' id='word_1_360' title='bbox 2452 2369 2730 2440; x_wconf 87' lang='lat' dir='ltr'><strong>ingressus</strong></span> <span class='ocrx_word' id='word_1_361' title='bbox 2752 2383 2875 2425; x_wconf 80' lang='lat' dir='ltr'><strong>sum</strong></span> <span class='ocrx_word' id='word_1_362' title='bbox 2899 2366 3191 2425; x_wconf 79' lang='lat' dir='ltr'><strong>multarum</strong></span> <span class='ocrx_word' id='word_1_363' title='bbox 3216 2365 3535 2437; x_wconf 79' lang='lat' dir='ltr'><strong>apothecam</strong></span> 
     </span>
    </p>
   </div>
   <div class='ocr_carea' id='block_1_48' title="bbox 1941 2458 3541 2533">
    <p class='ocr_par' dir='ltr' id='par_1_48' title="bbox 1941 2458 3541 2533">
     <span class='ocr_line' id='line_1_48' title="bbox 1941 2458 3541 2533; baseline -0.006 -12"><span class='ocrx_word' id='word_1_364' title='bbox 1941 2464 2281 2529; x_wconf 85' lang='lat' dir='ltr'><strong>deliciarum,</strong></span> <span class='ocrx_word' id='word_1_365' title='bbox 2306 2464 2504 2533; x_wconf 83' lang='lat' dir='ltr'><strong>quibus</strong></span> <span class='ocrx_word' id='word_1_366' title='bbox 2527 2460 2769 2532; x_wconf 86' lang='lat' dir='ltr'><strong>pascitur</strong></span> <span class='ocrx_word' id='word_1_367' title='bbox 2788 2468 2966 2516; x_wconf 87' lang='lat' dir='ltr'><strong>mater</strong></span> <span class='ocrx_word' id='word_1_368' title='bbox 2988 2458 3230 2519; x_wconf 67' lang='lat' dir='ltr'><strong>Ecclesia</strong></span> <span class='ocrx_word' id='word_1_369' title='bbox 3258 2477 3270 2511; x_wconf 93' lang='lat'><strong>:</strong></span> <span class='ocrx_word' id='word_1_370' title='bbox 3303 2458 3393 2515; x_wconf 88' lang='lat' dir='ltr'><strong>ubi</strong></span> <span class='ocrx_word' id='word_1_371' title='bbox 3413 2473 3541 2514; x_wconf 88' lang='lat' dir='ltr'><strong>con-</strong></span> 
     </span>
    </p>
   </div>
   <div class='ocr_carea' id='block_1_49' title="bbox 1944 2549 3538 2626">
    <p class='ocr_par' dir='ltr' id='par_1_49' title="bbox 1944 2549 3538 2626">
     <span class='ocr_line' id='line_1_49' title="bbox 1944 2549 3538 2626; baseline -0.004 -15"><span class='ocrx_word' id='word_1_372' title='bbox 1944 2556 2178 2611; x_wconf 69' lang='lat' dir='ltr'><strong>siderari</strong></span> <span class='ocrx_word' id='word_1_373' title='bbox 2206 2554 2459 2626; x_wconf 88' lang='lat' dir='ltr'><strong>plurima,</strong></span> <span class='ocrx_word' id='word_1_374' title='bbox 2489 2560 2547 2611; x_wconf 88' lang='lat' dir='ltr'><strong>et</strong></span> <span class='ocrx_word' id='word_1_375' title='bbox 2568 2552 2709 2622; x_wconf 68' lang='lat' dir='ltr'><strong>coepi</strong></span> <span class='ocrx_word' id='word_1_376' title='bbox 2738 2551 3023 2624; x_wconf 81' lang='lat' dir='ltr'><strong>explorare</strong></span> <span class='ocrx_word' id='word_1_377' title='bbox 3048 2550 3279 2623; x_wconf 83' lang='lat' dir='ltr'><strong>singula.</strong></span> <span class='ocrx_word' id='word_1_378' title='bbox 3320 2549 3538 2607; x_wconf 82' lang='lat' dir='ltr'><strong>Etcum</strong></span> 
     </span>
    </p>
   </div>
   <div class='ocr_carea' id='block_1_50' title="bbox 1946 2643 3542 2718">
    <p class='ocr_par' dir='ltr' id='par_1_50' title="bbox 1946 2643 3542 2718">
     <span class='ocr_line' id='line_1_50' title="bbox 1946 2643 3542 2718; baseline -0.004 -14"><span class='ocrx_word' id='word_1_379' title='bbox 1946 2648 2054 2704; x_wconf 83' lang='lat' dir='ltr'><strong>huc</strong></span> <span class='ocrx_word' id='word_1_380' title='bbox 2082 2647 2315 2718; x_wconf 88' lang='lat' dir='ltr'><strong>illucque</strong></span> <span class='ocrx_word' id='word_1_381' title='bbox 2338 2646 2534 2702; x_wconf 82' lang='lat' dir='ltr'><strong>anxius</strong></span> <span class='ocrx_word' id='word_1_382' title='bbox 2554 2646 2852 2715; x_wconf 85' lang='lat' dir='ltr'><strong>avidusque</strong></span> <span class='ocrx_word' id='word_1_383' title='bbox 2878 2643 3255 2708; x_wconf 88' lang='lat' dir='ltr'><strong>discurrerem,</strong></span> <span class='ocrx_word' id='word_1_384' title='bbox 3285 2650 3343 2698; x_wconf 83' lang='lat' dir='ltr'><strong>tu</strong></span> <span class='ocrx_word' id='word_1_385' title='bbox 3362 2644 3542 2700; x_wconf 66' lang='lat' dir='ltr'><strong>lienus</strong></span> 
     </span>
    </p>
   </div>
   <div class='ocr_carea' id='block_1_51' title="bbox 1945 2734 3542 2812">
    <p class='ocr_par' dir='ltr' id='par_1_51' title="bbox 1945 2734 3542 2812">
     <span class='ocr_line' id='line_1_51' title="bbox 1945 2734 3542 2812; baseline 0.001 -15"><span class='ocrx_word' id='word_1_386' title='bbox 1945 2740 2203 2812; x_wconf 83' lang='lat' dir='ltr'><strong>adjuvare</strong></span> <span class='ocrx_word' id='word_1_387' title='bbox 2232 2739 2455 2811; x_wconf 87' lang='lat' dir='ltr'><strong>cupiens</strong></span> <span class='ocrx_word' id='word_1_388' title='bbox 2496 2736 2826 2796; x_wconf 86' lang='lat' dir='ltr'><strong>desiderium</strong></span> <span class='ocrx_word' id='word_1_389' title='bbox 2868 2736 3013 2808; x_wconf 88' lang='lat' dir='ltr'><strong>quod</strong></span> <span class='ocrx_word' id='word_1_390' title='bbox 3057 2734 3256 2793; x_wconf 82' lang='lat' dir='ltr'><strong>dedisti</strong></span> <span class='ocrx_word' id='word_1_391' title='bbox 3279 2776 3296 2802; x_wconf 90' lang='lat'><strong>,</strong></span> <span class='ocrx_word' id='word_1_392' title='bbox 3343 2734 3542 2800; x_wconf 68' lang='lat' dir='ltr'><strong>misisti</strong></span> 
     </span>
    </p>
   </div>
   <div class='ocr_carea' id='block_1_52' title="bbox 323 2816 3540 2903">
    <p class='ocr_par' dir='ltr' id='par_1_52' title="bbox 323 2816 3540 2903">
     <span class='ocr_line' id='line_1_52' title="bbox 323 2816 3540 2903; baseline 0.002 -23"><span class='ocrx_word' id='word_1_393' title='bbox 323 2823 439 2882; x_wconf 81' lang='lat' dir='ltr'><strong>XV.</strong></span> <span class='ocrx_word' id='word_1_394' title='bbox 470 2816 642 2895; x_wconf 71' lang='lat' dir='ltr'><strong>Hujus</strong></span> <span class='ocrx_word' id='word_1_395' title='bbox 664 2824 977 2895; x_wconf 74' lang='lat' dir='ltr'><strong>magisterio</strong></span> <span class='ocrx_word' id='word_1_396' title='bbox 995 2824 1053 2881; x_wconf 87' lang='lat' dir='ltr'><strong>et</strong></span> <span class='ocrx_word' id='word_1_397' title='bbox 1074 2816 1322 2883; x_wconf 79' lang='lat' dir='ltr'><strong>doctrina</strong></span> <span class='ocrx_word' id='word_1_398' title='bbox 1344 2817 1559 2882; x_wconf 74' lang='lat' dir='ltr'><strong>cmiitus</strong></span> <span class='ocrx_word' id='word_1_399' title='bbox 1582 2818 1846 2897; x_wconf 81' lang='lat' dir='ltr'><strong>inspirata</strong></span> <span class='ocrx_word' id='word_1_400' title='bbox 1948 2848 2171 2889; x_wconf 87' lang='lat' dir='ltr'><strong>manum</strong></span> <span class='ocrx_word' id='word_1_401' title='bbox 2203 2831 2421 2903; x_wconf 86' lang='lat' dir='ltr'><strong>pietatis</strong></span> <span class='ocrx_word' id='word_1_402' title='bbox 2446 2838 2571 2895; x_wconf 67' lang='lat' dir='ltr'><strong>tum,</strong></span> <span class='ocrx_word' id='word_1_403' title='bbox 2602 2837 2659 2885; x_wconf 89' lang='lat' dir='ltr'><strong>et</strong></span> <span class='ocrx_word' id='word_1_404' title='bbox 2689 2827 2899 2885; x_wconf 81' lang='lat' dir='ltr'><strong>solvisti</strong></span> <span class='ocrx_word' id='word_1_405' title='bbox 2928 2828 3129 2884; x_wconf 89' lang='lat' dir='ltr'><strong>nodum</strong></span> <span class='ocrx_word' id='word_1_406' title='bbox 3168 2825 3540 2897; x_wconf 72' lang='lat' dir='ltr'><strong>ambiguitatis</strong></span> 
     </span>
    </p>
   </div>
   <div class='ocr_carea' id='block_1_53' title="bbox 249 2912 3540 2994">
    <p class='ocr_par' dir='ltr' id='par_1_53' title="bbox 249 2912 3540 2994">
     <span class='ocr_line' id='line_1_53' title="bbox 249 2912 3540 2994; baseline 0.002 -22"><span class='ocrx_word' id='word_1_407' title='bbox 249 2930 284 2972; x_wconf 77' lang='grc' dir='ltr'>ι</span> <span class='ocrx_word' id='word_1_408' title='bbox 334 2928 505 2990; x_wconf 88' lang='lat' dir='ltr'><strong>puero</strong></span> <span class='ocrx_word' id='word_1_409' title='bbox 547 2916 761 2982; x_wconf 89' lang='lat' dir='ltr'><strong>doctus,</strong></span> <span class='ocrx_word' id='word_1_410' title='bbox 809 2916 977 2973; x_wconf 90' lang='lat' dir='ltr'><strong>corde</strong></span> <span class='ocrx_word' id='word_1_411' title='bbox 1020 2916 1207 2983; x_wconf 89' lang='lat' dir='ltr'><strong>credo,</strong></span> <span class='ocrx_word' id='word_1_412' title='bbox 1253 2930 1351 2973; x_wconf 91' lang='lat' dir='ltr'><strong>ore</strong></span> <span class='ocrx_word' id='word_1_413' title='bbox 1392 2912 1658 2976; x_wconf 80' lang='lat' dir='ltr'><strong>conﬁteor</strong></span> <span class='ocrx_word' id='word_1_414' title='bbox 1698 2927 1776 2981; x_wconf 87' lang='lat' dir='ltr'><strong>te.</strong></span> <span class='ocrx_word' id='word_1_415' title='bbox 1812 2935 1848 2976; x_wconf 91' lang='grc' dir='ltr'><strong>ο</strong></span> <span class='ocrx_word' id='word_1_416' title='bbox 1948 2938 2120 2987; x_wconf 66' lang='lat' dir='ltr'><strong>meae;</strong></span> <span class='ocrx_word' id='word_1_417' title='bbox 2167 2932 2222 2979; x_wconf 86' lang='lat' dir='ltr'><strong>et</strong></span> <span class='ocrx_word' id='word_1_418' title='bbox 2252 2923 2375 2979; x_wconf 88' lang='lat' dir='ltr'><strong>ideo</strong></span> <span class='ocrx_word' id='word_1_419' title='bbox 2397 2921 2630 2977; x_wconf 89' lang='lat' dir='ltr'><strong>delectat</strong></span> <span class='ocrx_word' id='word_1_420' title='bbox 2656 2935 2742 2974; x_wconf 89' lang='lat' dir='ltr'><strong>me</strong></span> <span class='ocrx_word' id='word_1_421' title='bbox 2762 2920 2878 2994; x_wconf 77' lang='lat' dir='ltr'><strong>jam</strong></span> <span class='ocrx_word' id='word_1_422' title='bbox 2910 2919 3064 2977; x_wconf 80' lang='lat' dir='ltr'><strong>valde</strong></span> <span class='ocrx_word' id='word_1_423' title='bbox 3090 2918 3157 2974; x_wconf 88' lang='lat' dir='ltr'><strong>de</strong></span> <span class='ocrx_word' id='word_1_424' title='bbox 3197 2916 3540 2990; x_wconf 85' lang='lat' dir='ltr'><strong>tecogitarc.</strong></span> 
     </span>
    </p>
   </div>
   <div class='ocr_carea' id='block_1_54' title="bbox 253 2998 3543 3084">
    <p class='ocr_par' dir='ltr' id='par_1_54' title="bbox 253 2998 3543 3084">
     <span class='ocr_line' id='line_1_54' title="bbox 253 2998 3543 3084; baseline -0.001 -17"><span class='ocrx_word' id='word_1_425' title='bbox 253 3024 469 3067; x_wconf 86' lang='lat' dir='ltr'><strong>summa</strong></span> <span class='ocrx_word' id='word_1_426' title='bbox 504 2998 767 3073; x_wconf 80' lang='lat' dir='ltr'><strong>Trinitas,</strong></span> <span class='ocrx_word' id='word_1_427' title='bbox 793 3008 969 3065; x_wconf 82' lang='lat' dir='ltr'><strong>virtus</strong></span> <span class='ocrx_word' id='word_1_428' title='bbox 995 3022 1123 3073; x_wconf 80' lang='lat' dir='ltr'><strong>una,</strong></span> <span class='ocrx_word' id='word_1_429' title='bbox 1155 3016 1212 3065; x_wconf 91' lang='lat' dir='ltr'><strong>et</strong></span> <span class='ocrx_word' id='word_1_430' title='bbox 1238 3010 1531 3066; x_wconf 83' lang='lat' dir='ltr'><strong>indiscreta</strong></span> <span class='ocrx_word' id='word_1_431' title='bbox 1570 3003 1843 3081; x_wconf 67' lang='lat' dir='ltr'><strong>maiestas.</strong></span> <span class='ocrx_word' id='word_1_432' title='bbox 1949 3014 2015 3070; x_wconf 87' lang='lat' dir='ltr'><strong>de</strong></span> <span class='ocrx_word' id='word_1_433' title='bbox 2057 3022 2111 3072; x_wconf 89' lang='lat' dir='ltr'><strong>te</strong></span> <span class='ocrx_word' id='word_1_434' title='bbox 2143 3013 2309 3084; x_wconf 86' lang='lat' dir='ltr'><strong>loqui,</strong></span> <span class='ocrx_word' id='word_1_435' title='bbox 2361 3010 2658 3081; x_wconf 85' lang='lat' dir='ltr'><strong>laudesque</strong></span> <span class='ocrx_word' id='word_1_436' title='bbox 2701 3019 2823 3067; x_wconf 84' lang='lat' dir='ltr'><strong>tuas</strong></span> <span class='ocrx_word' id='word_1_437' title='bbox 2850 3027 2949 3084; x_wconf 91' lang='lat' dir='ltr'><strong>pro</strong></span> <span class='ocrx_word' id='word_1_438' title='bbox 2986 3009 3204 3070; x_wconf 88' lang='lat' dir='ltr'><strong>modulo</strong></span> <span class='ocrx_word' id='word_1_439' title='bbox 3228 3011 3543 3084; x_wconf 75' lang='lat' dir='ltr'><strong>exiguitatis</strong></span> 
     </span>
    </p>
   </div>
   <div class='ocr_carea' id='block_1_55' title="bbox 250 3096 3542 3174">
    <p class='ocr_par' dir='ltr' id='par_1_55' title="bbox 250 3096 3542 3174">
     <span class='ocr_line' id='line_1_55' title="bbox 250 3096 3542 3174; baseline 0 -18"><span class='ocrx_word' id='word_1_440' title='bbox 250 3100 529 3160; x_wconf 81' lang='lat' dir='ltr'><strong>Conﬁteor</strong></span> <span class='ocrx_word' id='word_1_441' title='bbox 548 3096 861 3167; x_wconf 84' lang='lat' dir='ltr'><strong>tePatrem,</strong></span> <span class='ocrx_word' id='word_1_442' title='bbox 887 3108 941 3156; x_wconf 90' lang='lat' dir='ltr'><strong>et</strong></span> <span class='ocrx_word' id='word_1_443' title='bbox 962 3098 1181 3169; x_wconf 80' lang='lat' dir='ltr'><strong>Filium,</strong></span> <span class='ocrx_word' id='word_1_444' title='bbox 1209 3112 1265 3157; x_wconf 89' lang='lat' dir='ltr'><strong>et</strong></span> <span class='ocrx_word' id='word_1_445' title='bbox 1285 3100 1550 3174; x_wconf 87' lang='lat' dir='ltr'><strong>Spiritum</strong></span> <span class='ocrx_word' id='word_1_446' title='bbox 1572 3112 1842 3172; x_wconf 89' lang='lat' dir='ltr'><strong>sanctum,</strong></span> <span class='ocrx_word' id='word_1_447' title='bbox 1950 3122 2086 3167; x_wconf 79' lang='lat' dir='ltr'><strong>mea:</strong></span> <span class='ocrx_word' id='word_1_448' title='bbox 2126 3106 2456 3162; x_wconf 86' lang='lat' dir='ltr'><strong>desideranti</strong></span> <span class='ocrx_word' id='word_1_449' title='bbox 2501 3105 2664 3161; x_wconf 90' lang='lat' dir='ltr'><strong>corde</strong></span> <span class='ocrx_word' id='word_1_450' title='bbox 2705 3105 3064 3174; x_wconf 70' lang='lat' dir='ltr'><strong>depromere;</strong></span> <span class='ocrx_word' id='word_1_451' title='bbox 3115 3113 3172 3159; x_wconf 92' lang='lat' dir='ltr'><strong>ut</strong></span> <span class='ocrx_word' id='word_1_452' title='bbox 3203 3104 3258 3158; x_wconf 92' lang='lat' dir='ltr'><strong>in</strong></span> <span class='ocrx_word' id='word_1_453' title='bbox 3289 3104 3542 3174; x_wconf 75' lang='lat' dir='ltr'><strong>prtesenti</strong></span> 
     </span>
    </p>
   </div>
   <div class='ocr_carea' id='block_1_56' title="bbox 248 3195 3540 3270">
    <p class='ocr_par' dir='ltr' id='par_1_56' title="bbox 248 3195 3540 3270">
     <span class='ocr_line' id='line_1_56' title="bbox 248 3195 3540 3270; baseline -0.001 -16"><span class='ocrx_word' id='word_1_454' title='bbox 248 3195 309 3254; x_wconf 89' lang='lat' dir='ltr'><strong>in</strong></span> <span class='ocrx_word' id='word_1_455' title='bbox 338 3195 589 3268; x_wconf 87' lang='lat' dir='ltr'><strong>personis</strong></span> <span class='ocrx_word' id='word_1_456' title='bbox 618 3196 843 3262; x_wconf 89' lang='lat' dir='ltr'><strong>trinum,</strong></span> <span class='ocrx_word' id='word_1_457' title='bbox 874 3195 929 3252; x_wconf 93' lang='lat' dir='ltr'><strong>in</strong></span> <span class='ocrx_word' id='word_1_458' title='bbox 953 3196 1255 3253; x_wconf 83' lang='lat' dir='ltr'><strong>substantia</strong></span> <span class='ocrx_word' id='word_1_459' title='bbox 1276 3212 1446 3253; x_wconf 88' lang='lat' dir='ltr'><strong>unum</strong></span> <span class='ocrx_word' id='word_1_460' title='bbox 1464 3211 1653 3252; x_wconf 89' lang='lat' dir='ltr'><strong>verum</strong></span> <span class='ocrx_word' id='word_1_461' title='bbox 1674 3197 1843 3255; x_wconf 88' lang='lat' dir='ltr'><strong>Deum</strong></span> <span class='ocrx_word' id='word_1_462' title='bbox 1873 3246 1921 3270; x_wconf 58' lang='grc' dir='ltr'>η</span> <span class='ocrx_word' id='word_1_463' title='bbox 1950 3198 2167 3270; x_wconf 86' lang='lat' dir='ltr'><strong>quidem</strong></span> <span class='ocrx_word' id='word_1_464' title='bbox 2214 3197 2435 3253; x_wconf 88' lang='lat' dir='ltr'><strong>miseria</strong></span> <span class='ocrx_word' id='word_1_465' title='bbox 2477 3196 2592 3252; x_wconf 91' lang='lat' dir='ltr'><strong>solo</strong></span> <span class='ocrx_word' id='word_1_466' title='bbox 2628 3209 2887 3267; x_wconf 85' lang='lat' dir='ltr'><strong>corpore,</strong></span> <span class='ocrx_word' id='word_1_467' title='bbox 2932 3203 3106 3252; x_wconf 89' lang='lat' dir='ltr'><strong>tecum</strong></span> <span class='ocrx_word' id='word_1_468' title='bbox 3133 3202 3313 3251; x_wconf 86' lang='lat' dir='ltr'><strong>autem</strong></span> <span class='ocrx_word' id='word_1_469' title='bbox 3338 3206 3540 3263; x_wconf 86' lang='lat' dir='ltr'><strong>mente,</strong></span> 
     </span>
    </p>
   </div>
   <div class='ocr_carea' id='block_1_57' title="bbox 250 3246 3546 3357">
    <p class='ocr_par' dir='ltr' id='par_1_57' title="bbox 250 3246 3546 3357">
     <span class='ocr_line' id='line_1_57' title="bbox 250 3246 3546 3357; baseline 0 -14"><span class='ocrx_word' id='word_1_470' title='bbox 250 3246 680 3357; x_wconf 62' lang='lat' dir='ltr'><strong>omitipotentem</strong></span> <span class='ocrx_word' id='word_1_471' title='bbox 704 3327 717 3351; x_wconf 90' lang='lat'><strong>,</strong></span> <span class='ocrx_word' id='word_1_472' title='bbox 758 3285 1055 3342; x_wconf 84' lang='lat' dir='ltr'><strong>visibilium</strong></span> <span class='ocrx_word' id='word_1_473' title='bbox 1099 3294 1156 3343; x_wconf 90' lang='lat' dir='ltr'><strong>et</strong></span> <span class='ocrx_word' id='word_1_474' title='bbox 1204 3286 1563 3343; x_wconf 88' lang='lat' dir='ltr'><strong>invisibilium</strong></span> <span class='ocrx_word' id='word_1_475' title='bbox 1598 3287 1845 3343; x_wconf 84' lang='lat' dir='ltr'><strong>condito—</strong></span> <span class='ocrx_word' id='word_1_476' title='bbox 1871 3246 1922 3313; x_wconf 62' lang='grc' dir='ltr'>ο</span> <span class='ocrx_word' id='word_1_477' title='bbox 1950 3246 2006 3346; x_wconf 63' lang='lat' dir='ltr'><strong>et</strong></span> <span class='ocrx_word' id='word_1_478' title='bbox 2037 3290 2185 3345; x_wconf 90' lang='lat' dir='ltr'><strong>omni</strong></span> <span class='ocrx_word' id='word_1_479' title='bbox 2228 3288 2487 3344; x_wconf 89' lang='lat' dir='ltr'><strong>aviditate</strong></span> <span class='ocrx_word' id='word_1_480' title='bbox 2515 3246 2753 3343; x_wconf 83' lang='lat' dir='ltr'><strong>tenear.r</strong></span> <span class='ocrx_word' id='word_1_481' title='bbox 2767 3285 2837 3340; x_wconf 83' lang='lat' dir='ltr'><strong>Mi</strong></span> <span class='ocrx_word' id='word_1_482' title='bbox 2868 3246 3112 3352; x_wconf 80' lang='lat' dir='ltr'><strong>Domine,</strong></span> <span class='ocrx_word' id='word_1_483' title='bbox 3146 3284 3287 3343; x_wconf 86' lang='lat' dir='ltr'><strong>Deus</strong></span> <span class='ocrx_word' id='word_1_484' title='bbox 3319 3286 3459 3344; x_wconf 89' lang='lat' dir='ltr'><strong>trine</strong></span> <span class='ocrx_word' id='word_1_485' title='bbox 3490 3246 3546 3343; x_wconf 62' lang='lat' dir='ltr'><strong>ei</strong></span> 
     </span>
    </p>
   </div>
   <div class='ocr_carea' id='block_1_58' title="bbox 254 3375 3544 3449">
    <p class='ocr_par' dir='ltr' id='par_1_58' title="bbox 254 3375 3544 3449">
     <span class='ocr_line' id='line_1_58' title="bbox 254 3375 3544 3449; baseline 0 -15"><span class='ocrx_word' id='word_1_486' title='bbox 254 3394 395 3435; x_wconf 83' lang='lat' dir='ltr'><strong>rem.</strong></span> <span class='ocrx_word' id='word_1_487' title='bbox 438 3377 557 3434; x_wconf 81' lang='lat' dir='ltr'><strong>Non</strong></span> <span class='ocrx_word' id='word_1_488' title='bbox 599 3393 796 3449; x_wconf 88' lang='lat' dir='ltr'><strong>corpus</strong></span> <span class='ocrx_word' id='word_1_489' title='bbox 822 3386 917 3433; x_wconf 90' lang='lat' dir='ltr'><strong>aut</strong></span> <span class='ocrx_word' id='word_1_490' title='bbox 948 3378 1003 3433; x_wconf 93' lang='lat' dir='ltr'><strong>in</strong></span> <span class='ocrx_word' id='word_1_491' title='bbox 1030 3392 1262 3448; x_wconf 86' lang='lat' dir='ltr'><strong>corpore</strong></span> <span class='ocrx_word' id='word_1_492' title='bbox 1288 3379 1547 3449; x_wconf 90' lang='lat' dir='ltr'><strong>positum,</strong></span> <span class='ocrx_word' id='word_1_493' title='bbox 1578 3394 1756 3449; x_wconf 86' lang='lat' dir='ltr'><strong>neque</strong></span> <span class='ocrx_word' id='word_1_494' title='bbox 1779 3394 1849 3435; x_wconf 78' lang='lat' dir='ltr'><strong>ex</strong></span> <span class='ocrx_word' id='word_1_495' title='bbox 1948 3395 2077 3447; x_wconf 87' lang='lat' dir='ltr'><strong>une,</strong></span> <span class='ocrx_word' id='word_1_496' title='bbox 2115 3379 2356 3435; x_wconf 70' lang='lat' dir='ltr'><strong>scientia:</strong></span> <span class='ocrx_word' id='word_1_497' title='bbox 2394 3379 2575 3433; x_wconf 90' lang='lat' dir='ltr'><strong>lumen</strong></span> <span class='ocrx_word' id='word_1_498' title='bbox 2602 3376 2839 3433; x_wconf 71' lang='lat' dir='ltr'><strong>arcende</strong></span> <span class='ocrx_word' id='word_1_499' title='bbox 2864 3377 2919 3430; x_wconf 89' lang='lat' dir='ltr'><strong>in</strong></span> <span class='ocrx_word' id='word_1_500' title='bbox 2951 3390 3059 3442; x_wconf 89' lang='lat' dir='ltr'><strong>me,</strong></span> <span class='ocrx_word' id='word_1_501' title='bbox 3088 3391 3186 3448; x_wconf 89' lang='lat' dir='ltr'><strong>per</strong></span> <span class='ocrx_word' id='word_1_502' title='bbox 3210 3376 3355 3447; x_wconf 88' lang='lat' dir='ltr'><strong>quod</strong></span> <span class='ocrx_word' id='word_1_503' title='bbox 3384 3383 3437 3433; x_wconf 86' lang='lat' dir='ltr'><strong>te</strong></span> <span class='ocrx_word' id='word_1_504' title='bbox 3462 3375 3544 3434; x_wconf 84' lang='lat' dir='ltr'><strong>in—</strong></span> 
     </span>
    </p>
   </div>
   <div class='ocr_carea' id='block_1_59' title="bbox 254 3466 3548 3544">
    <p class='ocr_par' dir='ltr' id='par_1_59' title="bbox 254 3466 3548 3544">
     <span class='ocr_line' id='line_1_59' title="bbox 254 3466 3548 3544; baseline -0 -17"><span class='ocrx_word' id='word_1_505' title='bbox 254 3471 488 3528; x_wconf 79' lang='lat' dir='ltr'><strong>diversis</strong></span> <span class='ocrx_word' id='word_1_506' title='bbox 516 3468 802 3540; x_wconf 88' lang='lat' dir='ltr'><strong>speciebus</strong></span> <span class='ocrx_word' id='word_1_507' title='bbox 828 3470 1167 3531; x_wconf 76' lang='lat' dir='ltr'><strong>ammixtum,</strong></span> <span class='ocrx_word' id='word_1_508' title='bbox 1202 3478 1297 3523; x_wconf 89' lang='lat' dir='ltr'><strong>aut</strong></span> <span class='ocrx_word' id='word_1_509' title='bbox 1325 3470 1668 3525; x_wconf 86' lang='lat' dir='ltr'><strong>memborum</strong></span> <span class='ocrx_word' id='word_1_510' title='bbox 1694 3484 1815 3525; x_wconf 91' lang='lat' dir='ltr'><strong>com</strong></span> <span class='ocrx_word' id='word_1_511' title='bbox 1832 3499 1847 3509; x_wconf 91' lang='lat'><strong>-</strong></span> <span class='ocrx_word' id='word_1_512' title='bbox 1951 3469 2191 3544; x_wconf 83' lang='lat' dir='ltr'><strong>telligere</strong></span> <span class='ocrx_word' id='word_1_513' title='bbox 2214 3485 2430 3526; x_wconf 88' lang='lat' dir='ltr'><strong>merear</strong></span> <span class='ocrx_word' id='word_1_514' title='bbox 2455 3470 2658 3525; x_wconf 86' lang='lat' dir='ltr'><strong>trinum</strong></span> <span class='ocrx_word' id='word_1_515' title='bbox 2691 3476 2746 3523; x_wconf 91' lang='lat' dir='ltr'><strong>et</strong></span> <span class='ocrx_word' id='word_1_516' title='bbox 2774 3483 2942 3522; x_wconf 88' lang='lat' dir='ltr'><strong>unum</strong></span> <span class='ocrx_word' id='word_1_517' title='bbox 2974 3466 3164 3533; x_wconf 90' lang='lat' dir='ltr'><strong>Deum,</strong></span> <span class='ocrx_word' id='word_1_518' title='bbox 3198 3468 3339 3524; x_wconf 87' lang='lat' dir='ltr'><strong>sicut</strong></span> <span class='ocrx_word' id='word_1_519' title='bbox 3366 3484 3427 3526; x_wconf 87' lang='lat' dir='ltr'><strong>es</strong></span> <span class='ocrx_word' id='word_1_520' title='bbox 3450 3468 3548 3526; x_wconf 75' lang='lat' dir='ltr'><strong>tri-</strong></span> 
     </span>
    </p>
   </div>
   <div class='ocr_carea' id='block_1_60' title="bbox 252 3557 3547 3635">
    <p class='ocr_par' dir='ltr' id='par_1_60' title="bbox 252 3557 3547 3635">
     <span class='ocr_line' id='line_1_60' title="bbox 252 3557 3547 3635; baseline 0 -18"><span class='ocrx_word' id='word_1_521' title='bbox 252 3562 546 3635; x_wconf 80' lang='lat' dir='ltr'><strong>paginibus</strong></span> <span class='ocrx_word' id='word_1_522' title='bbox 572 3559 888 3631; x_wconf 76' lang='lat' dir='ltr'><strong>efﬁgiatum,</strong></span> <span class='ocrx_word' id='word_1_523' title='bbox 915 3560 1013 3616; x_wconf 86' lang='lat' dir='ltr'><strong>sed</strong></span> <span class='ocrx_word' id='word_1_524' title='bbox 1038 3560 1201 3616; x_wconf 88' lang='lat' dir='ltr'><strong>unius</strong></span> <span class='ocrx_word' id='word_1_525' title='bbox 1227 3558 1492 3632; x_wconf 85' lang='lat' dir='ltr'><strong>simplicis</strong></span> <span class='ocrx_word' id='word_1_526' title='bbox 1518 3567 1573 3617; x_wconf 90' lang='lat' dir='ltr'><strong>et</strong></span> <span class='ocrx_word' id='word_1_527' title='bbox 1599 3557 1851 3631; x_wconf 84' lang='lat' dir='ltr'><strong>incorpo-</strong></span> <span class='ocrx_word' id='word_1_528' title='bbox 1952 3577 2053 3616; x_wconf 89' lang='lat' dir='ltr'><strong>nus</strong></span> <span class='ocrx_word' id='word_1_529' title='bbox 2076 3570 2131 3616; x_wconf 91' lang='lat' dir='ltr'><strong>et</strong></span> <span class='ocrx_word' id='word_1_530' title='bbox 2160 3576 2301 3617; x_wconf 89' lang='lat' dir='ltr'><strong>unus</strong></span> <span class='ocrx_word' id='word_1_531' title='bbox 2325 3560 2468 3616; x_wconf 87' lang='lat' dir='ltr'><strong>Deus</strong></span> <span class='ocrx_word' id='word_1_532' title='bbox 2495 3578 2508 3612; x_wconf 91' lang='lat'><strong>:</strong></span> <span class='ocrx_word' id='word_1_533' title='bbox 2539 3570 2593 3615; x_wconf 91' lang='lat' dir='ltr'><strong>et</strong></span> <span class='ocrx_word' id='word_1_534' title='bbox 2620 3560 2935 3630; x_wconf 77' lang='lat' dir='ltr'><strong>ignorantiae</strong></span> <span class='ocrx_word' id='word_1_535' title='bbox 2955 3559 3209 3615; x_wconf 87' lang='lat' dir='ltr'><strong>tenebras</strong></span> <span class='ocrx_word' id='word_1_536' title='bbox 3230 3560 3403 3632; x_wconf 84' lang='lat' dir='ltr'><strong>magis</strong></span> <span class='ocrx_word' id='word_1_537' title='bbox 3428 3574 3547 3616; x_wconf 81' lang='lat' dir='ltr'><strong>lna-</strong></span> 
     </span>
    </p>
   </div>
   <div class='ocr_carea' id='block_1_61' title="bbox 255 3644 3545 3727">
    <p class='ocr_par' dir='ltr' id='par_1_61' title="bbox 255 3644 3545 3727">
     <span class='ocr_line' id='line_1_61' title="bbox 255 3644 3545 3727; baseline -0.001 -14"><span class='ocrx_word' id='word_1_538' title='bbox 255 3652 1262 3722; x_wconf 67' lang='lat' dir='ltr'><strong>rem,invisibilisetincircumscript:e</strong></span> <span class='ocrx_word' id='word_1_539' title='bbox 1283 3664 1511 3709; x_wconf 69' lang='lat' dir='ltr'><strong>natum.</strong></span> <span class='ocrx_word' id='word_1_540' title='bbox 1535 3651 1615 3709; x_wconf 79' lang='lat' dir='ltr'><strong>Te</strong></span> <span class='ocrx_word' id='word_1_541' title='bbox 1630 3653 1851 3724; x_wconf 88' lang='lat' dir='ltr'><strong>quidem</strong></span> <span class='ocrx_word' id='word_1_542' title='bbox 1952 3661 2158 3726; x_wconf 84' lang='lat' dir='ltr'><strong>gisque,</strong></span> <span class='ocrx_word' id='word_1_543' title='bbox 2193 3657 2336 3712; x_wconf 83' lang='lat' dir='ltr'><strong>sicut</strong></span> <span class='ocrx_word' id='word_1_544' title='bbox 2370 3654 2583 3725; x_wconf 81' lang='lat' dir='ltr'><strong>coepisti</strong></span> <span class='ocrx_word' id='word_1_545' title='bbox 2619 3668 2899 3709; x_wconf 88' lang='lat' dir='ltr'><strong>removere</strong></span> <span class='ocrx_word' id='word_1_546' title='bbox 2920 3668 2951 3708; x_wconf 89' lang='lat' dir='ltr'><strong>a</strong></span> <span class='ocrx_word' id='word_1_547' title='bbox 2984 3668 3111 3720; x_wconf 89' lang='lat' dir='ltr'><strong>me;</strong></span> <span class='ocrx_word' id='word_1_548' title='bbox 3151 3662 3210 3709; x_wconf 92' lang='lat' dir='ltr'><strong>ut</strong></span> <span class='ocrx_word' id='word_1_549' title='bbox 3243 3644 3545 3727; x_wconf 71' lang='lat' dir='ltr'><strong>spiﬁfualia</strong></span> 
     </span>
    </p>
   </div>
   <div class='ocr_carea' id='block_1_62' title="bbox 254 3742 3547 3814">
    <p class='ocr_par' dir='ltr' id='par_1_62' title="bbox 254 3742 3547 3814">
     <span class='ocr_line' id='line_1_62' title="bbox 254 3742 3547 3814; baseline -0.001 -11"><span class='ocrx_word' id='word_1_550' title='bbox 254 3758 447 3803; x_wconf 71' lang='lat' dir='ltr'><strong>rel-tun</strong></span> <span class='ocrx_word' id='word_1_551' title='bbox 501 3743 757 3809; x_wconf 86' lang='lat' dir='ltr'><strong>Patrem,</strong></span> <span class='ocrx_word' id='word_1_552' title='bbox 813 3758 1039 3799; x_wconf 77' lang='lat' dir='ltr'><strong>summa:</strong></span> <span class='ocrx_word' id='word_1_553' title='bbox 1086 3742 1343 3798; x_wconf 85' lang='lat' dir='ltr'><strong>bonitatis</strong></span> <span class='ocrx_word' id='word_1_554' title='bbox 1406 3750 1463 3798; x_wconf 87' lang='lat' dir='ltr'><strong>et</strong></span> <span class='ocrx_word' id='word_1_555' title='bbox 1512 3742 1680 3797; x_wconf 88' lang='lat' dir='ltr'><strong>totius</strong></span> <span class='ocrx_word' id='word_1_556' title='bbox 1727 3742 1852 3797; x_wconf 85' lang='lat' dir='ltr'><strong>Dei—</strong></span> <span class='ocrx_word' id='word_1_557' title='bbox 1949 3743 2303 3814; x_wconf 83' lang='lat' dir='ltr'><strong>spiritualiter</strong></span> <span class='ocrx_word' id='word_1_558' title='bbox 2328 3744 2562 3809; x_wconf 79' lang='lat' dir='ltr'><strong>videam,</strong></span> <span class='ocrx_word' id='word_1_559' title='bbox 2599 3752 2862 3814; x_wconf 88' lang='lat' dir='ltr'><strong>quantum</strong></span> <span class='ocrx_word' id='word_1_560' title='bbox 2895 3742 3153 3814; x_wconf 87' lang='lat' dir='ltr'><strong>possibile</strong></span> <span class='ocrx_word' id='word_1_561' title='bbox 3181 3753 3267 3801; x_wconf 86' lang='lat' dir='ltr'><strong>est</strong></span> <span class='ocrx_word' id='word_1_562' title='bbox 3296 3745 3547 3801; x_wconf 74' lang='lat' dir='ltr'><strong>humanze</strong></span> 
     </span>
    </p>
   </div>
   <div class='ocr_carea' id='block_1_63' title="bbox 256 3832 3543 3910">
    <p class='ocr_par' dir='ltr' id='par_1_63' title="bbox 256 3832 3543 3910">
     <span class='ocr_line' id='line_1_63' title="bbox 256 3832 3543 3910; baseline 0.001 -17"><span class='ocrx_word' id='word_1_563' title='bbox 256 3840 387 3894; x_wconf 82' lang='lat' dir='ltr'><strong>tatis</strong></span> <span class='ocrx_word' id='word_1_564' title='bbox 412 3835 755 3909; x_wconf 87' lang='lat' dir='ltr'><strong>principium,</strong></span> <span class='ocrx_word' id='word_1_565' title='bbox 803 3835 1281 3906; x_wconf 68' lang='lat' dir='ltr'><strong>incircumscripte</strong></span> <span class='ocrx_word' id='word_1_566' title='bbox 1306 3842 1362 3890; x_wconf 91' lang='lat' dir='ltr'><strong>et</strong></span> <span class='ocrx_word' id='word_1_567' title='bbox 1386 3836 1642 3905; x_wconf 75' lang='lat' dir='ltr'><strong>ingenita:</strong></span> <span class='ocrx_word' id='word_1_568' title='bbox 1686 3833 1854 3903; x_wconf 80' lang='lat' dir='ltr'><strong>maje-</strong></span> <span class='ocrx_word' id='word_1_569' title='bbox 1953 3833 2250 3905; x_wconf 80' lang='lat' dir='ltr'><strong>Iragilitati.</strong></span> <span class='ocrx_word' id='word_1_570' title='bbox 2298 3836 2376 3891; x_wconf 87' lang='lat' dir='ltr'><strong>Da</strong></span> <span class='ocrx_word' id='word_1_571' title='bbox 2407 3832 2541 3894; x_wconf 80' lang='lat' dir='ltr'><strong>mihi</strong></span> <span class='ocrx_word' id='word_1_572' title='bbox 2570 3836 2625 3891; x_wconf 91' lang='lat' dir='ltr'><strong>in</strong></span> <span class='ocrx_word' id='word_1_573' title='bbox 2655 3836 2743 3891; x_wconf 86' lang='lat' dir='ltr'><strong>via</strong></span> <span class='ocrx_word' id='word_1_574' title='bbox 2770 3836 2894 3902; x_wconf 91' lang='lat' dir='ltr'><strong>bac,</strong></span> <span class='ocrx_word' id='word_1_575' title='bbox 2924 3841 3031 3907; x_wconf 88' lang='lat' dir='ltr'><strong>qua</strong></span> <span class='ocrx_word' id='word_1_576' title='bbox 3059 3843 3111 3891; x_wconf 90' lang='lat' dir='ltr'><strong>te</strong></span> <span class='ocrx_word' id='word_1_577' title='bbox 3136 3837 3274 3894; x_wconf 88' lang='lat' dir='ltr'><strong>duce</strong></span> <span class='ocrx_word' id='word_1_578' title='bbox 3303 3835 3543 3910; x_wconf 84' lang='lat' dir='ltr'><strong>gradior,</strong></span> 
     </span>
    </p>
   </div>
   <div class='ocr_carea' id='block_1_64' title="bbox 255 3918 3547 4000">
    <p class='ocr_par' dir='ltr' id='par_1_64' title="bbox 255 3918 3547 4000">
     <span class='ocr_line' id='line_1_64' title="bbox 255 3918 3547 4000; baseline -0.002 -12"><span class='ocrx_word' id='word_1_579' title='bbox 255 3931 419 3988; x_wconf 81' lang='lat' dir='ltr'><strong>statis</strong></span> <span class='ocrx_word' id='word_1_580' title='bbox 443 3929 635 3995; x_wconf 90' lang='lat' dir='ltr'><strong>Deum,</strong></span> <span class='ocrx_word' id='word_1_581' title='bbox 679 3943 745 3985; x_wconf 78' lang='lat' dir='ltr'><strong>ex</strong></span> <span class='ocrx_word' id='word_1_582' title='bbox 776 3927 924 3984; x_wconf 91' lang='lat' dir='ltr'><strong>nullo</strong></span> <span class='ocrx_word' id='word_1_583' title='bbox 948 3928 1233 3983; x_wconf 81' lang='lat' dir='ltr'><strong>ducentem</strong></span> <span class='ocrx_word' id='word_1_584' title='bbox 1264 3928 1499 3991; x_wconf 81' lang='lat' dir='ltr'><strong>initium,</strong></span> <span class='ocrx_word' id='word_1_585' title='bbox 1548 3928 1647 3983; x_wconf 84' lang='lat' dir='ltr'><strong>sed</strong></span> <span class='ocrx_word' id='word_1_586' title='bbox 1670 3928 1851 3983; x_wconf 84' lang='lat' dir='ltr'><strong>omni—-</strong></span> <span class='ocrx_word' id='word_1_587' title='bbox 1954 3926 2301 3996; x_wconf 83' lang='lat' dir='ltr'><strong>intellectum,</strong></span> <span class='ocrx_word' id='word_1_588' title='bbox 2339 3938 2501 4000; x_wconf 79' lang='lat' dir='ltr'><strong>atque</strong></span> <span class='ocrx_word' id='word_1_589' title='bbox 2530 3926 2736 3996; x_wconf 86' lang='lat' dir='ltr'><strong>inspira</strong></span> <span class='ocrx_word' id='word_1_590' title='bbox 2780 3918 2915 3982; x_wconf 85' lang='lat' dir='ltr'><strong>mihi</strong></span> <span class='ocrx_word' id='word_1_591' title='bbox 2956 3938 3013 3983; x_wconf 89' lang='lat' dir='ltr'><strong>et</strong></span> <span class='ocrx_word' id='word_1_592' title='bbox 3036 3944 3252 4000; x_wconf 84' lang='lat' dir='ltr'><strong>semper</strong></span> <span class='ocrx_word' id='word_1_593' title='bbox 3286 3929 3420 3985; x_wconf 86' lang='lat' dir='ltr'><strong>doce</strong></span> <span class='ocrx_word' id='word_1_594' title='bbox 3448 3945 3547 4000; x_wconf 85' lang='lat' dir='ltr'><strong>per</strong></span> 
     </span>
    </p>
   </div>
   <div class='ocr_carea' id='block_1_65' title="bbox 258 4014 3550 4094">
    <p class='ocr_par' dir='ltr' id='par_1_65' title="bbox 258 4014 3550 4094">
     <span class='ocr_line' id='line_1_65' title="bbox 258 4014 3550 4094; baseline -0.001 -13"><span class='ocrx_word' id='word_1_595' title='bbox 258 4025 363 4081; x_wconf 79' lang='lat' dir='ltr'><strong>bus</strong></span> <span class='ocrx_word' id='word_1_596' title='bbox 394 4020 607 4077; x_wconf 87' lang='lat' dir='ltr'><strong>initium</strong></span> <span class='ocrx_word' id='word_1_597' title='bbox 635 4020 872 4083; x_wconf 87' lang='lat' dir='ltr'><strong>dantem,</strong></span> <span class='ocrx_word' id='word_1_598' title='bbox 908 4019 1070 4074; x_wconf 84' lang='lat' dir='ltr'><strong>credo</strong></span> <span class='ocrx_word' id='word_1_599' title='bbox 1097 4027 1154 4074; x_wconf 89' lang='lat' dir='ltr'><strong>et</strong></span> <span class='ocrx_word' id='word_1_600' title='bbox 1191 4019 1492 4085; x_wconf 78' lang='lat' dir='ltr'><strong>conﬁteor;</strong></span> <span class='ocrx_word' id='word_1_601' title='bbox 1524 4032 1633 4075; x_wconf 88' lang='lat' dir='ltr'><strong>non</strong></span> <span class='ocrx_word' id='word_1_602' title='bbox 1662 4032 1855 4087; x_wconf 79' lang='lat' dir='ltr'><strong>corpo—</strong></span> <span class='ocrx_word' id='word_1_603' title='bbox 1952 4020 2182 4091; x_wconf 79' lang='lat' dir='ltr'><strong>gratiam</strong></span> <span class='ocrx_word' id='word_1_604' title='bbox 2217 4027 2385 4087; x_wconf 87' lang='lat' dir='ltr'><strong>tuam,</strong></span> <span class='ocrx_word' id='word_1_605' title='bbox 2425 4017 2662 4094; x_wconf 67' lang='lat' dir='ltr'><strong>quaiiter</strong></span> <span class='ocrx_word' id='word_1_606' title='bbox 2697 4020 2749 4075; x_wconf 92' lang='lat' dir='ltr'><strong>in</strong></span> <span class='ocrx_word' id='word_1_607' title='bbox 2791 4028 2847 4075; x_wconf 89' lang='lat' dir='ltr'><strong>te</strong></span> <span class='ocrx_word' id='word_1_608' title='bbox 2891 4014 3437 4094; x_wconf 84' lang='lat' dir='ltr'><strong>irrcprebensibiliter</strong></span> <span class='ocrx_word' id='word_1_609' title='bbox 3476 4024 3550 4078; x_wconf 69' lang='lat' dir='ltr'><strong>sit</strong></span> 
     </span>
    </p>
   </div>
   <div class='ocr_carea' id='block_1_66' title="bbox 261 4110 1851 4188">
    <p class='ocr_par' dir='ltr' id='par_1_66' title="bbox 261 4110 1851 4188">
     <span class='ocr_line' id='line_1_66' title="bbox 261 4110 1851 4188; baseline -0.006 -14"><span class='ocrx_word' id='word_1_610' title='bbox 261 4117 363 4174; x_wconf 84' lang='lat' dir='ltr'><strong>rali</strong></span> <span class='ocrx_word' id='word_1_611' title='bbox 406 4114 687 4188; x_wconf 75' lang='lat' dir='ltr'><strong>progenie,</strong></span> <span class='ocrx_word' id='word_1_612' title='bbox 733 4128 908 4183; x_wconf 89' lang='lat' dir='ltr'><strong>neque</strong></span> <span class='ocrx_word' id='word_1_613' title='bbox 944 4112 1307 4174; x_wconf 71' lang='lat' dir='ltr'><strong>extrinsecus,</strong></span> <span class='ocrx_word' id='word_1_614' title='bbox 1355 4125 1463 4165; x_wconf 90' lang='lat' dir='ltr'><strong>non</strong></span> <span class='ocrx_word' id='word_1_615' title='bbox 1505 4110 1851 4173; x_wconf 84' lang='lat' dir='ltr'><strong>necessitate,</strong></span> 
     </span>
    </p>
   </div>
   <div class='ocr_carea' id='block_1_67' title="bbox 192 4199 1831 4275">
    <p class='ocr_par' dir='ltr' id='par_1_67' title="bbox 192 4199 1831 4275">
     <span class='ocr_line' id='line_1_67' title="bbox 192 4199 1831 4275; baseline -0.006 -13"><span class='ocrx_word' id='word_1_616' title='bbox 192 4258 197 4261; x_wconf 93' lang='lat'><em>_</em></span> <span class='ocrx_word' id='word_1_617' title='bbox 262 4220 439 4275; x_wconf 82' lang='lat' dir='ltr'><strong>neque</strong></span> <span class='ocrx_word' id='word_1_618' title='bbox 485 4204 800 4268; x_wconf 68' lang='lat' dir='ltr'><strong>viduntate,</strong></span> <span class='ocrx_word' id='word_1_619' title='bbox 851 4202 948 4258; x_wconf 91' lang='lat' dir='ltr'><strong>sed</strong></span> <span class='ocrx_word' id='word_1_620' title='bbox 994 4210 1191 4255; x_wconf 85' lang='lat' dir='ltr'><strong>natura</strong></span> <span class='ocrx_word' id='word_1_621' title='bbox 1236 4199 1432 4255; x_wconf 83' lang='lat' dir='ltr'><strong>Filium</strong></span> <span class='ocrx_word' id='word_1_622' title='bbox 1479 4212 1831 4271; x_wconf 85' lang='lat' dir='ltr'><strong>generantem</strong></span> 
     </span>
    </p>
   </div>
   <div class='ocr_carea' id='block_1_68' title="bbox 266 4290 1853 4357">
    <p class='ocr_par' dir='ltr' id='par_1_68' title="bbox 266 4290 1853 4357">
     <span class='ocr_line' id='line_1_68' title="bbox 266 4290 1853 4357; baseline -0.004 -10"><span class='ocrx_word' id='word_1_623' title='bbox 266 4314 291 4347; x_wconf 77' lang='grc' dir='ltr'>ι</span> <span class='ocrx_word' id='word_1_624' title='bbox 325 4308 353 4336; x_wconf 83' lang='grc' dir='ltr'>ι</span> <span class='ocrx_word' id='word_1_625' title='bbox 379 4294 653 4351; x_wconf 82' lang='lat' dir='ltr'><strong>Conﬁteor</strong></span> <span class='ocrx_word' id='word_1_626' title='bbox 672 4305 728 4349; x_wconf 89' lang='lat' dir='ltr'><strong>et</strong></span> <span class='ocrx_word' id='word_1_627' title='bbox 759 4305 811 4348; x_wconf 89' lang='lat' dir='ltr'><strong>te</strong></span> <span class='ocrx_word' id='word_1_628' title='bbox 837 4307 1021 4348; x_wconf 88' lang='lat' dir='ltr'><strong>verum</strong></span> <span class='ocrx_word' id='word_1_629' title='bbox 1049 4290 1269 4357; x_wconf 84' lang='lat' dir='ltr'><strong>Filium,</strong></span> <span class='ocrx_word' id='word_1_630' title='bbox 1308 4305 1376 4346; x_wconf 78' lang='lat' dir='ltr'><strong>ex</strong></span> <span class='ocrx_word' id='word_1_631' title='bbox 1409 4290 1573 4345; x_wconf 86' lang='lat' dir='ltr'><strong>Patre</strong></span> <span class='ocrx_word' id='word_1_632' title='bbox 1600 4290 1719 4345; x_wconf 88' lang='lat' dir='ltr'><strong>sine</strong></span> <span class='ocrx_word' id='word_1_633' title='bbox 1747 4290 1853 4342; x_wconf 86' lang='lat' dir='ltr'><strong>ini-</strong></span> 
     </span>
    </p>
   </div>
   <div class='ocr_carea' id='block_1_69' title="bbox 264 4384 1851 4456">
    <p class='ocr_par' dir='ltr' id='par_1_69' title="bbox 264 4384 1851 4456">
     <span class='ocr_line' id='line_1_69' title="bbox 264 4384 1851 4456; baseline -0.006 -6"><span class='ocrx_word' id='word_1_634' title='bbox 264 4391 347 4450; x_wconf 85' lang='lat' dir='ltr'><strong>tio</strong></span> <span class='ocrx_word' id='word_1_635' title='bbox 388 4390 735 4450; x_wconf 79' lang='lat' dir='ltr'><strong>ineﬁ&#39;abiliter</strong></span> <span class='ocrx_word' id='word_1_636' title='bbox 770 4397 956 4445; x_wconf 89' lang='lat' dir='ltr'><strong>natum</strong></span> <span class='ocrx_word' id='word_1_637' title='bbox 982 4425 998 4455; x_wconf 83' lang='lat'><strong>,</strong></span> <span class='ocrx_word' id='word_1_638' title='bbox 1049 4402 1239 4443; x_wconf 87' lang='lat' dir='ltr'><strong>verum</strong></span> <span class='ocrx_word' id='word_1_639' title='bbox 1277 4384 1445 4442; x_wconf 79' lang='lat' dir='ltr'><strong>Deum</strong></span> <span class='ocrx_word' id='word_1_640' title='bbox 1492 4385 1851 4456; x_wconf 85' lang='lat' dir='ltr'><strong>unigenitum,</strong></span> 
     </span>
    </p>
   </div>
   <div class='ocr_carea' id='block_1_70' title="bbox 262 4464 1853 4557">
    <p class='ocr_par' dir='ltr' id='par_1_70' title="bbox 262 4464 1853 4557">
     <span class='ocr_line' id='line_1_70' title="bbox 262 4464 1853 4557; baseline -0.007 -15"><span class='ocrx_word' id='word_1_641' title='bbox 262 4500 367 4557; x_wconf 85' lang='lat' dir='ltr'><strong>per</strong></span> <span class='ocrx_word' id='word_1_642' title='bbox 391 4498 553 4557; x_wconf 87' lang='lat' dir='ltr'><strong>quem</strong></span> <span class='ocrx_word' id='word_1_643' title='bbox 583 4482 726 4541; x_wconf 74' lang='lat' dir='ltr'><strong>facta</strong></span> <span class='ocrx_word' id='word_1_644' title='bbox 763 4490 893 4539; x_wconf 86' lang='lat' dir='ltr'><strong>sunt</strong></span> <span class='ocrx_word' id='word_1_645' title='bbox 927 4479 1109 4536; x_wconf 87' lang='lat' dir='ltr'><strong>omnia</strong></span> <span class='ocrx_word' id='word_1_646' title='bbox 1131 4520 1144 4543; x_wconf 92' lang='lat'><strong>,</strong></span> <span class='ocrx_word' id='word_1_647' title='bbox 1180 4488 1237 4534; x_wconf 89' lang='lat' dir='ltr'><strong>et</strong></span> <span class='ocrx_word' id='word_1_648' title='bbox 1276 4494 1460 4534; x_wconf 80' lang='lat' dir='ltr'><strong>verum</strong></span> <span class='ocrx_word' id='word_1_649' title='bbox 1502 4464 1678 4533; x_wconf 84' lang='lat' dir='ltr'><strong>Patris</strong></span> <span class='ocrx_word' id='word_1_650' title='bbox 1719 4477 1853 4532; x_wconf 83' lang='lat' dir='ltr'><strong>Ver-</strong></span> 
     </span>
    </p>
   </div>
   <div class='ocr_carea' id='block_1_71' title="bbox 265 4568 1847 4643">
    <p class='ocr_par' dir='ltr' id='par_1_71' title="bbox 265 4568 1847 4643">
     <span class='ocr_line' id='line_1_71' title="bbox 265 4568 1847 4643; baseline -0.007 -9"><span class='ocrx_word' id='word_1_651' title='bbox 265 4578 433 4643; x_wconf 86' lang='lat' dir='ltr'><strong>bum;</strong></span> <span class='ocrx_word' id='word_1_652' title='bbox 461 4591 570 4633; x_wconf 90' lang='lat' dir='ltr'><strong>non</strong></span> <span class='ocrx_word' id='word_1_653' title='bbox 603 4575 827 4640; x_wconf 82' lang='lat' dir='ltr'><strong>factum,</strong></span> <span class='ocrx_word' id='word_1_654' title='bbox 862 4587 968 4629; x_wconf 86' lang='lat' dir='ltr'><strong>non</strong></span> <span class='ocrx_word' id='word_1_655' title='bbox 993 4579 1238 4628; x_wconf 82' lang='lat' dir='ltr'><strong>creatum</strong></span> <span class='ocrx_word' id='word_1_656' title='bbox 1261 4611 1276 4637; x_wconf 93' lang='lat'><strong>,</strong></span> <span class='ocrx_word' id='word_1_657' title='bbox 1321 4584 1427 4625; x_wconf 87' lang='lat' dir='ltr'><strong>nou</strong></span> <span class='ocrx_word' id='word_1_658' title='bbox 1457 4568 1847 4639; x_wconf 85' lang='lat' dir='ltr'><strong>adoptativum,</strong></span> 
     </span>
    </p>
   </div>
   <div class='ocr_carea' id='block_1_72' title="bbox 265 4649 1853 4739">
    <p class='ocr_par' dir='ltr' id='par_1_72' title="bbox 265 4649 1853 4739">
     <span class='ocr_line' id='line_1_72' title="bbox 265 4649 1853 4739; baseline -0.009 -14"><span class='ocrx_word' id='word_1_659' title='bbox 265 4667 363 4725; x_wconf 82' lang='lat' dir='ltr'><strong>sed</strong></span> <span class='ocrx_word' id='word_1_660' title='bbox 386 4667 627 4739; x_wconf 85' lang='lat' dir='ltr'><strong>genitum</strong></span> <span class='ocrx_word' id='word_1_661' title='bbox 652 4673 711 4723; x_wconf 86' lang='lat' dir='ltr'><strong>et</strong></span> <span class='ocrx_word' id='word_1_662' title='bbox 747 4664 907 4720; x_wconf 86' lang='lat' dir='ltr'><strong>unius</strong></span> <span class='ocrx_word' id='word_1_663' title='bbox 935 4677 1059 4719; x_wconf 90' lang='lat' dir='ltr'><strong>cum</strong></span> <span class='ocrx_word' id='word_1_664' title='bbox 1099 4660 1263 4716; x_wconf 88' lang='lat' dir='ltr'><strong>Patre</strong></span> <span class='ocrx_word' id='word_1_665' title='bbox 1305 4649 1644 4723; x_wconf 76' lang='lat' dir='ltr'><strong>substantiae,</strong></span> <span class='ocrx_word' id='word_1_666' title='bbox 1690 4666 1853 4728; x_wconf 86' lang='lat' dir='ltr'><strong>atque</strong></span> 
     </span>
    </p>
   </div>
   <div class='ocr_carea' id='block_1_73' title="bbox 266 4751 1849 4833">
    <p class='ocr_par' dir='ltr' id='par_1_73' title="bbox 266 4751 1849 4833">
     <span class='ocr_line' id='line_1_73' title="bbox 266 4751 1849 4833; baseline -0.006 -18"><span class='ocrx_word' id='word_1_667' title='bbox 266 4760 344 4816; x_wconf 88' lang='lat' dir='ltr'><strong>ita</strong></span> <span class='ocrx_word' id='word_1_668' title='bbox 366 4772 464 4833; x_wconf 90' lang='lat' dir='ltr'><strong>per</strong></span> <span class='ocrx_word' id='word_1_669' title='bbox 485 4756 666 4814; x_wconf 85' lang='lat' dir='ltr'><strong>omnia</strong></span> <span class='ocrx_word' id='word_1_670' title='bbox 691 4753 951 4827; x_wconf 71' lang='lat' dir='ltr'><strong>aequalem</strong></span> <span class='ocrx_word' id='word_1_671' title='bbox 997 4753 1109 4809; x_wconf 88' lang='lat' dir='ltr'><strong>Deo</strong></span> <span class='ocrx_word' id='word_1_672' title='bbox 1140 4751 1312 4818; x_wconf 85' lang='lat' dir='ltr'><strong>Patri,</strong></span> <span class='ocrx_word' id='word_1_673' title='bbox 1358 4759 1419 4805; x_wconf 91' lang='lat' dir='ltr'><strong>ut</strong></span> <span class='ocrx_word' id='word_1_674' title='bbox 1460 4765 1559 4805; x_wconf 90' lang='lat' dir='ltr'><strong>nec</strong></span> <span class='ocrx_word' id='word_1_675' title='bbox 1585 4759 1849 4821; x_wconf 87' lang='lat' dir='ltr'><strong>tempore,</strong></span> 
     </span>
    </p>
   </div>
   <div class='ocr_carea' id='block_1_74' title="bbox 260 4839 1854 4920">
    <p class='ocr_par' dir='ltr' id='par_1_74' title="bbox 260 4839 1854 4920">
     <span class='ocr_line' id='line_1_74' title="bbox 260 4839 1854 4920; baseline -0.009 -11"><span class='ocrx_word' id='word_1_676' title='bbox 260 4866 372 4909; x_wconf 78' lang='lat' dir='ltr'><strong>nec</strong></span> <span class='ocrx_word' id='word_1_677' title='bbox 405 4847 592 4920; x_wconf 82' lang='lat' dir='ltr'><strong>gradu,</strong></span> <span class='ocrx_word' id='word_1_678' title='bbox 628 4860 728 4904; x_wconf 91' lang='lat' dir='ltr'><strong>nec</strong></span> <span class='ocrx_word' id='word_1_679' title='bbox 755 4853 1020 4918; x_wconf 82' lang='lat' dir='ltr'><strong>potestate</strong></span> <span class='ocrx_word' id='word_1_680' title='bbox 1056 4859 1175 4899; x_wconf 87' lang='lat' dir='ltr'><strong>esse</strong></span> <span class='ocrx_word' id='word_1_681' title='bbox 1203 4842 1380 4912; x_wconf 84' lang='lat' dir='ltr'><strong>possis</strong></span> <span class='ocrx_word' id='word_1_682' title='bbox 1421 4840 1664 4897; x_wconf 82' lang='lat' dir='ltr'><strong>inferior.</strong></span> <span class='ocrx_word' id='word_1_683' title='bbox 1711 4839 1854 4895; x_wconf 86' lang='lat' dir='ltr'><strong>Tan-</strong></span> 
     </span>
    </p>
   </div>
   <div class='ocr_carea' id='block_1_75' title="bbox 266 4935 1853 5012">
    <p class='ocr_par' dir='ltr' id='par_1_75' title="bbox 266 4935 1853 5012">
     <span class='ocr_line' id='line_1_75' title="bbox 266 4935 1853 5012; baseline -0.008 -12"><span class='ocrx_word' id='word_1_684' title='bbox 266 4948 491 5012; x_wconf 85' lang='lat' dir='ltr'><strong>tumque</strong></span> <span class='ocrx_word' id='word_1_685' title='bbox 532 4953 653 4996; x_wconf 87' lang='lat' dir='ltr'><strong>esse</strong></span> <span class='ocrx_word' id='word_1_686' title='bbox 690 4937 953 4994; x_wconf 85' lang='lat' dir='ltr'><strong>conﬁteor</strong></span> <span class='ocrx_word' id='word_1_687' title='bbox 996 4944 1067 4999; x_wconf 87' lang='lat' dir='ltr'><strong>te,</strong></span> <span class='ocrx_word' id='word_1_688' title='bbox 1118 4936 1209 5004; x_wconf 87' lang='lat' dir='ltr'><strong>qui</strong></span> <span class='ocrx_word' id='word_1_689' title='bbox 1238 4935 1453 5005; x_wconf 86' lang='lat' dir='ltr'><strong>genitus</strong></span> <span class='ocrx_word' id='word_1_690' title='bbox 1497 4949 1578 4996; x_wconf 88' lang='lat' dir='ltr'><strong>es,</strong></span> <span class='ocrx_word' id='word_1_691' title='bbox 1617 4940 1853 5002; x_wconf 88' lang='lat' dir='ltr'><strong>quantus</strong></span> 
     </span>
    </p>
   </div>
   <div class='ocr_carea' id='block_1_76' title="bbox 267 5026 1850 5104">
    <p class='ocr_par' dir='ltr' id='par_1_76' title="bbox 267 5026 1850 5104">
     <span class='ocr_line' id='line_1_76' title="bbox 267 5026 1850 5104; baseline -0.006 -14"><span class='ocrx_word' id='word_1_692' title='bbox 267 5043 355 5090; x_wconf 85' lang='lat' dir='ltr'><strong>est</strong></span> <span class='ocrx_word' id='word_1_693' title='bbox 381 5034 491 5102; x_wconf 87' lang='lat' dir='ltr'><strong>ille,</strong></span> <span class='ocrx_word' id='word_1_694' title='bbox 520 5032 611 5104; x_wconf 90' lang='lat' dir='ltr'><strong>qui</strong></span> <span class='ocrx_word' id='word_1_695' title='bbox 640 5041 695 5088; x_wconf 90' lang='lat' dir='ltr'><strong>te</strong></span> <span class='ocrx_word' id='word_1_696' title='bbox 720 5031 922 5103; x_wconf 85' lang='lat' dir='ltr'><strong>genuit.</strong></span> <span class='ocrx_word' id='word_1_697' title='bbox 961 5027 1079 5083; x_wconf 80' lang='lat' dir='ltr'><strong>Non</strong></span> <span class='ocrx_word' id='word_1_698' title='bbox 1104 5034 1283 5081; x_wconf 88' lang='lat' dir='ltr'><strong>autem</strong></span> <span class='ocrx_word' id='word_1_699' title='bbox 1312 5027 1436 5096; x_wconf 89' lang='lat' dir='ltr'><strong>quia</strong></span> <span class='ocrx_word' id='word_1_700' title='bbox 1462 5026 1585 5082; x_wconf 87' lang='lat' dir='ltr'><strong>dico</strong></span> <span class='ocrx_word' id='word_1_701' title='bbox 1612 5026 1850 5095; x_wconf 88' lang='lat' dir='ltr'><strong>genitum</strong></span> 
     </span>
    </p>
   </div>
   <div class='ocr_carea' id='block_1_77' title="bbox 270 5116 1850 5189">
    <p class='ocr_par' dir='ltr' id='par_1_77' title="bbox 270 5116 1850 5189">
     <span class='ocr_line' id='line_1_77' title="bbox 270 5116 1850 5189; baseline -0.007 -8"><span class='ocrx_word' id='word_1_702' title='bbox 270 5141 303 5181; x_wconf 87' lang='lat' dir='ltr'><strong>a</strong></span> <span class='ocrx_word' id='word_1_703' title='bbox 324 5123 486 5180; x_wconf 87' lang='lat' dir='ltr'><strong>Patre</strong></span> <span class='ocrx_word' id='word_1_704' title='bbox 519 5122 739 5189; x_wconf 83' lang='lat' dir='ltr'><strong>Filium,</strong></span> <span class='ocrx_word' id='word_1_705' title='bbox 781 5119 978 5176; x_wconf 75' lang='lat' dir='ltr'><strong>divina:</strong></span> <span class='ocrx_word' id='word_1_706' title='bbox 1004 5128 1057 5174; x_wconf 91' lang='lat' dir='ltr'><strong>et</strong></span> <span class='ocrx_word' id='word_1_707' title='bbox 1085 5117 1341 5174; x_wconf 83' lang='lat' dir='ltr'><strong>ineﬁ‘abili</strong></span> <span class='ocrx_word' id='word_1_708' title='bbox 1367 5117 1703 5188; x_wconf 83' lang='lat' dir='ltr'><strong>generationi</strong></span> <span class='ocrx_word' id='word_1_709' title='bbox 1749 5116 1850 5170; x_wconf 90' lang='lat' dir='ltr'><strong>ali-</strong></span> 
     </span>
    </p>
   </div>
   <div class='ocr_carea' id='block_1_78' title="bbox 269 5207 1852 5285">
    <p class='ocr_par' dir='ltr' id='par_1_78' title="bbox 269 5207 1852 5285">
     <span class='ocr_line' id='line_1_78' title="bbox 269 5207 1852 5285; baseline -0.007 -14"><span class='ocrx_word' id='word_1_710' title='bbox 269 5213 415 5284; x_wconf 89' lang='lat' dir='ltr'><strong>quod</strong></span> <span class='ocrx_word' id='word_1_711' title='bbox 474 5224 685 5285; x_wconf 89' lang='lat' dir='ltr'><strong>tempus</strong></span> <span class='ocrx_word' id='word_1_712' title='bbox 734 5210 991 5269; x_wconf 86' lang='lat' dir='ltr'><strong>ascribo:</strong></span> <span class='ocrx_word' id='word_1_713' title='bbox 1038 5209 1134 5265; x_wconf 87' lang='lat' dir='ltr'><strong>sed</strong></span> <span class='ocrx_word' id='word_1_714' title='bbox 1184 5223 1283 5264; x_wconf 87' lang='lat' dir='ltr'><strong>nec</strong></span> <span class='ocrx_word' id='word_1_715' title='bbox 1325 5208 1541 5263; x_wconf 85' lang='lat' dir='ltr'><strong>Patrem</strong></span> <span class='ocrx_word' id='word_1_716' title='bbox 1589 5208 1710 5263; x_wconf 89' lang='lat' dir='ltr'><strong>dico</strong></span> <span class='ocrx_word' id='word_1_717' title='bbox 1751 5207 1852 5261; x_wconf 87' lang='lat' dir='ltr'><strong>ali-</strong></span> 
     </span>
    </p>
   </div>
   <div class='ocr_carea' id='block_1_79' title="bbox 270 5296 1853 5383">
    <p class='ocr_par' dir='ltr' id='par_1_79' title="bbox 270 5296 1853 5383">
     <span class='ocr_line' id='line_1_79' title="bbox 270 5296 1853 5383; baseline -0.008 -20"><span class='ocrx_word' id='word_1_718' title='bbox 270 5304 488 5383; x_wconf 80' lang='lat' dir='ltr'><strong>quando</strong></span> <span class='ocrx_word' id='word_1_719' title='bbox 531 5301 857 5373; x_wconf 71' lang='lat' dir='ltr'><strong>inctepisse,</strong></span> <span class='ocrx_word' id='word_1_720' title='bbox 902 5315 1005 5357; x_wconf 89' lang='lat' dir='ltr'><strong>nec</strong></span> <span class='ocrx_word' id='word_1_721' title='bbox 1041 5307 1095 5355; x_wconf 91' lang='lat' dir='ltr'><strong>te</strong></span> <span class='ocrx_word' id='word_1_722' title='bbox 1135 5296 1252 5367; x_wconf 83' lang='lat' dir='ltr'><strong>ejus</strong></span> <span class='ocrx_word' id='word_1_723' title='bbox 1290 5297 1505 5355; x_wconf 85' lang='lat' dir='ltr'><strong>Filium.</strong></span> <span class='ocrx_word' id='word_1_724' title='bbox 1559 5296 1676 5353; x_wconf 86' lang='lat' dir='ltr'><strong>Non</strong></span> <span class='ocrx_word' id='word_1_725' title='bbox 1708 5298 1853 5352; x_wconf 86' lang='lat' dir='ltr'><strong>enim</strong></span> 
     </span>
    </p>
   </div>
   <div class='ocr_carea' id='block_1_80' title="bbox 271 5389 1858 5463">
    <p class='ocr_par' dir='ltr' id='par_1_80' title="bbox 271 5389 1858 5463">
     <span class='ocr_line' id='line_1_80' title="bbox 271 5389 1858 5463; baseline -0.005 -10"><span class='ocrx_word' id='word_1_726' title='bbox 271 5399 429 5454; x_wconf 88' lang='lat' dir='ltr'><strong>aliter</strong></span> <span class='ocrx_word' id='word_1_727' title='bbox 455 5394 697 5452; x_wconf 78' lang='lat' dir='ltr'><strong>conﬁteri</strong></span> <span class='ocrx_word' id='word_1_728' title='bbox 726 5407 1010 5463; x_wconf 88' lang='lat' dir='ltr'><strong>possumus</strong></span> <span class='ocrx_word' id='word_1_729' title='bbox 1037 5399 1301 5448; x_wconf 68' lang='lat' dir='ltr'><strong>aeternum</strong></span> <span class='ocrx_word' id='word_1_730' title='bbox 1336 5389 1575 5454; x_wconf 87' lang='lat' dir='ltr'><strong>Patrem,</strong></span> <span class='ocrx_word' id='word_1_731' title='bbox 1602 5389 1707 5444; x_wconf 90' lang='lat' dir='ltr'><strong>nisi</strong></span> <span class='ocrx_word' id='word_1_732' title='bbox 1732 5405 1858 5445; x_wconf 89' lang='lat' dir='ltr'><strong>con-</strong></span> 
     </span>
    </p>
   </div>
   <div class='ocr_carea' id='block_1_81' title="bbox 275 5477 1855 5546">
    <p class='ocr_par' dir='ltr' id='par_1_81' title="bbox 275 5477 1855 5546">
     <span class='ocr_line' id='line_1_81' title="bbox 275 5477 1855 5546; baseline -0.008 0"><span class='ocrx_word' id='word_1_733' title='bbox 275 5488 525 5546; x_wconf 76' lang='lat' dir='ltr'><strong>ﬁteamur</strong></span> <span class='ocrx_word' id='word_1_734' title='bbox 552 5482 719 5543; x_wconf 85' lang='lat' dir='ltr'><strong>etiam</strong></span> <span class='ocrx_word' id='word_1_735' title='bbox 746 5492 801 5539; x_wconf 86' lang='lat' dir='ltr'><strong>te</strong></span> <span class='ocrx_word' id='word_1_736' title='bbox 822 5490 1149 5539; x_wconf 68' lang='lat' dir='ltr'><strong>coaeternum</strong></span> <span class='ocrx_word' id='word_1_737' title='bbox 1172 5478 1389 5536; x_wconf 82' lang='lat' dir='ltr'><strong>Filium.</strong></span> <span class='ocrx_word' id='word_1_738' title='bbox 1434 5480 1515 5535; x_wconf 78' lang='lat' dir='ltr'><strong>Ex</strong></span> <span class='ocrx_word' id='word_1_739' title='bbox 1542 5477 1682 5536; x_wconf 85' lang='lat' dir='ltr'><strong>Filio</strong></span> <span class='ocrx_word' id='word_1_740' title='bbox 1710 5482 1855 5536; x_wconf 86' lang='lat' dir='ltr'><strong>enim</strong></span> 
     </span>
    </p>
   </div>
   <div class='ocr_carea' id='block_1_82' title="bbox 275 5566 1854 5647">
    <p class='ocr_par' dir='ltr' id='par_1_82' title="bbox 275 5566 1854 5647">
     <span class='ocr_line' id='line_1_82' title="bbox 275 5566 1854 5647; baseline -0.004 -11"><span class='ocrx_word' id='word_1_741' title='bbox 275 5579 437 5637; x_wconf 82' lang='lat' dir='ltr'><strong>Pater</strong></span> <span class='ocrx_word' id='word_1_742' title='bbox 466 5576 686 5643; x_wconf 87' lang='lat' dir='ltr'><strong>dicitur,</strong></span> <span class='ocrx_word' id='word_1_743' title='bbox 721 5582 775 5633; x_wconf 88' lang='lat' dir='ltr'><strong>et</strong></span> <span class='ocrx_word' id='word_1_744' title='bbox 810 5568 903 5645; x_wconf 91' lang='lat' dir='ltr'><strong>qui</strong></span> <span class='ocrx_word' id='word_1_745' title='bbox 938 5584 1153 5646; x_wconf 88' lang='lat' dir='ltr'><strong>semper</strong></span> <span class='ocrx_word' id='word_1_746' title='bbox 1179 5566 1342 5629; x_wconf 81' lang='lat' dir='ltr'><strong>Pater</strong></span> <span class='ocrx_word' id='word_1_747' title='bbox 1368 5572 1488 5642; x_wconf 82' lang='lat' dir='ltr'><strong>fuit,</strong></span> <span class='ocrx_word' id='word_1_748' title='bbox 1516 5588 1732 5647; x_wconf 87' lang='lat' dir='ltr'><strong>semper</strong></span> <span class='ocrx_word' id='word_1_749' title='bbox 1755 5575 1854 5630; x_wconf 86' lang='lat' dir='ltr'><strong>ha-</strong></span> 
     </span>
    </p>
   </div>
   <div class='ocr_carea' id='block_1_83' title="bbox 276 5660 1861 5737">
    <p class='ocr_par' dir='ltr' id='par_1_83' title="bbox 276 5660 1861 5737">
     <span class='ocr_line' id='line_1_83' title="bbox 276 5660 1861 5737; baseline -0.001 -12"><span class='ocrx_word' id='word_1_750' title='bbox 276 5668 460 5726; x_wconf 88' lang='lat' dir='ltr'><strong>buisse</strong></span> <span class='ocrx_word' id='word_1_751' title='bbox 482 5664 678 5725; x_wconf 79' lang='lat' dir='ltr'><strong>Filium</strong></span> <span class='ocrx_word' id='word_1_752' title='bbox 717 5682 824 5722; x_wconf 88' lang='lat' dir='ltr'><strong>non</strong></span> <span class='ocrx_word' id='word_1_753' title='bbox 849 5660 1072 5721; x_wconf 88' lang='lat' dir='ltr'><strong>dubium</strong></span> <span class='ocrx_word' id='word_1_754' title='bbox 1110 5674 1215 5721; x_wconf 91' lang='lat' dir='ltr'><strong>est.</strong></span> <span class='ocrx_word' id='word_1_755' title='bbox 1250 5686 1270 5719; x_wconf 71' lang='grc'><strong>)</strong></span> <span class='ocrx_word' id='word_1_756' title='bbox 1323 5665 1400 5721; x_wconf 89' lang='lat' dir='ltr'><strong>&#39;l&#39;e</strong></span> <span class='ocrx_word' id='word_1_757' title='bbox 1446 5682 1658 5737; x_wconf 88' lang='lat' dir='ltr'><strong>quoque</strong></span> <span class='ocrx_word' id='word_1_758' title='bbox 1696 5668 1861 5723; x_wconf 88' lang='lat' dir='ltr'><strong>credo</strong></span> 
     </span>
    </p>
   </div>
   <div class='ocr_carea' id='block_1_84' title="bbox 271 5756 1861 5831">
    <p class='ocr_par' dir='ltr' id='par_1_84' title="bbox 271 5756 1861 5831">
     <span class='ocr_line' id='line_1_84' title="bbox 271 5756 1861 5831; baseline 0.001 -16"><span class='ocrx_word' id='word_1_759' title='bbox 271 5756 539 5831; x_wconf 68' lang='lat' dir='ltr'><strong>Spiritum</strong></span> <span class='ocrx_word' id='word_1_760' title='bbox 580 5764 850 5825; x_wconf 85' lang='lat' dir='ltr'><strong>sanctum,</strong></span> <span class='ocrx_word' id='word_1_761' title='bbox 897 5772 1085 5813; x_wconf 86' lang='lat' dir='ltr'><strong>verum</strong></span> <span class='ocrx_word' id='word_1_762' title='bbox 1119 5757 1313 5824; x_wconf 85' lang='lat' dir='ltr'><strong>Deum,</strong></span> <span class='ocrx_word' id='word_1_763' title='bbox 1358 5773 1467 5813; x_wconf 91' lang='lat' dir='ltr'><strong>non</strong></span> <span class='ocrx_word' id='word_1_764' title='bbox 1497 5757 1721 5825; x_wconf 80' lang='lat' dir='ltr'><strong>factum,</strong></span> <span class='ocrx_word' id='word_1_765' title='bbox 1760 5776 1861 5817; x_wconf 87' lang='lat' dir='ltr'><strong>nec</strong></span> 
     </span>
    </p>
   </div>
   <div class='ocr_carea' id='block_1_85' title="bbox 356 5870 1627 5950">
    <p class='ocr_par' dir='ltr' id='par_1_85' title="bbox 356 5870 1627 5950">
     <span class='ocr_line' id='line_1_85' title="bbox 356 5870 1627 5950; baseline -0.003 -20"><span class='ocrx_word' id='word_1_766' title='bbox 356 5885 382 5915; x_wconf 79' lang='grc' dir='ltr'>ι</span> <span class='ocrx_word' id='word_1_767' title='bbox 403 5872 559 5945; x_wconf 73' lang='lat' dir='ltr'><strong>Apud</strong></span> <span class='ocrx_word' id='word_1_768' title='bbox 580 5872 888 5950; x_wconf 74' lang='lat' dir='ltr'><strong>Pelagium,</strong></span> <span class='ocrx_word' id='word_1_769' title='bbox 920 5872 1072 5929; x_wconf 90' lang='lat' dir='ltr'><strong>initio</strong></span> <span class='ocrx_word' id='word_1_770' title='bbox 1098 5870 1467 5930; x_wconf 86' lang='lat' dir='ltr'><strong>CouIessionis</strong></span> <span class='ocrx_word' id='word_1_771' title='bbox 1498 5886 1627 5927; x_wconf 63' lang='lat' dir='ltr'><strong>suae.</strong></span> 
     </span>
    </p>
   </div>
   <div class='ocr_carea' id='block_1_86' title="bbox 1952 4106 3544 4187">
    <p class='ocr_par' dir='ltr' id='par_1_86' title="bbox 1952 4106 3544 4187">
     <span class='ocr_line' id='line_1_86' title="bbox 1952 4106 3544 4187; baseline 0.003 -21"><span class='ocrx_word' id='word_1_772' title='bbox 1952 4111 2302 4180; x_wconf 86' lang='lat' dir='ltr'><strong>credendum,</strong></span> <span class='ocrx_word' id='word_1_773' title='bbox 2338 4121 2400 4167; x_wconf 87' lang='lat' dir='ltr'><strong>ut</strong></span> <span class='ocrx_word' id='word_1_774' title='bbox 2436 4122 2495 4170; x_wconf 88' lang='lat' dir='ltr'><strong>te</strong></span> <span class='ocrx_word' id='word_1_775' title='bbox 2517 4127 2683 4172; x_wconf 65' lang='lat' dir='ltr'><strong>unum</strong></span> <span class='ocrx_word' id='word_1_776' title='bbox 2725 4106 2895 4167; x_wconf 88' lang='lat' dir='ltr'><strong>Deum</strong></span> <span class='ocrx_word' id='word_1_777' title='bbox 2924 4108 3291 4170; x_wconf 84' lang='lat' dir='ltr'><strong>essentialiter</strong></span> <span class='ocrx_word' id='word_1_778' title='bbox 3314 4112 3544 4187; x_wconf 83' lang='lat' dir='ltr'><strong>sapiam,</strong></span> 
     </span>
    </p>
   </div>
   <div class='ocr_carea' id='block_1_87' title="bbox 1950 4193 3543 4275">
    <p class='ocr_par' dir='ltr' id='par_1_87' title="bbox 1950 4193 3543 4275">
     <span class='ocr_line' id='line_1_87' title="bbox 1950 4193 3543 4275; baseline 0.001 -20"><span class='ocrx_word' id='word_1_779' title='bbox 1950 4213 2007 4256; x_wconf 87' lang='lat' dir='ltr'><strong>et</strong></span> <span class='ocrx_word' id='word_1_780' title='bbox 2031 4193 2649 4273; x_wconf 75' lang='lat' dir='ltr'><strong>incomprehensibiliter</strong></span> <span class='ocrx_word' id='word_1_781' title='bbox 2687 4200 2895 4259; x_wconf 71' lang='lat' dir='ltr'><strong>trinum</strong></span> <span class='ocrx_word' id='word_1_782' title='bbox 2924 4196 3285 4272; x_wconf 84' lang='lat' dir='ltr'><strong>personaliter</strong></span> <span class='ocrx_word' id='word_1_783' title='bbox 3308 4204 3543 4275; x_wconf 83' lang='lat' dir='ltr'><strong>capiam,</strong></span> 
     </span>
    </p>
   </div>
   <div class='ocr_carea' id='block_1_88' title="bbox 1954 4280 3549 4366">
    <p class='ocr_par' dir='ltr' id='par_1_88' title="bbox 1954 4280 3549 4366">
     <span class='ocr_line' id='line_1_88' title="bbox 1954 4280 3549 4366; baseline 0.003 -20"><span class='ocrx_word' id='word_1_784' title='bbox 1954 4292 2169 4347; x_wconf 82' lang='lat' dir='ltr'><strong>Patrem</strong></span> <span class='ocrx_word' id='word_1_785' title='bbox 2198 4294 2516 4366; x_wconf 83' lang='lat' dir='ltr'><strong>ingenitum,</strong></span> <span class='ocrx_word' id='word_1_786' title='bbox 2544 4293 2611 4351; x_wconf 84' lang='lat' dir='ltr'><strong>de</strong></span> <span class='ocrx_word' id='word_1_787' title='bbox 2636 4280 2799 4350; x_wconf 75' lang='lat' dir='ltr'><strong>Patre</strong></span> <span class='ocrx_word' id='word_1_788' title='bbox 2829 4292 3188 4363; x_wconf 83' lang='lat' dir='ltr'><strong>unigenitum,</strong></span> <span class='ocrx_word' id='word_1_789' title='bbox 3225 4292 3291 4348; x_wconf 86' lang='lat' dir='ltr'><strong>de</strong></span> <span class='ocrx_word' id='word_1_790' title='bbox 3318 4304 3549 4365; x_wconf 74' lang='lat' dir='ltr'><strong>utroque</strong></span> 
     </span>
    </p>
   </div>
   <div class='ocr_carea' id='block_1_89' title="bbox 1954 4384 3544 4457">
    <p class='ocr_par' dir='ltr' id='par_1_89' title="bbox 1954 4384 3544 4457">
     <span class='ocr_line' id='line_1_89' title="bbox 1954 4384 3544 4457; baseline 0 -16"><span class='ocrx_word' id='word_1_791' title='bbox 1954 4387 2335 4457; x_wconf 82' lang='lat' dir='ltr'><strong>procedentem</strong></span> <span class='ocrx_word' id='word_1_792' title='bbox 2366 4395 2422 4441; x_wconf 89' lang='lat' dir='ltr'><strong>et</strong></span> <span class='ocrx_word' id='word_1_793' title='bbox 2456 4386 2511 4442; x_wconf 88' lang='lat' dir='ltr'><strong>in</strong></span> <span class='ocrx_word' id='word_1_794' title='bbox 2556 4392 2786 4457; x_wconf 89' lang='lat' dir='ltr'><strong>utroque</strong></span> <span class='ocrx_word' id='word_1_795' title='bbox 2834 4394 3243 4457; x_wconf 79' lang='lat' dir='ltr'><strong>permanentem</strong></span> <span class='ocrx_word' id='word_1_796' title='bbox 3285 4384 3544 4456; x_wconf 86' lang='lat' dir='ltr'><strong>Spiritqu</strong></span> 
     </span>
    </p>
   </div>
   <div class='ocr_carea' id='block_1_90' title="bbox 1954 4464 3543 4547">
    <p class='ocr_par' dir='ltr' id='par_1_90' title="bbox 1954 4464 3543 4547">
     <span class='ocr_line' id='line_1_90' title="bbox 1954 4464 3543 4547; baseline -0.001 -14"><span class='ocrx_word' id='word_1_797' title='bbox 1954 4485 2221 4533; x_wconf 85' lang='lat' dir='ltr'><strong>sanctum.</strong></span> <span class='ocrx_word' id='word_1_798' title='bbox 2254 4464 2469 4533; x_wconf 80' lang='lat' dir='ltr'><strong>Nullum</strong></span> <span class='ocrx_word' id='word_1_799' title='bbox 2502 4476 2678 4533; x_wconf 78' lang='lat' dir='ltr'><strong>tribus</strong></span> <span class='ocrx_word' id='word_1_800' title='bbox 2708 4475 3112 4547; x_wconf 82' lang='lat' dir='ltr'><strong>anticipationis</strong></span> <span class='ocrx_word' id='word_1_801' title='bbox 3138 4472 3218 4531; x_wconf 75' lang='lat' dir='ltr'><strong>vel</strong></span> <span class='ocrx_word' id='word_1_802' title='bbox 3254 4470 3543 4547; x_wconf 80' lang='lat' dir='ltr'><strong>posterita-</strong></span> 
     </span>
    </p>
   </div>
   <div class='ocr_carea' id='block_1_91' title="bbox 1957 4564 3545 4641">
    <p class='ocr_par' dir='ltr' id='par_1_91' title="bbox 1957 4564 3545 4641">
     <span class='ocr_line' id='line_1_91' title="bbox 1957 4564 3545 4641; baseline 0.001 -16"><span class='ocrx_word' id='word_1_803' title='bbox 1957 4573 2025 4625; x_wconf 84' lang='lat' dir='ltr'><strong>tis</strong></span> <span class='ocrx_word' id='word_1_804' title='bbox 2079 4568 2408 4625; x_wconf 89' lang='lat' dir='ltr'><strong>intervenire</strong></span> <span class='ocrx_word' id='word_1_805' title='bbox 2440 4580 2774 4625; x_wconf 87' lang='lat' dir='ltr'><strong>momentum</strong></span> <span class='ocrx_word' id='word_1_806' title='bbox 2796 4606 2813 4635; x_wconf 85' lang='lat'><strong>,</strong></span> <span class='ocrx_word' id='word_1_807' title='bbox 2853 4585 2953 4625; x_wconf 90' lang='lat' dir='ltr'><strong>nec</strong></span> <span class='ocrx_word' id='word_1_808' title='bbox 2987 4564 3187 4625; x_wconf 72' lang='lat' dir='ltr'><strong>habere</strong></span> <span class='ocrx_word' id='word_1_809' title='bbox 3231 4567 3545 4641; x_wconf 82' lang='lat' dir='ltr'><strong>indisperti-</strong></span> 
     </span>
    </p>
   </div>
   <div class='ocr_carea' id='block_1_92' title="bbox 1958 4654 3546 4735">
    <p class='ocr_par' dir='ltr' id='par_1_92' title="bbox 1958 4654 3546 4735">
     <span class='ocr_line' id='line_1_92' title="bbox 1958 4654 3546 4735; baseline -0.001 -17"><span class='ocrx_word' id='word_1_810' title='bbox 1958 4675 2069 4718; x_wconf 85' lang='lat' dir='ltr'><strong>tum</strong></span> <span class='ocrx_word' id='word_1_811' title='bbox 2094 4654 2396 4735; x_wconf 87' lang='lat' dir='ltr'><strong>imperium.</strong></span> <span class='ocrx_word' id='word_1_812' title='bbox 2427 4654 2547 4719; x_wconf 73' lang='lat' dir='ltr'><strong>Non</strong></span> <span class='ocrx_word' id='word_1_813' title='bbox 2576 4664 2632 4718; x_wconf 91' lang='lat' dir='ltr'><strong>in</strong></span> <span class='ocrx_word' id='word_1_814' title='bbox 2670 4662 2922 4721; x_wconf 79' lang='lat' dir='ltr'><strong>creandis</strong></span> <span class='ocrx_word' id='word_1_815' title='bbox 2953 4654 3258 4729; x_wconf 87' lang='lat' dir='ltr'><strong>consilium,</strong></span> <span class='ocrx_word' id='word_1_816' title='bbox 3296 4662 3546 4733; x_wconf 84' lang='lat' dir='ltr'><strong>regendis</strong></span> 
     </span>
    </p>
   </div>
   <div class='ocr_carea' id='block_1_93' title="bbox 1955 4742 3542 4824">
    <p class='ocr_par' dir='ltr' id='par_1_93' title="bbox 1955 4742 3542 4824">
     <span class='ocr_line' id='line_1_93' title="bbox 1955 4742 3542 4824; baseline 0.001 -18"><span class='ocrx_word' id='word_1_817' title='bbox 1955 4751 2405 4823; x_wconf 65' lang='lat' dir='ltr'><strong>{ierﬁciendlsque</strong></span> <span class='ocrx_word' id='word_1_818' title='bbox 2424 4752 2694 4810; x_wconf 83' lang='lat' dir='ltr'><strong>creaturis</strong></span> <span class='ocrx_word' id='word_1_819' title='bbox 2716 4742 2996 4820; x_wconf 75' lang='lat' dir='ltr'><strong>auxilium,</strong></span> <span class='ocrx_word' id='word_1_820' title='bbox 3019 4768 3262 4824; x_wconf 81' lang='lat' dir='ltr'><strong>cpttsque</strong></span> <span class='ocrx_word' id='word_1_821' title='bbox 3283 4753 3542 4808; x_wconf 88' lang='lat' dir='ltr'><strong>divinum.</strong></span> 
     </span>
    </p>
   </div>
   <div class='ocr_carea' id='block_1_94' title="bbox 1954 4833 3549 4914">
    <p class='ocr_par' dir='ltr' id='par_1_94' title="bbox 1954 4833 3549 4914">
     <span class='ocr_line' id='line_1_94' title="bbox 1954 4833 3549 4914; baseline -0.003 -14"><span class='ocrx_word' id='word_1_822' title='bbox 1954 4833 2117 4914; x_wconf 74' lang='lat'><strong>390</strong></span> <span class='ocrx_word' id='word_1_823' title='bbox 2141 4842 2408 4913; x_wconf 84' lang='lat' dir='ltr'><strong>Quidquid</strong></span> <span class='ocrx_word' id='word_1_824' title='bbox 2432 4843 2541 4899; x_wconf 87' lang='lat' dir='ltr'><strong>illic</strong></span> <span class='ocrx_word' id='word_1_825' title='bbox 2559 4835 2805 4898; x_wconf 87' lang='lat' dir='ltr'><strong>naturale</strong></span> <span class='ocrx_word' id='word_1_826' title='bbox 2828 4852 2912 4898; x_wconf 90' lang='lat' dir='ltr'><strong>est</strong></span> <span class='ocrx_word' id='word_1_827' title='bbox 2941 4843 3300 4913; x_wconf 87' lang='lat' dir='ltr'><strong>indisruptum</strong></span> <span class='ocrx_word' id='word_1_828' title='bbox 3327 4857 3340 4906; x_wconf 89' lang='lat'><strong>;</strong></span> <span class='ocrx_word' id='word_1_829' title='bbox 3396 4842 3549 4911; x_wconf 84' lang='lat' dir='ltr'><strong>quid—</strong></span> 
     </span>
    </p>
   </div>
   <div class='ocr_carea' id='block_1_95' title="bbox 1955 4930 3545 5006">
    <p class='ocr_par' dir='ltr' id='par_1_95' title="bbox 1955 4930 3545 5006">
     <span class='ocr_line' id='line_1_95' title="bbox 1955 4930 3545 5006; baseline -0.001 -19"><span class='ocrx_word' id='word_1_830' title='bbox 1955 4937 2084 5005; x_wconf 85' lang='lat' dir='ltr'><strong>quid</strong></span> <span class='ocrx_word' id='word_1_831' title='bbox 2107 4934 2395 5006; x_wconf 86' lang='lat' dir='ltr'><strong>personale</strong></span> <span class='ocrx_word' id='word_1_832' title='bbox 2419 4943 2504 4991; x_wconf 89' lang='lat' dir='ltr'><strong>est</strong></span> <span class='ocrx_word' id='word_1_833' title='bbox 2529 4933 2890 4990; x_wconf 82' lang='lat' dir='ltr'><strong>inconfusum.</strong></span> <span class='ocrx_word' id='word_1_834' title='bbox 2928 4932 2974 4989; x_wconf 92' lang='grc'>0</span> <span class='ocrx_word' id='word_1_835' title='bbox 3014 4934 3332 5004; x_wconf 79' lang='lat' dir='ltr'><strong>mysterium</strong></span> <span class='ocrx_word' id='word_1_836' title='bbox 3358 4930 3545 4987; x_wconf 76' lang='lat' dir='ltr'><strong>ineffa-</strong></span> 
     </span>
    </p>
   </div>
   <div class='ocr_carea' id='block_1_96' title="bbox 1957 5020 3108 5097">
    <p class='ocr_par' dir='ltr' id='par_1_96' title="bbox 1957 5020 3108 5097">
     <span class='ocr_line' id='line_1_96' title="bbox 1957 5020 3108 5097; baseline -0.003 -16"><span class='ocrx_word' id='word_1_837' title='bbox 1957 5027 2060 5082; x_wconf 88' lang='lat' dir='ltr'><strong>bile</strong></span> <span class='ocrx_word' id='word_1_838' title='bbox 2086 5038 2139 5084; x_wconf 83' lang='lat' dir='ltr'><strong>et</strong></span> <span class='ocrx_word' id='word_1_839' title='bbox 2170 5041 2281 5097; x_wconf 67' lang='lat' dir='ltr'><strong>prae</strong></span> <span class='ocrx_word' id='word_1_840' title='bbox 2304 5026 2517 5081; x_wconf 65' lang='lat' dir='ltr'><strong>caeteris</strong></span> <span class='ocrx_word' id='word_1_841' title='bbox 2542 5025 2817 5081; x_wconf 88' lang='lat' dir='ltr'><strong>intellectu</strong></span> <span class='ocrx_word' id='word_1_842' title='bbox 2848 5024 3067 5080; x_wconf 76' lang='lat' dir='ltr'><strong>difﬁcile</strong></span> <span class='ocrx_word' id='word_1_843' title='bbox 3093 5020 3108 5078; x_wconf 66' lang='grc' dir='ltr'><strong><em>ἐ</em></strong></span> 
     </span>
    </p>
   </div>
   <div class='ocr_carea' id='block_1_97' title="bbox 2030 5125 3545 5199">
    <p class='ocr_par' dir='ltr' id='par_1_97' title="bbox 2030 5125 3545 5199">
     <span class='ocr_line' id='line_1_97' title="bbox 2030 5125 3545 5199; baseline -0.001 -17"><span class='ocrx_word' id='word_1_844' title='bbox 2030 5129 2188 5183; x_wconf 71' lang='lat' dir='ltr'><strong>XVII.</strong></span> <span class='ocrx_word' id='word_1_845' title='bbox 2230 5128 2455 5198; x_wconf 79' lang='lat' dir='ltr'><strong>Reliqua</strong></span> <span class='ocrx_word' id='word_1_846' title='bbox 2497 5144 2626 5184; x_wconf 86' lang='lat' dir='ltr'><strong>vero</strong></span> <span class='ocrx_word' id='word_1_847' title='bbox 2660 5138 3022 5193; x_wconf 86' lang='lat' dir='ltr'><strong>sacramenta,</strong></span> <span class='ocrx_word' id='word_1_848' title='bbox 3068 5142 3186 5199; x_wconf 69' lang='lat' dir='ltr'><strong>qua:</strong></span> <span class='ocrx_word' id='word_1_849' title='bbox 3212 5136 3463 5183; x_wconf 88' lang='lat' dir='ltr'><strong>tenentur</strong></span> <span class='ocrx_word' id='word_1_850' title='bbox 3490 5125 3545 5181; x_wconf 90' lang='lat' dir='ltr'><strong>in</strong></span> 
     </span>
    </p>
   </div>
   <div class='ocr_carea' id='block_1_98' title="bbox 1963 5216 3543 5287">
    <p class='ocr_par' dir='ltr' id='par_1_98' title="bbox 1963 5216 3543 5287">
     <span class='ocr_line' id='line_1_98' title="bbox 1963 5216 3543 5287; baseline -0.002 -12"><span class='ocrx_word' id='word_1_851' title='bbox 1963 5220 2199 5275; x_wconf 69' lang='lat' dir='ltr'><strong>ECtilCSia</strong></span> <span class='ocrx_word' id='word_1_852' title='bbox 2229 5228 2340 5283; x_wconf 85' lang='lat' dir='ltr'><strong>tua,</strong></span> <span class='ocrx_word' id='word_1_853' title='bbox 2386 5220 2629 5285; x_wconf 85' lang='lat' dir='ltr'><strong>Domine,</strong></span> <span class='ocrx_word' id='word_1_854' title='bbox 2654 5217 2916 5287; x_wconf 86' lang='lat' dir='ltr'><strong>stupenda</strong></span> <span class='ocrx_word' id='word_1_855' title='bbox 2948 5228 3074 5273; x_wconf 88' lang='lat' dir='ltr'><strong>sunt</strong></span> <span class='ocrx_word' id='word_1_856' title='bbox 3102 5228 3157 5275; x_wconf 90' lang='lat' dir='ltr'><strong>et</strong></span> <span class='ocrx_word' id='word_1_857' title='bbox 3191 5216 3501 5273; x_wconf 88' lang='lat' dir='ltr'><strong>veneranda</strong></span> <span class='ocrx_word' id='word_1_858' title='bbox 3528 5234 3543 5281; x_wconf 90' lang='lat'><strong>;</strong></span> 
     </span>
    </p>
   </div>
   <div class='ocr_carea' id='block_1_99' title="bbox 1960 5304 3548 5377">
    <p class='ocr_par' dir='ltr' id='par_1_99' title="bbox 1960 5304 3548 5377">
     <span class='ocr_line' id='line_1_99' title="bbox 1960 5304 3548 5377; baseline -0.003 -11"><span class='ocrx_word' id='word_1_859' title='bbox 1960 5312 2053 5366; x_wconf 85' lang='lat' dir='ltr'><strong>sed</strong></span> <span class='ocrx_word' id='word_1_860' title='bbox 2092 5310 2233 5364; x_wconf 84' lang='lat' dir='ltr'><strong>istud</strong></span> <span class='ocrx_word' id='word_1_861' title='bbox 2270 5310 2345 5363; x_wconf 90' lang='lat' dir='ltr'><strong>tui</strong></span> <span class='ocrx_word' id='word_1_862' title='bbox 2388 5318 2787 5365; x_wconf 87' lang='lat' dir='ltr'><strong>sacramentum</strong></span> <span class='ocrx_word' id='word_1_863' title='bbox 2819 5306 3074 5377; x_wconf 65' lang='lat' dir='ltr'><strong>praecellit</strong></span> <span class='ocrx_word' id='word_1_864' title='bbox 3112 5307 3388 5362; x_wconf 81' lang='lat' dir='ltr'><strong>universa.</strong></span> <span class='ocrx_word' id='word_1_865' title='bbox 3436 5304 3548 5362; x_wconf 72' lang='lat' dir='ltr'><strong>llos</strong></span> 
     </span>
    </p>
   </div>
   <div class='ocr_carea' id='block_1_100' title="bbox 1960 5398 3547 5472">
    <p class='ocr_par' dir='ltr' id='par_1_100' title="bbox 1960 5398 3547 5472">
     <span class='ocr_line' id='line_1_100' title="bbox 1960 5398 3547 5472; baseline -0.004 -14"><span class='ocrx_word' id='word_1_866' title='bbox 1960 5402 2265 5472; x_wconf 55' lang='lat' dir='ltr'><strong>nempeJui</strong></span> <span class='ocrx_word' id='word_1_867' title='bbox 2307 5400 2594 5455; x_wconf 79' lang='lat' dir='ltr'><strong>individuze</strong></span> <span class='ocrx_word' id='word_1_868' title='bbox 2634 5398 2915 5455; x_wconf 87' lang='lat' dir='ltr'><strong>Trinitatis</strong></span> <span class='ocrx_word' id='word_1_869' title='bbox 2956 5399 3290 5471; x_wconf 82' lang='lat' dir='ltr'><strong>mysterium,</strong></span> <span class='ocrx_word' id='word_1_870' title='bbox 3326 5408 3381 5453; x_wconf 86' lang='lat' dir='ltr'><strong>et</strong></span> <span class='ocrx_word' id='word_1_871' title='bbox 3420 5398 3547 5454; x_wconf 86' lang='lat' dir='ltr'><strong>illud</strong></span> 
     </span>
    </p>
   </div>
   <div class='ocr_carea' id='block_1_101' title="bbox 1960 5490 3549 5561">
    <p class='ocr_par' dir='ltr' id='par_1_101' title="bbox 1960 5490 3549 5561">
     <span class='ocr_line' id='line_1_101' title="bbox 1960 5490 3549 5561; baseline -0.001 -15"><span class='ocrx_word' id='word_1_872' title='bbox 1960 5491 2197 5548; x_wconf 64' lang='lat' dir='ltr'><strong>celestis</strong></span> <span class='ocrx_word' id='word_1_873' title='bbox 2236 5505 2437 5546; x_wconf 79' lang='lat' dir='ltr'><strong>mensa:</strong></span> <span class='ocrx_word' id='word_1_874' title='bbox 2466 5498 2868 5546; x_wconf 88' lang='lat' dir='ltr'><strong>sacramentum</strong></span> <span class='ocrx_word' id='word_1_875' title='bbox 2891 5531 2907 5555; x_wconf 93' lang='lat'><strong>,</strong></span> <span class='ocrx_word' id='word_1_876' title='bbox 2962 5505 3084 5560; x_wconf 77' lang='lat' dir='ltr'><strong>quae</strong></span> <span class='ocrx_word' id='word_1_877' title='bbox 3116 5490 3299 5546; x_wconf 75' lang='lat' dir='ltr'><strong>fideles</strong></span> <span class='ocrx_word' id='word_1_878' title='bbox 3346 5500 3401 5546; x_wconf 91' lang='lat' dir='ltr'><strong>et</strong></span> <span class='ocrx_word' id='word_1_879' title='bbox 3430 5492 3549 5561; x_wconf 88' lang='lat' dir='ltr'><strong>pias</strong></span> 
     </span>
    </p>
   </div>
   <div class='ocr_carea' id='block_1_102' title="bbox 1963 5581 3550 5654">
    <p class='ocr_par' dir='ltr' id='par_1_102' title="bbox 1963 5581 3550 5654">
     <span class='ocr_line' id='line_1_102' title="bbox 1963 5581 3550 5654; baseline -0.002 -17"><span class='ocrx_word' id='word_1_880' title='bbox 1963 5583 2172 5637; x_wconf 83' lang='lat' dir='ltr'><strong>animas</strong></span> <span class='ocrx_word' id='word_1_881' title='bbox 2206 5583 2378 5653; x_wconf 76' lang='lat' dir='ltr'><strong>pascit</strong></span> <span class='ocrx_word' id='word_1_882' title='bbox 2401 5596 2583 5648; x_wconf 87' lang='lat' dir='ltr'><strong>carne,</strong></span> <span class='ocrx_word' id='word_1_883' title='bbox 2624 5590 2681 5637; x_wconf 88' lang='lat' dir='ltr'><strong>ct</strong></span> <span class='ocrx_word' id='word_1_884' title='bbox 2708 5590 2860 5654; x_wconf 88' lang='lat' dir='ltr'><strong>potat</strong></span> <span class='ocrx_word' id='word_1_885' title='bbox 2889 5581 3178 5652; x_wconf 85' lang='lat' dir='ltr'><strong>sanguine,</strong></span> <span class='ocrx_word' id='word_1_886' title='bbox 3217 5595 3284 5637; x_wconf 90' lang='lat' dir='ltr'><strong>ne</strong></span> <span class='ocrx_word' id='word_1_887' title='bbox 3308 5583 3550 5638; x_wconf 86' lang='lat' dir='ltr'><strong>esuriant</strong></span> 
     </span>
    </p>
   </div>
   <div class='ocr_carea' id='block_1_103' title="bbox 1964 5670 3548 5743">
    <p class='ocr_par' dir='ltr' id='par_1_103' title="bbox 1964 5670 3548 5743">
     <span class='ocr_line' id='line_1_103' title="bbox 1964 5670 3548 5743; baseline -0.001 -15"><span class='ocrx_word' id='word_1_888' title='bbox 1964 5687 2136 5743; x_wconf 86' lang='lat' dir='ltr'><strong>neque</strong></span> <span class='ocrx_word' id='word_1_889' title='bbox 2161 5674 2347 5727; x_wconf 84' lang='lat' dir='ltr'><strong>sitiant</strong></span> <span class='ocrx_word' id='word_1_890' title='bbox 2378 5674 2432 5726; x_wconf 90' lang='lat' dir='ltr'><strong>in</strong></span> <span class='ocrx_word' id='word_1_891' title='bbox 2454 5682 2747 5737; x_wconf 73' lang='lat' dir='ltr'><strong>:cternum,‘</strong></span> <span class='ocrx_word' id='word_1_892' title='bbox 2795 5670 2881 5727; x_wconf 79' lang='lat' dir='ltr'><strong>fac</strong></span> <span class='ocrx_word' id='word_1_893' title='bbox 2911 5687 3019 5737; x_wconf 85' lang='lat' dir='ltr'><strong>me,</strong></span> <span class='ocrx_word' id='word_1_894' title='bbox 3057 5670 3197 5726; x_wconf 86' lang='lat' dir='ltr'><strong>Deus</strong></span> <span class='ocrx_word' id='word_1_895' title='bbox 3218 5687 3389 5737; x_wconf 77' lang='lat' dir='ltr'><strong>meus,</strong></span> <span class='ocrx_word' id='word_1_896' title='bbox 3413 5686 3548 5741; x_wconf 80' lang='lat' dir='ltr'><strong>pura</strong></span> 
     </span>
    </p>
   </div>
   <div class='ocr_carea' id='block_1_104' title="bbox 1964 5761 3550 5836">
    <p class='ocr_par' dir='ltr' id='par_1_104' title="bbox 1964 5761 3550 5836">
     <span class='ocr_line' id='line_1_104' title="bbox 1964 5761 3550 5836; baseline -0.003 -16"><span class='ocrx_word' id='word_1_897' title='bbox 1964 5774 2017 5820; x_wconf 90' lang='lat' dir='ltr'><strong>et</strong></span> <span class='ocrx_word' id='word_1_898' title='bbox 2048 5764 2275 5836; x_wconf 85' lang='lat' dir='ltr'><strong>simplici</strong></span> <span class='ocrx_word' id='word_1_899' title='bbox 2300 5765 2628 5822; x_wconf 81' lang='lat' dir='ltr'><strong>conscientia</strong></span> <span class='ocrx_word' id='word_1_900' title='bbox 2659 5764 2924 5835; x_wconf 42' lang='lat' dir='ltr'><strong>praecipue</strong></span> <span class='ocrx_word' id='word_1_901' title='bbox 2957 5767 3093 5818; x_wconf 84' lang='lat' dir='ltr'><strong>inter</strong></span> <span class='ocrx_word' id='word_1_902' title='bbox 3133 5770 3325 5817; x_wconf 70' lang='lat' dir='ltr'><strong>cretcra</strong></span> <span class='ocrx_word' id='word_1_903' title='bbox 3348 5761 3550 5819; x_wconf 82' lang='lat' dir='ltr'><strong>sentire</strong></span> 
     </span>
    </p>
   </div>
  </div>
