4090 6516
586 389 724 444 1039
1400 376 1459 432 Β.
1499 377 1563 433 F.
1602 374 1831 434 ALBINI
1868 373 2003 432 SEU
2041 364 2317 430 ALCUINI
2353 370 2641 429 OPERUM
2678 366 2859 429 PARS
2896 364 3031 429 Vill.
3707 363 3863 423 i0“)

581 509 638 559 et
662 502 901 565 credere,
924 508 1137 555 sumere
1161 504 1215 550 et
1240 494 1493 548 retinere.
1520 488 1599 546 Ne
1627 491 1795 554 sinas,
1822 481 2026 559 quaso,
2060 488 2165 543 Do-
2191 494 2238 551 Α
2273 487 2369 543 tibi
2397 486 2507 542 Deo
2537 487 2680 542 Patri
2704 487 2877 559 possit
2900 484 3207 551 convenire,
3242 492 3299 539 ut
3336 492 3430 539 aut
3458 482 3593 538 Filio
3619 492 3734 548 tuo,
3765 488 3873 537 aut

584 597 750 660 utine,
786 562 945 649 fidem
969 593 1024 646 in
1063 590 1143 645 eis
1178 600 1351 641 meam
1393 584 1731 653 aliquatenus
1760 578 2034 643 vacillare,
2072 577 2169 632 sed
2270 579 2492 651 Spiritui
2521 587 2706 634 sancto
2736 577 3025 635 convenire
3053 585 3304 647 nequeat.
3336 576 3578 633 Dicimus
3605 585 3659 630 tc
3687 575 3871 630 Deum
3959 562 3975 577 ’

583 688 659 741 Ita
685 696 897 757 semper
930 685 995 738 de
1031 680 1135 737 illis
1156 694 1255 751 pro
1295 687 1386 732 tua
1420 668 1629 731 tribuas
1656 675 1859 745 pietate
1891 670 2024 726 mibi
2053 685 2167 757 cre-
2271 675 2486 730 Patrem
2510 671 2827 727 naturaliter
2849 686 2969 727 esse
2996 671 3163 726 Deum
3189 689 3203 735 ;
3233 670 3326 726 sed
3351 669 3675 725 naturaliter
3694 676 3785 722 est
3808 675 3875 721 et

2271 767 2440 823 Filius
2464 765 2625 830 Deus,
2658 764 2978 820 naturaliter
2996 769 3078 819 est
3102 772 3157 819 et
3187 763 3421 834 Spiritus
3446 769 3665 817 sanctus
3687 760 3869 813 Deus:

2272 874 2378 913 non
2408 866 2587 911 tamen
2616 865 2728 911 tres
2751 855 2857 920 Dii,
2895 856 2989 911 sed
3025 869 3163 910 unus
3204 854 3526 909 naturaliter
3550 852 3713 915 Deus,
3758 850 3876 905 Pa~

2272 957 2385 1013 ter,
2425 956 2478 1003 et
2509 946 2698 1011 Filius,
2734 955 2790 1000 et
2827 944 3061 1017 Spiritus
3108 954 3347 1000 sanctus.
3392 944 3599 999 Idcirco
3648 942 3880 1010 insepa-

2275 1038 2458 1094 rabilis
2487 1053 2547 1094 es
2577 1045 2763 1092 sancta
2788 1035 3027 1091 Trinitas
3055 1036 3199 1092 Deus
3232 1037 3286 1092 in
3317 1036 3567 1107 personis
3592 1049 3758 1089 sensu
3786 1033 3882 1087 in-

2275 1132 2578 1203 telligenda,
2633 1128 2880 1199 quamvis
2925 1131 2980 1184 in
3024 1142 3156 1184 voce
3197 1126 3515 1203 separabilia
3550 1126 3716 1182 habes
3765 1138 3879 1178 noa

2274 1223 2445 1287 mina,
2471 1221 2597 1292 quia
2624 1218 2889 1290 pluralem
2920 1232 3206 1274 numerum
3234 1199 3288 1273 in
3317 1199 3524 1272 datura:
3549 1215 3878 1271 nominibus

2277 1315 2580 1369 nullatenus
2601 1310 2817 1383 recipis.
2848 1309 2906 1366 ln
2940 1311 3045 1367 hoc
3078 1310 3225 1366 enim
3267 1308 3574 1365 ostenditur
3598 1319 3879 1380 personas

2276 1423 2384 1461 non
2414 1422 2575 1477 posse
2604 1405 2769 1461 dividi
2814 1404 2867 1459 in
2900 1411 3089 1459 saneta
3122 1401 3411 1467 Trinitate,
3443 1415 3565 1472 quae
3602 1415 3743 1455 unus
3777 1412 3885 1452 vc-

2279 1515 2371 1556 rus
2393 1498 2535 1555 Deus
2562 1510 2642 1565 es,
2676 1495 2803 1567 quia
2835 1494 3122 1567 cujuslibet
3150 1510 3395 1567 persona:
3432 1508 3626 1550 nomen
3652 1507 3885 1563 semper

2279 1596 2345 1652 ad
2381 1594 2607 1651 alteram
2646 1592 2869 1666 respicit
2911 1603 3219 1665 personam.
3259 1591 3317 1647 Si
3351 1590 3566 1646 Patrem
3598 1590 3740 1653 dico,
3781 1588 3887 1644 Fi-

2279 1690 2408 1745 lium
2430 1687 2689 1755 ostendo;
2727 1688 2774 1743 si
2796 1686 2988 1743 Filium
3012 1686 3247 1750 nomino,
3277 1684 3493 1741 Patrem
3517 1684 3793 1756 praedico;
3826 1682 3884 1737 si

582 774 714 830 dere
739 756 1144 842 acinielligerc,
1176 769 1318 822 sicut
1345 766 1548 821 veritas
1577 777 1764 819 eorum
1792 776 1851 817 se
1877 760 2057 816 habet.
2089 756 2175 813 ln-

585 873 694 920 tret
718 865 771 919 in
796 878 892 918 cor
914 875 1091 915 meum
1127 859 1301 931 gratia
1327 866 1435 921 tua,
1463 870 1582 925 qua:
1611 861 1767 910 sonet
1796 853 1917 908 sine
1937 867 2090 913 sono,
2118 860 2175 904 et

584 956 704 1011 sine
755 953 981 1023 strepitu
1014 949 1264 1020 loquatur
1317 955 1588 1001 tantorum
1623 956 1841 999 omnem
1888 942 2171 995 veritatem

585 1042 985 1114 mysteriorum.
1020 1039 1163 1095 Luce
1191 1045 1246 1091 et
1274 1035 1556 1090 dulcedine
1590 1034 1735 1088 intus
1765 1032 1984 1100 ubique,
2013 1039 2069 1083 et
2094 1028 2175 1083 fo—

583 1135 664 1191 ris
692 1128 929 1202 undique
974 1129 1261 1202 perfundat
1301 1130 1537 1199 animam
1583 1139 1759 1179 meam
1794 1122 1885 1177 illa
1916 1121 2174 1192 magistra

583 1227 845 1282 virtutum
887 1234 943 1279 et
985 1222 1145 1277 index
1182 1220 1423 1276 omnium
1462 1218 1790 1272 veritatum:
1829 1222 1885 1269 et
1916 1213 1995 1268 sic
2037 1212 2173 1265 irrao

585 1318 785 1375 diando
813 1324 869 1373 et
896 1315 1202 1386 superando
1235 1328 1377 1374 eam,
1428 1310 1482 1364 in
1531 1308 1651 1380 ipso
1697 1306 1942 1360 veritatis
1989 1313 2176 1360 centro

586 1409 827 1470 stabiliat
872 1415 1034 1480 atque
1064 1406 1368 1470 conilrmet,
1402 1412 1465 1458 ut
1510 1416 1613 1457 nec
1646 1400 1806 1455 velim
1835 1414 1933 1454 nec
1973 1399 2177 1469 possim

587 1503 656 1561 de
687 1501 851 1558 tantis
882 1499 1154 1572 mysteriis
1187 1495 1346 1551 aliter
1380 1494 1603 1559 sentire,
1647 1492 1753 1549 nisi
1797 1491 1939 1548 slent
1965 1497 2175 1562 oportet

588 1604 645 1649 et
670 1593 841 1649 decet.
898 1588 1091 1645 Mirum
1120 1596 1205 1643 est
1231 1586 1373 1657 quod
1419 1584 1592 1656 gestio
1622 1583 1819 1649 dicere,
1872 1582 1968 1637 sed
1997 1581 2178 1652 lingua

591 1697 697 1738 non
733 1681 967 1752 explicat
1008 1678 1150 1750 quod
1182 1693 1334 1732 mens
1360 1684 1528 1747 optat.
1566 1673 1918 1745 Omnipotens
1940 1673 2176 1739 bonitas,

590 1775 746 1847 “illis
780 1773 997 1845 Ρίθωιῖε
1028 1786 1187 1825 aures
1213 1769 1347 1839 ίβείδ
1378 1782 1677 1839 Pai‘Perum
1719 1775 1931 1820 “10mm
1968 1765 2179 1821 605W?
2281 1778 2543 1850 Spiritum
2566 1785 2810 1835 sanctum
2837 1775 3065 1847 appello,
3100 1772 3330 1847 alicujus
3352 1788 3473 1830 esse
3499 1773 3748 1845 spiritum
3781 1785 3889 1827 ne-

593 1868 691 1924 riis
723 1874 929 1937 patent,
968 1862 1203 1932 intellige
1230 1861 1521 1917 clamorem
1568 1859 1747 1915 cordis
1789 1858 1929 1914 servi
1974 1859 2080 1923 tui,
2127 1865 2183 1911 et
2215 1850 2258 1911 Β
2284 1890 2435 1931 cesse
2464 1885 2548 1931 est
2572 1873 2814 1946 intelligi,
2848 1871 2900 1928 ω
2933 1882 3036 1939 est,
3070 1871 3247 1927 patris
3268 1879 3323 1924 et
3344 1868 3486 1923 Fin.

594 1960 715 2015 fave
744 1958 883 2012 votis
917 1956 1070 2011 meis.
1114 1954 1335 2020 Praesta,
1366 1952 1609 2018 Domine,
1639 1961 1701 2007 ut
1723 1953 1840 2023 ipso
1862 1951 2059 2006 mentis
2091 1965 2184 2020 pa-

593 2053 704 2109 lato
746 2051 1000 2112 sentiam,
1046 2055 1256 2121 gustem
1285 2054 1343 2101 et
1385 2045 1589 2116 sapiam
1616 2045 1731 2100 lucc
1763 2043 2053 2099 ineil‘abilia
2095 2060 2185 2098 sa-

592 2152 891 2201 cramenta.
939 2141 1128 2212 Magna
1156 2139 1301 2194 enim
1343 2146 1472 2191 sunt
1501 2146 1556 2191 et
1585 2126 1723 2190 mira
1762 2135 1957 2191 valde:
2005 2142 2062 2187 et
2084 2149 2184 2204 ego

591 2235 848 2310 parvulus
889 2234 942 2290 in
974 2246 1161 2289 eorum
1194 2229 1629 2287 consideratione
1669 2228 1890 2293 deficio,
1934 2227 2184 2304 quotiens

598 2333 666 2389 ad
695 2330 947 2387 intuenda
997 2344 1059 2385 ea
1096 2326 1219 2382 ildci
1269 2324 1457 2381 oculos
1492 2320 1695 2378 attollo.
1752 2320 1857 2375 Sed
1904 2320 2031 2390 quia
2078 2333 2185 2373 uno

596 2423 757 2481 modo
802 2430 1029 2490 utraque
1080 2418 1234 2473 nobis
1286 2415 1594 2472 necessaria
1641 2420 1769 2468 sunt
1817 2412 1885 2467 ad
1934 2410 2182 2474 salutem,

593 2512 738 2570 Deus
771 2521 960 2567 auctor
986 2511 1248 2573 omnium,
1298 2506 1585 2562 invisibilis
1628 2506 1873 2570 Creator,
1910 2504 2000 2574 qui
2035 2519 2096 2559 es
2131 2502 2186 2557 in

597 2606 897 2663 substantia
924 2618 1134 2659 summa
1176 2611 1231 2657 et
1260 2614 1368 2657 una
1404 2598 1674 2661 divinitas,
1713 2605 1877 2667 atque
1910 2597 1965 2651 in
1999 2610 2187 2667 perso-

592 2701 679 2757 nis
704 2714 830 2756 vcra
857 2707 911 2755 et
932 2696 1172 2768 perfecta
1195 2693 1453 2759 Trinitas,
1486 2702 1539 2748 te
1561 2689 1729 2747 Deum
1756 2691 1972 2747 Patrem
1998 2705 2183 2757 exoro,

592 2806 661 2848 ex
685 2804 796 2861 quo
812 2783 1016 2851 omnia,
1047 2794 1103 2840 et
1134 2784 1327 2839 Filium
1364 2791 1534 2849 tuum,
1566 2796 1664 2852 per
1696 2795 1857 2851 quem
1882 2780 2085 2846 omnia,
2113 2781 2188 2836 si-

592 2876 811 2952 mulque
834 2872 1093 2951 Spiritum
1120 2884 1388 2937 sanctum,
1421 2873 1476 2928 in
1512 2888 1618 2943 quo
1648 2872 1851 2927 omnia.
1893 2872 1970 2927 Te
2003 2873 2186 2927 Domi-

593 2990 723 3030 num
750 2988 949 3035 meum,
991 2986 1152 3042 quem
1178 2984 1343 3024 unum
1371 2975 1426 3022 et
1452 2982 1638 3022 verum
1671 2966 1724 3021 in
1759 2964 2024 3020 Trinitate
2051 2980 2183 3020 con-

596 3065 756 3121 ﬁteor
785 3064 973 3127 Deum,
1020 3078 1127 3133 quo
1171 3061 1363 3125 creati,
1406 3058 1621 3115 liberati
1668 3067 1724 3113 et
1758 3056 2045 3112 illuminaii
2094 3072 2187 3112 su-

2352 1964 2492 2022 XIX.
2527 1964 2607 2021 Tu
2633 1980 2763 2022 vero
2798 1967 2980 2021 unitas
3013 1964 3245 2020 Deitatis
3273 1968 3625 2033 personarum
3658 1954 3891 2027 plurali-

2284 2068 2393 2114 tate
2437 2057 2736 2128 multiplex,
2783 2053 3190 2112 numerabiliter
3223 2069 3283 2109 es
3330 2048 3758 2113 innumerabilis,
3809 2062 3885 2103 ac

2285 2152 2487 2207 idcirco
2515 2150 2951 2205 mensurabiliter
2982 2143 3455 2209 immensurabiiis,
3474 2150 3532 2198 et
3554 2139 3889 2213 ponderabi-

2287 2244 2409 2300 liter
2427 2242 2883 2315 imponderabilis.
2904 2238 3019 2296 Non
3042 2239 3186 2294 enim
3204 2251 3433 2294 summa:
3452 2232 3732 2297 bonitatis,
3755 2245 3887 2301 qua!

2285 2347 2342 2393 tu
2370 2337 2483 2408 ipse.
2503 2353 2586 2401 es,
2614 2332 2933 2407 proﬁtemur
2965 2333 3250 2404 originem,
3295 2346 3362 2387 ex
3396 2343 3503 2399 qua
3531 2326 3736 2391 omnia,
3776 2338 3885 2393 per

2283 2445 2448 2502 quam
2472 2427 2674 2493 omnia,
2716 2427 2771 2481 in
2795 2440 2901 2496 qua
2935 2425 3141 2489 omnia,
3180 2422 3413 2496 sedejus
3453 2418 3885 2492 participatione

2284 2519 2514 2575 dicimus
2541 2517 2681 2574 bona
2703 2516 2905 2572 omnia.
2931 2513 3067 2569 Nam
3095 2521 3185 2569 tua
3210 2512 3386 2568 divina
3413 2508 3711 2566 substantia
3736 2521 3889 2561 sem-

2284 2624 2382 2683 per
2406 2609 2583 2666 caruit
2621 2623 2686 2664 ac
2711 2615 2862 2664 caret
2886 2606 3135 2672 materia,
3166 2604 3294 2659 licet
3327 2618 3434 2658 non
3464 2608 3647 2657 careat
3673 2598 3880 2664 forma,

2283 2719 2447 2776 quam
2491 2703 2620 2760 dum
2653 2701 2920 2773 imprimis
2949 2699 3105 2771 quasi
3147 2696 3379 2770 sigillum
3423 2694 3588 2750 rebus
3627 2690 3885 2763 singulis,

2282 2813 2379 2855 eas
2414 2797 2531 2853 sine
2573 2796 2651 2850 tui
2692 2793 2968 2868 augmenti
3015 2800 3110 2847 aut
3155 2787 3463 2846 detrimenti
3514 2785 3886 2840 mutabilitate

2282 2888 2471 2962 procul
2505 2887 2669 2943 dubio
2690 2901 2723 2941 a
2770 2893 2822 2939 te
2857 2883 2991 2939 facis
3016 2880 3239 2938 diderri.
3278 2875 3546 2948 Quidquid
3588 2876 3642 2931 in
3674 2884 3881 2930 natura

2283 2991 2654 3040 creaturarum
2687 2984 2792 3042 est,
2828 2985 3079 3032 creatura
3122 2983 3219 3029 tua
3258 2979 3375 3038 est,
3406 2986 3441 3026 o
3472 2967 3613 3025 trina
3657 2967 3883 3032 Unitas,

2282 3082 2338 3131 et
2359 3089 2464 3130 una
2491 3070 2731 3127 Trinitas
2763 3068 2931 3132 Deus,
2976 3066 3133 3137 cujus
3152 3060 3542 3132 omnipotentis
3573 3059 3754 3113 omnia
3781 3072 3887 3127 gu-

596 3175 737 3223 mus.
764 3158 986 3229 supplex
1034 3172 1181 3226 meo.
1235 3161 1506 3209 tantorum
1553 3153 1741 3208 avidus
1780 3154 2181 3223 mysteriorum,
2206 3206 2254 3233 η
2283 3164 2494 3228 bernat,
2536 3159 2677 3233 regit
2697 3166 2751 3214 et
2774 3157 2959 3226 implet
2985 3169 3106 3226 quae
3128 3152 3350 3209 creavit.
3390 3148 3504 3205 Nec
3529 3148 3650 3204 ideo
3674 3155 3726 3200 te
3762 3161 3887 3201 om-

597 3252 738 3307 lacta
785 3258 891 3313 me,
935 3248 1078 3302 nutri
1121 3261 1227 3309 me,
1260 3253 1317 3300 et
1357 3244 1410 3299 in
1456 3257 1767 3299 mensuram
1798 3244 1975 3297 atatis
2013 3255 2186 3311 usque

598 3340 823 3413 perfecti
858 3338 959 3392 viri
989 3350 1165 3392 meam
1198 3334 1429 3390 extende
1458 3331 1829 3404 exiguitatem,
1871 3340 1931 3385 ut
1959 3330 2189 3387 solidum

595 3435 743 3491 hunc
776 3441 831 3487 et
856 3430 1217 3502 perfecton
1260 3427 1441 3483 cibum
1473 3439 1667 3495 capere
1708 3424 1936 3477 valeam.
1984 3422 2187 3492 Imper-

597 3524 789 3595 fectum
829 3523 970 3576 enim
994 3533 1163 3573 meum
1191 3516 1364 3571 vident
1399 3514 1537 3569 oculi
1565 3513 1666 3568 mei
1712 3510 1887 3583 (Psal.
1924 3526 2185 3577 cxxxvm,

602 3612 716 3685 is).

668 3725 851 3786 XVIII.
889 3726 1057 3781 Dator
1099 3721 1339 3780 omnium
1378 3720 1642 3776 bonorum
1675 3716 1819 3774 Deus
1860 3714 2053 3781 Pater,
2100 3715 2184 3770 cui

600 3834 874 3893 nunquam
911 3818 1030 3874 sine
1071 3830 1169 3887 spe
1215 3810 1597 3869 misericordiae
1652 3808 2017 3881 supplicatur,
2064 3824 2186 3864 cum

596 3909 737 3969 Filio
764 3919 877 3976 tuo,
905 3919 962 3965 et
1003 3906 1211 3980 Spiritu
1231 3911 1442 3969 sancto,
1477 3902 1543 3957 da
1569 3900 1717 3971 quod
1767 3898 2034 3955 desiderat
2075 3906 2129 3953 et
2155 3912 2183 3951 a

600 4013 653 4060 te
678 4004 915 4076 postulat
950 4000 1128 4055 anima
1161 4012 1300 4053 mea.
1354 3994 1598 4064 Quorum
1626 3992 1768 4047 enim
1804 4007 1915 4045 una
1945 3998 2031 4046 est
2060 3989 2187 4043 sub—

597 4095 822 4159 stantia,
859 4105 1025 4148 unum
1069 4097 1155 4145 est
1185 4096 1239 4143 et
1268 4087 1451 4142 datum
1472 4127 1486 4151 ,
1524 4092 1580 4138 et
1620 4083 1755 4139 adeo
1785 4096 1890 4137 una
1920 4079 2183 4152 Operatio,

597 4195 767 4242 unum
804 4185 1025 4247 donum,
1075 4192 1290 4251 unaque
1316 4184 1587 4248 potestas,
1629 4180 1691 4228 ut
1719 4174 1773 4228 in
1817 4173 1934 4243 ipsa
1973 4186 2186 4242 quoque

600 4290 953 4350 personarum
988 4271 1318 4345 proprietate
1354 4269 1513 4341 juxta
1554 4264 1954 4337 profundiorem
1982 4264 2190 4320 intelle—

599 4379 748 4426 etum
775 4368 1023 4440 quaedam
1060 4365 1242 4420 unitas
1290 4361 1575 4418 sentiatur.
1619 4355 1994 4429 lnseparabilis
2027 4356 2187 4411 nimi-

601 4476 724 4519 rum
745 4469 951 4519 natura:
974 4466 1080 4513 tuae
1098 4456 1282 4511 unitas
1300 4469 1407 4509 non
1431 4458 1611 4524 potest
1636 4448 1966 4522 separabiles
1986 4447 2187 4505 habere

600 4567 885 4626 personas,
914 4549 1042 4621 quia
1073 4546 1216 4603 sicut
1245 4544 1484 4601 Trinitas
1504 4559 1565 4600 es
1599 4544 1651 4599 in
1675 4545 1902 4609 unitate,
1929 4550 1985 4598 et
2008 4542 2188 4597 unitas

601 4645 659 4699 in
680 4641 966 4705 Trinitate,
997 4638 1079 4696 sic
1104 4637 1497 4709 separationem
1519 4649 1628 4690 non
1657 4641 1810 4704 potes
1842 4634 2045 4688 habere
2065 4645 2188 4704 per-

602 4747 877 4790 sonarum.
941 4728 1299 4786 Nominantur
1356 4726 1573 4797 quidem
1633 4726 1737 4782 ille
1784 4740 2029 4797 personae
2083 4725 2184 4779 ali-

600 4822 822 4897 quando
860 4821 1122 4891 singulze;
1173 4818 1268 4876 sed
1300 4819 1372 4873 ita
1402 4818 1619 4874 voluisti
1643 4826 1715 4883 te,
1758 4817 1996 4873 Trinitas
2022 4815 2182 4879 Deus,

603 4911 1017 4983 inseparabilem
1057 4910 1343 4965 ostendere
1382 4909 1435 4963 in
1469 4908 1737 4978 personis,
1775 4915 1835 4962 ut
1866 4907 2070 4962 nullum
2110 4906 2183 4961 ibi

601 5018 799 5060 nomen
823 5003 895 5059 sit
931 5003 985 5057 in
1012 5001 1252 5071 qualibet
1278 5015 1505 5071 persona
1532 5041 1546 5062 ,
1593 4999 1738 5069 quod
1774 4998 1842 5054 ad
1882 4998 2041 5053 aliam
2063 5013 2187 5068 per-

603 5106 793 5148 sonam
827 5091 1121 5147 secundum
1165 5089 1443 5145 relationis
1476 5087 1714 5159 regulam
1761 5104 1869 5143 non
1898 5086 2185 5154 referatur,

603 5183 747 5240 sicut
772 5180 933 5237 Pater
956 5181 1024 5236 ad
1053 5180 1266 5245 Filium,
1303 5188 1359 5235 et
1383 5178 1551 5234 Filius
1572 5178 1640 5233 ad
1663 5178 1897 5245 Patrem,
1944 5178 2029 5232 vel
2066 5178 2188 5248 Spi-

603 5273 743 5331 ritus
775 5280 995 5328 sauctus
1028 5271 1095 5326 ad
1129 5270 1347 5326 Patrem
1380 5277 1437 5325 et
1481 5266 1676 5325 Filium
1712 5271 1992 5326 verissime
2024 5270 2191 5325 refer-

606 5371 713 5419 tur.
763 5361 841 5417 Ea
867 5376 993 5418 vero
1034 5361 1275 5427 nomina,
1327 5376 1448 5431 qua:
1477 5360 1835 5417 substantiam
1878 5360 1960 5416 vel
2003 5369 2192 5431 poten-

607 5452 763 5517 tiam,
807 5449 892 5506 vel
926 5451 1215 5506 essentiam
1251 5458 1396 5505 tuam
1436 5450 1763 5521 signiﬁcant,
1816 5450 1898 5506 vel
1932 5452 2190 5522 quidquid

603 5541 822 5613 proprie
864 5540 1063 5597 dicitur
1103 5540 1283 5607 Deus,
1337 5541 1586 5599 omnibus
1629 5543 1877 5613 personis
1910 5543 2192 5612 mqualiter

605 5632 967 5698 conveniunt;
1011 5638 1073 5687 ut
1098 5632 1242 5687 Deus
1269 5647 1515 5704 magnus,
1550 5627 1744 5699 bonus,
1775 5642 2028 5698 :eternus,
2077 5650 2191 5688 om-

606 5725 874 5798 nipotens,
914 5733 969 5781 et
999 5724 1179 5780 omnia
1202 5739 1323 5797 quae
1348 5726 1667 5782 naturaliter
1689 5727 1755 5782 de
1795 5734 1847 5782 te
1872 5725 1984 5781 Deo
2003 5726 2193 5782 dicun-

606 5826 711 5873 tur.
747 5815 863 5874 Non
887 5827 970 5874 est
999 5816 1163 5889 igitur
1197 5814 1411 5888 aliquod
1447 5829 1653 5875 natura:
1681 5833 1899 5887 nomen,
1938 5819 2083 5889 quod
2114 5820 2193 5876 sic

2206 3214 2255 3271 υ

2291 3255 2377 3310 nia
2408 3253 2629 3324 implere
2650 3250 2901 3314 dicimus,
2935 3255 2995 3302 ut
3032 3257 3083 3301 te
3119 3254 3170 3300 te
3195 3243 3525 3304 contineant.
3565 3240 3659 3297 sed
3682 3246 3739 3294 ut
3762 3239 3885 3310 ipsa

2288 3346 2467 3416 potius
2512 3359 2543 3398 a
2589 3352 2640 3398 te
2667 3341 3065 3397 contineantur.
3123 3335 3236 3391 Nec
3277 3331 3639 3406 particulatim
3685 3328 3887 3401 imples

2287 3434 2468 3490 omnia
2494 3452 2506 3487 :
2536 3448 2634 3489 nec
2663 3432 2931 3487 ullatenus
2966 3431 3037 3483 ita
3069 3427 3365 3499 putandum
3389 3432 3492 3490 est,
3528 3434 3587 3478 ut
3616 3434 3877 3492 unaquae-

2286 3540 2391 3597 que
2419 3539 2505 3579 res
2528 3539 2625 3593 pro
2659 3519 3028 3593 magnitudine
3057 3514 3321 3589 portionis
3347 3530 3459 3570 suae
3480 3512 3656 3584 capiat
3692 3522 3745 3567 te
3773 3528 3788 3577 ;
3825 3511 3884 3566 iJ

2285 3625 2391 3682 est,
2427 3613 2663 3669 maxima
2694 3611 2897 3681 majus,
2948 3619 3003 3664 et
3027 3608 3250 3663 minima
3280 3606 3496 3671 minus;
3530 3605 3653 3659 dum
3677 3603 3754 3657 sis
3785 3619 3884 3673 po-

2288 3709 2395 3762 tius
2422 3707 2532 3777 ipse
2572 3706 2623 3760 in
2653 3703 2921 3767 omnibus,
2960 3703 3073 3757 sive
3098 3702 3280 3756 omnis
3325 3701 3377 3755 in
3412 3708 3486 3754 te.
3521 3697 3686 3767 Cujus
3705 3699 3886 3753 omni-

2287 3795 2528 3868 potentia
2564 3796 2745 3852 omnia
2789 3793 3082 3856 concludit,
3134 3807 3237 3847 nec
3278 3790 3538 3846 evadendi
3585 3790 3883 3859 potentiam

2290 3898 2433 3942 tuam
2466 3887 2586 3957 quis
2615 3886 2819 3941 aditum
2844 3883 3087 3939 invenire
3119 3882 3336 3953 poterit.
3385 3880 3489 3949 Qui
3520 3881 3663 3935 enim
3693 3888 3744 3933 te
3771 3897 3881 3935 non

2287 3978 2449 4033 habet
2469 3978 2758 4047 placatum,
2788 3988 3128 4043 nequaquam
3156 3972 3351 4029 evadet
3385 3973 3599 4026 iratum.
3647 3969 3885 4024 immen—

2286 4071 2419 4125 sitas
2446 4070 2641 4140 quippe
2664 4067 2856 4123 divinm
2882 4064 3267 4137 magnitudinis
3302 4070 3405 4119 tute
3432 4063 3535 4117 ista
3576 4070 3679 4127 est,
3712 4070 3771 4117 ut
3799 4062 3881 4116 in-

2288 4160 2593 4231 telligamus
2618 4168 2672 4215 te
2698 4159 2838 4213 intra
2865 4158 3068 4221 omnia,
3102 4157 3199 4212 sed
3232 4170 3338 4212 non
3376 4155 3683 4221 inclusum;
3724 4165 3882 4211 extra

2286 4254 2489 4319 omnia,
2525 4251 2619 4309 sed
2661 4264 2769 4307 non
2804 4250 3104 4305 exclusum.
3156 4249 3225 4304 Et
3269 4249 3391 4304 ideo
3431 4247 3658 4304 interior
3693 4263 3772 4313 es,
3817 4258 3881 4303 ut

2287 4343 2468 4399 omnia
2501 4341 2818 4407 contineas;
2860 4338 2981 4394 ideo
3015 4338 3253 4394 exterior
3282 4354 3363 4404 es,
3390 4344 3451 4393 ut
3484 4337 3883 4394 incircumscri.

2286 4440 2393 4503 ptas
2418 4430 2800 4502 magnitudinis
2820 4439 2927 4483 ture
2952 4428 3318 4484 immensitate
3346 4424 3529 4483 omnia
3566 4426 3879 4483 concludas.

2290 4520 2394 4577 Per
2418 4522 2472 4577 id
2495 4533 2624 4591 ergo
2648 4518 2793 4591 quod
2836 4518 3078 4573 exterior
3110 4533 3193 4583 es,
3229 4516 3534 4573 ostenderis
3563 4531 3685 4572 esse
3718 4516 3885 4574 CM-

2217 4596 2261 4655 ο
2289 4620 2391 4667 tor.
2445 4611 2549 4666 Per
2580 4611 2635 4666 id
2676 4625 2806 4665 vero
2849 4610 2993 4679 quod
3039 4608 3266 4664 interior
3295 4623 3391 4675 es,
3449 4608 3633 4664 omnia
3680 4610 3877 4681 guber-

2290 4719 2421 4761 nare
2444 4714 2501 4759 et
2533 4717 2722 4775 regere
2749 4702 3159 4758 demonstraris.
3206 4699 3289 4757 Ac
3332 4716 3400 4757 ne
3438 4715 3503 4756 ea
3529 4716 3651 4771 quae
3693 4711 3876 4757 creata

2290 4805 2417 4854 sunt
2450 4797 2567 4853 sine
2611 4806 2662 4851 te
2690 4804 2893 4861 essent,
2942 4806 2997 4850 tu
3036 4796 3175 4850 intra
3210 4794 3391 4849 omnia
3432 4808 3512 4850 es.
3563 4793 3762 4851 Verum
3806 4810 3877 4852 ne

2288 4900 2445 4946 extra
2467 4898 2519 4944 te
2549 4898 2750 4951 essent.
2787 4900 2844 4943 tu
2879 4890 3121 4944 exterior
3143 4904 3237 4953 es;
3271 4896 3331 4943 ut
3352 4887 3534 4942 omnia
3559 4886 3878 4943 concludan-

2290 4990 2381 5036 tur
2408 4995 2438 5033 a
2484 4987 2555 5045 te,
2600 4996 2706 5034 non
2739 4978 2892 5036 locali
2922 4979 3310 5049 magnitudine,
3343 4978 3440 5034 sed
3472 4978 3754 5048 potentiali
3780 4994 3877 5049 po-

2288 5070 2477 5134 tentia,
2518 5068 2644 5141 quia
2690 5069 2886 5139 ubiqne
2929 5084 2990 5123 es
3019 5083 3276 5139 praesens,
3313 5075 3369 5123 et
3391 5068 3571 5123 omnia
3618 5068 3716 5123 tibi
3742 5084 3877 5140 prte-

2289 5162 2494 5224 sentia;
2525 5159 2771 5230 quamvis
2794 5161 3011 5229 quidam
3036 5160 3137 5213 hoc
3160 5158 3480 5229 intelligant,
3506 5158 3726 5229 quidam
3746 5172 3875 5217 vero

2292 5268 2399 5309 non
2426 5251 2727 5322 intelligant

2360 5360 2519 5433 391
2550 5360 2667 5416 XX.
2712 5360 2834 5416 llam:
2870 5369 2926 5415 et
2962 5360 3067 5415 alia
3114 5360 3282 5415 multa
3336 5360 3518 5417 docuit
3569 5376 3656 5417 me
3704 5373 3874 5421 mater

2295 5455 2559 5519 Ecclesia,
2602 5464 2777 5509 mater
2822 5461 3035 5519 sancta,
3083 5452 3409 5508 universalis
3456 5461 3514 5509 et
3553 5453 3868 5523 orthodoxa,

2296 5547 2450 5619 cujus
2498 5562 2586 5602 me
2654 5545 2772 5601 ﬁeri
2839 5545 3144 5600 membrum
3202 5544 3421 5617 voluisti
3488 5558 3589 5615 per
3646 5547 3866 5616 gratiam

2296 5647 2467 5705 tuam,
2515 5647 2569 5695 et
2609 5640 2675 5697 de
2716 5636 2871 5708 cujus
2916 5633 3124 5694 cmlesti
3153 5635 3419 5695 doctrina
3448 5651 3535 5694 me
3562 5636 3639 5693 ita
3668 5648 3872 5696 certum

2296 5739 2459 5801 atque
2501 5745 2755 5787 securum
2791 5729 2846 5785 in
2871 5728 3125 5785 omnibus
3152 5744 3253 5801 pro
3289 5737 3380 5785 tua
3411 5728 3638 5785 reddere
3678 5730 3871 5800 pietate

2296 5822 2547 5893 dignatus
2572 5836 2650 5887 es,
2681 5820 2928 5887 Domine,
2957 5832 3057 5891 per
3079 5820 3352 5878 assiduam
3378 5824 3484 5877 tute
3509 5819 3869 5889 inSpiratiouis
