4090 6560
225 458 357 516 ιοιι

929 461 1077 515 OPP.
1119 459 1347 516 DUBIA.
1388 491 1456 499 —
1495 457 1721 513 ALBINI
1760 456 2139 512 COAFESSIO
2176 457 2374 511 FIDE].
2416 487 2487 497 —
2524 457 2702 514 PARS
2738 458 2780 513 I.

3348 457 3486 515 1042

221 572 696 639 illuminationem,
738 589 800 627 ac
830 574 873 629 si
907 575 1092 637 multa,
1140 589 1260 642 qua:
1295 573 1476 629 clausa
1518 570 1791 643 mysteriis
1824 571 1867 628 Α
1896 568 2015 622 dcm
2043 583 2304 637 personze,
2346 569 2439 623 sed
2478 588 2584 625 una
2624 570 2959 631 substantia;
2999 570 3137 625 sicut
3164 569 3321 641 ignis,
3356 586 3485 626 ean-

220 664 408 728 latent,
431 679 538 718 non
575 679 673 734 per
698 665 991 735 speculum,
1022 666 1114 720 sed
1142 664 1277 718 fae'e
1310 666 1375 717 ad
1402 663 1593 717 faciem
1626 663 1799 716 intue-

216 770 328 811 rer.
359 754 554 811 Docuit
582 756 762 827 igitur,
796 764 847 810 te
874 757 1044 811 solum
1072 757 1275 820 vivum,
1306 763 1361 811 ct
1389 771 1576 809 verum
1608 753 1794 816 Deum,

216 861 325 901 non
350 861 473 902 esse
493 862 836 916 corporeum,
864 847 947 901 vel
969 846 1299 916 passibilem,
1330 854 1422 899 aut
1442 841 1794 913 palpabilcm:

212 940 417 995 nullam
454 941 529 996 tui
556 948 764 1009 partem
810 940 1089 1009 corporeis
1136 939 1307 994 oculis
1351 951 1511 1007 posse
1562 934 1793 989 sentiri:

216 1029 356 1086 nihil
384 1032 453 1086 de
490 1029 791 1085 substantia
818 1037 908 1084 tua
934 1038 1095 1099 atque
1119 1036 1310 1082 natura
1347 1027 1453 1080 ullo
1488 1024 1648 1078 modo
1675 1038 1796 1079 esse

213 1118 489 1186 violabile,
529 1126 622 1172 aut
649 1117 1091 1187 composititium,
1123 1126 1215 1171 aut
1245 1116 1447 1171 fictum.
1489 1112 1633 1167 Nihil
1664 1114 1717 1167 in
1742 1120 1793 1167 te
1822 1128 1823 1131 ‘

210 1209 391 1280 majus
430 1216 522 1263 aut
567 1207 792 1263 inferius
825 1208 1144 1273 habentem;
1182 1207 1274 1262 sed
1302 1221 1398 1276 per
1425 1220 1639 1259 omnem
1678 1219 1793 1258 mo-

209 1298 342 1353 dum
372 1313 441 1353 ex
464 1297 608 1353 omni
634 1306 788 1368 parte
813 1298 928 1353 sine
951 1296 1293 1351 deformitate
1320 1295 1639 1367 perfectum,
1676 1296 1792 1349 sine

207 1389 519 1460 quantitate
566 1403 843 1460 magnum,
899 1388 1013 1441 sine
1061 1388 1319 1458 qualitate
1374 1388 1611 1452 bonum,
1674 1386 1791 1442 sine

209 1490 455 1553 tempore
509 1482 919 1552 sempiternum,
964 1482 1084 1537 sine
1133 1490 1307 1537 morte
1342 1482 1532 1546 vitam,
1562 1482 1679 1536 sine
1709 1481 1789 1534 in-

206 1570 469 1633 ﬁrmitate
495 1571 716 1637 fortem,
742 1573 861 1628 sine
887 1572 1171 1628 mendacio
1199 1572 1503 1636 veritatem,
1535 1572 1651 1626 sine
1670 1570 1789 1625 loco

205 1664 413 1736 ubique
441 1672 636 1731 totum,
669 1666 787 1721 sine
817 1666 922 1720 situ
952 1666 1152 1735 ubique
1186 1674 1525 1736 prmsentem,
1554 1665 1671 1719 sine
1695 1679 1788 1718 ex-

203 1757 457 1814 tensione
477 1759 659 1815 omnia
685 1758 1019 1828 implentem,
1049 1759 1167 1814 sine
1195 1758 1563 1813 contractione
1588 1757 1788 1827 ubique

200 1854 617 1913 occurrentem,
672 1849 793 1903 sine
847 1857 996 1902 motu
1047 1849 1232 1902 omnia
1282 1849 1784 1911 transcendentem,

1898 660 2016 723 dor,
2050 658 2220 723 calor,
2258 657 2359 713 tria
2396 663 2632 727 nomina,
2677 663 2771 716 sed
2814 678 2902 717 res
2944 679 3046 716 una
3077 681 3088 714 ε
3120 663 3256 717 sicut
3282 680 3488 718 memo—

1897 749 1998 814 ria,
2042 748 2375 814 intellectus,
2413 751 2681 817 voluntas,
2718 768 2838 822 quae
2866 754 3239 822 scparahiliter
3264 754 3486 808 demon—

1899 848 2165 905 strantur,
2220 850 2276 895 et
2330 843 2759 913 inseparabiliter
2816 854 3125 917 operantur.
3177 844 3237 898 Si
3282 845 3386 899 hoc
3431 846 3484 901 in

1894 928 2162 982 creaturis
2208 929 2504 995 invenitur,
2541 933 2669 1001 quid
2697 934 2763 987 de
2789 943 2840 988 te
2883 933 3143 990 Creatore.
3178 934 3481 1005 intelligen-

1893 1018 2019 1073 dum
2040 1020 2160 1075 est?
2210 1019 2411 1075 Natura
2477 1024 2676 1094 quippe
2729 1039 2956 1079 summa:
3023 1026 3320 1080 divinitatis
3376 1034 3482 1080 tua:

1893 1110 2183 1167 immobilis
2245 1122 2330 1167 est
2380 1115 2527 1168 omni
2586 1116 2747 1170 modo
2806 1123 2861 1169 et
2923 1115 3293 1169 immutabilis.
3350 1114 3483 1170 Per-

1892 1216 2040 1256 sonae
2077 1216 2210 1256 vero
2250 1202 2476 1257 mobiles
2504 1211 2630 1258 sunt
2661 1203 2957 1259 secundum
2996 1204 3331 1269 relationem,
3374 1219 3481 1258 non

1881 1287 2037 1356 juxta
2064 1292 2483 1360 proprietatem;
2512 1300 2567 1346 et
2597 1293 2716 1347 ideo
2745 1294 2797 1347 in
2837 1294 3097 1348 relatione
3125 1309 3479 1354 personarum

1890 1380 2151 1447 Trinitas,
2183 1382 2237 1435 in
2269 1391 2474 1438 natura:
2515 1400 2645 1439 vero
2692 1385 2996 1438 substantia
3043 1386 3243 1439 unitas.
3291 1384 3482 1440 Unitas

1889 1471 2153 1542 siquidem
2188 1482 2410 1544 propter
2441 1475 2862 1545 inseparabilem
2904 1474 3132 1529 Deitatis
3163 1474 3477 1540 essentiam,

1889 1566 2128 1624 Trinitas
2164 1577 2343 1625 autem
2380 1578 2600 1641 propter
2628 1571 2995 1625 diversitatem
3028 1570 3326 1626 nominum.
3362 1569 3479 1625 Non

1888 1660 2031 1713 enim
2058 1662 2272 1716 nomina
2298 1672 2527 1728 tantum,
2559 1662 2651 1717 sed
2679 1664 2842 1718 etiam
2865 1665 3141 1719 nominum
3171 1667 3477 1735 proprieta-

1889 1759 1988 1814 tes,
2016 1751 2118 1806 hoc
2166 1759 2285 1820 est,
2336 1767 2598 1821 personas
2643 1754 2759 1818 vel,
2807 1763 2867 1808 ut
2907 1753 3080 1810 Grmci
3124 1755 3466 1825 exprimunt,

1886 1844 2216 1908 ὑποστάσεις,
2244 1842 2297 1897 id
2327 1853 2431 1910 est,
2465 1845 2840 1901 subsistentias
2870 1845 3211 1912 confitemur,
3243 1847 3360 1901 hmc
3387 1854 3475 1900 ta-

199 1939 326 1996 sine
350 1946 492 1994 statu
529 1938 673 1994 intra
712 1939 893 1994 omnia
940 1948 1267 2004 manentem,
1320 1938 1438 1993 sine
1492 1938 1787 2007 indigentia
1825 1922 1867 1979 Β
1892 1948 2015 1987 men
2042 1933 2272 1989 dicimus
2308 1935 2374 1989 de
2416 1944 2491 2001 te,
2526 1935 2669 1991 Deus
2710 1945 2912 2001 noster,
2962 1944 3022 1991 ut
3063 1944 3242 2008 potest
3280 1937 3477 1992 intelli-

204 2029 394 2086 omnia
421 2037 721 2093 creantem,
761 2030 877 2084 sine
907 2027 1088 2084 labore
1123 2030 1304 2084 omnia
1336 2035 1636 2099 regentem,
1675 2027 1794 2083 sine

201 2121 286 2175 tui
333 2120 489 2176 initio
532 2120 787 2176 omnibus
832 2119 1045 2174 initium
1089 2120 1329 2184 dantem,
1364 2120 1481 2176 sine
1508 2120 1585 2174 tui
1617 2127 1792 2174 mnta-

198 2212 352 2267 tione
388 2210 567 2266 omnia
613 2208 890 2265 mutabilia
930 2207 1240 2275 facientem,
1285 2217 1448 2279 atque
1495 2223 1711 2280 semper
1737 2216 1793 2262 et

198 2300 402 2369 ubique
424 2300 545 2355 sine
566 2297 672 2354 ﬁne
698 2307 1032 2369 regnantem.

277 2390 417 2445 XXI.
458 2390 685 2446 Domine
732 2390 874 2445 Deus
918 2403 1040 2450 unc.
1087 2388 1230 2445 Deus
1274 2388 1536 2455 Trinitas,
1567 2404 1688 2459 qua:
1716 2390 1792 2444 in-

198 2481 768 2552 comprehensibiliter
812 2480 974 2536 rebus
1013 2480 1263 2535 omnibus
1304 2481 1613 2547 antecellis,
1657 2481 1791 2537 adeo

201 2586 269 2627 es
294 2569 610 2637 ineﬂ‘abilis,
638 2570 874 2634 inﬁnita,
896 2578 951 2624 et
976 2570 1554 2640 incomprehensibilis,
1581 2580 1641 2626 ut
1664 2585 1790 2642 par.

203 2663 492 2719 vissimum
536 2664 609 2718 sit
649 2662 802 2718 valde
846 2677 1026 2727 omne,
1073 2662 1217 2731 quod
1258 2663 1325 2717 de
1369 2672 1421 2716 te
1453 2662 1559 2717 dici
1587 2670 1787 2733 potest.

197 2754 370 2810 Multa
397 2755 543 2810 enim
571 2754 824 2819 dicimus,
866 2753 962 2809 sed
1008 2754 1163 2823 plene
1208 2753 1282 2819 id,
1327 2753 1471 2824 quod
1495 2768 1577 2818 es,
1607 2752 1789 2808 dicere

197 2863 314 2903 non
357 2861 676 2918 possumus,
721 2853 777 2902 et
813 2847 938 2917 quia
980 2847 1355 2902 universorum
1397 2846 1788 2901 consummatio

196 2952 519 2994 sermonum
567 2937 683 3008 ipse
727 2952 805 2993 es.
851 2936 985 2990 Cum
1013 2951 1143 3007 ergo
1184 2936 1590 3006 pervenerimus
1616 2935 1683 2989 ad
1712 2942 1784 3000 te,

196 3028 494 3084 cessabunt
533 3027 721 3099 procul
763 3027 928 3082 dubio
970 3026 1137 3081 multa
1178 3027 1281 3081 ista
1310 3040 1430 3095 qua:
1453 3026 1700 3091 dicimus,
1731 3034 1788 3080 et

195 3120 450 3177 manebis
483 3135 628 3175 unus
662 3120 841 3174 omnia
872 3120 927 3173 in
952 3118 1219 3184 omnibus,
1258 3126 1314 3172 et
1351 3118 1469 3173 sine
1500 3117 1607 3173 fine
1633 3117 1788 3172 dice-

1892 2023 2072 2094 gentia
2110 2024 2343 2079 humana
2394 2040 2607 2096 capere.
2656 2026 2922 2081 Caeterum
2963 2026 3085 2096 quis
3134 2027 3187 2080 in
3230 2028 3332 2082 hac
3364 2027 3474 2082 vita

1890 2116 2097 2184 positus
2118 2115 2202 2169 vel
2233 2116 2531 2171 cristallino
2559 2126 2776 2188 pectore
2802 2116 3030 2174 sumciat
3066 2128 3352 2188 penetrare
3393 2120 3472 2172 tui

1892 2207 2062 2277 ipsius
2101 2206 2384 2262 Trinitatis
2416 2206 2624 2262 interna
2655 2207 2946 2279 mysteria?
2976 2207 3258 2276 Quomodo
3287 2209 3469 2273 Pater,

1890 2296 2061 2353 Filius
2087 2305 2144 2352 et
2171 2296 2404 2367 Spiritus
2443 2307 2661 2354 sanctus
2692 2309 2803 2355 tres
2829 2315 3077 2370 persona:
3106 2301 3258 2367 estis,
3284 2310 3341 2357 et
3365 2318 3471 2357 una

1891 2398 2114 2454 natura;
2154 2390 2422 2459 quomodo
2461 2400 2517 2444 tu
2552 2390 2715 2444 Pater
2743 2392 2940 2446 diceris
2970 2391 3260 2463 ingenitus,
3302 2392 3472 2449 Filius

1890 2479 2129 2549 genitus,
2169 2478 2403 2551 Spiritus
2435 2496 2565 2536 vero
2590 2490 2832 2547 sanctus,
2864 2498 2962 2537 nec
2988 2485 3221 2553 genitus,
3262 2500 3362 2539 nec
3392 2485 3473 2540 in-

1887 2568 2123 2637 genitus,
2172 2568 2267 2625 sed
2309 2571 2605 2640 procedens
2638 2572 2879 2638 dicatur;
2914 2576 3181 2642 quomodo
3212 2575 3250 2629 F
3256 2576 3379 2630 ilius
3404 2577 3472 2631 de

1891 2668 1961 2725 te,
1985 2658 2165 2727 Pater,
2208 2668 2369 2717 natus
2403 2671 2507 2727 est,
2532 2662 2768 2732 Spiritus
2792 2675 3012 2720 sanctus
3038 2666 3104 2721 de
3135 2674 3189 2721 te
3222 2668 3468 2737 procedit

1886 2760 1942 2804 et
1982 2748 2147 2815 Filio;
2197 2751 2466 2819 quomodo
2511 2751 2679 2807 Filius
2728 2755 2998 2809 nascendo
3045 2771 3149 2811 non
3199 2758 3467 2828 procedit,

1887 2836 2126 2909 Spiritus
2172 2848 2396 2896 sanctus
2442 2842 2779 2911 procedendo
2832 2858 2937 2897 non
2986 2844 3265 2911 nascitur;
3327 2861 3465 2915 quo-

1885 2932 2048 2987 modo
2079 2931 2250 2988 Filius
2274 2949 2380 2989 non
2416 2934 2482 2989 de
2512 2950 2593 3001 se,
2624 2936 2719 2991 sed
2746 2935 2813 2991 de
2841 2946 2893 2991 te
2914 2945 3017 3002 est,
3054 2952 3156 2993 nec
3181 2949 3362 2993 tamen
3388 2939 3467 2992 tui

1883 3030 1969 3078 est
1991 3022 2278 3092 posterior,
2304 3024 2371 3080 de
2400 3039 2508 3095 quo
2536 3034 2650 3091 est;
2685 3027 2954 3097 quomodo
2981 3028 3215 3099 Spiritus
3243 3039 3466 3084 sanctus

1884 3112 1951 3167 de
1967 3121 2019 3167 te
2033 3114 2277 3184 procedit
2296 3126 2353 3170 et
2368 3115 2520 3180 Filio,
2538 3135 2635 3173 nec
2662 3128 2712 3172 ta
2721 3137 2840 3175 men
2862 3136 2891 3175 a
2907 3121 3059 3177 vobis
3074 3123 3417 3192 pneecditnr,
3435 3140 3470 3177 a

198 3226 325 3265 mus
358 3225 558 3277 unum,
600 3210 883 3265 laudantes
913 3219 967 3264 te
996 3224 1182 3275 nimim,
1212 3217 1268 3263 et
1298 3209 1348 3262 in
1381 3216 1434 3264 te
1461 3206 1589 3263 facti
1618 3209 1783 3262 etiam
1818 3268 1857 3279 Δ
1885 3205 2082 3275 quibus
2106 3209 2380 3277 procedit;
2411 3211 2680 3279 quomodo
2707 3213 2809 3266 tria
2846 3230 3010 3268 unum
3036 3215 3187 3278 estis,
3218 3223 3275 3269 et
3301 3230 3468 3269 unum

196 3313 303 3355 nos
333 3314 532 3364 unum;
570 3298 818 3353 videntes
846 3309 901 3353 te
921 3297 1123 3368 iugiter
1162 3297 1281 3352 sine
1321 3297 1427 3350 fine
1464 3296 1783 3366 ineorrupti-
1811 3268 1859 3332 (ἶ
1891 3295 2013 3361 tria;
2042 3297 2312 3365 quomodo
2331 3298 2561 3354 invicem
2577 3301 2801 3356 relative
2822 3301 2924 3355 tria
2939 3303 3093 3367 estis,
3107 3303 3472 3358 essentialiter

195 3390 385 3454 bilem,
415 3404 625 3445 summe
648 3388 1078 3459 inseparabilem,
1120 3402 1355 3458 vereque
1397 3387 1785 3443 immutabilem
1885 3401 2082 3452 unum;
2133 3388 2406 3457 quomodo
2448 3390 2625 3445 trinus
2668 3401 2723 3447 et
2770 3407 2911 3447 unus
2960 3392 3121 3457 Deus,
3178 3408 3283 3447 non
3326 3392 3470 3448 loca-
3522 3433 3524 3435 μ

198 3481 554 3545 Trinitatem;
587 3481 725 3535 etin
757 3488 810 3536 te
850 3480 1030 3535 omnia
1073 3481 1329 3545 scientes,
1370 3490 1427 3535 et
1464 3495 1627 3535 omne
1656 3496 1786 3553 gau-
1885 3478 2010 3533 liter
2046 3479 2141 3533 sed
2178 3480 2377 3548 ubique
2412 3495 2507 3543 es,
2562 3492 2618 3535 et
2662 3498 2766 3536 non
2812 3482 3177 3553 particulatim
3228 3484 3463 3554 ubique.

194 3571 350 3627 dium
402 3570 458 3625 in
504 3577 557 3625 te
612 3568 998 3641 perpetualiter
1043 3584 1356 3624 mansurum
1404 3568 1667 3624 habentes
1714 3571 1795 3627 ab
1884 3569 1985 3626 sed
2006 3570 2204 3641 ubique
2228 3578 2390 3637 totus,
2427 3572 2625 3642 ubique
2653 3589 2911 3645 praesens.
2950 3574 3068 3630 sine
3088 3575 3213 3638 situ,
3246 3575 3366 3630 loco
3408 3584 3467 3631 et

192 3666 347 3721 omni
377 3664 555 3720 sanati
582 3664 842 3736 languore
870 3672 925 3719 et
955 3666 1008 3719 in
1033 3665 1179 3719 illam
1222 3664 1643 3720 immortalitatis
1672 3665 1786 3737 glo-

199 3760 341 3816 riam
395 3757 765 3815 transformati
789 3798 805 3823 ,
856 3773 980 3813 cum
1031 3757 1239 3812 venerit
1296 3757 1433 3813 visio
1482 3758 1616 3824 haae,
1662 3772 1784 3828 qua:

199 3851 379 3909 danda
424 3850 562 3905 facie
596 3848 665 3904 ad
700 3848 895 3904 faciem
940 3847 1292 3919 promittitur,
1338 3847 1557 3918 quando
1604 3842 1784 3919 palam

196 3941 359 4000 nobis
407 3941 476 3997 de
523 3940 736 3997 cunctis
777 3938 1185 3994 annuntiabitur
1232 3939 1528 4009 mysteriis,
1564 3947 1621 3994 et
1657 3938 1786 3995 Ildei

192 4030 429 4107 species,
463 4038 624 4102 atque
649 4031 767 4102 spei
795 4044 886 4085 res
913 4028 1223 4093 succedent,
1268 4038 1397 4084 tunc
1432 4029 1633 4085 clarius
1661 4044 1783 4086 cer-

193 4126 413 4196 tiusque
444 4124 683 4180 scientes
707 4121 1038 4178 intuebimur
1076 4120 1211 4175 nihil
1250 4131 1494 4178 creatum
1535 4130 1630 4176 aut
1666 4137 1783 4178 ser-

191 4214 351 4269 viens
378 4213 433 4268 in
458 4222 530 4278 te,
562 4210 803 4268 Trinitas
830 4227 961 4266 una.
1000 4210 1142 4265 Nihil
1182 4212 1463 4281 inaequale,
1503 4212 1636 4267 nihil
1660 4227 1783 4283 gra-

193 4306 271 4360 tia
299 4305 525 4376 aequale,
560 4304 693 4360 nihil
721 4303 985 4368 anterius,
1018 4304 1374 4375 posterinsve,
1412 4311 1505 4359 aut
1559 4305 1776 4370 minus;

194 4395 331 4453 nihil
353 4403 675 4453 extraneum
710 4402 803 4450 aut
835 4394 1062 4451 olIiciale
1087 4395 1264 4460 alteri,
1298 4395 1428 4450 nihil
1459 4396 1781 4467 pervasiene

189 4497 294 4546 aut
314 4488 663 4559 subreptione
707 4488 990 4552 insertum,
1036 4486 1170 4541 nihil
1202 4486 1446 4541 moribus
1477 4486 1559 4541 vel
1588 4487 1781 4542 volun-

1884 3672 2055 3719 motu.

1952 3755 2141 3811 XXIII.
2178 3755 2310 3824 Quis
2332 3758 2457 3821 ista,
2489 3773 2639 3829 rogo,
2666 3758 3005 3813 consideret?
3025 3757 3146 3826 quis
3178 3757 3292 3812 hate
3314 3773 3465 3812 com-

1881 3844 2177 3913 prehendat
2214 3846 2552 3915 quantalibet
2596 3846 2865 3917 probitate
2898 3846 2979 3902 vel
3006 3846 3230 3901 scientia
3271 3847 3466 3917 pracdi-

1881 3937 2008 3991 tus?
2041 3936 2155 3993 Hoc
2183 3949 2363 3993 tamen
2394 3940 2449 3993 in
2476 3953 2570 4009 spe
2610 3940 2987 4009 promissionis
3026 3940 3317 4009 repositum
3357 3947 3463 4004 est,

1881 4028 2009 4098 quia
2040 4029 2343 4085 videbimus
2389 4038 2461 4095 te,
2508 4031 2760 4095 Domine;
2806 4038 2861 4085 et
2903 4039 3052 4085 tanto
3097 4022 3490 4101 unusquisque.

1880 4122 2264 4193 perspicacius,
2300 4131 2503 4194 quanto
2540 4124 2629 4178 hic
2671 4124 2867 4178 vixerit
2901 4124 3114 4195 purius;
3154 4122 3281 4193 quia
3309 4138 3465 4177 mnnc

1881 4218 2149 4282 dicordes,
2182 4226 2319 4275 teste
2349 4218 2652 4289 Scriptura,
2680 4218 2937 4273 videbunt
2966 4219 3130 4273 Deum
3161 4216 3373 4287 (Manli.
3406 4232 3459 4283 v,

1881 4308 1959 4377 8).
2002 4307 2202 4378 Aperte
2246 4324 2481 4378 namque
2525 4308 2817 4371 videbitur,
2868 4318 3060 4361 cuncta
3111 4307 3308 4361 mentis
3349 4304 3463 4375 jam

1881 4398 2093 4453 detersa
2122 4400 2368 4471 caligine,
2399 4397 2670 4469 quomodo
2713 4398 2904 4462 Filius,
2951 4398 3043 4467 qui
3086 4396 3310 4451 oriendo
3355 4405 3459 4465 est,

1884 4490 2001 4555 tibi,
2024 4490 2207 4555 Pater,
2253 4492 2322 4545 (le
2363 4507 2471 4561 quo
2497 4491 2692 4554 oritur,
2729 4490 3062 4558 subsequens
3108 4504 3212 4542 non
3256 4497 3369 4551 est;
3407 4497 3465 4542 et

195 4589 311 4638 tate
355 4580 661 4645 diversum,
714 4578 849 4634 nihil
896 4577 1075 4634 ollieio
1119 4576 1412 4648 singulare,
1466 4593 1567 4632 nec
1623 4578 1777 4633 alteri
1813 4581 2154 4676 unomodo
2189 4581 2425 4651 Spiritus
2460 4581 2767 4643 amborum,
2799 4579 2890 4649 qui
2930 4595 3026 4649 per
3059 4578 3461 4648 processionem

192 4672 668 4738 communicabile,
711 4671 843 4726 nihil
886 4671 1205 4725 confusum:
1251 4669 1345 4724 sed
1390 4678 1563 4724 totum
1604 4670 1780 4740 perfe-

191 4771 365 4823 ctum,
408 4761 537 4831 quia
570 4768 744 4815 totum
763 4775 832 4814 ex
867 4775 995 4823 uno,
1023 4768 1077 4813 et
1102 4775 1288 4823 unum,
1333 4774 1439 4813 non
1476 4767 1655 4814 tamen
1687 4775 1781 4816 so-

192 4851 478 4915 litarium,
525 4852 783 4921 quoniam
824 4864 1092 4905 summum
1138 4850 1356 4912 bonum,
1416 4858 1474 4902 et
1516 4865 1781 4904 summam

196 4939 523 5012 sapientiam
548 4982 568 5005 ,
617 4949 674 4994 et
716 4954 983 4996 summam
1034 4939 1423 5007 benignitatem
1465 4947 1518 4993 te
1563 4940 1783 5010 (sancte

197 5031 382 5103 Pater)
429 5032 669 5088 omnium
702 5031 1044 5103 principium,
1081 5040 1137 5084 et
1161 5030 1444 5084 veritatem
1476 5039 1641 5097 tuam,
1682 5047 1781 5102 per

194 5143 366 5201 quam
405 5136 456 5183 te
503 5127 872 5198 intelligimus,
922 5125 1067 5180 nulla
1119 5141 1185 5180 ex
1223 5135 1377 5196 parte
1408 5125 1504 5180 tibi
1536 5127 1773 5182 dissimi-

195 5219 330 5283 lem,
353 5232 473 5288 quae
519 5216 690 5271 forma
719 5225 804 5271 est
849 5216 1089 5270 omnium
1136 5224 1192 5271 et
1238 5232 1358 5286 qu:e
1406 5216 1517 5271 sola
1571 5217 1777 5289 implet,

194 5309 343 5380 quod
368 5316 627 5381 appetunt
649 5308 851 5372 omnia,
877 5306 1144 5378 simulque
1168 5306 1341 5377 ipsum
1375 5307 1652 5377 utriusque
1677 5308 1775 5363 do-

197 5412 352 5462 num.
383 5410 493 5467 quo
536 5397 694 5452 beata
725 5404 871 5459 sunt,
902 5409 1238 5465 qu:ecunque
1272 5395 1427 5449 beata
1463 5404 1589 5450 sunt
1615 5397 1667 5452 in
1700 5406 1774 5463 te,

197 5495 257 5545 et
276 5501 400 5542 cum
424 5494 475 5542 te
495 5485 724 5542 colimus
755 5492 809 5539 et
832 5485 1155 5550 adoramus;
1182 5500 1341 5539 unam
1374 5484 1578 5540 scilicet
1604 5495 1660 5541 et
1695 5487 1779 5541 in-

198 5576 637 5635 commutabilem
663 5575 1000 5631 Trinitatem.

272 5664 437 5722 XXII.
476 5664 611 5721 Cum
639 5664 782 5719 enim
807 5663 967 5718 tertio
994 5663 1277 5733 repetitur,
1304 5664 1447 5734 quod
1478 5680 1641 5721 unum
1668 5676 1749 5721 est
1766 5708 1781 5733 ,

200 5771 311 5814 non
356 5768 616 5810 numerus
650 5764 1024 5820 coacervatur,
1066 5756 1162 5810 sed
1198 5770 1363 5809 unum
1401 5756 1530 5811 illud
1553 5773 1673 5813 esse
1696 5774 1785 5813 as-

202 5848 419 5908 seritur.
461 5845 716 5919 Gignens,
750 5846 982 5918 genitus,
1033 5856 1088 5901 et
1128 5848 1445 5919 procedens,
1500 5858 1610 5906 tres
1663 5851 1782 5922 qui-

1882 4667 2220 4739 producitur,
2249 4684 2278 4721 a
2313 4668 2464 4722 vobis
2493 4666 2891 4737 proferentibus
2923 4683 3027 4722 non
3056 4668 3303 4736 prmitur;
3328 4680 3462 4736 quo-

1884 4759 2044 4813 modo
2067 4766 2121 4812 et
2143 4773 2308 4812 unum
2336 4757 2679 4813 divisibiliter
2701 4757 2826 4822 tria,
2849 4763 2905 4811 et
2934 4758 3035 4811 tria
3065 4756 3463 4811 indivisibiliter

1883 4865 2052 4904 unum
2092 4850 2243 4905 estis.
2298 4850 2424 4904 Visa
2467 4850 2611 4904 enim
2647 4848 2883 4913 claritas,
2939 4864 3003 4903 ac
3044 4849 3096 4901 in
3136 4846 3459 4917 patefactam

1884 4941 2043 4998 nobis
2071 4952 2177 4997 tua;
2204 4939 2505 5009 maiestatis
2532 4942 2764 5011 speciem
2794 4956 2987 5011 purum
3009 4940 3241 4994 amantis
3264 4939 3462 4994 mentis

1884 5032 2138 5086 intuitum
2162 5031 2380 5102 rapiens
2398 5031 2715 5086 sublevabit.
2754 5029 2862 5085 Sed
2886 5034 3001 5101 ipsa
3022 5030 3241 5085 claritas
3263 5039 3457 5085 natura

1884 5130 1989 5187 est,
2003 5131 2059 5177 et
2068 5121 2184 5194 ipsa
2196 5138 2261 5177 na
2268 5131 2384 5176 tura
2399 5122 2617 5177 claritas
2631 5129 2735 5176 est.
2746 5121 2883 5191 Quae
2894 5120 3147 5175 nimirum
3158 5120 3296 5175 visio
3314 5136 3461 5176 nunc

1885 5214 1991 5271 fide
2016 5216 2323 5280 inchoatur,
2348 5216 2443 5270 sed
2469 5222 2599 5269 tunc
2614 5215 2667 5269 in
2685 5214 2865 5285 specie
2888 5213 3221 5284 perficietur,
3241 5212 3459 5283 quando

1885 5322 2206 5363 comtcrnam
2226 5307 2320 5361 tibi
2337 5306 2681 5377 sapientiam,
2695 5321 2855 5376 quam
2873 5305 3032 5360 modo
3051 5320 3150 5375 per
3161 5320 3258 5359 ora
3272 5305 3457 5360 docto-

1883 5412 2006 5453 rum
2028 5397 2292 5450 sumimus
2318 5395 2371 5449 in
2396 5396 2512 5466 ipso
2543 5394 2688 5450 fonte
2710 5394 3025 5449 bibet-imus.
3055 5394 3246 5450 Omnia
3276 5404 3459 5448 autem

1885 5495 2224 5544 sacramenta
2245 5525 2260 5550 ,
2289 5494 2345 5539 et
2366 5494 2558 5541 cuncta
2590 5485 2745 5540 nobis
2778 5498 2905 5543 tunc
2934 5486 3196 5554 patebunt
3236 5500 3456 5541 arcana.

1884 5578 1999 5635 Non
2028 5576 2309 5632 doctorum
2331 5576 2533 5642 verbis,
2570 5592 2676 5631 non
2704 5577 2776 5632 ibi
2803 5576 2928 5632 ullis
2955 5577 3313 5649 indigebimus
3343 5593 3461 5649 my-

1883 5670 2084 5726 steriis.
2121 5668 2285 5724 Facie
2309 5669 2377 5724 ad
2394 5667 2601 5723 faciem
2638 5668 2938 5725 videbimus
2962 5677 3035 5734 te,
3060 5669 3155 5723 sed
3182 5668 3325 5729 inde.
3354 5669 3457 5723 nisi

1881 5758 2056 5823 fallor,
2087 5758 2228 5813 unde
2258 5758 2430 5830 angeli
2460 5766 2514 5813 te
2545 5758 2748 5815 vident.
2795 5757 2937 5826 Quid
2976 5773 3074 5813 nos
3119 5766 3247 5813 tunc
3290 5758 3460 5813 latere

1881 5850 2101 5921 poterit,
2118 5848 2335 5921 quando
2352 5860 2411 5904 tu
2433 5849 2575 5905 Deus
2597 5857 2795 5915 noster,
2823 5849 2930 5905 vita
2955 5849 3271 5913 viventium,
3296 5860 3456 5904 causa
