4090 6494
574 383 707 440 ιοιᾱ

1392 369 1449 421 Β.
1491 365 1552 420 F.
1584 357 1809 416 ALBINI
1846 350 1978 410 SEU
2018 345 2293 402 Αιευιλι
2330 343 2618 402 OPERUM
2658 342 2838 399 PARS
2883 339 3008 396 VIII.

3713 323 3878 384 ιαμ

571 513 883 563 musarum,
933 495 1107 551 forma
1151 488 1470 546 formarum,
1519 479 1692 536 forma
1739 468 2150 530 formosissima.
2191 471 2226 522 λ
2261 464 2516 519 humores
2543 461 2825 523 tumidam,
2868 458 3084 512 dolores
3119 459 3437 516 extenuant,
3485 450 3715 510 ardores
3758 463 3880 505 ex-

573 595 740 669 392
765 589 940 647 forma
967 585 1282 644 inlormata,
1320 588 1373 632 te
1417 573 1575 630 nobis
1614 568 1758 624 clara
1790 563 1999 618 visione
2031 558 2160 612 insi-

577 659 809 748 ;u'ab—is?
850 683 969 739 Non
1011 681 1160 738 enim
1209 672 1488 742 indignum
1536 664 1633 719 tibi
1673 659 1911 723 videtur,
1959 665 2081 708 cum
2114 659 2163 702 te

580 783 811 840 formam
855 786 1128 831 vocamus.
1177 766 1312 822 Nam
1352 772 1445 817 tua
1472 755 1707 814 essentia
1737 758 1793 806 et
1819 747 2029 819 species
2059 742 2165 797 dici

579 882 762 951 potest
797 880 853 929 et
886 869 1081 926 forma.
1139 861 1256 918 Non
1297 859 1498 914 frustra
1543 863 1655 908 tam
1703 843 2166 920 speciosissimum

583 931 750 1039 quam
797 958 1247 1018 formosissimum
1299 952 1354 1006 in
1410 946 1568 1010 laude
1625 952 1715 998 tua
1765 937 2002 1010 ponitur.
2063 931 2169 986 Sed

587 1027 763 1123 forma
803 1071 928 1132 quia:
967 1050 1194 1115 materia
1223 1053 1375 1109 caret
1400 1050 1457 1098 et
1484 1047 1656 1103 motu,
1688 1044 1929 1103 tempore
1953 1036 2007 1085 et
2030 1027 2167 1090 loco,

590 1120 751 1221 atque
790 1120 912 1204 ideo
939 1159 1105 1206 unum
1131 1149 1236 1205 est,
1279 1146 1336 1196 et
1381 1142 1466 1192 est
1509 1131 1586 1196 id,
1629 1128 1773 1200 quod
1804 1133 1907 1180 est.
1945 1120 2172 1190 Reliqua

590 1258 722 1301 vero
765 1256 872 1300 non
911 1243 1063 1302 sunt,
1103 1234 1156 1288 id
1205 1230 1349 1301 quod
1389 1232 1536 1284 sunt.
1567 1222 1696 1277 Haec
1729 1219 1844 1274 sola
1892 1213 2176 1270 verissime

594 1336 776 1399 dicere
817 1338 1044 1404 potest:
1083 1326 1197 1397 Ego
1229 1339 1348 1379 sum
1391 1320 1481 1393 qui
1523 1331 1640 1379 sum
1689 1310 1886 1404 (Exod.
1930 1323 2014 1372 ιιι,
2065 1302 2174 1371 li).

595 1431 723 1491 limo
763 1399 914 1484 tanta
959 1431 1016 1478 et
1053 1420 1179 1481 talis
1218 1425 1334 1482 est,
1382 1421 1442 1468 ut
1483 1413 1550 1466 de
1600 1408 1716 1477 ejus
1761 1399 2181 1476 pulchritudinis

595 1525 806 1585 visione
842 1518 918 1576 nil
961 1518 1016 1576 in
1057 1515 1159 1571 hac
1194 1513 1303 1567 vita
1333 1519 1598 1576 usurpare
1622 1501 1726 1558 sibi
1763 1513 1919 1554 mens
1944 1497 2180 1551 humana

595 1617 817 1680 audeat,
841 1611 984 1684 quod
1015 1608 1188 1665 solum
1216 1604 1404 1661 electis
1429 1601 1540 1657 tuis
1573 1595 1853 1671 praemium
1899 1593 1954 1649 in
1996 1588 2184 1646 subse-

597 1708 782 1782 quenti
811 1699 1249 1783 remuneratione
1270 1707 1538 1750 reservas.

672 1780 863 1856 XXIV.
915 1795 1051 1853 Cum
1101 1807 1234 1863 ergo
1281 1789 1348 1845 ad
1392 1796 1446 1843 te
1490 1780 1929 1857 pervenerimus,
1983 1774 2187 1830 fontem

600 1893 751 1956 vitaz,
794 1899 852 1945 et
885 1896 1148 1944 aeternum
1183 1882 1386 1944 lumen,
1427 1885 1484 1934 et
1519 1872 1889 1932 dulcissimam
1928 1865 2188 1939 speciem,

606 1999 675 2040 ex
694 1980 903 2038 visione
927 1987 1015 2034 tua
1041 1976 1147 2031 erit
1172 1972 1328 2028 nobis
1352 1964 1745 2024 delectabiliter
1770 1961 2029 2028 impressa
2054 1953 2193 2018 sitis,

606 2070 876 2141 simulque
900 2067 1146 2124 satietas.
1181 2061 1289 2118 Sed
1319 2060 1476 2131 longe
1517 2055 1690 2110 aberit
1711 2070 1740 2106 a
1759 2050 1848 2107 siti
1879 2047 2194 2108 necessitas,

607 2166 765 2236 longe
788 2137 1093 2224 satietate
1127 2153 1401 2212 fastidium
1421 2190 1436 2216 ,
1471 2149 1596 2219 quia
1628 2155 1683 2202 et
1713 2143 1960 2200 sitientes
1985 2137 2202 2194 satiabi¢

609 2227 756 2322 mur,
767 2261 823 2311 et
835 2252 1017 2311 satiati
1038 2249 1301 2306 sitiemus.
1326 2244 1408 2299 Tu
1421 2240 1649 2310 denique
1668 2244 1870 2292 interna
1892 2231 2048 2288 nobis
2067 2227 2198 2289 vita,

611 2319 870 2422 gaudium
910 2351 967 2402 et
1010 2355 1211 2402 corona
1247 2337 1385 2402 eris,
1420 2343 1514 2389 tua
1537 2331 1697 2386 beata
1731 2327 1870 2382 visio
1901 2324 2006 2379 erit
2029 2319 2202 2375 nostri

613 2412 818 2503 iubaris
842 2435 1147 2509 praemium,
1175 2439 1235 2487 ut
1253 2436 1375 2504 post
1399 2421 1742 2487 mortalitatis
1763 2416 1924 2487 hujus
1949 2412 2203 2469 tenebras

617 2504 972 2595 accessa—tuae
1007 2526 1194 2600 gloria:
1225 2522 1344 2581 luce
1375 2516 1726 2591 gaudeamus.
1758 2508 2071 2565 Videbimus
2104 2504 2206 2558 ita-

617 2637 728 2697 que
770 2633 874 2678 tute
911 2595 1509 2675 incommutabilitatem
1545 2603 1818 2666 essentia},
1852 2608 1914 2653 ut
1940 2612 2036 2667 per
2062 2595 2208 2650 hanc

619 2730 680 2784 ct
701 2734 803 2775 nos
842 2714 1142 2774 elﬁciamur
1197 2702 1710 2764 incommutabilcs;
1773 2696 1869 2751 sed
1915 2707 2019 2747 non
2068 2689 2210 2744 sicut

619 2815 776 2874 vides
802 2821 876 2868 te.
910 2808 970 2868 In
997 2805 1160 2863 nobis
1186 2801 1333 2858 enim
1358 2793 1616 2868 quidquid
1642 2794 1865 2854 erimus,
1909 2784 2212 2857 poterimus

621 2904 912 2977 nossetin
957 2908 1012 2957 te
1056 2906 1262 2960 autem,
1311 2889 1403 2963 qui
1452 2882 1836 2958 comprehendi
1884 2894 1988 2934 non
2033 2881 2205 2946 potes,

788 2974 874 3063 es,
895 2990 1155 3066 quidquid
1179 2985 1311 3044 illud
1333 2990 1437 3046 est,
1463 2977 1679 3051 quando
1701 2985 1991 3044 possumus
2018 2963 2212 3022 nosse?

622 3068 696 3151 Iit
719 3091 766 3149 si
796 3085 1115 3160 poterimus,
1161 3077 1403 3136 nondum
1435 3083 1762 3143 possumus:
1786 3071 1841 3119 et
1878 3072 2059 3117 tamen
2087 3068 2212 3112 cum

625 3149 953 3260 poterimus,
1002 3169 1248 3243 nunquid
1292 3169 1373 3224 sic
1411 3172 1467 3220 te
1503 3175 1663 3218 nosse
1704 3155 2029 3215 valebimus,
2072 3149 2215 3203 sicut

1626 3249 1658 3260 -.
1953 3248 1998 3260 ,,
2047 3237 2210 3260 Au“

627 3237 867 3334 {Quoia
913 3237 1094 3323 Deus?
1135 3237 1252 3332 Ipsa
1295 3267 1514 3327 quoque
1556 3243 1898 3305 rationabilis
1946 3248 2003 3296 et
2042 3237 2216 3292 electa

627 3371 902 3427 creatura,
931 3373 1040 3415 non
1070 3327 1351 3424 aqualiter
1377 3344 1587 3400 visione
1623 3339 1700 3396 tui
1740 3335 1996 3406 potietur.
2041 3327 2218 3384 Unus-

629 3420 1050 3528 quisqueenim
1090 3420 1190 3516 pro
1229 3437 1482 3496 mercede
1523 3431 1729 3519 laboris
1773 3427 1878 3483 sui.
1911 3423 2020 3479 Sed
2060 3420 2219 3492 plene

632 3512 864 3606 sufficiet
902 3539 1046 3613 quod
1069 3512 1296 3605 singulis
1318 3512 1536 3587 dabitur
1561 3523 1756 3580 intueri
1786 3539 1798 3574 :
1828 3517 2000 3584 Quam
2027 3530 2219 3582 magna

633 3603 1241 3696 multitudo-dulcedinis
1263 3635 1387 3684 tute,
1410 3614 1668 3674 Domine!
1701 3610 1849 3666 Beati
1870 3607 1957 3679 qui
1982 3603 2219 3658 habitant

635 3728 873 3800 inﬂatio
896 3733 988 3779 tua
1015 3719 1188 3795 (Psal.
1206 3712 1438 3780 xxx,20;
1457 3725 1649 3770 xxxm,
1668 3704 1720 3776 5)
1740 3707 1754 3759 ἰ
1771 3701 1980 3757 Felices
2000 3697 2090 3767 qui
2107 3696 2220 3763 jam

638 3792 860 3896 pelagus
885 3792 1046 3886 hujus
1079 3805 1426 3869 mortalitatis
1453 3801 1808 3860 transierunt,
1839 3804 1894 3848 ct
1922 3792 1988 3846 ad
2010 3797 2223 3858 portum

640 3878 916 3986 perpetua:
945 3878 1256 3962 securitatis
1291 3894 1572 3969 pervenire
1613 3891 1949 3945 meruerunt.
1978 3878 2226 3936 Infelices

644 3967 769 4064 nos:
806 3996 900 4070 qui
937 3992 1115 4054 adhuc
1145 3992 1202 4046 in
1237 3967 1355 4044 salo
1396 3981 1555 4051 hujus
1598 3979 1724 4035 vita:
1767 3967 2227 4033 circumflantibus

646 4062 920 4161 agitamur
945 4080 1216 4157 procellis,
1244 4085 1301 4134 et
1321 4077 1464 4132 inter
1488 4070 1728 4144 pericula
1753 4065 1920 4124 multa
1942 4062 2231 4129 variosque

647 4153 812 4236 casus
845 4153 1040 4233 incerti
1081 4185 1280 4229 navem
1317 4167 1630 4222 laborantes
1661 4159 1943 4216 trahimus.
1981 4153 2228 4216 Domino,

648 4269 719 4325 da
740 4269 899 4324 nobis
925 4275 978 4322 te
1006 4271 1235 4326 rectore,
1268 4267 1323 4315 te
1348 4259 1508 4318 duce,
1540 4254 1682 4308 inter
1712 4246 1949 4320 Scyllam
1995 4251 2051 4298 et
2093 4241 2232 4298 Cha-

651 4363 864 4436 rybdim
889 4361 970 4418 sic
997 4360 1103 4417 iter
1131 4367 1316 4414 tenere
1339 4369 1437 4426 per
1468 4351 1726 4413 medium,
1756 4354 1820 4401 ut
1859 4345 2068 4411 integra
2100 4352 2234 4393 nave

651 4463 710 4519 ct
745 4452 911 4512 salvis
950 4450 1223 4508 mercibus
1257 4443 1541 4520 pervenire
1577 4439 1844 4514 possimus
1869 4433 1935 4490 ad
1957 4442 2008 4488 te
2030 4429 2236 4486 tutissi-

653 4559 804 4612 mum
832 4552 1069 4613 portum.

727 4633 898 4701 XXV.
949 4632 1102 4691 Felix
1139 4631 1351 4692 anima,
1399 4641 1519 4697 quze
1565 4634 1782 4679 terreno
1821 4617 2061 4674 resoluta
2108 4626 2234 4667 car-

657 4738 783 4786 cere
803 4722 972 4785 libera
999 4720 1195 4784 oculum
1221 4718 1378 4790 petit,
1411 4729 1530 4786 quae
1558 4712 1731 4768 beatis
1762 4708 1991 4764 admista
2035 4701 2238 4775 Spiriti-

656 4818 762 4882 bus
784 4812 1052 4883 majestati
1086 4819 1193 4869 tua:
1217 4807 1448 4871 assistit,
1484 4820 1604 4876 quae
1630 4811 1683 4858 te
1711 4797 2238 4866 incircumscriptum

661 4906 842 4972 lumen
867 4902 1062 4965 cernit,
1097 4913 1215 4972 qua:
1242 4897 1387 4953 nullo
1421 4902 1567 4950 motu
1611 4893 1694 4947 vel
1733 4890 1925 4946 mortis
1955 4887 2039 4942 vel
2067 4886 2241 4942 hostis

663 4993 917 5059 adicitur,
953 5006 1073 5061 qua:
1101 4985 1523 5057 incorruptionis
1549 4990 1822 5054 perpetuae
1844 4992 2068 5035 munere
2095 4976 2242 5031 lzeta-

665 5096 773 5150 tur.
821 5083 866 5140 0
908 5083 1018 5143 vita
1048 5079 1250 5144 vitalis,
1285 5075 1458 5133 dulcis
1489 5083 1543 5128 et
1568 5071 1840 5132 amabilis,
1885 5068 1978 5124 ubi
2017 5082 2122 5122 non
2158 5075 2242 5120 est

665 5178 840 5242 hostis
882 5176 1222 5248 impugnans,
1265 5169 1359 5225 ubi
1395 5167 1540 5223 nulla
1582 5164 1788 5236 peccati
1835 5161 2109 5224 illecebra,
2149 5156 2241 5213 sed

666 5282 880 5332 Summa
909 5274 968 5326 et
992 5274 1142 5323 certa
1167 5261 1456 5326 securitas,
1481 5267 1534 5315 et
1561 5271 1752 5313 secura
1784 5252 2161 5322 tranquillitas,
2191 5259 2244 5305 et

666 5358 960 5433 tranquilla
996 5356 1328 5428 iucunditas,
1369 5362 1425 5408 et
1462 5349 1696 5418 jucunda
1744 5347 1994 5409 felicitas,
2031 5353 2089 5399 et
2118 5341 2240 5399 felix

667 5450 964 5514 aeternitas,
1011 5456 1069 5504 et
1106 5455 1310 5511 aeterna
1355 5440 1652 5503 beatitudo,
1702 5447 1757 5492 et
1801 5438 1958 5492 beata
2009 5435 2087 5488 tui
2127 5434 2245 5489 sine

670 5543 781 5600 tlne
826 5540 963 5598 visio
985 5547 1147 5607 atque
1173 5534 1410 5591 laudatio
1440 5533 1600 5589 Deus.
1636 5529 1709 5586 Ut
1735 5531 1853 5586 hmo
1880 5528 2156 5588 succedat.
2194 5535 2249 5581 et

671 5632 904 5694 mortale
924 5631 1029 5688 hoc
1058 5629 1313 5685 induatur
1341 5623 1769 5685 immortalitate,
1797 5622 2003 5676 utinam
2041 5619 2246 5672 desinat

669 5734 726 5786 et
747 5738 910 5796 quam
953 5721 1063 5776 cito
1103 5718 1319 5774 llniatur
1365 5715 1471 5772 vita
1503 5715 1627 5776 ista.
1676 5725 1797 5782 qua:
1839 5725 1988 5766 mors
2023 5706 2246 5768 dicenda

673 5825 775 5883 est,
807 5829 909 5870 non
932 5813 1074 5879 vita;
1111 5811 1217 5870 vita
1249 5807 1426 5873 dubia,
1457 5821 1598 5862 cmca
1633 5811 1686 5859 ct
1725 5815 2054 5867 aerumnosa;
2085 5813 2249 5871 quam

2265 4559 2312 4616 Ι)

2262 558 2492 620 sit-cant,
2525 571 2651 610 aera
2679 551 3009 613 morbidant,
3038 564 3178 604 esca:
3205 545 3414 608 inflant,
3435 541 3646 616 jejunia
3672 556 3878 598 mace-

2267 655 2403 708 rant,
2447 646 2557 716 joei
2597 645 2832 709 solvunt,
2884 640 3120 696 tristitia:
3157 644 3504 699 consumunt,
3550 631 3883 690 sollicitudo

2265 745 2527 801 coarctat,
2569 735 2836 791 securitas
2871 732 3112 796 hebetat,
3149 727 3350 784 divitiae
3367 725 3598 796 jactant,
3632 736 3886 795 pauper—

2270 842 2352 885 tas
2393 827 2597 900 dejicit,
2631 825 2889 896 juventus
2914 823 3144 885 extollit,
3177 829 3431 878 senectus
3462 817 3740 880 incurvat,
3782 814 3886 869 in-

2269 922 2499 978 ﬁrmitas
2519 918 2741 988 frangit,
2773 930 2975 976 maeror
2997 913 3270 983 deprimit,
3302 920 3505 980 etpost
3533 911 3652 964 haec
3675 907 3883 962 omnia

2273 1028 2420 1068 mors
2473 1010 2760 1073 interimit,
2797 1007 3067 1062 universis
3101 1004 3311 1076 gaudiis
3349 1005 3510 1057 linem
3559 1001 3886 1070 imponens,

2275 1108 2349 1160 ita
2383 1114 2442 1160 ut
2472 1120 2594 1167 cum
2629 1117 2752 1158 esse
2785 1101 3061 1163 desierint,
3093 1114 3195 1154 nec
3219 1096 3388 1152 fuisse
3422 1103 3704 1166 putentur.
3747 1090 3885 1147 lam

2269 1197 2492 1271 jamque
2540 1197 2814 1262 adveniat,
2854 1194 3101 1258 Domine,
3156 1191 3428 1254 adveniat,
3479 1190 3735 1252 obsecro,
3787 1199 3891 1240 re-

2278 1307 2441 1363 gnum
2489 1290 2616 1344 illud
2667 1301 2864 1346 carens
2921 1294 3126 1349 morte,
3183 1299 3384 1340 vacans
3412 1281 3538 1344 line,
3588 1278 3676 1339 cui
3725 1277 3891 1334 nulla

2281 1391 2520 1452 tempora
2555 1378 2846 1434 succedant
2887 1391 2984 1447 per
3018 1389 3216 1437 :evum,
3268 1372 3360 1430 ubi
3409 1371 3699 1427 cmitinuns
3751 1369 3890 1423 sine

2283 1480 2440 1527 nocte
2475 1470 2590 1530 dies
2619 1467 2792 1523 nescit
2831 1465 3033 1520 habere
3059 1474 3295 1534 tempus,
3323 1462 3413 1522 ubi
3444 1469 3572 1518 sunt
3598 1459 3673 1514 illi
3714 1459 3894 1530 hym—

2284 1564 2452 1620 nidici
2499 1560 2816 1632 angelorum
2857 1558 3033 1622 chori,
3063 1565 3120 1614 et
3149 1554 3381 1611 societas
3415 1564 3778 1628 supernorum
3805 1547 3898 1601 ci—

2284 1658 2469 1720 vium;
2498 1654 2588 1709 ubi
2615 1650 2787 1708 dulcis
2824 1649 3146 1706 solemnitas
3169 1661 3199 1708 a
3239 1641 3692 1717 peregrinationis
3724 1637 3900 1707 hujus

2287 1753 2475 1808 labore
2515 1746 2882 1810 redeuntium,
2928 1743 3020 1798 ubi
3046 1740 3257 1811 providi
3289 1738 3678 1809 prophetarum
3704 1733 3898 1796 ebori.

2223 1836 2269 1899 Β
2293 1850 2350 1898 et
2379 1839 2543 1913 judex
2588 1849 2848 1893 numerus
2894 1831 3288 1905 apostolorum,
3329 1839 3493 1898 atque
3513 1824 3902 1884 innumerabi-

2295 1936 2428 1992 lium
2470 1943 2772 2004 martyrum
2801 1929 2977 1988 victor
3015 1925 3311 1988 exercitus,
3357 1920 3629 1990 simulque
3672 1916 3902 1974 confes-

2297 2045 2481 2088 sorum
2523 2025 2826 2087 constantia
2859 2021 3064 2094 prmmii
3091 2020 3175 2075 sui
3203 2016 3548 2090 pet'Ct-ptione
3569 2011 3854 2072 consolata
3882 2027 3898 2064 :

2297 2124 2389 2180 ubi
2437 2121 2624 2177 ﬁdeles
2668 2117 2792 2182 viri,
2842 2129 2979 2186 quos
3022 2128 3054 2168 a
3095 2111 3372 2167 virilitatis
3414 2123 3524 2163 suis
3569 2105 3765 2160 robore
3801 2117 3906 2160 vo-

2297 2215 2479 2286 luptas
2527 2210 2688 2283 hujus
2730 2204 2910 2262 saeculi
2957 2202 3202 2259 emollire
3229 2217 3333 2256 non
3361 2198 3555 2269 potuit,
3597 2206 3656 2252 et
3690 2202 3905 2250 Sancte

2299 2307 2508 2394 pariter
2558 2301 2842 2363 mulieres,
2901 2311 3021 2368 quae
3073 2311 3197 2354 cum
3257 2292 3455 2348 sacculo
3508 2303 3699 2346 sexum
3751 2286 3880 2350 vice

2303 2387 2586 2458 runtzubi
2634 2395 2807 2467 pueri,
2863 2396 2954 2464 qui
3002 2391 3133 2446 dum
3180 2394 3365 2444 essent
3404 2387 3458 2440 in
3498 2397 3686 2447 carne,
3726 2393 3908 2435 annos

2304 2508 2436 2550 suos
2465 2489 2709 2546 moribus
2743 2483 3236 2543 transcenderunt;
3299 2485 3463 2546 atque
3518 2488 3713 2537 senes,
3760 2483 3910 2540 quos

2305 2594 2440 2642 tetas
2497 2581 2702 2640 debiles
2751 2577 3029 2640 reddidit,
3085 2583 3140 2630 et
3189 2573 3361 2626 virtus
3399 2569 3582 2640 operis
3619 2580 3729 2621 non
3769 2559 3909 2622 relu-

2309 2678 2446 2750 quit.

2381 2765 2572 2824 XXVI.
2609 2763 2691 2820 Ad
2728 2763 2921 2819 borum
2957 2757 3199 2814 omnium
3232 2760 3476 2813 sanctam
3513 2745 3911 2820 frequentiam,

2311 2869 2366 2917 et
2386 2869 2491 2916 tua:
2512 2852 2861 2927 inspicienda:
2878 2847 3295 2922 pulchritudinis
3319 2856 3628 2900 mansuram
3653 2842 3775 2894 sine
3797 2837 3914 2892 line

2311 2951 2553 3010 Imtitiam
2580 2948 2666 3004 fac
2712 2961 2820 3007 me,
2873 2944 3013 2998 Deus
3053 2955 3229 3004 meus,
3271 2947 3386 2994 toto
3431 2937 3596 2990 corde
3642 2933 3908 2996 tendere,

2313 3042 2546 3100 viriliter
2580 3050 2822 3102 currere,
2867 3033 3098 3090 feliciter
3149 3029 3456 3102 pervenire.
3506 3024 3727 3082 Interim
3775 3022 3911 3076 dum

2317 3137 2372 3192 in
2397 3136 2502 3191 isto
2527 3145 2721 3188 maneo
2746 3141 2991 3201 corpore,
3025 3128 3076 3181 in
3105 3126 3192 3180 his
3220 3137 3434 3193 semper
3462 3116 3916 3176 meditationibus

2322 3239 2557 3288 mentem
2600 3241 2777 3283 meam
2801 3225 3063 3279 bonorum
3091 3219 3395 3274 insinuator
3417 3227 3632 3270 exerce.
3671 3209 3872 3266 “unda
3896 3251 3913 3272 ,

2319 3338 2472 3394 rogo,
2511 3319 2690 3376 cordis
2728 3316 3007 3378 intuitum,
3043 3327 3176 3367 acue
3201 3308 3399 3364 mentis
3427 3305 3784 3368 intellectum,
3816 3318 3915 3359 ao-

2320 3415 2489 3473 cende
2515 3412 2721 3469 cmlesti
2758 3410 2882 3480 igne
2921 3406 3181 3467 animum,
3231 3410 3293 3455 ut
3332 3409 3386 3455 te
3429 3399 3606 3454 solum
3651 3396 3912 3469 cogitem,

2323 3517 2376 3564 te
2413 3506 2585 3563 solum
2629 3515 2825 3565 amem,
2872 3507 2927 3554 te
2965 3496 3136 3552 solum
3176 3494 3409 3548 habeam
3451 3491 3508 3545 in
3560 3488 3726 3545 corde
3762 3495 3820 3543 et
3853 3486 3914 3541 in

2321 3615 2440 3663 ore,
2485 3595 2577 3668 qui
2605 3609 2664 3650 es
2691 3592 2932 3647 futurum
2957 3586 3113 3643 nobis
3137 3585 3254 3641 sine
3285 3581 3391 3637 (ine
3420 3580 3724 3653 praemium.
3758 3577 3826 3632 Et
3852 3584 3916 3632 ut

2323 3689 2534 3762 pondus
2565 3681 2912 3742 mortalitatis
2949 3693 3086 3734 meae
3113 3677 3301 3732 laevius
3324 3672 3516 3737 feram,
3549 3670 3614 3728 da
3644 3670 3825 3724 lumen
3856 3668 3916 3724 in

2325 3759 2510 3844 corde,
2540 3777 2606 3832 da
2636 3775 2862 3831 verbum
2891 3771 2947 3825 in
2971 3783 3088 3826 ore.
3122 3767 3285 3838 Aperi
3315 3773 3631 3821 sanctarum
3666 3759 3916 3830 Scriptu-

2327 3885 2514 3928 rarum
2552 3874 2764 3924 secreta
2796 3871 2853 3918 et
2877 3859 3145 3934 profunda
3195 3865 3579 3928 mysteriorum
3605 3854 3754 3920 regni
3791 3850 3870 3904 tui
3899 3867 3912 3903 :

2329 3969 2397 4023 da
2451 3980 2517 4020 ex
2577 3974 2764 4017 amore
2813 3958 2890 4012 tui
2940 3955 3250 4027 lacrymas,
3310 3949 3376 4004 da
3449 3945 3571 4002 ﬁdei
3628 3944 3919 3999 virtutum-

2329 4071 2434 4131 que
2478 4067 2722 4126 pennas,
2771 4047 2968 4120 quibus
3008 4044 3226 4100 indutus
3280 4054 3498 4095 sursum
3551 4036 3620 4092 ad
3677 4043 3731 4090 te
3784 4032 3918 4088 voli-

2333 4125 2552 4211 tendet
2593 4156 2819 4214 perosus
2859 4149 3083 4200 terram,
3119 4133 3317 4191 emtum
3343 4140 3544 4202 petam.
3576 4127 3729 4182 Hanc
3757 4125 3916 4180 fidem

2331 4245 2400 4298 de
2431 4248 2506 4304 te,
2543 4252 2640 4309 per
2665 4243 2738 4300 te,
2769 4234 2824 4288 in
2851 4240 2906 4288 te
2934 4228 3216 4292 confiteor,
3259 4241 3294 4281 ο
3338 4225 3497 4280 beata
3538 4231 3594 4276 et
3637 4217 3918 4275 benedicta

2333 4344 2390 4389 et
2413 4331 2643 4403 gloriosa
2673 4325 2942 4386 Trinitas!
2975 4340 3008 4377 ο
3031 4337 3158 4375 vera
3187 4329 3241 4374 et
3270 4331 3484 4373 summa
3511 4324 3567 4369 et
3590 4313 3919 4384 sempiterna

2335 4401 2534 4486 unitas,
2569 4419 2731 4476 Pater
2769 4427 2826 4470 et
2863 4413 3034 4468 Filius
3078 4419 3135 4464 et
3178 4407 3416 4478 Spiritus
3457 4403 3717 4461 sanctus!
3757 4401 3918 4466 Deus,

2340 4514 2621 4576 Dominus,
2677 4505 3004 4580 paracletns,
3047 4502 3318 4564 charitas,
3368 4497 3578 4569 gratia,
3622 4494 3921 4550 communi.

2344 4603 2503 4661 catio.
2538 4601 2738 4656 Verum
2763 4597 2967 4659 lumen,
3012 4608 3202 4648 verum
3245 4590 3426 4644 lumen
3455 4602 3521 4642 ex
3548 4586 3770 4651 lumine,
3793 4601 3920 4641 vera

2345 4693 2685 4751 illuminatio.
2716 4685 2919 4746 Vivens
2959 4685 3094 4750 vita,
3136 4683 3246 4737 vita
3291 4696 3322 4735 a
3363 4681 3600 4742 vivente,
3629 4677 3923 4733 viviticator

2345 4787 2662 4842 vwcntium.
2694 4782 2861 4846 Fons,
2893 4778 3111 4841 flurnen,
3140 4777 3404 4846 irrigatto.
3439 4772 3590 4828 Unus
3616 4787 3647 4825 a
3679 4787 3760 4832 se,
3787 4787 3922 4828 unus

2347 4883 2414 4939 ab
2450 4879 2732 4935 ambobus.
2773 4873 2853 4931 Ab
2881 4887 2988 4926 uno
3026 4869 3228 4934 omnia,
3281 4883 3377 4938 per
3417 4881 3583 4921 unum
3627 4863 3824 4927 omnia,
3867 4864 3919 4918 in

2345 4987 2456 5026 uno
2475 4971 2694 5032 omnia;
2726 4966 2778 5021 id
2801 4972 2908 5025 est,
2947 4977 2978 5016 a
3019 4976 3079 5016 se
3117 4959 3299 5022 Pater,
3336 4958 3406 5010 ab
3431 4953 3602 5009 aitero
3627 4953 3814 5016 Filius,
3854 4955 3920 5009 ah

2345 5071 2578 5131 utroque
2606 5057 2840 5129 Spiritus
2882 5061 3122 5114 sanctus,
3157 5065 3186 5104 a
3215 5048 3378 5103 Patre
3415 5054 3470 5100 et
3489 5045 3647 5100 Filio.
3671 5041 3764 5100 Ὧν
3784 5059 3813 5097 a
3839 5058 3918 5108 se,

2347 5153 2414 5211 ὢν
2448 5153 2517 5207 ab
2559 5149 2749 5213 altero,
2794 5147 2860 5204 ὧν
2891 5146 2958 5200 ab
2992 5152 3221 5211 utroque
3246 5155 3261 5193 :
3289 5153 3450 5194 omne
3479 5145 3660 5191 autem
3687 5134 3753 5192 ὢν
3779 5150 3917 5190 sem-

2346 5259 2444 5316 per
2472 5243 2525 5296 in
2550 5241 2742 5301 tribus,
2773 5247 2826 5292 et
2851 5249 3012 5290 omne
3041 5232 3107 5287 ὥν
3134 5229 3414 5300 reqnaliter
3452 5229 3505 5282 in
3542 5225 3785 5298 singulis.
3815 5225 3915 5283 Ve.

2348 5351 2446 5391 rax
2488 5333 2717 5405 genitor,
2749 5329 2951 5384 veritas
2983 5326 3216 5397 genitus,
3261 5323 3464 5376 veritas
3511 5329 3566 5373 et
3608 5319 3910 5389 procedens.

2351 5427 2467 5484 Una
2489 5426 2681 5487 virtus,
2707 5418 2928 5492 aequalis
2953 5416 3228 5486 majestas,
3255 5429 3352 5484 par
3374 5412 3565 5481 gloria,
3591 5426 3700 5465 una
3716 5412 3914 5466 eadem-

2349 5533 2452 5590 que
2476 5515 2732 5572 essentia.

2421 5608 2632 5664 XXVll.
2675 5605 2823 5660 Deus‘
2843 5601 2984 5657 trine
3007 5609 3063 5656 et
3085 5615 3214 5663 une,
3238 5597 3380 5652 Deus
3403 5597 3762 5666 omnipotens,
3785 5592 3914 5663 apud

2349 5716 2502 5770 quem
2537 5714 2638 5758 non
2665 5706 2739 5750 est
2767 5693 3158 5755 transmutatio,
3194 5707 3284 5744 nec
3322 5686 3694 5746 vicissitudinis
3744 5684 3914 5740 obum-

2354 5790 2521 5848 bratio
2562 5786 2701 5863 (Jac.
2733 5803 2776 5855 1,
2804 5784 2912 5857 ΓΙ),
2949 5789 3006 5840 et
3033 5782 3152 5839 ideo
3180 5778 3320 5861 apud
3360 5787 3414 5836 te
3443 5791 3634 5836 cursus
3668 5774 3915 5857 temporis
