4090 6528
294 288 436 350 ιοιδ

988 285 1137 344 ΟΡΡ.
1181 286 1408 344 DUBIA.
1448 317 1519 327 -—-
1556 284 1784 341 ALBINI
1822 283 2000 342 CONF
2007 284 2200 343 E3510
2238 287 2436 343 FIDEI.
2477 320 2548 331 —
2584 289 2764 346 PARS
2796 292 2839 349 I.

3431 298 3497 354 40
3510 296 3570 350 ιδ

291 408 651 463 alternatione
710 406 813 462 dici
871 407 1151 475 noctisque
1208 416 1549 479 nequaquam
1601 401 1866 456 variatur.
1903 403 1943 459 Α
1975 413 2127 453 meus
2153 399 2294 470 plus,
2325 398 2438 456 [lex
2471 416 2625 457 meus
2649 419 2895 475 magnus.
2931 404 3005 459 'l‘e
3033 420 3196 458 unum
3226 406 3390 460 Deum
3424 411 3565 473 scio,

292 498 436 555 Deus
463 499 553 554 lux
584 515 733 565 vera,
775 514 895 569 quae
936 499 1053 554 sine
1095 512 1318 553 accessu
1343 513 1427 560 ea,
1454 510 1575 566 qua:
1596 495 1771 565 eligis,
1815 495 1879 550 il-

288 590 512 653 lustras,
554 598 613 645 et
644 589 762 645 sine
789 604 1006 646 recessu
1030 605 1111 649 ea,
1151 604 1269 657 qua:
1296 588 1529 658 respuis,
1569 588 1795 650 deseris,
1824 593 1879 641 et

289 680 413 735 ideo
438 681 491 735 in
526 688 580 736 te
607 680 788 736 nullus
821 678 1065 736 defectus
1106 680 1485 735 mutabilitatis
1524 680 1691 735 venit.
1735 676 1878 733 Deus

284 770 383 840 qui
430 770 483 823 in
532 770 815 838 tcmetipso
867 769 1133 823 manendo
1180 768 1550 832 immutabilis,
1598 769 1676 822 sic
1724 769 1777 822 in
1818 782 1876 822 se

295 862 626 915 transeuntia
654 860 963 924 condiJi~ti,
999 869 1056 913 ut
1082 859 1222 929 apud
1249 867 1301 912 te
1333 874 1673 928 nequaquam
1701 866 1876 913 trans-

293 948 368 1004 ire
392 950 643 1021 possint:
666 960 719 1004 et
741 950 860 1005 ideo
884 949 938 1004 in
960 960 1256 1020 conspectu
1289 957 1378 1004 tuo
1406 960 1617 1020 tempus
1648 965 1753 1003 non
1782 949 1873 1003 de-

292 1039 427 1109 ﬁuit,
438 1043 584 1114 quod
607 1042 745 1114 apud
768 1060 865 1098 nos
889 1041 1020 1098 foris
1038 1041 1454 1113 decurrit._Deus
1474 1042 1527 1095 iu
1548 1041 1700 1111 enjus
1717 1048 1872 1095 teter-

290 1132 457 1189 nitate
476 1134 582 1190 ﬁxa
604 1145 824 1190 manent
844 1149 906 1191 ea
930 1150 1052 1205 qua:
1071 1148 1178 1189 non
1204 1134 1309 1188 lixa
1331 1134 1568 1189 exterius
1586 1131 1750 1203 393
1773 1146 1873 1185 sa:-

286 1225 528 1280 culorum
562 1226 836 1279 volumine
875 1232 1171 1280 emanant:
1197 1232 1253 1278 et
1297 1223 1417 1279 ideo
1464 1222 1740 1276 aeternitas
1780 1228 1868 1276 tua

286 1316 402 1372 dies
420 1325 505 1372 est
526 1331 657 1381 una,
673 1331 794 1386 qua:
817 1331 916 1370 nec
935 1314 1040 1369 ﬁne
1067 1314 1361 1378 clauditur,
1384 1330 1484 1367 nec
1509 1312 1665 1368 initio
1688 1311 1867 1381 aperi-

285 1414 391 1459 tur.
411 1406 570 1469 Deus,
592 1407 684 1477 qui
705 1407 823 1461 sine
848 1406 1209 1461 mutabilitate
1227 1405 1387 1460 simul
1408 1413 1599 1459 cuncta
1619 1404 1865 1475 respicis,

285 1496 403 1552 sine
444 1496 770 1552 distentione
802 1497 1248 1568 compreliendis;
1280 1506 1334 1553 et
1364 1498 1523 1561 bona,
1552 1498 1865 1568 quasjuvas,

282 1598 342 1646 et
362 1589 522 1657 mala,
549 1605 671 1663 qua:
693 1591 931 1661 judicas,
960 1600 1016 1647 et
1041 1606 1162 1661 qua:
1198 1590 1392 1661 iuvans
1438 1605 1775 1652 remuneras,
1812 1597 1867 1644 et

1982 505 2144 543 unum
2176 489 2417 544 omnium
2451 501 2768 546 naturarum
2795 492 3134 564 principium,
3161 511 3189 547 a
3220 512 3326 566 quo
3355 498 3567 551 nnis-eiu

1977 578 2109 633 sitas
2135 587 2190 633 ct
2213 579 2521 645 inchoatur,
2548 591 2602 636 et
2629 581 2928 651 perﬁcitur,
2953 595 3005 639 ct
3030 587 3367 642 continetur:
3399 604 3563 643 tutum

1981 669 2179 735 Deum,
2226 688 2255 727 a
2294 689 2400 742 quo
2430 689 2645 740 sumus,
2690 692 2785 749 per
2811 693 2971 749 quem
3000 694 3215 745 sumus,
3253 682 3306 735 in
3336 698 3443 751 quo
3472 699 3563 738 su-

1977 775 2114 824 mus,
2149 778 2179 817 a
2208 779 2316 833 quo
2346 765 2711 832 discessimus,
2739 769 2822 824 cui
2852 769 3141 827 dissimiles
3173 771 3300 829 facti
3332 790 3518 829 smnus
3548 794 3559 828 :

1976 852 2297 923 principium
2336 856 2403 911 ad
2443 858 2587 926 quod
2630 859 2979 925 recurrimus,
3027 872 3081 918 et
3123 862 3355 920 formam
3400 883 3560 936 quam

1975 946 2275 1014 sequimur,
2300 957 2355 1002 et
2380 951 2611 1019 gratiam
2640 967 2745 1022 qua
2780 954 3225 1012 reconciliamur:
3258 974 3422 1013 unum
3455 975 3565 1029 quo

1973 1047 2199 1094 auctore
2237 1040 2440 1095 conditi
2484 1058 2701 1110 sumus;
2746 1054 2799 1100 ct
2840 1047 3243 1105 similitudinem
3273 1067 3368 1122 per
3396 1066 3559 1121 quam

1972 1130 2039 1184 ad
2068 1131 2325 1187 unitatem
2359 1134 2740 1203 reformamur,
2783 1149 2837 1194 et
2871 1156 3058 1210 pacem
3097 1159 3201 1212 qua
3240 1145 3432 1200 unitati
3464 1147 3561 1200 ad—

1970 1221 2278 1279 bteremus:
2316 1242 2479 1281 unum
2512 1229 2708 1296 Deum,
2741 1246 2847 1301 quo
2874 1232 3129 1289 Creatorc
3156 1238 3416 1303 vivimus,
3461 1254 3559 1308 per

1970 1329 2129 1383 quem
2161 1315 2440 1373 reformati
2472 1322 2746 1390 sapienter
2774 1324 3027 1390 vivimus,
3073 1342 3232 1395 quem
3275 1330 3560 1399 diligentes

1968 1415 2024 1462 et
2048 1421 2157 1476 quo
2186 1406 2428 1465 fruentes
2474 1411 2629 1466 beate
2668 1414 2919 1469 vivimus.
2974 1415 3049 1471 Te
3087 1417 3265 1482 laudo,
3299 1419 3558 1477 benedice

1968 1503 2131 1565 atque
2160 1496 2350 1565 adoro,
2384 1508 2596 1571 tumque
2631 1501 2932 1560 clementiae
2976 1514 3031 1559 et
3078 1506 3305 1563 bonitati
3353 1513 3559 1580 gratius

1968 1587 2144 1644 refero
2188 1606 2285 1660 pro
2334 1593 2602 1649 universis
2652 1595 2761 1651 tuis
2811 1595 2968 1653 donis
3015 1614 3078 1653 ac
3125 1599 3304 1665 datis,
3355 1611 3410 1657 ct
3457 1620 3556 1673 pro

282 1679 667 1752 quaejudicans
710 1683 970 1749 damnas;
1006 1684 1061 1738 in
1099 1681 1204 1749 bis,
1235 1698 1356 1753 quae
1381 1682 1597 1738 diverso
1621 1681 1865 1752 disponis
1896 1758 1935 1765 _
1965 1684 2219 1738 omnibus
2264 1685 2542 1741 beneflciis
2586 1689 2975 1747 misericordia:
3019 1700 3156 1757 tute,
3198 1709 3317 1765 qua:
3363 1695 3557 1751 animm

274 1771 488 1837 ordine,
529 1772 776 1829 diversus
815 1789 922 1829 non
965 1790 1043 1830 es.
1078 1774 1241 1841 Deus,
1269 1775 1361 1845 qui
1394 1789 1559 1845 opera
1586 1784 1678 1829 tua
1705 1781 1861 1829 extra
1895 1758 1943 1819 Β
1971 1774 2297 1845 corporique
2346 1791 2465 1833 meo
2510 1776 2741 1850 largiris,
2792 1788 2849 1836 et
2893 1795 3109 1853 semper
3147 1758 3369 1855 largitus
3416 1799 3478 1841 cs
3522 1801 3556 1846 a

272 1866 604 1931 circumdas,
621 1874 678 1923 et
702 1867 844 1921 intra
868 1866 1062 1938 reples,
1088 1882 1251 1938 supra
1282 1868 1439 1938 tegis,
1463 1876 1516 1922 et
1542 1866 1683 1922 infra
1706 1866 1817 1924 fers
1843 1886 1856 1922 :

270 1969 331 2017 et
355 1962 483 2019 licet
507 1962 584 2018 sis
604 1962 853 2032 superior
885 1976 983 2032 per
1006 1961 1321 2030 potentiam,
1370 1959 1598 2017 inferior
1621 1977 1721 2033 per
1744 1976 1865 2017 sus-

275 2053 659 2119 tentationem,
712 2052 955 2108 exterior
999 2065 1100 2123 per
1138 2052 1593 2123 magnitudinem,
1636 2050 1865 2106 interior

270 2163 374 2219 per
398 2146 789 2210 subtilitatem;
825 2156 1006 2201 tamen
1054 2144 1303 2215 superior
1331 2154 1385 2199 et
1408 2142 1633 2199 inferior
1660 2158 1719 2198 es
1745 2143 1863 2199 sine

273 2238 413 2304 loco,
458 2239 671 2309 amplus
711 2238 830 2292 sine
874 2235 1177 2299 latitudine,
1215 2234 1428 2291 subtilis
1454 2235 1573 2289 sine
1601 2243 1861 2289 extenua-
1901 2235 1904 2239 ’

273 2332 425 2387 tione
445 2349 460 2362 ·
487 2341 543 2385 et
582 2332 702 2385 ideo
732 2344 830 2401 per
852 2328 1049 2383 molem
1083 2329 1329 2399 corporis
1355 2342 1622 2399 nusquam
1645 2342 1724 2394 es,
1765 2329 1859 2384 sed

268 2435 369 2494 per
399 2421 927 2492 ineircumscriptam
956 2419 1318 2475 substantiam
1350 2428 1403 2474 et
1434 2419 1857 2494 immensitatem

270 2491 729 2569 incommutabilis
779 2491 988 2567 natura:
1040 2526 1308 2581 nusquam
1358 2511 1508 2567 dces.
1562 2509 1670 2567 Sed
1728 2491 1859 2583 quia

268 2605 427 2676 longe
447 2604 638 2669 distas,
655 2603 903 2671 Creator,
926 2620 957 2659 a
981 2614 1253 2670 creatura,
1278 2605 1520 2676 cogitare
1546 2605 1668 2674 quis
1689 2605 1853 2672 valet,

267 2696 504 2765 qualiter
540 2696 615 2751 sis
647 2696 698 2750 in
739 2693 879 2761 loco,
906 2696 998 2766 qui
1025 2711 1133 2751 non
1175 2696 1389 2766 caperis
1433 2697 1588 2752 loco?
1623 2696 1856 2753 Omnino

266 2791 413 2847 enim
440 2790 493 2844 in
520 2790 638 2845 loco
665 2804 790 2846 esse
813 2803 917 2845 non
942 2796 1117 2859 potes,
1140 2788 1396 2859 quoniam
1432 2789 1631 2860 ubique
1652 2802 1734 2855 es,
1760 2789 1856 2844 sed

267 2899 378 2941 non
430 2883 483 2940 in
528 2882 668 2939 loco.
697 2880 817 2954 Ipse
863 2882 959 2937 tibi
997 2881 1149 2937 locus
1177 2881 1404 2937 illocalis
1441 2882 1683 2939 crederis
1710 2897 1850 2947 esse,

265 2974 505 3047 Spiritus
572 2973 1018 3043 circumscriptus
1085 2969 1226 3046 [πη
1285 2970 1847 3045 incircumscriptus].

268 3070 423 3129 Unde
455 3068 671 3125 diﬂlcile
715 3069 987 3125 invenitur
1027 3068 1121 3123 ubi
1164 3068 1278 3133 sis,
1336 3069 1431 3123 sed
1486 3067 1656 3124 multo
1709 3067 1849 3124 difﬁ-

1973 1882 2163 1938 puero,
2210 1880 2266 1923 et
2308 1885 2337 1923 a
2384 1871 2664 1928 cunabulis
2702 1873 2859 1941 meis,
2900 1886 3122 1946 propter
3163 1885 3213 1932 te
3258 1886 3315 1934 et
3359 1893 3555 1935 nomen

1967 1965 2121 2014 tuum
2150 1968 2419 2017 sanctum.
2470 1961 2624 2019 Unde
2660 1974 2916 2036 expertus
2947 1966 3131 2033 didici,
3168 1969 3291 2038 quia
3323 1978 3377 2025 tu
3408 1969 3552 2026 Deus

1966 2058 2166 2115 noster,
2219 2050 2360 2107 Deus
2406 2067 2466 2108 es
2513 2052 2737 2109 inﬁnitae
2777 2056 3184 2125 misericordiae,
3233 2068 3288 2116 et
3330 2060 3552 2130 pictatis

1964 2143 2261 2207 immensae,
2296 2146 2388 2215 qui
2428 2161 2613 2202 servos
2643 2155 2761 2204 tuos
2792 2149 2933 2206 inter
2957 2151 3182 2207 adversa
3213 2162 3266 2211 et
3291 2168 3551 2226 prospera

1965 2233 2285 2289 mirabiliter
2313 2236 2502 2307 dirigis
2529 2247 2693 2308 atque
2720 2240 2978 2296 custodis.
3015 2239 3213 2315 Sicque
3244 2245 3546 2301 mode-raris

1964 2322 2127 2377 vitam
2157 2339 2343 2380 eorum
2375 2326 2425 2381 in
2453 2336 2682 2398 utraque
2708 2338 2883 2400 parte,
2909 2340 2968 2386 ut
2997 2333 3221 2389 adversa
3251 2337 3547 2408 prosperis,

1961 2423 2015 2467 et
2063 2428 2320 2485 prospera
2368 2418 2662 2473 succedant
2709 2419 2972 2477 adversis.
3026 2421 3388 2493 Conﬁteuntur
3423 2444 3545 2497 ergo

1959 2505 2072 2570 tibi,
2091 2503 2333 2572 Domine,
2355 2509 2528 2563 omnia
2555 2526 2713 2581 opera
2738 2523 2853 2578 tua,
2879 2523 2924 2568 et
2950 2516 3118 2569 sancti
3142 2518 3218 2570 tui
3242 2517 3547 2574 benedicaut

1959 2602 2052 2656 tibi
2078 2599 2251 2674 (Psaf.
2281 2618 2460 2669 cxuv,
2493 2604 2578 2676 I0)
2609 2625 2621 2658 :
2668 2614 2725 2661 et
2764 2615 2823 2662 ut
2867 2607 3171 2667 conﬁtendo
3200 2610 3543 2682 resipiscam,

1960 2707 2065 2748 non
2096 2704 2310 2750 cessent
2352 2710 2381 2749 a
2421 2694 2669 2751 laudibus
2709 2698 2816 2754 tuis
2858 2697 2958 2769 ipsi
2998 2700 3162 2757 etiam
3206 2712 3540 2773 peccatores.

1958 2783 2197 2851 Quorum
2226 2802 2364 2841 unus
2393 2802 2511 2858 ego,
2562 2787 2689 2844 licet
2727 2787 2785 2843 in
2827 2791 3067 2861 peccatis
3094 2793 3338 2863 pronior,
3379 2794 3544 2851 corde

1959 2886 2138 2936 tamen
2180 2880 2507 2937 desideranti
2553 2890 2675 2939 tuas
2715 2883 2946 2941 decanto
2979 2886 3203 2943 laudes:
3240 2890 3285 2944 si
3318 2902 3423 2946 non
3451 2905 3542 2955 ea.

1956 2985 2063 3041 qua
2109 2971 2281 3028 debeo
2323 2971 2626 3043 dignitate,
2680 2972 2858 3041 facio,
2909 2990 3016 3047 qua
3062 2976 3212 3033 valeo
3256 2976 3536 3036 facultate.

1957 3062 2206 3134 Respice,
2229 3080 2432 3136 quaso,
2455 3079 2646 3122 sereno
2667 3065 2820 3121 vultu
2847 3067 2915 3122 ad
2940 3067 3044 3123 hoc
3067 3082 3203 3125 mete
3226 3069 3542 3141 exiguitatis

260 3163 423 3221 cilius
478 3162 570 3217 ubi
624 3176 732 3216 non
785 3160 883 3216 sis.
939 3160 1073 3228 Quis
1124 3118 1278 3215 sine,
1302 3168 1356 3215 te
1412 3160 1709 3216 subsistere
1760 3160 1849 3216 vel
1876 3118 2304 3227 cobsequium,
2344 3165 2399 3213 et
2419 3118 2756 3229 'pmpitiabili
2784 3157 3097 3229 dignatione
3126 3118 3536 3232 accipeotantil-

260 3270 386 3313 esse
438 3254 662 3327 potest?
719 3252 788 3309 Et
835 3261 1018 3309 tamen
1075 3261 1253 3308 tecum
1312 3268 1419 3308 non
1478 3267 1669 3308 omnes
1717 3266 1847 3323 pos-

260 3354 393 3406 sunt
408 3360 547 3402 esse.
586 3344 780 3403 Omnia
798 3345 948 3402 enim
968 3361 999 3400 a
1022 3353 1075 3400 te
1091 3353 1241 3408 sunt,
1261 3352 1316 3398 et
1333 3357 1429 3413 per
1450 3350 1503 3397 te
1523 3343 1842 3399 subsistunt.

336 3437 568 3495 XXVIII.
609 3436 755 3495 Deus
779 3452 908 3493 vera
933 3444 991 3492 et
1016 3435 1225 3491 inﬁnita
1249 3435 1553 3501 beatitudo,
1577 3450 1609 3489 a
1634 3448 1760 3505 quo,
1790 3441 1847 3489 et

256 3546 361 3604 per
378 3546 543 3603 quem
563 3571 578 3596 ,
615 3538 673 3585 et
698 3530 753 3585 in
774 3544 886 3600 quo
912 3528 1074 3585 beata
1103 3534 1229 3583 sunt
1260 3528 1441 3584 omnia
1463 3567 1477 3591 ,
1512 3539 1846 3598 quzecunque

257 3637 389 3679 vere
412 3621 572 3677 beata
601 3629 749 3677 sunt.
781 3619 927 3675 Deus
948 3633 1079 3675 vera
1103 3626 1161 3675 et
1182 3632 1393 3673 summa
1422 3618 1551 3683 vita,
1577 3632 1608 3671 a
1635 3632 1763 3687 quo,
1790 3623 1847 3672 et

256 3728 360 3785 per
386 3727 573 3785 quem,
599 3720 659 3770 et
686 3712 742 3768 in
771 3727 881 3785 quo
904 3712 1093 3767 vivunt
1121 3711 1326 3775 omnia,
1356 3725 1691 3781 quaecunque
1718 3724 1847 3766 vere

258 3818 581 3877 summeque
608 3805 797 3860 virunt
823 3804 1028 3859 omnia.
1060 3802 1204 3860 Deus
1231 3803 1431 3858 bonum
1456 3812 1510 3859 et
1536 3801 1842 3871 pulchrum,

255 3913 288 3952 a
315 3911 447 3968 quo,
487 3909 586 3968 per
613 3908 806 3966 quem,
851 3901 909 3951 et
944 3895 1000 3949 in
1038 3908 1146 3966 quo
1187 3894 1329 3950 bona
1372 3902 1428 3948 et
1463 3893 1688 3963 pulchra
1718 3900 1845 3948 sunt

255 3987 461 4050 omnia,
490 4000 828 4058 qutecunque
852 4000 979 4042 vere
1003 3986 1142 4042 bona
1171 3998 1226 4040 et
1253 3986 1479 4055 pulchra
1504 3994 1650 4041 sunt.
1704 3986 1844 4042 Deus

255 4093 422 4150 supra
450 4092 609 4149 quem
641 4075 775 4132 nihil
794 4116 810 4141 ,
836 4082 994 4133 extra
1023 4089 1185 4147 quem
1214 4076 1379 4141 nihil,
1410 4077 1525 4132 sine
1550 4091 1657 4146 quo
1685 4074 1839 4132 nihil.

256 4171 399 4228 Deus
427 4170 529 4227 sub
558 4183 668 4241 quo
698 4177 892 4234 totum,
922 4182 1045 4224 cum
1072 4182 1180 4238 quo
1211 4176 1407 4235 totum,
1431 4168 1487 4223 in
1513 4183 1621 4239 quo
1648 4176 1839 4225 totum.

258 4261 405 4317 Deus
430 4275 461 4314 a
490 4274 599 4331 quo
625 4258 807 4314 omnia
824 4299 839 4324 ,
869 4273 967 4329 per
992 4271 1153 4328 quem
1185 4259 1390 4323 omnia,
1422 4260 1476 4314 in
1503 4275 1610 4328 quo
1635 4261 1838 4315 omnia.

258 4350 402 4407 Deus
440 4348 596 4419 cujus
637 4348 770 4405 ﬁdes
809 4364 908 4405 nos
946 4349 1182 4413 excitat,
1223 4363 1349 4419 spes
1376 4349 1569 4420 erigit,
1604 4350 1842 4406 cbaritas

1952 3248 2066 3306 lum
2093 3249 2427 3306 sacriﬁcium
2454 3250 2810 3307 confessionis
2842 3250 2965 3308 ﬁdei
2997 3266 3160 3318 mea,
3191 3261 3252 3308 ut
3274 3254 3344 3309 ad
3372 3263 3424 3310 te
3452 3269 3540 3310 re-

1949 3340 2073 3398 deat
2103 3341 2244 3410 quod
2283 3357 2314 3396 a
2348 3348 2403 3395 te
2429 3342 2595 3396 venit.
2643 3338 2760 3397 Non
2796 3340 3094 3412 respiciens
3124 3350 3335 3399 tantum
3372 3344 3444 3400 ad
3483 3345 3538 3398 id

1946 3430 2093 3503 quod
2121 3431 2349 3487 devotus
2377 3429 2568 3493 onero,
2588 3438 2848 3499 quantum
2872 3429 2939 3485 ad
2957 3444 3025 3486 ea
3044 3445 3165 3501 qua
3187 3431 3533 3489 devotisslme

1946 3519 2127 3576 dicere
2156 3519 2299 3575 volui
2335 3527 2391 3574 et
2419 3518 2557 3575 volo.
2605 3517 2877 3591 Quidquid
2905 3520 3050 3575 enim
3080 3521 3334 3585 dedecet,
3364 3521 3447 3577 vel
3482 3530 3533 3577 te

1944 3613 2188 3679 oﬁ‘endit,
2217 3613 2477 3670 abhorret
2506 3612 2686 3669 anima
2715 3625 2857 3668 mea.
2893 3610 3108 3669 Utinam
3135 3628 3349 3684 possem
3379 3614 3531 3680 talia,

1944 3705 2125 3777 qualia
2176 3704 2253 3760 illi
2303 3703 2600 3776 hymnldicl
2651 3701 2966 3775 angelorum
3020 3705 3218 3760 chori!
3278 3702 3322 3760 Ο
3363 3720 3528 3776 quam

1943 3801 2177 3860 libenter
2208 3817 2297 3858 me
2334 3800 2389 3856 in
2422 3798 2672 3855 laudibus
2704 3798 2813 3855 tuis
2847 3805 3021 3856 totum
3058 3797 3391 3857 effunderem
3414 3839 3431 3867 ,
3476 3808 3533 3857 et

1945 3891 2247 3951 luculenter
2270 3892 2327 3947 in
2358 3891 2536 3948 medio
2561 3889 2817 3947 Ecclesia:
2844 3905 3065 3948 cannea
3099 3899 3205 3950 tua}
3235 3894 3420 3963 gloriae
3448 3894 3534 3950 ln—

1943 3985 2237 4057 fatigabilis
2258 3998 2571 4056 perorarem
2600 3983 2612 4037 !
2645 3980 2751 4040 Sed
2780 3982 2905 4055 quia
2934 3991 2994 4039 ut
3020 3983 3093 4040 Illi
3124 3998 3357 4056 nequeo,
3391 4001 3530 4043 nun-

1942 4079 2070 4149 quid
2097 4090 2324 4148 prorsus
2355 4075 2545 4133 tacebo
2573 4094 2585 4130 :
2618 4090 2719 4140 vae,
2748 4073 2991 4139 Domine,
3024 4077 3328 4134 tacentibus
3355 4078 3422 4135 de
3451 4087 3525 4144 te,

1940 4168 2035 4240 qui
2065 4184 2161 4224 ora
2190 4175 2465 4224 mutorum
2494 4166 2738 4233 resolvis,
2770 4175 2819 4222 et
2847 4166 3052 4238 linguas
3079 4167 3363 4236 infantium
3392 4168 3527 4241 facit

1939 4260 2167 4316 disertus
2190 4258 2344 4331 (Sap.
2376 4274 2430 4324 x,
2454 4257 2568 4330 2i)!
2605 4258 2807 4315 Verum
2832 4259 2960 4329 quia
2988 4260 3229 4330 parvulis
3255 4260 3383 4319 licet
3406 4262 3528 4319 Iau-

1942 4351 2037 4408 des
2058 4360 2179 4407 tuas
2200 4350 2281 4405 vel
2303 4348 2596 4417 balbutire,
2620 4350 2836 4420 suscipe
2856 4349 3198 4416 sacriﬁcium,
3222 4366 3435 4423 poscor,
3459 4356 3527 4411 de

247 4442 452 4513 iungit.
490 4441 634 4498 Deus
657 4441 751 4513 qui
784 4449 969 4512 petere
999 4439 1157 4510 iubes
1174 4480 1190 4505 ,
1229 4448 1285 4494 et
1314 4440 1560 4496 invenire
1589 4438 1724 4498 facis
1743 4481 1756 4504 .
1788 4447 1843 4496 et
1870 4475 1920 4538 υ
1946 4458 2107 4499 manu
2131 4441 2328 4511 lingua:
2353 4457 2505 4508 mem,
2530 4441 2601 4497 de
2625 4441 2806 4499 cordis
2832 4455 3036 4497 amore.

255 4531 599 4606 pulsantibus
625 4532 822 4603 aperis.
863 4530 1006 4588 Deus
1034 4546 1064 4587 a
1092 4547 1199 4603 quo
1226 4530 1397 4586 averti
1425 4532 1620 4588 cadere
1652 4538 1757 4597 est,
1784 4532 1841 4589 in

254 4641 420 4698 quem
451 4623 698 4681 converti
751 4636 1037 4693 resurgere
1070 4630 1174 4685 est,
1210 4622 1264 4677 in
1308 4637 1416 4693 quo
1456 4635 1680 4678 manere
1706 4637 1837 4679 con~

2016 4534 2184 4591 XXX.
2228 4533 2336 4591 Sed
2366 4534 2619 4607 ignosce,
2657 4548 2820 4605 rogo,
2858 4532 3113 4599 Domine,
3149 4535 3524 4607 indignissimo

1945 4633 1999 4680 et
2039 4624 2276 4690 infelici,
2322 4632 2501 4680 tecum
2536 4622 2603 4679 de
2641 4631 2695 4679 te
2731 4621 2931 4678 diutius
2969 4624 3295 4696 colloquenti
3339 4642 3516 4684 servo.

255 4719 452 4777 sistere
481 4726 585 4774 est.
637 4717 778 4771 Deus
804 4729 964 4786 quem
993 4714 1204 4771 nescire
1236 4715 1371 4770 mori
1408 4722 1523 4780 est,
1563 4730 1724 4771 nosse
1754 4716 1837 4771 vi-
1942 4715 2163 4787 Ignosce
2187 4716 2293 4786 pie,
2320 4716 2446 4787 quia
2479 4729 2587 4770 non
2620 4715 2926 4770 temeritate
2949 4715 3403 4786 pmsumptionis,
3427 4722 3522 4776 sed

254 4826 384 4867 vere
404 4818 509 4875 est,
532 4824 789 4881 spernere
812 4808 991 4878 perire
1014 4815 1121 4871 est,
1142 4806 1227 4863 cui
1254 4808 1458 4862 servire
1481 4821 1709 4877 regnare
1730 4814 1835 4865 est.
1943 4809 2198 4863 aviditate
2237 4807 2311 4862 tul
2353 4804 2605 4862 desiderii
2650 4804 2775 4861 buic
2818 4804 3274 4863 deﬁoratiunculae
3299 4822 3518 4879 operam

253 4900 401 4958 Deus
444 4899 602 4970 cujus
644 4898 861 4969 pietatis
890 4911 993 4967 ope
1038 4904 1095 4952 et
1137 4896 1278 4952 bene
1317 4897 1487 4952 servit
1526 4895 1834 4966 subjectus,
1941 4897 2096 4954 dedi.
2146 4906 2207 4952 ut
2250 4900 2412 4952 breve
2457 4906 2512 4950 et
2554 4897 2803 4953 manuale
2829 4897 3054 4952 verbum
3099 4913 3309 4955 mecum
3354 4901 3421 4957 de
3467 4911 3519 4958 te

244 5002 312 5050 et
343 4992 482 5049 bene
509 4992 818 5049 dominatur
846 4989 1129 5060 praelatus,
1170 4997 1227 5044 et
1255 4987 1376 5044 ideo
1405 4987 1523 5043 sine
1553 4994 1607 5043 te
1642 4996 1839 5044 neuter
1938 5003 2152 5058 semper
2182 4988 2437 5044 Iiaterem
2457 5028 2470 5051 ,
2507 5002 2571 5041 ex
2607 4986 2762 5056 cuius
2794 4987 3023 5045 lectione
3049 4992 3262 5060 quoties
3298 4993 3515 5062 tcpclio,

251 5100 444 5145 eorum
472 5094 623 5141 recto
656 5083 858 5140 incedit
888 5082 1101 5140 ordine.
1152 5082 1294 5137 Deus
1330 5081 1616 5139 invisibilis
1646 5089 1703 5137 et
1735 5082 1836 5137 im-
1940 5080 1996 5136 in
2025 5090 2175 5136 tuum
2207 5081 2536 5135 reaccendar
2565 5093 2824 5136 amorem.
2859 5078 3059 5137 Sumus
3086 5083 3228 5137 enim
3259 5084 3314 5138 in
3340 5086 3518 5141 medio

250 5198 472 5248 mense,
504 5178 793 5238 ineffabilia
824 5186 880 5236 et
905 5186 1104 5235 teterne
1121 5219 1135 5241 ,
1180 5175 1742 5247 incomprehensibilis
1782 5185 1837 5232 et
1930 5172 2255 5243 laqueorum
2278 5170 2461 5241 positi,
2484 5178 2540 5226 et
2564 5171 2685 5226 ideo
2711 5169 2867 5226 facile
2892 5186 2923 5225 a
2946 5172 3153 5229 cmlesti
3180 5172 3518 5245 frigescimus

254 5279 601 5348 incorporeo,
630 5269 954 5329 immortalis
982 5278 1038 5327 et
1062 5278 1350 5341 perpetue,
1382 5267 1837 5326 incommutabilis

250 5373 311 5422 et
342 5364 809 5432 incircumscripte
832 5402 846 5425 ,
871 5360 1133 5417 mirabilis
1172 5367 1229 5416 et
1267 5360 1566 5424 benedicta,
1603 5360 1690 5415 cui
1711 5373 1833 5415 esse

250 5467 311 5515 et
355 5456 560 5520 vivere,
589 5461 783 5526 sapere
820 5461 877 5509 et
905 5450 1225 5537 intelligere,
1255 5450 1396 5506 scire
1424 5458 1480 5506 et
1506 5465 1687 5522 posse,
1712 5450 1832 5520 pul-
1876 5473 1892 5485 ο

253 5546 543 5605 clarescere
570 5553 626 5601 et
651 5544 861 5602 clarere
887 5558 1054 5599 unum
1089 5549 1145 5597 et
1171 5541 1312 5598 idem
1340 5549 1455 5602 est.
1488 5540 1577 5613 qui
1603 5540 1832 5613 simplex

255 5655 334 5698 ea.
360 5648 415 5695 et
438 5639 602 5694 dividi
629 5654 736 5693 non
760 5644 938 5709 potes.

328 5726 516 5787 XXIX.
559 5727 637 5784 Tu
670 5743 730 5783 es
754 5725 897 5784 Deus
926 5742 1081 5783 meus
1106 5728 1261 5782 vivus
1289 5733 1343 5782 et
1370 5742 1545 5793 verus,
1576 5724 1843 5782 Dominus

1938 5263 2229 5321 desiderio.
2265 5262 2416 5321 Unde
2445 5262 2745 5333 indigemus
2772 5262 2989 5318 assiduo
3017 5274 3381 5332 monumento,
3410 5282 3520 5339 quo

1938 5352 2302 5426 expergefaCti
2330 5394 2344 5419 ,
2393 5355 2462 5409 ad
2513 5363 2566 5409 te
2614 5364 2858 5411 nostrum
2903 5371 3087 5411 verum
3138 5372 3517 5430 summumque

1936 5447 2159 5508 bonum,
2192 5460 2313 5500 cum
2344 5443 2645 5510 deﬁnimus,
2676 5461 3038 5503 recurramns.
3084 5447 3260 5504 Multa:
3287 5448 3516 5519 denique

1938 5547 2066 5593 sunt
2091 5539 2601 5606 contemplationes,
2637 5540 2834 5608 quibus
2862 5540 3041 5595 anima
3072 5542 3262 5597 devota
3292 5543 3387 5598 tibi
3416 5560 3513 5598 cx-

1937 5630 2213 5685 cruciatur
2234 5640 2287 5685 et
2309 5628 2540 5701 proﬁcit,
2566 5632 2660 5686 sed
2681 5631 2823 5686 nulla
2842 5647 3028 5687 earum
3055 5633 3127 5686 ita
3153 5646 3238 5689 me
3258 5634 3509 5691 oblectat.

1937 5732 1992 5778 et
2025 5735 2177 5777 mens
2216 5735 2334 5779 mea
2370 5721 2631 5791 intendit,
2678 5722 2817 5779 sicut
2848 5721 2938 5778 illa
2967 5738 3086 5794 quae
3118 5719 3182 5781 de
3202 5735 3304 5781 tua
3334 5726 3515 5797 agitur
