4090 6522
582 391 721 449 4017

1382 393 1441 444 Β.
1488 392 1546 444 l".
1589 390 1812 443 ALBIM
1854 390 1983 446 εει]
2023 389 2295 446 Αιεωλι
2336 390 2621 447 ΟΡΕΙΠΣΜ
2661 393 2840 451 PARS
2878 395 3007 450 Vill.

3702 394 3856 451 {058

580 504 927 575 proprietate.
985 501 1189 560 idcirco
1238 500 1608 555 necessarium
1653 499 1779 554 duxi
1830 501 1974 558 hunc
2022 499 2154 553 mihi
2188 513 2229 564 Α
2261 516 2324 555 ac
2343 502 3124 569 sempitcrmnn,immortalem
3145 515 3306 577 atque
3328 508 3857 574 incommutabilem.

578 594 755 651 solum
780 595 1071 649 decernere
1098 593 1218 666 [Ρη
1246 592 1558 664 decerpere]
1591 594 1992 647 sermunculum
2015 633 2030 657 ,
2066 593 2159 647 ubi

580 689 652 743 de
678 688 1066 759 omnipotentia
1097 687 1394 755 majestatis
1439 694 1572 749 tum,
1616 688 1756 739 sicut
1797 686 1959 739 corde
1999 685 2162 739 credo

580 780 647 833 ad
668 779 960 847 justitiam,
1002 780 1076 833 ita
1106 794 1199 833 ore
1226 779 1487 833 conﬁteor
1515 779 1580 831 ad
1608 779 1834 831 salutem
1855 818 1870 841 ,
1916 784 1964 830 te
1992 778 2163 830 Deum

578 868 795 925 Patrem
834 870 1169 939 ingenitum,
1212 878 1264 923 te
1307 869 1499 923 Filium
1531 869 1897 938 unigenitum,
1945 876 1997 921 te
2040 867 2163 937 Spi-

579 960 745 1014 ritum
779 971 1027 1015 sanctum
1057 961 1386 1030 paracletum
1407 1001 1419 1023 ,
1453 969 1695 1014 sanctam
1736 968 1792 1012 et
1833 958 2163 1011 individuam

580 1051 925 1117 Trinitatem,
964 1068 1126 1105 unum
1158 1054 1346 1113 Deum,
1389 1055 1439 1105 in
1472 1050 1838 1119 magnitudine
1868 1048 2164 1113 inﬁnitum,

579 1145 637 1203 in
669 1147 868 1201 virtute
896 1149 1357 1217 omnipotentem,
1402 1148 1455 1201 in
1486 1147 1726 1201 bonitate
1756 1160 2026 1199 summum
2046 1185 2063 1210 ,
2108 1144 2165 1198 in

577 1240 845 1310 sapientia
876 1241 1305 1295 intestimaliilem
1329 1283 1342 1301 .
1388 1241 1438 1292 in
1470 1239 1709 1293 consiliis
1737 1237 2067 1301 terribilem,
2110 1237 2164 1291 in

573 1330 792 1400 iudiciis
813 1331 1047 1401 justum,
1084 1332 1137 1385 in
1163 1331 1584 1400 cogitationibus
1610 1329 2031 1384 secretissimum
2052 1368 2067 1392 ,
2110 1328 2165 1382 in

578 1422 756 1476 verbis
788 1438 1030 1477 verat-cm
1051 1465 1064 1486 ,
1097 1424 1149 1476 in
1178 1423 1431 1492 operibus
1462 1428 1708 1476 sanctum
1728 1462 1741 1484 ,
1775 1421 1827 1475 in
1856 1419 2165 1474 miscricor-

576 1513 683 1567 diis
718 1514 1029 1582 copiosum,
1079 1531 1204 1586 erga
1252 1514 1628 1583 delinquentes
1674 1512 2161 1583 patientissimum,

575 1620 705 1675 erga
728 1608 1053 1676 ptetiitentes
1073 1608 1239 1677 pium.
1280 1608 1505 1674 Semper
1530 1608 1670 1662 idem
1700 1607 1871 1674 ipsum
1899 1613 2163 1662 aeternum

2266 607 2424 660 quem
2452 608 2549 646 nec
2572 595 2744 663 spatia
2766 594 3012 660 dilatant,
3031 595 3195 670 394
3223 612 3323 652 nec
3346 597 3583 653 brevitas
3598 600 3860 656 iocorum

2268 694 2537 751 angustat,
2566 700 2665 739 nec
2695 687 3034 756 receptacula
3061 689 3169 742 ulla
3200 698 3497 755 coarctant,
3528 704 3629 745 nec
3655 691 3860 746 volun-

2270 785 2354 831 tas
2382 778 2587 840 variat,
2633 794 2732 832 ncc
2767 780 3107 834 necessitudo
3135 781 3461 852 corrumpit,
3507 798 3607 837 nec
3648 795 3849 839 maesta

2268 869 2621 936 perturbant,
2670 885 2771 923 nec
2819 870 2938 923 beta
2986 871 3317 937 demulcent;
3369 873 3455 927 cui
3501 889 3603 929 nee
3642 872 3850 929 oblivio

2274 958 2442 1020 tollit,
2468 974 2565 1013 nec
2593 960 2852 1013 memoria
2884 960 3076 1025 reddit,
3110 976 3208 1015 nec
3234 963 3510 1033 praeterita
3542 972 3848 1027 transeunt,

2266 1065 2367 1103 nec
2397 1049 2571 1103 futura
2607 1053 2937 1105 succelnnt:
2983 1054 3067 1107 cui
3111 1068 3211 1109 nec
3250 1055 3404 1126 origo
3445 1055 3695 1121 initium,
3745 1070 3851 1110 nec

2266 1150 2510 1209 tempora
2541 1141 2962 1207 incrementum,
3008 1158 3108 1199 nec
3133 1159 3293 1200 casus
3330 1144 3490 1200 ﬁnem
3520 1146 3704 1210 dabit,
3744 1143 3851 1198 sed

2266 1242 2390 1288 ante
2416 1233 2630 1296 smcula,
2662 1242 2715 1288 et
2746 1235 2798 1288 in
2829 1235 3061 1301 saeculis,
3089 1244 3143 1291 et
3167 1252 3264 1309 per
3286 1237 3479 1292 satcula
3507 1238 3561 1291 in
3583 1247 3850 1293 atteer

2266 1324 2428 1391 vivis,
2473 1336 2528 1379 et
2570 1335 2656 1380 cst
2697 1326 2796 1379 tibi
2839 1327 3094 1396 perennis
3124 1328 3263 1392 laus,
3308 1338 3364 1382 et
3404 1336 3608 1382 aeterna
3648 1326 3849 1398 gloria,

2265 1433 2476 1472 summa
2506 1427 2768 1487 potestas,
2794 1425 2849 1472 et
2873 1418 3162 1490 singularis
3186 1421 3383 1485 honor,
3416 1427 3727 1490 perpetuum
3759 1433 3855 1474 ro-

2264 1523 2452 1579 guum,
2473 1518 2526 1562 ct
2545 1509 2661 1563 sine
2689 1507 2793 1562 ﬁne
2818 1508 3102 1579 imperium
3125 1525 3221 1580 per
3243 1511 3477 1577 inﬁnita,
3499 1522 3555 1566 et
3576 1509 3855 1567 indefessa

2265 1609 2321 1655 et
2347 1601 2667 1654 immortalia
2696 1600 2889 1655 saecula
2916 1601 3255 1657 smculorum.
3285 1602 3476 1657 Amen.

580 1747 3263 1773 W

1992 1880 2243 1957 PARS
2323 1877 2429 1953 II.

1728 2036 1825 2094 DE
1886 2033 2154 2093 VERBO
2208 2029 2708 2094 INCARNATO.

647 2245 686 2302 1.
729 2243 1006 2314 Superiori
1029 2243 1241 2311 quidem
1271 2238 1616 2295 seruiunt:qu
1638 2237 2007 2294 Confessionis
2034 2237 2159 2291 ﬁdei
2193 2240 2234 2297 Β
2262 2241 2574 2303 comperta;
2608 2248 2727 2303 quae
2755 2240 3037 2303 cxperunt
3063 2232 3316 2303 primitus
3344 2236 3592 2290 enarrari
3615 2252 3714 2308 per
3738 2236 3857 2295 Dm

578 2351 735 2401 mea,
777 2335 1121 2406 omnipotens
1147 2332 1407 2393 Trinitas,
1457 2330 1599 2385 Deus
1642 2346 1801 2393 unus,
1845 2329 2025 2384 cordis
2055 2328 2160 2383 mei

576 2427 850 2498 inspector
868 2434 925 2480 et
948 2432 1240 2488 scrutator,
1262 2421 1545 2477 confessas
1568 2437 1685 2477 sum
1708 2421 2163 2490 omnipotentiam

576 2519 879 2588 maiestatis
914 2527 1040 2582 tuae,
1084 2525 1137 2572 et
1184 2514 1522 2583 maiestatem
1563 2514 1973 2583 omnipotentis:
2014 2519 2159 2568 tuae:

576 2626 720 2667 nunc
752 2619 933 2666 autem
962 2608 1196 2678 qualiter
1222 2608 1457 2661 humano
1492 2607 1676 2677 generi
1720 2606 1773 2660 in
1806 2605 1911 2660 ﬁne
1939 2605 2167 2661 saculo-

577 2717 701 2757 rum
723 2700 1009 2756 subvenire
1038 2701 1291 2771 dignatus
1317 2714 1397 2761 es,
1435 2715 1571 2769 paro
1599 2698 1761 2753 corde
1803 2706 1859 2753 et
1898 2696 2165 2753 catholico

577 2808 675 2849 ore
714 2790 998 2848 conﬁteor.
1032 2789 1113 2845 'l‘u
1158 2790 1327 2855 enim,
1372 2790 1717 2860 omnipotens
1762 2788 1925 2843 Pater
1974 2788 2161 2854 solus,

576 2897 845 2953 nusquam
871 2882 1066 2953 legeris
1093 2882 1309 2936 missus.
1344 2880 1419 2935 De
1448 2880 1738 2951 Unigenito
1765 2887 1946 2934 autem
1973 2889 2065 2936 tuo
2089 2880 2163 2935 ita

576 2975 766 3033 scribit
805 2975 1132 3046 Apostolus:
1174 2972 1306 3029 Cum
1346 2974 1482 3027 venit
1528 2972 1797 3043 plenitudo
1838 2981 2162 3043 temporum,

580 3068 721 3126 misit
749 3066 890 3120 Deus
921 3065 967 3118 F
972 3066 1120 3119 ilium
1161 3082 1313 3119 suum
1343 3064 1539 3132 factum
1576 3080 1641 3117 ea;
1672 3062 1921 3128 muliere,
1960 3062 2162 3132 factum

574 3158 672 3215 sub
714 3156 824 3228 lege
851 3154 995 3229 [ϐαι.
1027 3173 1103 3222 tv,
1133 3155 1211 3229 4).
1261 3155 1398 3210 Cum
1441 3165 1624 3209 autem
1671 3156 1787 3210 ait:
1833 3154 1983 3210 misit
2023 3155 2165 3213 Deus

575 3249 773 3305 Filium
801 3267 958 3306 suum
988 3251 1189 3317 factum
1219 3266 1287 3305 ex
1319 3252 1562 3316 muliere,
1595 3252 1730 3307 satis
1758 3252 1999 3309 ostendit
2021 3251 2164 3322 quod

577 3346 632 3400 in
678 3343 823 3399 hunc
866 3346 1125 3405 mundum
1169 3345 1368 3401 missus
1411 3345 1668 3409 advenit,
1722 3359 1847 3401 cum
1888 3343 1957 3399 de
1996 3342 2164 3398 Maria

575 3446 795 3505 semper
819 3433 1030 3506 virgine
1069 3443 1253 3501 natus,
1294 3451 1455 3491 verus
1497 3445 1550 3491 et
1590 3436 1863 3506 perfectus
1906 3435 2069 3491 homo
2109 3437 2163 3493 in

576 3522 738 3579 ten'is
766 3525 1031 3594 apparuit.
1067 3526 1206 3593 Quid
1237 3526 1400 3596 igitur
1426 3536 1509 3582 est
1535 3527 1679 3595 quod
1705 3528 1771 3582 de
1800 3527 1889 3582 illo
1918 3527 2164 3598 Evange-

576 3614 699 3671 lista
729 3615 841 3671 ait:
875 3616 941 3671 In
972 3619 1326 3681 mundo‘erat,
1356 3629 1401 3672 et
1430 3619 1655 3673 mundus
1680 3636 1771 3689 per
1793 3620 1966 3690 ipsum
1991 3620 2162 3689 factus

575 3715 654 3765 est
683 3706 865 3777 (Joan.
894 3724 931 3772 ι,
970 3708 1056 3779 10)
1078 3709 1104 3763 ?
1129 3708 1260 3763 lllue
1288 3724 1417 3779 ergo
1446 3710 1646 3765 missus
1675 3719 1761 3767 est
1787 3728 1883 3781 per
1908 3713 2161 3767 humani-

580 3806 766 3863 tatem,
789 3799 877 3853 ubi
901 3816 1115 3871 semper
1137 3800 1237 3855 fuit
1256 3816 1353 3870 per
1372 3802 1731 3857 divinitatem.
1762 3803 1935 3871 Quam
1958 3804 2166 3862 scilicet

578 3889 890 3948 missionem
932 3909 1067 3963 Opus
1107 3910 1229 3949 esse
1268 3904 1471 3949 sancta:
1500 3896 1781 3951 Trinitatis
1809 3899 1972 3953 corde
2000 3899 2167 3955 credo

579 3981 649 4043 ad
674 3980 969 4049 justitiam,
1000 3994 1055 4039 et
1087 4000 1183 4041 ore
1218 3985 1480 4040 conﬁteor
1506 3986 1571 4041 ad
1601 3988 1852 4042 salutem.
1898 3987 2164 4044 Cancrum

577 4074 704 4145 quia
734 4074 899 4130 voluit
928 4076 1094 4132 Filius
1120 4077 1354 4133 hominis
1384 4078 1522 4143 ﬁeri,
1556 4088 1803 4134 neutram
1835 4091 2016 4136 tamen
2044 4096 2165 4138 cre~

578 4164 757 4229 dimus
785 4165 839 4219 in
868 4165 1093 4221 alteram
1124 4167 1484 4223 substantiam
1512 4171 1851 4236 commutari,
1883 4171 2166 4228 Trinitatis

579 4255 840 4325 mysterio
877 4266 1127 4325 quartam
1160 4274 1265 4311 non
1307 4258 1427 4313 addi
1474 4274 1793 4328 personam,
1832 4261 2007 4326 uniri,
2054 4274 2163 4317 non

579 4341 835 4400 confundi
863 4346 1023 4400 Verbi
1054 4347 1219 4402 divini
1251 4348 1591 4418 hominisque
1616 4350 1992 4416 substantiam,
2025 4360 2083 4405 ut
2108 4353 2163 4407 in

581 4432 770 4498 Deum,
804 4433 947 4506 quod
977 4450 1042 4490 ex
1073 4436 1227 4492 nobis
1252 4448 1563 4509 susceptum
1591 4438 1795 4505 fuerat,
1823 4440 2160 4510 perveniret,

578 4532 635 4581 et
662 4524 822 4590 illud,
866 4527 1009 4595 quod
1044 4543 1321 4599 nunquam
1357 4546 1463 4585 non
1500 4529 1703 4596 fuerat,
1746 4532 1889 4585 idem
1925 4547 2160 4603 semper,

578 4617 723 4698 quod
753 4617 948 4685 fuerat,
980 4632 1342 4693 permaneret.
1386 4622 1506 4694 Ipse
1532 4625 1697 4690 enim,
1727 4626 1818 4695 qui
1850 4626 2025 4682 lactus
2053 4643 2162 4683 non

578 4718 701 4773 est,
748 4712 963 4766 domum
998 4712 1099 4767 sibi
1132 4714 1361 4768 mirabili
1395 4716 1573 4780 modo,
1611 4731 1717 4770 non
1751 4718 2054 4786 explicabili
2085 4716 2163 4775 fe-

578 4800 683 4867 eit;
728 4810 987 4873 tempore,
1030 4820 1135 4858 non
1166 4805 1390 4860 consilio
1423 4822 1645 4870 novam,
1688 4808 1739 4861 in
1782 4809 1870 4863 illo
1903 4810 2160 4879 deinceps

580 4904 1008 4964 permanentem,
1036 4912 1135 4953 nec
1167 4898 1272 4952 ullo
1303 4908 1541 4970 tempore
1571 4898 1878 4955 ﬁniendam.
1912 4902 2017 4955 lste
2044 4917 2159 4956 mea

579 4985 757 5043 diutor
783 4987 877 5042 Dei
918 4997 974 5042 et
1014 4989 1319 5053 hominum,
1366 4990 1530 5045 homo
1553 4990 1801 5046 Christus
1826 4993 2016 5059 Jesus,
2062 4995 2158 5049 sed

581 5081 743 5139 homo
771 5078 889 5135 sine
918 5092 1141 5150 peccato
1182 5081 1327 5137 solus
1368 5081 1733 5137 manifestavit
1775 5100 1970 5138 nomen
2010 5094 2159 5139 tuum

580 5173 923 5229 hominibus:
963 5174 1048 5228 his
1079 5174 1437 5244 potissimum,
1483 5192 1618 5245 quos
1665 5187 1720 5229 tu
1766 5178 1814 5231 ei
1858 5178 2055 5233 dedisti
2092 5180 2159 5233 de

580 5261 799 5327 mundo,
846 5271 902 5317 et
941 5265 1279 5319 annuntiavit
1312 5266 1391 5321 eis
1419 5267 1632 5330 omnia,
1678 5275 1732 5321 et
1774 5276 1927 5323 tanto
1974 5269 2158 5324 verius

577 5362 787 5422 quanto
802 5354 1012 5409 caeteris
1032 5355 1305 5411 efﬁcacius
1326 5358 1492 5412 novit.
1522 5356 1587 5411 lli
1606 5358 1748 5411 enim
1768 5367 1893 5411 sunt
1916 5359 2003 5429 qui
2029 5374 2156 5414 con-

577 5442 752 5498 stituti
778 5454 904 5497 sunt
934 5445 1204 5515 principes
1234 5462 1394 5516 super
1431 5463 1645 5503 omnem
1676 5458 1893 5513 terram,
1927 5465 2154 5520 quorum

578 5532 707 5593 tuba
736 5536 1131 5604 praedicationis
1171 5540 1237 5591 ad
1276 5539 1441 5593 totius
1468 5540 1651 5593 mundi
1688 5555 1849 5595 aures
1884 5544 2150 5611 pervenit.

2268 2328 2495 2392 minum,
2524 2336 2577 2380 te
2602 2326 2859 2381 nimirum
2887 2327 3046 2381 verba
3077 2327 3287 2381 illorum
3314 2329 3585 2386 credibilia
3618 2329 3857 2393 faciente

2264 2418 2457 2489 signis,
2500 2425 2556 2471 et
2594 2417 2886 2487 portentis,
2930 2426 2987 2473 et
3030 2417 3193 2472 variis
3231 2419 3548 2487 virtutibus,
3587 2423 3857 2495 mirisque

2263 2509 2436 2594 sancti
2472 2507 2708 2578 Spiritus
2742 2507 3211 2564 distributionibus
3246 2511 3542 2565 secundum
3578 2520 3726 2568 tuam
3758 2530 3857 2571 vo-

2266 2598 2549 2655 luntatem.

2335 2701 2400 2758 ll.
2441 2700 2567 2756 Haec
2594 2715 2727 2757 sane
2753 2716 2913 2756 causa
2944 2709 3049 2766 est,
3079 2716 3185 2771 qua
3216 2700 3361 2768 freti,
3392 2703 3509 2759 sine
3535 2703 3641 2761 ulla
3672 2707 3857 2763 susci-

2264 2792 2446 2863 pimus
2469 2792 2839 2864 ambiguitate,
2870 2792 3127 2862 quidquid
3158 2801 3333 2849 mater
3355 2794 3594 2851 Ecclesia
3624 2798 3852 2853 tmlver.

2266 2883 2395 2938 salis
2435 2891 2490 2938 et
2529 2882 2821 2953 apostolica
2849 2881 3040 2948 docet;
3090 2897 3263 2953 usque
3304 2886 3461 2953 adeo,
3500 2896 3560 2942 ut
3595 2903 3696 2958 pro
3724 2899 3851 2944 tan-

2265 2987 2441 3033 torum
2477 2978 2919 3033 documentorum
2949 2978 3066 3049 ejus
3095 2979 3422 3044 assertione,
3467 2988 3616 3034 certa
3648 2980 3850 3038 ﬁrmati

2267 3068 2371 3124 ﬁde
2412 3084 2509 3139 per
2538 3069 2767 3140 gratiam
2796 3078 2976 3134 tuam,
3023 3068 3170 3126 muni
3212 3078 3603 3126 tormentorum
3646 3088 3852 3143 genere

2266 3160 2404 3214 mori
2436 3174 2541 3214 non
2571 3161 2876 3225 timeamus,
2922 3159 3153 3214 scientes
3198 3174 3297 3228 pro
3338 3168 3491 3217 certo
3525 3161 3692 3215 vitam
3729 3161 3851 3231 glo-

2266 3252 2465 3307 riosam
2514 3250 2668 3305 nobis
2712 3260 2915 3305 restare
2963 3260 3083 3319 post
3126 3260 3375 3309 mortem.
3426 3250 3538 3308 [lac
3581 3252 3851 3324 siquidem

2267 3340 2603 3395 corroborati
2634 3341 2927 3395 securitate
2956 3341 3223 3405 canimus,
3250 3342 3530 3412 psallimus
3576 3355 3630 3399 ct
3656 3344 3854 3401 scribi-

2268 3450 2387 3489 mus
2425 3434 2632 3488 alacres
2674 3433 2957 3504 avidique,
3005 3448 3147 3489 nunc
3175 3435 3340 3490 verbo
3366 3450 3433 3490 ex
3461 3437 3658 3503 verbo,
3706 3451 3853 3494 nunc

2268 3539 2427 3579 sensu
2464 3539 2531 3579 ex
2566 3540 2757 3590 sensu,
2799 3524 3093 3579 secundum
3124 3525 3473 3595 apostolicam
3504 3528 3849 3587 traditionem

2267 3614 2512 3670 mirabile
2537 3615 2728 3670 salutis
2755 3625 2953 3671 nostra:
2978 3631 3136 3687 opus,
3158 3617 3213 3671 id
3239 3626 3341 3681 est,
3362 3617 3490 3672 illud
3516 3618 3737 3687 pietatis
3760 3634 3849 3674 sa-

2267 3716 2626 3774 cramentum,
2647 3708 2787 3778 quod
2807 3709 3198 3778 manifestatum
3219 3720 3295 3763 est
3313 3711 3369 3763 in
3390 3727 3567 3775 carne,
3581 3710 3850 3782 justi/ica-

2266 3808 2376 3853 tum
2405 3811 2480 3856 est
2512 3800 2565 3853 in
2595 3802 2814 3871 spiritu,
2846 3801 3091 3871 apparuit
3123 3800 3352 3872 angelis,
3389 3802 3735 3871 [medicatum
3768 3813 3845 3858 est

2264 3889 2527 3959 gentibus,
2573 3890 2829 3947 creditum
2862 3900 2937 3943 est
2968 3891 3024 3943 in
3054 3890 3273 3957 mundo,
3314 3901 3637 3961 assumptum
3676 3901 3749 3946 est
3788 3893 3844 3947 iu

2263 3980 2432 4051 gloria
2463 3980 2514 4051 (l
2546 3980 2679 4035 Tim.
2711 3997 2795 4047 ut,
2820 3980 2896 4051 6).
2950 3980 3056 4036 Sed
3096 3983 3211 4039 haec
3244 3982 3367 4037 dum
3398 3982 3609 4053 cogito,
3659 3983 3841 4038 mirari

2266 4088 2478 4128 mecum
2507 4088 2614 4129 non
2641 4080 2797 4128 Cesso
2832 4073 2974 4127 illam
3002 4070 3307 4128 Judmorum
3342 4073 3705 4144 impietatem,
3747 4075 3841 4146 qui

2265 4180 2485 4218 manum
2517 4165 2732 4219 mittere
2764 4165 2817 4218 in
2843 4162 3117 4220 Christum
3157 4163 3474 4231 Dominum,
3517 4181 3623 4221 non
3651 4165 3843 4222 timnev

2265 4265 2393 4311 runt
2418 4257 2597 4313 verbis
2626 4256 2939 4312 cwlestihus
2974 4257 3305 4312 intonantem
3324 4298 3339 4325 ,
3385 4259 3652 4328 tantisque
3680 4259 3840 4314 mira,

2262 4348 2399 4405 culis
2424 4359 2816 4405 coruscantem.
2863 4349 2908 4405 Ο
2936 4350 3097 4405 corda
3128 4351 3277 4405 saxis
3303 4350 3519 4406 duriora
3537 4392 3551 4417 ,
3584 4360 3639 4405 et
3666 4350 3840 4408 brutis

2262 4438 2393 4495 feris
2422 4439 2666 4494 stultiora
2690 4440 2703 4493 !
2748 4439 2859 4506 ubi,
2890 4456 3039 4512 rogo,
3071 4449 3192 4498 erat
3217 4456 3408 4496 sensus
3434 4453 3491 4498 et
3515 4442 3654 4497 ratio
3678 4442 3837 4498 mise-

2262 4544 2478 4594 rorum,
2522 4531 2739 4601 quando
2776 4530 3050 4585 caelestem
3092 4531 3343 4587 videbant
3372 4533 3669 4599 medicum,
3720 4534 3837 4589 inﬁ-

2260 4619 2429 4673 nitam
2472 4618 2839 4690 languentium
2886 4620 3095 4675 turbam
3141 4623 3309 4691 gratis
3345 4638 3573 4689 sanare,
3622 4625 3673 4680 id
3718 4634 3834 4691 est,

2260 4711 2532 4775 dmmones
2577 4722 2853 4777 excutere,
2884 4728 3056 4767 caecos
3087 4713 3435 4779 reluminare,
3465 4715 3707 4785 leprosos
3743 4734 3836 4772 cu-

2258 4818 2411 4869 rare,
2459 4804 2783 4875 paralyticos
2817 4806 3178 4876 restringere,
3219 4807 3481 4861 cadavera
3518 4807 3642 4862 vita:
3682 4810 3835 4863 resti-

2265 4902 2434 4957 tuere,
2474 4904 2530 4950 et
2570 4896 2687 4950 hate
2728 4894 3003 4965 multaque
3043 4897 3145 4950 alia
3186 4898 3351 4952 solius
3388 4899 3532 4953 verbi
3575 4908 3833 4970 potestate

2263 4984 2378 5039 sine
2405 5003 2555 5042 mora
2587 4988 2789 5057 agere?
2827 4986 2963 5053 Quid
2990 4988 3299 5057 cogitabant
3324 4988 3375 5042 in
3405 4990 3656 5045 cordibus
3683 4993 3827 5059 caeci,

2262 5092 2383 5131 cum
2427 5079 2543 5147 ipsa
2582 5094 2795 5149 quoque
2836 5078 3097 5133 elementa
3140 5078 3383 5135 famulari
3424 5080 3471 5134 ei
3516 5094 3858 5149 cernerent,~

2259 5170 2394 5225 adeo
2433 5180 2493 5224 ut
2534 5172 2806 5242 ingressus
2832 5186 2981 5226 mare
3008 5172 3182 5227 ventis
3210 5173 3528 5242 imperaret,
3573 5174 3829 5244 procellas

2259 5274 2656 5333 compesceret,
2696 5267 2987 5321 ostendens
3014 5282 3073 5321 se
3100 5266 3441 5322 evidentibus
3478 5267 3643 5337 signis
3682 5276 3825 5323 tuum

2259 5370 2379 5411 esse
2407 5355 2623 5421 Filium,
2654 5356 2796 5413 Deus
2824 5358 3000 5422 Pater,
3031 5368 3084 5413 et
3113 5357 3288 5423 illum,
3319 5358 3411 5428 qui
3441 5373 3471 5410 a
3503 5368 3555 5411 te
3581 5357 3707 5411 olim
3733 5372 3827 5428 per

2254 5460 2407 5504 vates
2433 5451 2589 5505 saluti
2620 5460 2816 5505 nostra:
2844 5451 3026 5505 multis
3048 5451 3219 5505 modis
3244 5450 3537 5521 promissus
3559 5460 3660 5505 est.
3687 5449 3824 5506 Tan-

2254 5542 2374 5596 dem
2414 5543 2589 5612 gentis
2631 5542 2849 5613 perﬁda:
2888 5541 3124 5605 invidia,
3168 5541 3301 5595 diris
3342 5539 3584 5594 consiliis
3624 5540 3823 5596 diutius

574 5624 669 5683 Isti
699 5642 931 5697 namque
958 5628 1097 5685 sient
1123 5630 1192 5684 ab
1221 5629 1375 5685 initio
1402 5631 1670 5697 viderunt,
1702 5640 1756 5685 et
1782 5632 2015 5686 ministri
2040 5631 2155 5689 fue-
2250 5633 2473 5703 agitata,
2498 5632 2771 5687 Christum
2798 5633 2913 5688 dari
2941 5632 3043 5687 sibi
3071 5632 3123 5685 in
3148 5646 3367 5686 crucem
3392 5629 3577 5685 multis
3601 5630 3821 5687 extorsit

576 5730 707 5780 mut
746 5722 1039 5787 sermonis,
1084 5723 1421 5779 tradiderunt
1465 5724 1620 5779 nobis
1662 5740 1757 5794 per
1783 5725 2157 5785 successiones
2250 5721 2595 5777 clamoribus.
2628 5720 2955 5776 Prtedixerat
2982 5728 3037 5774 et
3059 5720 3174 5788 ipse
3197 5718 3316 5774 illos
3337 5718 3452 5773 hac
3476 5719 3550 5773 ita
3574 5726 3816 5775 acturos:

580 5811 830 5883 Petrum,
878 5814 1033 5871 multi
1073 5815 1225 5886 regni
1270 5815 1345 5871 tui
1389 5816 1673 5885 mysteria,
1720 5831 1993 5891 nunquam
2034 5824 2158 5872 ante
2250 5830 2441 5890 parum
2473 5815 2519 5871 si
2550 5830 2657 5870 non
2693 5820 2749 5869 et
2780 5813 3057 5892 propheta
3094 5819 3260 5881 retro,
3305 5818 3362 5867 et
3406 5820 3587 5867 tamen
3631 5810 3817 5869 afﬁxus
