4090 6488
324 380 464 437 1οί9

984 378 1131 435 ΟΡΡ.
1170 381 1398 437 DUBIA.
1445 414 1515 423 —
1550 381 1776 437 ALBINI
1811 381 2193 438 CONFESSIO
2230 384 2430 438 Fllllil.
2474 416 2541 423 ——
2580 383 2758 438 PARS
2796 384 2857 438 ll.

3445 384 3587 440 ιυδυ

316 498 487 564 cruci,
518 498 779 571 Spiritum
809 516 931 556 cum
960 500 1125 555 verbo
1153 510 1344 573 sponte
1371 501 1592 567 dimisit,
1624 510 1897 572 praevento
1931 500 1967 555 Α
2003 497 2129 549 tiam
2178 505 2346 561 tuam,
2378 498 2579 563 talem,
2618 507 2673 552 tu
2704 500 2789 554 cui
2816 499 2993 553 omnia
3024 506 3149 553 sunt
3176 498 3481 570 possibilia,
3529 507 3585 555 et

315 588 589 643 carniﬁcis
615 588 814 644 ofﬁcio.

384 681 469 740 lll.
511 681 712 738 Eodem
742 699 869 739 vero
902 695 1174 740 momento
1201 687 1316 742 dies
1343 689 1517 741 media
1548 689 1898 743 delitescent:

314 775 427 832 sole
457 776 511 829 in
539 783 753 833 noctem
784 782 989 829 mutata
1018 785 1121 831 est.
1163 778 1316 833 Tunc
1336 778 1501 835 Jutlzei
1533 796 1693 835 cruce
1720 782 1896 835 detra-

314 877 459 923 ctum
499 866 853 938 sepulcroque
889 868 1157 938 positum,
1201 886 1393 939 magna
1437 870 1601 926 etiam
1646 871 1895 927 militaris

313 956 572 1012 custodia:
617 955 892 1029 diligentia
937 957 1430 1025 circumsederunt,
1472 975 1564 1025 ne,
1594 962 1718 1030 quia
1754 976 1891 1031 prce-

311 1048 524 1104 dixerat
559 1065 619 1104 se
657 1049 814 1105 tertia
852 1059 1285 1104 resurrecturum
1315 1050 1431 1116 die,
1472 1050 1719 1122 discipuli
1756 1051 1891 1106 clam

310 1142 517 1197 amoliti
540 1158 735 1213 corpus
759 1151 1040 1212 suspectos
1074 1140 1340 1198 fallerent.
1361 1144 1559 1199 Verum
1585 1144 1651 1198 ad
1677 1146 1891 1199 tertiam

309 1233 484 1290 lucem
514 1248 778 1290 concussa
812 1242 1028 1304 repente
1054 1242 1220 1297 terra,
1244 1242 1298 1288 et
1324 1232 1461 1288 mole
1487 1234 1747 1299 revoluta,
1771 1250 1891 1305 qua:

306 1328 654 1382 obstruxerat
684 1333 1123 1389 monumentum,
1175 1334 1229 1380 et
1272 1323 1518 1381 custodia
1566 1341 1766 1396 pavore
1809 1325 1890 1380 fu-

306 1426 449 1488 gata,
474 1417 635 1472 nullis
656 1416 1039 1488 apparentibus
1066 1416 1363 1486 discipulis,
1394 1417 1526 1471 nihil
1553 1417 1607 1471 in
1634 1416 1773 1482 loco,
1798 1418 1890 1473 ubi

302 1507 511 1578 positus
538 1514 643 1573 est,
672 1514 939 1579 repertum
971 1514 1075 1570 est,
1101 1516 1298 1577 prmter
1325 1508 1546 1563 exuvias
1576 1508 1883 1577 sepultura}.

304 1596 664 1653 Nihilominus
702 1604 884 1652 tamen
920 1596 1186 1667 primores
1220 1595 1527 1652 .ludmorum
1555 1598 1624 1653 ab
1652 1600 1886 1670 lncmpta

303 1704 407 1742 non
438 1695 715 1743 cessantes
742 1686 987 1757 perﬁdia,
1020 1687 1303 1759 loquentes
1330 1704 1457 1743 vera
1487 1690 1732 1759 pecuniis
1760 1704 1885 1744 cor-

302 1787 596 1850 ruperunt,
640 1788 702 1835 ut
730 1796 853 1836 eum
892 1795 921 1834 a
961 1780 1237 1849 discipulis
1276 1782 1589 1852 subreptum
1639 1784 1886 1838 securius

2000 589 2131 641 nihil
2176 587 2428 655 diﬁieile;
2466 600 2526 644 ut
2562 590 2775 661 placere
2810 590 3018 643 valeam
3062 606 3245 644 coram
3274 589 3445 644 oculis
3475 590 3585 647 tuis

1997 684 2049 733 ia
2078 679 2324 734 veritate.
2353 681 2520 736 Tuam
2548 683 2635 752 pie
2656 698 2762 737 non
2792 682 3057 737 abhorreo
3082 682 3399 736 medicinam
3422 698 3435 747 ;
3459 698 3579 740 sum

1996 773 2140 825 enim
2190 772 2341 826 valde
2386 773 2652 828 inﬁrmus.
2704 774 2905 829 Ordine
2954 790 3060 843 quo
3106 774 3315 843 placet,
3365 774 3581 829 medere

1998 864 2175 918 multis
2206 864 2551 935 languoribus
2585 868 2747 931 meis,
2776 875 2831 921 et
2867 882 3106 936 cxcoque
3132 868 3362 920 scoriam
3390 882 3578 936 pecea-

1996 963 2169 1008 turum
2206 972 2443 1009 meorum
2472 958 2537 1010 ad
2572 973 2787 1027 purum,
2816 959 3128 1027 priusquam
3166 955 3377 1021 abeam,
3406 956 3581 1011 modis

1992 1048 2190 1116 quibus
2216 1048 2308 1102 tibi
2340 1048 2566 1102 videtur.
2600 1049 2704 1103 Sed
2729 1048 2909 1118 rogavi
2942 1056 3113 1111 tuam,
3144 1047 3390 1111 Domine,
3418 1047 3579 1101 mise—

1994 1142 2303 1207 ricordiam,
2332 1152 2386 1197 et
2420 1159 2612 1216 rogare
2641 1159 2747 1200 non
2781 1158 2935 1197 cesso
2956 1185 2970 1207 ,
3006 1143 3130 1212 quia
3160 1143 3261 1196 hoc
3287 1141 3450 1196 nimis
3479 1142 3575 1195 de-

1990 1233 2187 1287 sidero.
2221 1233 2466 1289 Mollilica
2504 1249 2599 1289 cor
2630 1249 2807 1287 meum
2839 1232 3032 1286 durum
3072 1242 3126 1285 et
3171 1232 3440 1303 lapideum
3482 1237 3575 1285 tua

1990 1328 2223 1383 mirabili
2251 1338 2306 1382 et
2333 1330 2537 1399 potenti
2568 1328 2840 1382 unctione.
2873 1325 3145 1391 Molliﬁca,
3173 1341 3387 1397 precor,
3417 1333 3473 1379 et
3493 1323 3577 1379 fac

1991 1436 2076 1476 me
2102 1436 2199 1490 per
2222 1420 2399 1491 ignem
2429 1420 2891 1491 compunctionis,
2930 1419 3162 1473 hostiam
3192 1434 3368 1473 vrvaut
3396 1417 3575 1488 quoti-

1988 1511 2077 1565 die
2102 1526 2285 1566 coram
2318 1521 2371 1567 te
2400 1511 2535 1566 ﬁeri.
2570 1511 2801 1580 Respice
2827 1526 2931 1575 me,
2968 1509 3212 1573 Domine,
3241 1518 3296 1565 et
3316 1510 3581 1564 miserere

1988 1601 2093 1655 mei
2122 1616 2136 1655 :
2176 1603 2243 1657 da
2276 1602 2406 1657 mihi
2455 1601 2705 1659 elfectum
2749 1603 3025 1673 petitionis
3063 1612 3116 1655 et
3144 1600 3395 1656 desiderii
3428 1603 3571 1654 mei:

1987 1695 2055 1749 da
2090 1694 2255 1764 capiti
2284 1710 2405 1751 meo
2446 1710 2643 1765 aquam
2681 1696 3021 1757 immensam,
3051 1705 3106 1748 et
3132 1692 3303 1748 oculis
3334 1693 3470 1747 meis
3496 1692 3579 1746 in-

1989 1783 2150 1839 funde
2174 1800 2358 1839 rerum
2384 1785 2588 1841 fontem
2613 1786 2973 1856 lacrymarum
2992 1783 3191 1854 iugiter
3209 1792 3577 1846 emanantem,

299 1876 632 1946 iactitarent.
684 1873 839 1931 Justo
881 1874 1085 1946 judicio
1126 1884 1237 1939 tuo,
1286 1876 1533 1941 Domine,
1583 1885 1643 1931 ut
1669 1892 1883 1931 sacrum
1921 1860 1961 1918 Β
1990 1888 2049 1932 ut
2090 1893 2188 1949 pro
2230 1878 2542 1934 vulneribus
2572 1878 2767 1933 anima:
2810 1893 2943 1931 mem
2992 1876 3359 1931 indesinenter
3387 1873 3583 1930 diebus

301 1974 532 2021 testatur
555 1966 906 2020 vaticinium:
958 1976 1013 2020 et
1057 1965 1205 2037 prius
1252 1966 1460 2021 multati
1511 1977 1638 2021 sunt
1685 1968 1883 2025 intelli-

299 2058 477 2129 gentia
503 2057 808 2123 oculorum,
851 2058 1169 2128 auriumque
1198 2056 1369 2129 fruge,
1403 2066 1457 2112 et
1486 2067 1705 2129 postea,
1743 2060 1885 2117 sicut

298 2149 584 2217 videmus,
629 2149 853 2225 proiecti
895 2159 1021 2205 sunt
1060 2168 1099 2205 'a
1148 2149 1367 2220 propria
1409 2150 1573 2216 sede,
1631 2159 1688 2207 et
1738 2168 1884 2208 nunc

296 2247 561 2317 dirpersi,
614 2245 934 2318 palabundi,
980 2253 1033 2301 et
1081 2245 1204 2301 cmli
1256 2244 1463 2315 solique
1509 2245 1593 2300 sui
1637 2252 1884 2302 extorres

299 2344 563 2408 vagantur
586 2353 682 2407 per
705 2338 889 2393 orbem
917 2337 1035 2391 sine
1065 2337 1200 2409 lege,
1232 2336 1348 2391 sine
1378 2352 1524 2407 rege,
1557 2336 1676 2392 sine
1701 2350 1882 2393 sacer-

296 2425 444 2493 dote,
466 2436 521 2482 et
542 2425 658 2481 sine
682 2425 971 2482 oblatione.
1004 2425 1211 2493 Quibus
1233 2426 1397 2481 etiam
1426 2440 1527 2481 nec
1547 2426 1880 2483 advenarum

290 2516 413 2588 iure
442 2525 639 2573 terram
673 2518 905 2588 patriam
936 2516 1124 2572 saltem
1161 2517 1389 2589 vestigio
1420 2518 1656 2573 salutare
1682 2533 1879 2574 conce-

301 2610 462 2666 ‘litur.
512 2608 703 2665 Merito
736 2609 860 2664 talia
903 2608 1203 2680 patiuntur,
1238 2610 1329 2679 qui
1360 2608 1648 2664 Dominum
1694 2609 1881 2680 gloriae.

294 2702 465 2759 livore
493 2702 670 2773 potius
702 2699 1105 2757 cruciﬁxerunt.
1156 2700 1324 2771 Igitur
1350 2699 1599 2757 Christus
1630 2716 1755 2758 vere
1792 2717 1880 2759 re-

294 2808 544 2866 surgens.
591 2795 686 2851 sed
734 2810 841 2849 non
891 2794 1057 2859 solus,
1105 2795 1278 2850 noluit
1318 2794 1479 2867 395
1509 2811 1569 2850 se
1606 2795 1658 2850 in
1688 2794 1879 2866 vulgus

294 2888 546 2952 educere,
579 2884 809 2941 fortasse
847 2900 916 2942 ne
953 2886 1101 2956 impii
1130 2900 1317 2941 errore
1346 2886 1723 2951 liberarentur,
1758 2886 1873 2952 sed,

291 2979 435 3049 quod
463 2977 773 3033 credibilius
800 2986 914 3042 est,
962 2986 1021 3031 ut
1066 2975 1198 3031 ﬁdes
1229 2991 1333 3030 non
1362 2974 1618 3031 mediocri
1652 2974 1877 3044 praemio

293 3070 563 3125 destinata
592 3067 909 3124 difﬁcultate
936 3075 1240 3134 constaret,
1287 3082 1408 3122 cum
1436 3066 1709 3135 discipulis
1737 3082 1873 3137 qua-

291 3159 539 3231 draginta
584 3158 701 3213 dies
746 3158 889 3230 egit,
940 3157 1166 3213 testibus
1211 3157 1419 3214 scilicet
1462 3158 1869 3228 praeordinatis,

1986 1982 2051 2021 ac
2077 1968 2322 2023 noctibus
2350 1967 2598 2031 deﬂeam,
2644 1968 2815 2024 donec
2854 1974 3065 2036 tempus
3094 1976 3177 2021 est
3220 1965 3574 2035 acccptabile,

1984 2057 2157 2113 donec
2191 2057 2309 2113 dies
2336 2068 2463 2113 sunt
2492 2057 2701 2123 salutis,
2734 2059 2905 2113 donec
2931 2064 3088 2111 vacat
3116 2056 3243 2111 ﬁere
3274 2057 3412 2109 mala
3454 2070 3574 2123 qum

1984 2149 2111 2217 feci,
2156 2162 2212 2207 et
2258 2151 2500 2221 quotidie
2548 2151 2726 2215 facio;
2768 2158 2826 2203 ut
2860 2164 2956 2219 per
2982 2148 3313 2218 pmmtentia:
3362 2146 3580 2202 labores

1984 2245 2092 2297 vita
2114 2254 2315 2297 aeterna
2346 2240 2597 2311 perfruar
2623 2255 2745 2295 eum
2786 2241 2962 2302 bonis,
2989 2247 3045 2293 et
3073 2238 3258 2292 ultima
3290 2238 3538 2307 portione
3556 2276 3570 2299 ,

1981 2335 2169 2391 saltem
2210 2350 2331 2390 cum
2372 2334 2465 2390 illo
2493 2332 2783 2390 venerabili
2830 2333 3073 2398 latrone,
3122 2332 3214 2402 qui
3258 2346 3357 2401 per
3403 2346 3578 2385 unum

1980 2429 2204 2483 verbum
2237 2424 2459 2481 effectus
2506 2433 2589 2480 est
2616 2425 2791 2479 hmres
2835 2424 3072 2494 paradisi
3125 2424 3177 2477 in
3227 2423 3343 2492 ipso
3382 2422 3581 2477 mortis

1980 2519 2236 2585 articulo,
2284 2525 2505 2591 propter
2549 2525 2696 2572 tuam
2747 2517 2973 2571 multam
3020 2513 3448 2570 misericordiam
3516 2521 3576 2568 et

1981 2611 2301 2667 bonitatem.

2051 2702 2116 2757 V.
2144 2701 2305 2766 Audi,
2337 2714 2459 2771 pte,
2501 2698 2624 2755 audi
2650 2713 2839 2769 preces
2882 2697 3022 2754 servi
3059 2697 3169 2762 tui,
3217 2695 3571 2751 reminiscere

1980 2792 2385 2847 miserationum
2412 2799 2651 2855 tuarum,
2683 2789 2879 2861 quibus
2900 2787 3221 2843 mirabiliter
3242 2787 3567 2843 subventum

1978 2895 2061 2940 est
2106 2885 2343 2939 humano
2388 2882 2571 2953 generi
2618 2896 2716 2953 per
2752 2881 3048 2936 bonitatem
3082 2890 3249 2934 tuam.
3288 2878 3573 2945 Quomodo

1979 2992 2085 3031 non
2131 2975 2349 3041 amasti,
2377 2974 2571 3030 Pastor
2597 2975 2759 3037 bone,
2794 2973 2886 3043 qui
2928 2972 3143 3043 proprio
3171 2970 3307 3025 Filio
3337 2978 3430 3026 tuo
3460 2987 3569 3026 non

1974 3066 2284 3139 pepercisti,
2314 3068 2407 3121 sed
2435 3081 2533 3136 pro
2560 3065 2715 3121 nobis
2741 3064 2922 3135 impiis
2947 3079 3068 3120 eum
3092 3063 3399 3119 tradidisti?
3428 3063 3572 3120 Sub-

1977 3159 2122 3214 ditus
2144 3158 2233 3213 ille
2257 3159 2353 3213 tibi
2378 3172 2548 3229 usque
2577 3157 2644 3213 ad
2672 3166 2903 3212 mortem
2926 3157 3125 3222 crucis,
3152 3172 3293 3212 unus
3318 3156 3407 3212 ille
3431 3157 3572 3214 inter

290 3221 491 3305 docens
522 3264 615 3305 eos
653 3221 1091 3323 qutevdocercnt.
1145 3246 1349 3303 Dehinc
1377 3221 1584 3303 cunctis
1612 3221 1869 3318 expletis,
1901 3221 1948 3283 ο
1979 3259 2219 3306 mortuos
2245 3251 2415 3316 liber,
2459 3221 2782 3321 potestatem
2820 3248 3026 3304 habens
3052 3247 3284 3319 ponendi
3330 3249 3570 3304 animam

289 3356 475 3401 coram
523 3341 635 3396 suis
685 3341 737 3395 in
791 3347 972 3396 monte
1014 3338 1340 3396 circumfusa
1388 3340 1529 3395 nube
1575 3341 1629 3394 in
1676 3340 1875 3396 caelum

289 3431 553 3491 ascendit.
584 3429 753 3499 Quem
779 3430 921 3485 sicut
946 3430 1344 3493 ascendentem,
1374 3431 1446 3486 ita
1470 3438 1755 3485 venturum
1780 3446 1876 3485 an-

289 3523 463 3597 gelica
491 3521 837 3577 attestatione
870 3521 1264 3592 prmstolamur.
1316 3521 1432 3577 Duo
1460 3521 1603 3577 enim
1632 3521 1873 3593 przedicti

290 3626 421 3673 sunt
450 3613 710 3669 adventus
735 3632 748 3668 :
787 3614 997 3685 primus
1022 3613 1271 3684 quidem,
1309 3614 1400 3684 qui
1434 3613 1546 3685 jam
1572 3622 1873 3686 expunctus

288 3716 394 3774 est,
421 3708 476 3763 in
502 3706 805 3763 humilitate
830 3706 1156 3763 conditionis
1181 3707 1458 3773 humanae;
1486 3708 1753 3763 secundus
1778 3724 1869 3763 au-

288 3810 421 3864 tem,
445 3799 534 3869 qui
558 3797 931 3854 concludendo
951 3796 1147 3852 sa2culo
1176 3796 1440 3862 imminet,
1462 3798 1517 3853 in
1542 3796 1872 3855 sublimitate

288 3890 484 3947 divina:
509 3890 808 3960 potestatis,
837 3888 1053 3960 quando
1083 3888 1310 3943 decurso
1338 3885 1496 3957 hujus
1529 3887 1705 3943 anatis
1732 3896 1869 3943 tem-

288 3996 441 4054 pore,
464 3981 711 4052 judicare
738 3981 949 4037 venerit
980 3981 1157 4051 juStos
1185 3981 1241 4035 in
1268 3980 1434 4037 vitam
1460 3988 1738 4046 aeternam,
1771 3980 1872 4035 im-

286 4076 408 4147 pios
429 4084 485 4130 et
504 4081 838 4144 peccatores,
866 4073 957 4143 qui
990 4072 1492 4127 thesauriaaverunt
1518 4071 1621 4126 sibi
1650 4071 1787 4126 imm
1814 4072 1869 4130 in

289 4167 377 4223 die
405 4166 517 4230 ine,
549 4164 951 4234 in‘supplicium
985 4171 1279 4228 aeternum;
1321 4162 1597 4217 suscitatis
1622 4162 1872 4217 omnibus

288 4256 359 4314 ab
382 4255 536 4310 initio
555 4253 843 4317 defunctis,
869 4261 925 4308 et
947 4251 1276 4318 reformatis,
1303 4261 1467 4322 atque
1494 4253 1777 4310 recensitis
1802 4254 1869 4309 ad

288 4346 570 4415 utriusque
598 4343 777 4398 meriti
803 4343 1239 4412 expunctioncm.

359 4437 447 4494 IV.
477 4437 577 4493 Ubi
605 4453 671 4492 ne
706 4444 925 4506 peccata
956 4452 1073 4491 mea
1105 4436 1303 4499 multa,
1350 4451 1470 4505 qua:
1500 4452 1643 4492 nunc
1676 4438 1867 4504 latent,

288 4537 586 4600 appareant
631 4544 813 4584 coram
860 4526 1092 4599 angelis,
1137 4535 1193 4582 et
1233 4527 1484 4583 omnibus
1527 4529 1757 4595 sanctis,
1801 4530 1867 4585 da

290 4622 443 4688 mihi,
474 4620 718 4683 Domine,
750 4633 897 4689 rogo,
942 4619 1139 4684 locum,
1179 4618 1433 4693 spatium,
1466 4626 1522 4673 et
1550 4617 1757 4675 fruetus
1792 4620 1870 4675 di-

292 4722 410 4787 gna:
446 4712 793 4785 paenitentiae.
827 4710 903 4765 Da
932 4726 1028 4766 cor
1053 4709 1345 4765 contritum
1390 4718 1445 4763 et
1487 4709 1866 4775 humiliatum;

291 4808 355 4863 da
382 4808 607 4879 gratiam
644 4806 1023 4875 laerymarum,
1050 4803 1117 4856 da
1135 4802 1315 4856 lumen
1341 4802 1393 4855 in
1418 4804 1603 4868 corde,
1635 4804 1699 4857 da
1728 4803 1871 4859 vires

293 4901 345 4953 in
376 4911 621 4968 corpore,
662 4904 721 4951 ut
761 4912 881 4963 qua:
926 4893 1129 4963 agenda
1165 4901 1321 4957 suat,
1363 4892 1595 4958 videam,
1627 4901 1682 4947 et
1709 4893 1777 4948 ad
1805 4908 1869 4948 ea

291 4987 579 5059 implenda,
608 5001 728 5056 quae
753 4984 964 5039 dederis
1001 4984 1205 5046 videre,
1234 4980 1446 5037 fortiter
1471 4983 1864 5038 convalescam.

290 5083 545 5137 Miserere
591 5078 717 5143 mei,
763 5076 1015 5139 Domine,
1051 5076 1337 5138 miserere,
1388 5090 1455 5129 ne
1507 5076 1700 5144 perdas
1744 5089 1864 5140 me,

291 5186 493 5243 quteso,
524 5184 646 5224 cum
677 5166 950 5238 peccatis,
998 5164 1175 5228 vitiis,
1217 5164 1388 5233 culpis
1428 5171 1483 5217 et
1529 5164 1867 5234 negligentiis

292 5264 445 5319 meis.
478 5262 553 5315 Da
582 5260 712 5315 mihi
736 5268 956 5329 propter
979 5270 1173 5310 nomen
1202 5265 1373 5321 tuum,
1406 5264 1460 5307 tu
1486 5254 1579 5323 qui
1603 5253 1869 5322 justiﬁcas

292 5354 520 5423 impios,
565 5358 620 5406 et
656 5349 899 5405 viviﬁcas
925 5356 1186 5411 mortuos,
1217 5354 1272 5399 et
1313 5344 1509 5399 multus
1533 5354 1867 5414 peccatores,

290 5455 348 5501 et
378 5459 482 5499 non
508 5449 670 5506 sunt;
714 5455 865 5511 rogo,
889 5440 954 5493 da
981 5438 1209 5507 gratiam
1240 5443 1409 5501 tuam,
1441 5445 1499 5491 et
1529 5437 1760 5491 emenda
1787 5437 1868 5490 vi-

295 5545 406 5593 tam
443 5547 652 5588 meam:
694 5531 915 5585 meliora
959 5536 1110 5583 actus
1152 5540 1331 5591 meos,
1362 5540 1622 5594 compone
1650 5540 1868 5580 mores:

296 5625 425 5682 tolle
457 5622 525 5681 de
576 5637 662 5677 me
705 5622 847 5691 quod
876 5620 971 5675 tibi
1003 5618 1272 5688 displicet,
1319 5625 1377 5672 et
1417 5616 1550 5671 mihi
1596 5625 1776 5681 nocet,
1818 5626 1871 5672 et

297 5715 475 5771 tribue
496 5730 593 5784 pro
619 5714 859 5769 bonitate
885 5720 994 5777 tua,
1024 5710 1167 5783 quod
1191 5708 1332 5764 nosti
1358 5708 1452 5762 tibi
1476 5708 1690 5778 placere
1713 5703 1884 5779 νοεδύ

296 5808 506 5870 ettuibi
536 5805 809 5884 prodesse.
835 5802 941 5860 Fac
972 5815 1077 5869 me,
1108 5814 1319 5873 precor,
1345 5796 1596 5864 clemens,
1630 5813 1726 5875 per
1749 5815 1871 5875 gra~

1899 4577 1947 4637 D

1975 3355 2154 3406 suam,
2181 3350 2236 3395 et
2262 3342 2457 3395 iterum
2486 3340 2731 3395 sumendi
2760 3355 2901 3395 eam.
2940 3339 3045 3394 Pro
3081 3340 3237 3396 nobis
3264 3340 3362 3395 tibi
3392 3340 3571 3396 victor

1975 3443 2029 3489 et
2057 3434 2306 3497 victima,
2350 3443 2406 3488 et
2451 3433 2572 3488 ideo
2599 3432 2778 3488 victor
2814 3432 2938 3501 quia
2971 3432 3210 3487 victima.
3264 3431 3370 3487 Pro
3414 3430 3574 3487 nobis

1977 3524 2071 3579 tibi
2101 3526 2355 3579 sacerdos
2385 3532 2439 3578 ct
2468 3522 2817 3589 sacriﬁcium,
2848 3532 2906 3578 et
2960 3523 3079 3578 ideo
3123 3523 3397 3588 sacerdos,
3437 3523 3567 3593 quia

1974 3617 2318 3672 sacriﬁcium.
2348 3617 2538 3671 Merito
2568 3616 2700 3671 mihi
2728 3631 2853 3687 spes
2884 3616 3062 3671 valida
3086 3618 3137 3671 in
3166 3616 3257 3672 illo
3284 3623 3387 3681 est,
3422 3618 3567 3687 quod

1974 3708 2189 3765 sanabis
2233 3723 2422 3763 omnes
2452 3708 2740 3780 languores
2771 3722 2920 3762 meos
2959 3724 3056 3779 per
3085 3724 3206 3763 eum
3228 3747 3243 3772 ,
3292 3708 3382 3777 qui
3414 3708 3569 3764 sedet

1972 3799 2039 3853 ad
2071 3799 2344 3852 dexteram
2393 3806 2580 3862 tuam,
2631 3806 2688 3853 ct
2729 3798 3033 3868 interpellat
3088 3815 3186 3869 pro
3229 3799 3403 3854 nobis.
3466 3799 3570 3855 De-

1973 3904 2194 3961 sperare
2239 3889 2423 3957 utique
2453 3889 2783 3959 potuissem,
2817 3889 2922 3945 nisi
2964 3890 3199 3944 Verbum
3248 3898 3396 3945 tuum
3437 3905 3569 3946 caro

1973 3980 2147 4045 ﬁeret,
2182 3988 2239 4035 et
2265 3980 2541 4037 habitaret
2567 3980 2621 4034 in
2654 3978 2829 4034 nobis.
2879 3978 2937 4033 Si
2981 3979 3150 4042 enim,
3190 3994 3313 4033 cum
3360 3980 3564 4035 inimici

1971 4086 2247 4136 essemus,
2296 4068 2629 4125 reconciliati
2661 4085 2849 4123 sumus
2875 4069 2973 4124 tibi
3022 4084 3117 4139 per
3164 4079 3395 4125 mortem
3443 4069 3565 4125 Filii

1972 4162 2070 4228 tui,
2098 4170 2304 4232 quanto
2335 4161 2509 4232 magis
2543 4176 2685 4217 nunc
2707 4161 2841 4216 salvi
2872 4160 2999 4216 facti
3032 4160 3099 4215 ab
3131 4162 3207 4215 ira
3238 4177 3334 4232 per
3354 4162 3567 4232 ipsum?

1972 4254 2174 4325 gratias
2202 4253 2299 4307 tibi
2328 4269 2429 4322 ago
2450 4296 2465 4319 ,
2504 4254 2970 4326 indulgentissime
3011 4253 3203 4319 Pater,
3251 4270 3351 4325 pro
3378 4264 3566 4313 sancta

1972 4345 2360 4408 incarnatione,
2407 4345 2674 4413 passione,
2706 4354 2911 4409 morte,
2961 4347 3391 4411 resurrectione,
3418 4356 3474 4402 et
3510 4348 3565 4404 in

1970 4436 2165 4491 ccelum
2192 4435 2507 4489 ascensione
2530 4434 2742 4489 Domini
2767 4433 3074 4491 nostriJesu
3091 4436 3290 4491 Christi
3316 4437 3433 4492 Filii
3463 4442 3560 4494 tui.

1970 4522 2238 4577 Benedico
2270 4538 2463 4577 nomen
2496 4532 2644 4578 tuum
2676 4524 2804 4578 totis
2831 4527 3170 4594 pmmordiis,
3217 4542 3317 4596 pro
3351 4528 3439 4582 illa
3471 4544 3563 4584 sa-

1973 4613 2276 4667 cratissima
2306 4614 2585 4683 sanguinis
2612 4613 2893 4680 effusione,
2922 4631 3029 4685 qua
3058 4632 3245 4672 sumus
3268 4618 3560 4687 redempti;

1974 4706 2268 4777 implorans
2297 4706 2616 4761 ineﬁabilom
2642 4707 2939 4762 bonitatem
2984 4717 3153 4772 tuam,
3187 4724 3255 4762 ne
3278 4711 3568 4779 permittas

1976 4815 2074 4852 nos
2106 4799 2343 4867 ingratos
2391 4798 2554 4871 [esse]
2587 4799 2748 4853 tantis
2776 4799 3052 4856 beneliciis
3088 4811 3141 4857 et
3167 4802 3414 4872 indignos
3450 4812 3560 4860 tam

1974 4889 2157 4943 multis
2204 4891 2660 4946 miserationibus.
2698 4891 2898 4945 Sumus
2926 4892 3069 4947 enim
3102 4894 3175 4947 tui
3221 4896 3400 4964 operis
3433 4912 3563 4968 pars

1975 4998 2079 5037 non
2124 4982 2273 5045 vilis,
2316 4998 2451 5052 quos
2483 4992 2630 5037 tanto
2676 4984 2769 5037 tibi
2814 4983 3017 5053 placuit
3061 4986 3325 5041 redimere
3362 4989 3556 5056 pretio.

1972 5076 2103 5143 Quis
2132 5077 2287 5146 digna
2336 5077 2693 5131 admiratione
2723 5086 3010 5147 penetrare
3046 5088 3209 5149 queat
3238 5079 3560 5135 iuunensum

1972 5167 2191 5237 pelagus
2222 5167 2363 5220 illius
2401 5167 2595 5220 summi
2639 5168 2888 5231 consilii,
2929 5184 3037 5237 quo
3078 5179 3357 5237 susceptus
3398 5170 3564 5226 homo

1973 5259 2060 5313 ille
2088 5258 2388 5313 dominicus
2418 5258 2596 5311 unitus
2624 5265 2708 5311 est
2732 5272 2854 5312 cum
2886 5257 2995 5311 Deo
3019 5299 3033 5319 ,
3073 5266 3129 5311 et
3166 5271 3475 5329 assumptus
3504 5260 3559 5315 in

1973 5351 2165 5412 Deum,
2193 5366 2297 5403 non
2341 5346 2656 5403 confusione
2686 5348 3016 5409 substantim.
3066 5349 3161 5403 sed
3205 5350 3411 5405 unitate
3438 5367 3561 5420 per-

1974 5455 2140 5494 some.
2170 5439 2431 5493 Mediator
2455 5439 2651 5509 quippe
2678 5437 2772 5492 Dei
2811 5446 2865 5491 et
2890 5439 3166 5493 hominum
3194 5441 3445 5496 Christus
3467 5439 3557 5495 Je-

1976 5546 2090 5594 sus,
2120 5528 2377 5583 Deminus
2407 5536 2611 5591 noster,
2641 5527 2782 5582 Deus
2810 5528 3151 5598 omnipotens
3172 5571 3187 5594 ,
3217 5546 3560 5601 nequaquam

1977 5622 2117 5675 alter
2152 5627 2234 5674 est
2280 5620 2332 5673 in
2375 5618 2731 5682 humanitate,
2768 5619 2905 5674 alter
2934 5621 2987 5674 in
3034 5622 3334 5688 divinitate,
3365 5625 3459 5680 sed
3504 5623 3561 5681 in

1978 5723 2205 5783 utraque
2251 5721 2441 5773 natura
2489 5727 2628 5767 unus
2671 5712 2920 5782 idemque
2968 5714 3111 5771 Deus
3160 5717 3349 5783 homo,
3398 5718 3563 5775 humu

1978 5803 2137 5861 Deus.
2166 5802 2271 5860 Nec
2313 5804 2475 5877 igitur
2510 5820 2679 5879 purus
2720 5805 2880 5860 homo
2934 5816 3227 5877 COllCt‘plUS
3283 5815 3398 5876 cst,
3456 5822 3565 5867 nco
