4090 6490
484 263 619 325 1051

1298 251 1359 305 Β.
1401 248 1464 305 F.
1505 244 1731 303 ALBiNi
1773 240 1909 298 SEU
1948 235 2225 294 ALCUNI
2264 229 2553 289 OPEIllIM
2592 225 2773 282 PARS
2814 223 2946 279 Vili.

3628 216 3776 273 {053

480 383 699 449 postea,
723 376 785 427 ut
808 369 951 425 Deus
976 373 1141 429 esset,
1185 361 1412 431 accepit,
1452 358 1547 415 sed
1572 358 1685 429 ipse
1714 353 1886 409 Filius
1914 361 2064 414 tuus,
2097 351 2141 407 A
2175 354 2413 449 teneam,
2437 337 2861 449 quodldcfmme
2903 345 3260 449 componam;
3285 329 3451 449 quod
3479 329 3774 403 pulchrum

484 471 739 526 manente
768 457 1197 517 incommutabili
1241 454 1499 517 essentia,
1530 465 1654 522 qua:
1692 449 1767 505 illi
1809 455 1990 504 tecum
2018 454 2125 519 et.

485 576 611 618 cum
640 558 844 632 Spiritu
875 560 1063 611 sancto
1091 559 1176 605 est
1202 556 1493 611 coasterna,
1521 542 1816 615 assumpsit
1852 552 2074 596 carnem

486 666 587 725 pro
608 631 792 706 nostra
818 645 1011 709 salute,
1041 644 1095 697 in
1120 656 1226 711 qua
1252 648 1489 694 aeternus
1524 644 1650 691 ante
1677 632 1875 690 mula
1905 631 2078 703 possit

485 724 720 801 ostendi.
748 738 900 795 Unde
920 733 1170 806 quamvis
1207 730 1351 785 aliud
1377 729 1448 784 sit
1476 744 1541 783 ex
1570 736 1656 791 te,
1696 724 1841 779 aliud
1865 737 1931 778 ex
1962 736 2077 777 ma-

490 843 596 905 tre,
626 849 735 889 non
763 840 945 887 tamen
974 828 1114 883 alius
1150 834 1208 880 et
1236 825 1405 890 alius,
1449 830 1510 877 ut
1553 822 1695 886 duo,
1731 817 1875 888 quod
1910 814 2075 880 absit,

488 923 618 981 Filii
641 924 931 978 dicantur:
964 918 1059 974 sed
1087 917 1201 987 ipse
1230 924 1466 969 aeternus
1503 928 1570 967 ex
1614 918 1669 966 te
1712 910 1856 964 Deus
1894 906 2076 970 Pater,

490 1017 607 1088 ipse
630 1011 944 1083 temporalis
964 1025 1030 1065 ex
1061 1016 1234 1062 matre
1262 1005 1505 1077 virgine:
1542 1004 1654 1073 ipse
1676 1001 1768 1071 qui
1793 999 1939 1063 fecit,
1965 997 2080 1067 ipse

489 1107 586 1180 qui
607 1105 783 1162 factus
809 1111 913 1169 est,
940 1115 1169 1156 manens
1195 1114 1257 1152 ex
1290 1106 1521 1166 utroque
1552 1095 1603 1149 in
1628 1102 1855 1162 utraque
1886 1100 2081 1146 natura

490 1212 657 1263 unus,
683 1209 788 1251 nec
816 1202 1135 1249 naturarum
1158 1188 1502 1258 copulatione
1529 1182 1787 1241 confusus
1804 1225 1819 1249 ,
1846 1197 1949 1239 nec
1984 1196 2083 1236 na-

493 1296 737 1346 turarum
763 1285 1069 1356 geminatus
1094 1278 1458 1335 distinctione.

566 1375 656 1435 Vl.
671 1375 804 1444 Quis
823 1370 1055 1429 suﬂiciat
1075 1368 1320 1424 mirabile
1342 1382 1481 1438 opus
1508 1373 1673 1421 tanta:
1694 1362 2083 1420 misericordia:

493 1469 615 1541 ipso
642 1466 840 1522 mentis
862 1463 1057 1519 intuitu
1088 1456 1476 1517 considerare?
1512 1458 1647 1526 Quis
1673 1472 1782 1512 non
1813 1455 2085 1511 miretur?

494 1560 631 1630 Quis
671 1573 777 1615 non
824 1555 1179 1615 revereatur?
1224 1552 1357 1622 Quae
1399 1568 1505 1607 vox
1554 1550 1637 1607 vel
1683 1550 1866 1622 lingua
1908 1547 2085 1603 valeat

495 1650 707 1711 debitas
733 1649 1026 1719 rependere
1054 1644 1282 1701 laudes?
1318 1642 1364 1699 Ο
1399 1641 1573 1697 facilis
1599 1650 1656 1696 et
1680 1641 1943 1696 immensa
1966 1638 2084 1708 pie-

2173 436 2438 500 excolam,
2466 433 2610 503 quod
2639 446 2831 487 sanum
2855 442 3088 492 servem,
3115 424 3262 497 quod
3281 423 3559 479 infirmum
3584 436 3777 479 corro-

2173 527 2380 593 borem,
2416 534 2472 581 et
2500 537 2681 587 omne,
2712 519 2858 592 quod
2891 518 2987 574 tibi
3025 515 3222 590 placet,
3253 514 3557 570 custodiam
3586 527 3778 584 perse-

2174 628 2446 674 veranter.
2477 617 2584 673 Des
2619 616 2844 685 insuper
2880 611 3008 667 mihi
3032 608 3315 680 despicere
3342 606 3686 678 temporalia,
3715 613 3783 662 et

2178 712 2308 767 totis
2329 710 2536 765 viribus
2555 716 2761 763 aeterna
2790 704 3035 777 diligere,
3061 711 3123 758 ut
3149 707 3424 756 mortuum
3446 698 3578 755 mihi
3603 699 3778 771 depu-

2178 810 2286 856 tem
2317 800 2599 865 mundum,
2634 812 2736 853 nec
2759 793 3018 866 gaudens,
3051 808 3154 848 nec
3175 792 3371 863 lugens
3394 791 3461 846 de
3492 800 3773 862 tempora-

2177 892 2340 957 libus,
2358 900 2419 944 ut
2439 903 2539 944 nec
2562 894 2805 943 metuam
2830 883 3032 954 aliquid
3058 881 3376 954 temporale,
3404 895 3508 937 nec
3528 880 3777 950 diligam.

2178 982 2290 1037 Nec
2309 979 2521 1037 blandis
2546 992 2882 1048 corrumpar,
2909 990 3009 1029 nec
3032 973 3275 1028 adversis
3294 970 3595 1028 concutiat.
3621 970 3783 1039 Rogo

2180 1081 2361 1137 tuam,
2394 1079 2581 1127 sancte
2615 1069 2811 1133 Pater,
2849 1067 3225 1129 clementiam,
3272 1065 3329 1119 in
3358 1062 3576 1119 nomine
3601 1062 3782 1133 ipsius

2179 1167 2301 1224 Filii
2332 1166 2429 1231 tui,
2457 1162 2783 1220 circumcide
2810 1161 2865 1215 in
2893 1175 2979 1215 me
3006 1160 3188 1215 omnia
3209 1158 3340 1213 vitia
3367 1156 3547 1212 cordis
3568 1165 3625 1211 ct
3648 1172 3777 1211 cor-

2179 1262 2351 1335 poris,
2381 1268 2436 1316 et
2463 1260 2530 1315 da
2559 1257 2691 1312 mihi
2713 1265 3063 1327 augmentum
3085 1251 3584 1324 perfectionemque
3603 1250 3784 1303 virtu-

2182 1364 2315 1412 tum.
2349 1351 2595 1407 lllumina
2622 1361 2842 1404 sensum
2868 1353 2925 1400 et
2951 1344 3187 1399 animam
3216 1357 3394 1397 meam
3417 1383 3432 1405 ,
3475 1349 3536 1396 ut
3574 1338 3702 1395 illud
3748 1354 3782 1395 a

2183 1456 2239 1504 te
2282 1454 2495 1517 petam,
2542 1441 2684 1512 quod
2720 1450 2776 1496 te
2815 1439 3048 1495 deludet
3074 1438 3285 1492 audire.
3313 1434 3460 1492 Doce
3497 1449 3603 1500 me,
3648 1432 3787 1504 quid

2182 1538 2448 1610 cogitare,
2465 1534 2595 1607 quid
2622 1548 2805 1601 agere,
2826 1530 2959 1601 quid
2979 1529 3142 1600 loqui,
3164 1527 3295 1598 quid
3320 1534 3503 1582 tacere
3530 1525 3784 1583 debeam.

2185 1629 2263 1685 Da
2294 1628 2423 1683 mihi
2449 1625 2812 1698 prudentiam,
2847 1620 3240 1682 fortitudinem.
3251 1617 3540 1687 justitiam,
3566 1625 3624 1675 et
3643 1625 3791 1672 tem-

495 1705 699 1802 .1;
717 1705 856 1800 una
888 1756 1208 1813 semperque
1234 1738 1480 1793 miranda
1521 1736 1717 1793 divinae
1746 1705 2086 1806 propitiatio-
2121 1705 2162 1761 "
2190 1721 2512 1794 perantiam.
2542 1718 2621 1773 Da
2654 1715 3035 1813 discretionem
3062 1713 3413 1813 in_omn_ibus.
3440 1708 3787 1813 discernendi

496 1840 585 1895 nis
608 1838 951 1909 benignitas!
985 1834 1171 1898 Miror,
1201 1842 1390 1903 stupeo
1415 1850 1428 1895 ;
1459 1831 1555 1885 sed
1581 1829 1767 1893 laetor,
1802 1836 1860 1883 et
1886 1827 2089 1882 multas

501 1930 707 2005 gratias
733 1944 852 1998 ago.
878 1927 977 1982 Ine
996 1935 1052 1979 et
1076 1924 1395 1995 perditionis
1426 1921 1519 1975 lilii
1552 1919 1775 1984 fuimus,
1798 1927 1855 1973 et
1872 1933 2002 1973 ecce
2034 1918 2090 1971 in

499 2021 642 2080 ﬁlios
660 2020 754 2075 Dei
774 2018 1012 2087 adoptati
1036 2031 1244 2072 sumus.
1272 2012 1521 2069 "medea
1545 2011 1755 2083 quidem
1778 2009 1896 2075 Dei,
1921 2008 2092 2064 colur-

500 2113 650 2169 rcdes
674 2120 849 2167 autem
889 2106 1087 2163 Christi
1115 2106 1303 2178 (Rom.
1354 2120 1473 2169 viii,
1520 2102 1614 2174 7),
1666 2102 1743 2156 ait
1767 2099 2088 2171 Apostolus:

500 2204 679 2274 Caput
703 2201 958 2258 Ecclesia:
1002 2198 1273 2258 Christus,
1318 2193 1520 2251 Christi
1564 2208 1766 2263 corpus
1809 2191 2090 2256 Ecclesia;

504 2293 706 2351 Christi
733 2307 862 2363 ergo
885 2290 1125 2346 membra
1152 2304 1369 2351 smnus;
1396 2286 1537 2342 unde
1564 2287 1667 2340 hoc
1694 2285 1867 2349 nobis,
1890 2292 1944 2339 et
1964 2281 2095 2354 quii

505 2397 608 2442 nos
640 2385 708 2440 ad
736 2383 892 2439 lucc?
928 2381 1052 2435 felix
1077 2379 1276 2441 anima,
1306 2393 1427 2448 qua:
1456 2384 1616 2431 tantm
1642 2374 1959 2445 dignitatem
1986 2372 2098 2443 glo-

508 2480 603 2535 riae
630 2477 912 2533 honestate
942 2475 1063 2528 vitae
1084 2482 1139 2528 et
1162 2487 1373 2526 morum
1398 2468 1644 2523 obtinere
1672 2468 1891 2531 meruit,
1914 2467 2097 2521 divino

510 2570 713 2627 auxilio
733 2568 931 2622 vallata
972 2566 1025 2620 in
1054 2564 1325 2618 omnibus.
1372 2562 1514 2615 Deus
1543 2556 1827 2614 inei'fabilis
1852 2567 1908 2611 et
1935 2556 2097 2611 incir-

508 2661 854 2732 cumscriptae
902 2666 1140 2720 natune,
1188 2656 1464 2711 institutor
1506 2654 1747 2708 omnium
1791 2666 2003 2714 rerum,
2045 2657 2101 2702 et

511 2753 725 2813 Domini
755 2752 925 2807 nostri
960 2748 1088 2804 Jesu
1115 2747 1317 2803 Christi
1342 2746 1525 2809 Pater,
1556 2747 1646 2814 qui
1682 2743 1934 2797 eumdem
1964 2741 2098 2795 dile-

510 2856 659 2905 ctum
682 2845 878 2901 Filium
900 2844 968 2899 de
988 2841 1108 2897 sinu
1131 2849 1224 2895 tuo
1245 2839 1436 2894 misisti
1453 2838 1521 2892 ad
1538 2836 1809 2908 publicum
1832 2842 2100 2899 nostrum,

512 2939 790 3010 suscipere
810 2943 1057 2992 nostram
1081 2934 1266 2995 vitam,
1294 2940 1352 2985 ut
1382 2931 1536 2985 nobis
1560 2929 1715 2985 daret
1731 2944 1906 2993 suam,
1934 2938 2102 2982 esset-

511 3048 618 3104 que
638 3028 912 3105 perfectus
935 3029 1077 3083 Deus
1105 3040 1171 3079 ex
1195 3032 1247 3079 te
1269 3021 1455 3088 Patre,
1475 3029 1528 3075 et
1551 3019 1827 3091 perfectus
1851 3020 2013 3074 homo
2033 3034 2098 3072 ex

513 3134 725 3181 matre:
757 3130 904 3179 totus
928 3122 1090 3184 Deus,
1118 3127 1174 3173 et
1203 3125 1345 3175 totus
1372 3118 1555 3179 homo,
1584 3114 1749 3185 396
1767 3126 1906 3167 unus
1934 3111 2101 3167 idem-

510 3230 622 3289 que
657 3212 926 3278 Christus,
957 3220 1196 3267 aeternus
1223 3218 1280 3266 et
1308 3207 1650 3278 temporalis,
1699 3203 2021 3260 immortalis
2047 3214 2103 3259 et

513 3306 829 3368 moriturus,
860 3302 1091 3360 Creator
1130 3310 1187 3356 et
1233 3307 1478 3363 creatus,
1530 3297 1685 3353 fortis
1724 3304 1779 3351 et
1817 3294 2101 3359 inﬁmus,

513 3396 753 3454 nutritor
794 3402 852 3451 et
897 3392 1167 3456 nutritus,
1216 3398 1405 3461 pastor
1442 3399 1497 3444 et
1538 3390 1686 3454 ovis,
1733 3385 2105 3456 temporaliter

517 3496 781 3553 mortuus,
805 3494 985 3542 tecum
1015 3487 1069 3540 in
1098 3492 1361 3541 internum
1382 3484 1589 3545 vivens,
1618 3482 1732 3537 suis
1755 3478 2105 3535 dilectoribus

514 3578 642 3632 vita
668 3576 1056 3647 municipatum
1086 3575 1409 3643 promittens
1436 3573 1605 3637 dedit,
1641 3580 1695 3627 et
1737 3571 1893 3627 nobis
1928 3570 2100 3625 dixit:

516 3665 877 3736 Quodcunque
902 3665 1154 3737 petieritis
1184 3663 1402 3720 Patrem
1445 3666 1503 3719 in
1542 3665 1751 3719 nomine
1776 3680 1890 3718 mea
1911 3704 1927 3729 ,
1958 3662 2104 3717 dabit

516 3755 662 3810 vobis
692 3753 876 3826 (locis.
910 3771 1000 3820 xv,
1031 3756 1141 3826 ili).

594 3845 701 3904 ΠΙ.
740 3845 980 3902 Obsecro
1015 3846 1216 3916 itaque,
1262 3845 1508 3910 Domine,
1552 3853 1609 3901 et
1650 3855 1705 3901 te
1745 3848 1909 3903 nimis
1958 3850 2107 3919 pium

520 3952 652 4010 rogo
678 3939 731 3992 in
760 3937 979 3992 nomine
1004 3936 1245 4006 ejusdem
1275 3935 1395 3990 Filii
1425 3937 1502 3991 tui
1527 3938 1881 4002 dilectissimi,
1917 3948 1976 3993 ut
2013 3940 2109 3995 des

520 4030 799 4087 mihicum
826 4029 1016 4085 eodem
1043 4029 1178 4085 Filio
1208 4036 1302 4084 tuo
1332 4038 1384 4085 te
1419 4030 1473 4085 in
1500 4031 1753 4086 omnibus
1788 4031 2110 4088 benedicere

520 4131 579 4181 et
599 4120 935 4196 gloriﬁcare:
961 4123 1086 4191 quia
1113 4136 1344 4191 quorum
1366 4138 1469 4177 una
1488 4131 1574 4177 est
1599 4124 1920 4189 substantia,
1942 4140 2108 4180 unum

516 4222 607 4268 est
632 4220 690 4269 et
710 4214 915 4267 datum.
948 4211 1053 4267 Des
1082 4212 1247 4268 etiam
1287 4212 1419 4267 mihi
1450 4229 1546 4284 per
1576 4212 1754 4279 illum,
1785 4221 1986 4270 etcum
2020 4216 2110 4270 illo

523 4312 869 4375 peccatorum
893 4303 1133 4359 omnium
1157 4305 1393 4368 veniam,
1417 4314 1473 4359 et
1494 4305 1867 4362 mandatorum
1892 4316 2108 4363 tuorum

525 4392 846 4487 custodiam,
882 4393 1223 4449 dilectionem
1252 4401 1398 4448 tuam
1438 4404 1494 4449 et
1516 4396 1812 4451 fraternum
1844 4413 2103 4453 amorem.
2137 4427 2185 4487 ι)

523 4482 729 4540 Contra
767 4484 1039 4541 diabolum
1088 4484 1246 4540 fortia
1292 4487 1607 4541 humilitatis
1651 4504 1836 4553 arma,
1882 4500 1937 4543 et
1980 4506 2108 4562 erga

526 4573 724 4630 fratres
766 4576 1087 4631 charitatcm
1128 4576 1443 4647 perfectam.
1494 4579 1928 4649 Temperantiam
1976 4582 2106 4648 cibi,

526 4672 707 4734 potus,
754 4674 916 4735 atque
945 4666 1117 4721 somni
1140 4708 1156 4733 ,
1184 4678 1237 4721 et
1274 4670 1439 4723 totius
1470 4670 1706 4726 libidinis
1730 4681 1785 4726 et
1811 4675 1934 4727 vani
1962 4674 2108 4729 desi-

526 4757 665 4813 derii
697 4759 1117 4825 continentiam,
1163 4763 1403 4818 auditum
1452 4773 1691 4829 castum,
1730 4776 1785 4821 et
1811 4768 2109 4838 simplicem

528 4850 726 4906 visum.
758 4849 1055 4905 Pnritatem
1084 4854 1264 4910 cordis
1297 4864 1352 4909 et
1378 4858 1694 4912 munditiam
1718 4861 1979 4929 corporis.
2008 4861 2112 4917 Co-

528 4941 842 5013 gitationem
878 4944 1129 4999 mundam
1151 4987 1166 5011 ,
1205 4956 1262 5000 et
1288 4948 1399 5002 oris
1441 4949 1726 5020 cordisque
1766 4954 2107 5018 custodiam;

528 5043 714 5091 utnec
740 5050 834 5091 cor
858 5037 1004 5090 intus
1030 5039 1368 5108 iniquitatem
1388 5042 1676 5110 concipiat,
1706 5060 1806 5099 nec
1830 5045 2008 5116 lingua
2033 5046 2111 5102 fo-

530 5142 621 5184 ras
640 5130 909 5199 parturiat
934 5148 946 5183 :
989 5139 1045 5183 ut
1076 5147 1179 5187 nec
1207 5131 1339 5188 falsa
1362 5133 1573 5204 loquar,
1599 5153 1700 5192 nec
1730 5154 1855 5194 tera
1882 5150 2109 5203 taceam,

530 5232 633 5276 nec
658 5219 936 5278 salutifera
973 5223 1325 5291 abscondam,
1374 5242 1474 5283 nec
1503 5228 1779 5285 mortifera
1816 5231 2107 5303 proferam.

530 5309 734 5372 Precor
757 5317 922 5371 etiam
948 5326 1004 5372 ut
1032 5320 1124 5373 des
1151 5319 1280 5372 mihi
1311 5321 1684 5377 assiduitatem
1713 5325 1926 5390 orandi,
1970 5327 2114 5383 vires

526 5402 824 5475 ieiunandi,
855 5403 1212 5476 frequentiam
1248 5408 1481 5479 legendi,
1509 5420 1569 5466 ut
1609 5424 1875 5487 praecepta
1908 5425 1996 5470 tua
2025 5417 2110 5471 in-

531 5492 880 5565 fatigabiliter
914 5496 1110 5566 legam,
1138 5507 1194 5552 et
1229 5498 1620 5569 inexplebiliter
1643 5504 1862 5578 diligam
1881 5549 1895 5571 ,
1924 5517 1978 5563 et
2003 5508 2114 5564 elli-

533 5584 737 5641 caciter
767 5586 1087 5655 compleam,
1118 5595 1173 5641 et
1190 5588 1451 5660 quidquid
1476 5590 1529 5645 in
1555 5608 1640 5649 me
1675 5612 1898 5666 pravum
1927 5600 2115 5670 deprc-

534 5673 793 5740 beudero,
824 5688 921 5746 per
946 5677 1176 5750 gratiam
1202 5686 1346 5734 tuam
1383 5682 1687 5755 corrigam;
1726 5690 1867 5759 Quod
1906 5700 2113 5747 rectum

2190 1814 2332 1869 inter
2376 1814 2652 1868 dexteram
2681 1819 2737 1865 et
2769 1809 3070 1864 sinistram.
3099 1805 3177 1860 Da
3205 1805 3371 1860 etiam
3402 1818 3621 1859 sensum
3649 1801 3790 1871 vigi-

2190 1903 2320 1967 lem,
2350 1909 2408 1957 et
2433 1900 2720 1971 providum
2761 1897 3117 1962 intellectum,
3143 1902 3204 1951 ut
3235 1894 3439 1967 possim
3475 1894 3615 1949 inter
3642 1892 3790 1947 bona

2192 1994 2444 2063 malaque
2472 1993 2803 2048 discernere.
2834 1986 3002 2042 Aufer
3030 2002 3060 2041 a
3090 1985 3255 2042 corde
3281 1999 3405 2041 meo
3432 1982 3789 2039 alienationis

2194 2099 2437 2151 sensum,
2463 2098 2597 2141 cura
2637 2084 2691 2139 in
2719 2098 2803 2137 mc
2833 2091 3109 2151 stuporem
3150 2078 3349 2134 mentis
3369 2118 3385 2144 ,
3430 2077 3673 2145 exstirpa
3719 2076 3793 2129 de

2193 2173 2494 2231 visceribus
2516 2173 2651 2229 meis
2680 2170 2905 2227 consilia
2939 2168 3265 2240 iniquitatis,
3287 2168 3507 2222 eralica
3536 2183 3567 2221 a
3598 2166 3793 2236 lingua

2196 2284 2318 2324 mea
2347 2265 2668 2323 detrahendi
2695 2262 3177 2325 consuetudinem,
3224 2256 3517 2316 mentiendi
3553 2257 3794 2314 facilita-

2198 2369 2329 2426 tem,
2357 2357 2609 2428 loquendi
2641 2354 3138 2419 scurrilit:item,_et
3155 2366 3344 2408 omnes
3363 2356 3517 2407 actus
3538 2349 3794 2404 vanitatis

2197 2468 2331 2509 meae
2360 2462 2477 2506 arte
2503 2448 2783 2504 medicinae
2808 2455 2914 2501 tua:
2935 2459 3086 2501 sana.

2270 2564 2402 2622 Vill.
2430 2564 2509 2619 Da
2550 2563 2682 2618 mihi
2722 2576 2937 2631 semper
2963 2558 3267 2630 profectum
3293 2556 3348 2612 in
3375 2553 3778 2627 purgatissiiuis

2200 2659 2465 2721 moribus,
2496 2666 2619 2709 tene
2654 2668 2731 2710 me
2771 2653 2971 2708 virtute
2993 2648 3396 2719 omnipotentiae
3427 2655 3554 2709 tuae,
3592 2653 3649 2701 et
3682 2659 3795 2700 non

2198 2750 2349 2806 sinas
2390 2762 2478 2802 mc
2523 2745 2798 2801 voluntate
2842 2742 3048 2813 proprii
3087 2739 3297 2796 arbitrii
3344 2738 3583 2810 evagari.
3627 2735 3796 2793 Juxta

2204 2847 2353 2894 tuam
2382 2835 2777 2908 providentiam
2818 2834 3043 2904 dispone
3069 2847 3285 2887 omnem
3311 2830 3480 2884 vitam
3524 2843 3700 2885 meam
3737 2828 3796 2883 in

2202 2940 2294 2985 tua
2322 2930 2615 2984 voluntate.
2651 2926 2899 2980 Animam
2942 2925 3083 2980 hanc
3125 2922 3487 2994 peccatricem
3508 2961 3523 2985 ,
3557 2935 3657 2991 pro
3685 2934 3797 2991 qua

2204 3018 2453 3076 Christus
2475 3027 2719 3072 mortuus
2744 3025 2851 3081 est,
2882 3031 2989 3070 non
3013 3013 3297 3088 permittas
3327 3013 3523 3083 perire.
3558 3010 3798 3067 Frenum

2206 3120 2356 3166 tuum
2385 3111 2437 3164 in
2467 3109 2699 3165 maxillis
2729 3108 2865 3162 meis
2892 3121 3054 3179 pone,
3082 3114 3140 3162 et
3162 3113 3420 3177 tanquam
3452 3113 3797 3160 mansuetum

2205 3203 2403 3259 animal
2436 3203 2593 3259 trabe
2622 3216 2709 3258 me
2733 3210 2856 3273 post
2888 3210 2959 3256 te.
2991 3201 3072 3256 Tu
3111 3201 3257 3256 enim
3284 3205 3479 3255 cuncta
3505 3211 3626 3268 qua
3660 3197 3798 3253 mihi

2205 3297 2518 3369 expediunt,
2548 3298 2711 3353 nosti.
2733 3293 2850 3351 Non
2873 3293 3232 3361 diabolo,uon
3257 3293 3539 3359 mihi,non
3568 3290 3792 3355 mundo,

2205 3405 2313 3445 son
2338 3387 2429 3444 alii
2454 3388 2612 3444 alicui
2631 3387 2791 3444 liccat
2817 3396 2907 3442 tua
2937 3389 3076 3442 dona
3106 3387 3443 3450 subvertere,
3473 3386 3598 3455 quia
3626 3393 3800 3439 totum

2205 3483 2398 3555 fragile
2424 3492 2508 3538 cst
2532 3482 2791 3553 quidquid
2820 3482 2918 3537 tibi
2949 3481 3140 3536 nititur
3160 3479 3399 3535 obviare.
3429 3476 3627 3534 Fecisti
3652 3478 3798 3534 enim

2207 3591 2420 3632 mecum
2444 3590 2473 3628 a
2498 3589 2667 3645 puero
2703 3571 3130 3629 misericordiam
3152 3570 3396 3626 multam.
3430 3566 3638 3624 Perﬁce
3653 3566 3800 3638 quod

2208 3668 2443 3740 cepisti.
2496 3666 2574 3722 Da
2618 3667 2748 3721 mihi
2794 3681 3006 3734 semper
3033 3674 3090 3719 et
3121 3664 3322 3733 ubique
3363 3672 3554 3718 contra
3584 3661 3798 3717 hostem

2210 3757 2665 3822 crudelissimum,
2701 3756 2848 3828 pium
2890 3767 2996 3810 tuze
3037 3753 3370 3811 defensionis
3411 3752 3710 3817 auxilium,
3741 3762 3803 3808 ut

2207 3850 2351 3906 sicut
2392 3847 2741 3919 fragilitatem
2773 3862 2946 3902 meam
2978 3846 3070 3903 ille
3105 3846 3303 3900 invitus
3344 3860 3451 3900 non
3492 3852 3669 3913 cessat
3698 3843 3798 3899 int-

2209 3951 2414 4013 petere,
2456 3942 2532 3997 ita
2565 3942 2671 3996 tuis
2713 3948 2934 4013 cegatur
2960 3939 3167 3995 viribus
3199 3940 3457 3995 confusus
3483 3939 3795 3994 abscedere.

2212 4035 2415 4090 Prmsta
2441 4042 2501 4089 ut
2523 4033 2625 4089 siin
2651 4032 2910 4103 parvulus
2954 4032 3007 4087 in
3047 4030 3219 4087 oculis
3246 4032 3383 4086 meis
3400 4072 3415 4095 ,
3445 4040 3505 4085 ut
3532 4045 3715 4086 coram
3747 4038 3801 4085 te

2211 4126 2485 4181 inveniam
2513 4123 2760 4196 gratiam.
2801 4123 2877 4177 Da
2909 4132 2965 4177 et
2995 4122 3204 4191 adauge
3234 4121 3366 4177 mihi
3392 4134 3610 4190 semper
3640 4120 3799 4176 (idem

2212 4215 2446 4281 ﬁrmam,
2475 4230 2625 4287 spem
2664 4215 3073 4279 inconcussam,
3105 4213 3427 4268 charitatcm
3466 4211 3797 4283 perfectam,

2211 4309 2570 4365 humilitatem
2610 4307 2955 4379 profundam,
3002 4307 3313 4378 patientiam
3363 4306 3827 4373 invictissimam,.

2212 4401 2459 4472 corporis
2488 4401 2790 4469 animmque
2816 4401 3122 4456 castitatem
3152 4409 3490 4471 perpetuam.
3517 4400 3593 4456 Da
3619 4400 3801 4457 cordis

2210 4490 2617 4555 contritionem,
2646 4498 2701 4545 et
2730 4489 2932 4545 fontem
2960 4490 3345 4559 iacrymarum,
3383 4491 3451 4545 da
3479 4491 3795 4561 simplicita-

2211 4592 2342 4649 tem,
2374 4583 2735 4639 innocentiam
2764 4592 2821 4638 et
2851 4582 3141 4652 puritatem
3172 4583 3386 4647 cordis,
3414 4582 3795 4649 stabilitatem,

2209 4674 2569 4731 constantiam
2592 4684 2646 4729 et
2668 4676 3033 4745 integritatem
3057 4675 3271 4729 mentis.
3292 4672 3367 4728 Da
3379 4674 3524 4731 vires
3546 4675 3796 4743 invictas,

2212 4775 2273 4820 ut
2312 4767 2488 4821 victor
2528 4766 2633 4821 mei
2667 4766 2720 4821 in
2748 4766 2959 4820 cunctis
2996 4767 3245 4821 existam.
3292 4765 3610 4824 Dominetur
3646 4771 3797 4825 carni

2210 4857 2375 4923 ratio,
2401 4866 2457 4913 et
2491 4858 2690 4912 rationi
2719 4857 2892 4928 gratia
2920 4866 3031 4923 tua,
3059 4864 3119 4912 ut
3143 4874 3248 4913 non
3275 4858 3451 4912 vivam
3478 4858 3792 4926 bestialiter,

2211 4955 2397 5019 raptus
2428 4947 2629 5017 impetu
2659 4948 2859 5012 carnis,
2899 4947 2995 5003 sed
3025 4948 3098 5004 sit
3124 4950 3465 5005 conversatio
3490 4965 3610 5006 mea
3631 4950 3798 5007 bone.

2211 5049 2294 5097 sta
2325 5050 2382 5097 ct
2408 5040 2710 5097 rationalis.
2738 5040 2848 5097 Fac
2877 5056 2964 5097 me
2992 5042 3275 5113 providum
3305 5043 3372 5097 ad
3392 5045 3573 5099 omnia
3611 5054 3668 5099 et
3691 5045 3795 5101 dis-

2212 5138 2419 5187 cretum
2443 5132 2499 5187 in
2523 5132 2751 5188 cunctis.
2767 5131 2967 5188 Tribue
2986 5132 3120 5188 mihi
3139 5132 3266 5187 nulli
3287 5134 3626 5191 occasionem
3646 5149 3793 5197 scan-

2212 5222 2323 5279 dali
2350 5223 2611 5293 praebere,
2639 5222 3041 5292 simplicitatem
3070 5233 3127 5278 et
3148 5225 3430 5280 veritatem
3462 5226 3706 5298 diligens,
3738 5238 3795 5284 et

2212 5310 2479 5367 instanter
2505 5326 2592 5376 ea,
2639 5325 2759 5381 quae
2799 5312 2953 5382 pacis
2995 5320 3051 5366 et
3094 5312 3378 5370 charitatis
3420 5325 3573 5380 sunt,
3619 5318 3788 5387 sequi.

2214 5402 2395 5473 Longe
2420 5402 2505 5458 fac
2546 5417 2576 5455 a
2618 5415 2709 5458 me
2738 5418 2957 5458 omnem
2984 5402 3336 5474 hypocrisim,
3368 5420 3690 5477 omnemque
3722 5408 3793 5465 si-

2214 5492 2588 5559 mulationem,
2616 5502 2673 5549 et
2695 5492 2781 5549 fac
2809 5509 2895 5550 me
2926 5494 3023 5549 tibi
3050 5495 3106 5550 in
3128 5496 3357 5551 veritate
3387 5499 3617 5557 senirc.

2283 5600 2376 5699 rx.
2402 5604 2838 5699 Concede-mihi,
2865 5621 3050 5677 quaso
3070 5647 3085 5671 ,
3110 5606 3255 5663 bono
3284 5610 3465 5665 animo
3498 5620 3717 5682 propter
3741 5620 3790 5667 te

2214 5694 2481 5763 majorum
2516 5694 2671 5752 subdi
2694 5695 2969 5768 imperiis,
2994 5706 3048 5754 et
3069 5697 3235 5757 alacri
3256 5700 3422 5767 corde
3443 5703 3511 5759 ad
3537 5703 3785 5761 obedien-
