4090 6490
363 344 495 402 1053

1025 345 1174 402 ΟΡΡ.
1220 346 1446 403 DUBIA.
1492 376 1561 385 —-—
1597 342 1821 397 ALBiNl
1860 342 2241 399 CONi-‘ESSIO
2279 342 2481 400 FIDEI.
2529 376 2591 384 —
2632 345 2809 402 PARS
2846 344 2935 402 lli.

3472 352 3609 409 1053

354 456 503 521 tiam,
538 452 607 509 ad
634 453 1093 527 compassionem,
1137 453 1203 509 ad
1233 454 1577 511 concordiam
1617 456 1731 509 sine
1774 468 1922 507 mora
1958 460 2000 516 Α
2100 450 2163 505 Χ.
2206 451 2407 509 Precor
2436 461 2488 509 te
2523 468 2619 524 per
2644 454 2839 511 Filium
2871 464 3041 522 tuum,
3070 458 3276 529 reSpice
3307 476 3392 516 me
3418 470 3472 518 et
3505 463 3607 516 mi-

349 562 695 603 concurrere.
726 547 913 609 Excita
937 556 1209 618 torporem
1240 564 1416 604 meum
1446 548 1677 603 stimulis
1710 549 1846 611 tuis,
1878 557 1926 602 et

353 637 436 693 fac
457 652 543 693 me
564 646 782 694 strenue
806 653 1153 709 perseverare
1198 641 1249 694 iu
1286 642 1570 710 prmceplis
1602 649 1655 694 et
1682 638 1929 693 laudibus

354 730 461 785 tuis
501 737 659 786 nocte
687 747 751 787 ac
778 731 885 791 die.
914 732 989 785 Da
1028 732 1160 789 mihi
1196 733 1477 787 scientiam
1508 733 1767 786 humilem
1810 746 1928 800 qua:

350 821 599 885 adiﬁcat,
631 831 686 877 et
717 822 952 895 linguam
982 824 1249 878 eruditam
1289 834 1343 877 et
1371 824 1713 893 eloquentem
1733 865 1747 887 ,
1793 832 1931 878 utet

351 912 523 968 bonos
550 912 759 967 valeam
786 914 853 967 ad
885 914 1107 968 meliora
1135 915 1435 979 exhortari,
1466 921 1521 970 et
1546 914 1715 968 malos
1736 915 1803 968 ad
1824 923 1929 968 tuae

350 1002 689 1065 rectitudinis
728 1003 926 1058 lineam
964 1018 1238 1058 revocare.
1286 1003 1544 1070 infunde,
1576 1018 1740 1072 rogo,
1775 1004 1926 1059 cordi

350 1107 473 1151 meo
495 1108 595 1164 per
622 1093 815 1148 Filium
859 1104 1029 1158 tuum,
1075 1102 1129 1150 et
1164 1095 1230 1150 da
1260 1094 1389 1149 mihi
1429 1110 1551 1149 cum
1580 1110 1647 1149 eo
1678 1095 1925 1164 spiritum

350 1186 628 1257 sapientiae
646 1195 703 1243 et
725 1187 1048 1254 intellectus,
1064 1187 1273 1244 consilii
1300 1196 1354 1243 et
1378 1188 1725 1251 fortitudinis,
1752 1190 1927 1244 scien-

351 1281 440 1343 tiae
464 1290 521 1337 et
544 1282 778 1353 pietatis,
811 1289 867 1336 et
909 1282 1056 1352 reple
1097 1295 1184 1336 me
1223 1289 1412 1337 sancto
1439 1282 1631 1338 timore
1659 1291 1713 1335 et
1738 1296 1927 1336 amore

349 1384 463 1429 tuo.
496 1374 573 1429 Da
598 1375 860 1447 irriguum
886 1375 1133 1453 superius
1150 1383 1206 1429 et
1225 1374 1483 1446 irriguum
1508 1373 1753 1429 inferius.
1776 1374 1925 1429 Dona

348 1468 481 1530 mihi
532 1467 963 1525 benedictionem
1011 1466 1081 1523 de
1131 1481 1255 1522 rore
1301 1466 1456 1531 cali,
1500 1472 1557 1521 et
1600 1465 1925 1536 pinguedine

349 1564 528 1613 teme.
566 1551 641 1612 Da
672 1566 734 1612 ut
759 1558 935 1614 anima
971 1574 1093 1613 mea
1115 1559 1305 1613 ardeat
1325 1557 1446 1628 igne
1466 1557 1670 1612 amoris
1691 1557 1791 1611 tui.
1816 1556 1925 1613 Fac

347 1662 436 1712 me
464 1649 665 1706 mundo
690 1649 907 1720 penitus
926 1648 1217 1720 exstingui.
1249 1648 1497 1705 Concede
1521 1647 1654 1704 mihi
1686 1663 1925 1705 cor-con-

347 1740 535 1795 tritum
578 1747 635 1797 et
673 1739 1009 1795 humiliatum
1043 1739 1243 1796 habere
1263 1754 1448 1795 coram
1475 1748 1549 1795 te.
1584 1739 1694 1796 Fac
1718 1754 1804 1795 me
1824 1754 1924 1811 per

2031 558 2212 598 serere
2251 544 2355 600 mei
2390 564 2401 599 :
2443 548 2637 601 exaudi
2682 550 2985 605 orationem
3027 566 3233 616 meam,
3276 561 3331 608 et
3368 553 3433 608 da
3474 556 3609 611 mihi

2027 634 2257 704 gratiam
2293 646 2436 691 tuam
2473 647 2693 709 propter
2736 639 3134 695 multitudinem
3178 644 3434 699 bonitatis
3480 654 3606 712 tum,

2028 742 2147 795 qua?
2193 743 2404 784 mecum
2444 728 2651 800 jugiter
2689 747 3064 802 perseverans,
3105 734 3295 790 doceat
3335 753 3422 792 me
3462 738 3607 794 ince-

2027 819 2153 873 dere
2178 836 2363 875 coram
2400 829 2452 875 te
2492 824 2785 877 secundum
2812 824 3143 880 voluntatem
3181 837 3327 882 tuam
3356 831 3608 888 omnibus

2028 912 2219 967 diebus
2266 912 2391 966 vita:
2428 928 2580 967 mem.
2630 912 2783 969 lianc
2814 924 2973 984 peto,
3020 916 3085 971 da
3129 918 3261 973 mihi
3295 933 3448 984 eam,
3488 937 3610 993 qua:

2028 1020 2113 1058 me
2149 1021 2271 1060 cum
2323 1007 2511 1061 amicis
2547 1007 2855 1076 pacificum,
2899 1018 2953 1065 et
2997 1026 3120 1065 cum
3153 1010 3386 1067 inimicis
3418 1014 3609 1069 reddat

2027 1099 2400 1167 tranquillum,
2431 1115 2552 1169 qua:
2582 1117 2669 1156 me
2704 1117 2733 1155 a
2761 1103 2925 1157 verbo
2952 1117 3145 1173 aspero
3176 1104 3417 1175 mitiget,
3456 1114 3510 1160 et
3541 1107 3610 1161 ab

2026 1191 2201 1245 otioso
2230 1205 2479 1245 s-.-rmone
2517 1200 2857 1261 compescat,
2903 1207 3025 1261 qua:
3058 1208 3144 1247 me
3183 1209 3395 1263 semper
3440 1195 3607 1251 Deum

2026 1280 2108 1334 vel
2139 1294 2259 1349 quae
2299 1280 2394 1334 Dei
2425 1288 2571 1345 sunt,
2615 1282 2853 1351 cogitare
2893 1282 3201 1353 compellat,
3231 1294 3285 1338 ct
3320 1284 3505 1340 oculos
3539 1287 3607 1340 ab

2027 1371 2130 1425 isto
2156 1387 2292 1425 vano
2321 1372 2517 1427 sacculo
2548 1382 2759 1427 avertat
2788 1391 2799 1426 :
2839 1390 2958 1443 qua:
2988 1375 3119 1430 mihi
3148 1377 3292 1430 omni
3325 1378 3453 1432 hora
3483 1388 3607 1434 ante

2025 1470 2371 1531 conspectum
2419 1472 2648 1517 mortem
2706 1464 2941 1535 ingerat,
2987 1474 3043 1522 ct
3083 1468 3172 1523 hic
3212 1469 3447 1539 gaudere
3484 1484 3609 1538 pro-

2025 1552 2241 1617 hibeat;
2273 1569 2393 1623 qua:
2420 1555 2631 1609 trabem
2663 1569 2727 1609 ac
2752 1556 2946 1610 molem
2985 1567 3329 1628 peccatorum
3360 1573 3603 1613 meorum

2025 1646 2373 1702 considerare
2411 1660 2498 1702 me
2535 1656 2591 1701 et
2636 1646 2890 1717 plangere
2928 1647 3113 1714 faciat,
3146 1659 3200 1705 et
3231 1666 3337 1706 non
3376 1651 3603 1706 aliorum

2025 1737 2221 1793 delicta
2252 1737 2398 1793 velut
2425 1736 2690 1793 festucam
2719 1738 3046 1794 levissimam
3071 1745 3399 1809 perscrutari
3427 1743 3609 1798 dimit-

345 1831 576 1906 gratiam
607 1839 752 1887 tuam
780 1838 1000 1901 peccata
1043 1845 1161 1886 mea
1207 1832 1387 1887 omnia
1422 1829 1584 1896 ﬂere,
1631 1803 1921 1901 antequam
1953 1803 1999 1865 Β
2026 1835 2109 1885 tat
2138 1846 2150 1882 :
2181 1836 2456 1899 postremo
2478 1843 2597 1898 quae
2625 1828 2807 1883 omnia
2849 1830 3033 1887 mundi
3062 1803 3162 1900 pro
3186 1832 3355 1888 nihilo
3377 1833 3599 1899 habere,

346 1923 568 1987 moriar.
597 1922 674 1978 Da
698 1922 831 1979 mihi
867 1931 979 1978 tota
1004 1922 1184 1977 anima
1206 1930 1265 1977 et
1284 1921 1411 1977 totis
1431 1920 1639 1978 viribus
1666 1922 1805 1977 meis
1827 1937 1922 1978 ea-

345 2014 564 2087 quirere
610 2012 806 2071 faciem
847 2021 994 2069 tuam
1030 2028 1264 2082 semper.
1305 2012 1533 2069 infunde
1577 2012 1921 2070 dilectionem

348 2115 494 2171 tuam
520 2107 727 2185 pectori
760 2119 900 2171 meo,
930 2112 987 2159 et
1021 2105 1198 2160 scribe
1235 2102 1444 2160 dulcem
1479 2104 1799 2159 memoriam
1839 2102 1920 2159 tui

344 2200 401 2254 in
428 2198 626 2254 tabulis
654 2199 831 2254 cordis
854 2197 979 2252 mei.
1014 2196 1224 2251 lllustra
1261 2210 1347 2250 me
1377 2194 1496 2249 luce
1528 2194 1763 2250 celestis
1794 2211 1922 2266 pru~

344 2290 558 2347 dentiae.
587 2289 876 2360 imaginem
905 2295 1051 2343 tuam
1084 2288 1138 2342 in
1176 2302 1262 2341 me
1297 2301 1404 2342 non
1446 2285 1593 2341 sinas
1616 2285 1919 2349 obscurari,

345 2396 466 2451 quae
488 2381 533 2436 si
562 2387 615 2435 te
636 2388 926 2452 praistante
950 2378 1297 2443 defendatur,
1329 2392 1542 2447 semper
1563 2377 1782 2449 egregia
1816 2385 1918 2432 est.

344 2472 500 2527 Adsit
527 2471 677 2536 mihi,
723 2485 925 2540 quzeso,
957 2471 1236 2525 beatorum
1274 2467 1588 2538 angelorum
1616 2468 1705 2538 pia
1732 2476 1788 2524 et
1816 2466 1921 2522 (ida

346 2561 588 2619 custodia
616 2562 816 2633 ubique
837 2570 891 2616 et
920 2576 1158 2630 semper,
1187 2568 1241 2614 et
1268 2567 1486 2630 praesta,
1514 2568 1574 2614 ut
1594 2560 1732 2629 apud
1753 2568 1804 2613 te
1824 2574 1923 2637 pro

345 2667 434 2709 me
462 2653 681 2722 misero,
706 2652 948 2708 omnium
984 2659 1293 2706 sanctorum
1322 2652 1534 2721 agmina
1563 2650 1921 2715 intercedant,

346 2755 408 2802 nt
430 2762 616 2802 eorum
638 2746 887 2817 precibus
907 2755 963 2799 et
983 2744 1213 2809 meritis,
1243 2757 1342 2813 pro
1377 2751 1468 2798 tua
1495 2743 1698 2814 pietate
1730 2741 1924 2814 dignus

346 2836 552 2893 cfiiciar
577 2833 1022 2906 promissionibus
1041 2832 1163 2889 Filii
1195 2835 1293 2890 tui.
1317 2832 1563 2891 Concede
1582 2833 1715 2888 mihi
1741 2831 1925 2904 fragil-

346 2928 504 2993 limo,
540 2929 823 2985 beatorum
869 2927 1253 2984 monachorum
1281 2935 1494 2998 patrum
1528 2941 1772 2983 meorum
1802 2927 1924 2982 imi-

345 3017 450 3073 tari
476 3017 719 3088 vestigia.
748 3016 825 3072 Da
859 3017 994 3073 mihi
1012 3032 1200 3073 eorum
1222 3016 1706 3083 mansuetudinem,
1736 3017 1921 3073 mode—

345 3111 527 3177 stiam,
558 3118 616 3166 et
660 3110 1019 3174 tolerantiam,
1067 3110 1483 3179 benignitatem,
1525 3116 1918 3180 paupertatem,

1946 3159 1997 3225 α

2019 1926 2076 1974 et
2103 1927 2156 1975 te
2196 1920 2370 1975 solum
2410 1918 2539 1975 totis
2581 1918 2739 1973 sitire
2776 1920 3075 1976 visceribus
3114 1921 3284 1978 Deum
3333 1932 3599 1987 nostrum,

2019 2024 2195 2081 usque
2220 2008 2275 2065 in
2326 2010 2488 2065 tinem
2529 2010 2721 2066 doceat
2776 2026 2884 2077 me,
2929 2021 3089 2082 atque
3133 2024 3327 2084 potens
3371 2014 3602 2077 eﬂiciat;

2020 2110 2077 2159 et
2100 2103 2242 2158 sicut
2265 2102 2505 2173 piissima
2535 2102 2902 2158 misericordia
2929 2112 3018 2158 tua
3035 2104 3226 2162 dedisti
3256 2106 3385 2161 mihi
3414 2107 3598 2162 volun-

2021 2202 2189 2251 tatem
2220 2194 2479 2251 veniendo
2509 2196 2576 2251 ad
2601 2207 2655 2252 te
2690 2211 2786 2267 per
2814 2196 2983 2264 illam,
3012 2197 3090 2254 sic
3129 2199 3332 2254 donare
3360 2201 3604 2273 digneris

2018 2287 2341 2359 sapientiam
2362 2298 2418 2343 et
2441 2287 2795 2349 intellectum,
2820 2290 3075 2344 virtutem
3105 2298 3163 2347 et
3185 2291 3600 2361 possibilitatem

2021 2377 2265 2452 corporis
2286 2387 2342 2434 et
2370 2379 2562 2435 animae
2589 2379 2657 2435 ad
2681 2380 2775 2436 tibi
2804 2394 3019 2451 semper
3035 2381 3381 2437 devotissime
3402 2383 3457 2436 in
3482 2398 3600 2438 oms

2020 2470 2181 2525 nibus
2199 2470 2562 2537 serviendum,
2576 2487 2673 2541 per
2686 2473 2933 2528 eamdem
2960 2473 3248 2544 benignam
3270 2473 3607 2545 magistram-

2021 2575 2126 2631 que
2147 2560 2375 2629 gratiam
2401 2570 2571 2628 tuam,
2602 2564 2721 2618 sine
2744 2578 2848 2633 qua
2887 2578 2989 2620 nec
3011 2565 3273 2635 cogitare,
3297 2580 3401 2622 nec
3432 2565 3602 2636 loqui,

2022 2665 2124 2706 nec
2163 2663 2325 2723 agere
2365 2639 2735 2723 aliquid‘boni
2764 2653 3025 2710 valemus.
3069 2655 3138 2711 Et
3177 2654 3302 2726 quia
3334 2662 3460 2712 tuus
3489 2656 3605 2727 ipse

2023 2741 2345 2815 Unigenitus
2371 2744 2546 2801 dixit:
2588 2744 2760 2802 Nemo
2796 2746 2933 2802 venit
2956 2747 3026 2801 ad
3053 2762 3156 2813 me,
3178 2748 3279 2804 nisi
3307 2743 3491 2808 Pater.
3514 2749 3604 2818 qui

2021 2834 2162 2889 arrisit
2190 2837 2525 2901 Μίνωι-ἣ
2552 2852 2671 2891 eum
2689 2834 2872 2909 (Joan.
2903 2852 2980 2904 vt,
3006 2836 3119 2908 Η).
3146 2836 3245 2892 Et:
3276 2836 3446 2892 Nemo
3469 2840 3605 2893 uertit

2023 2928 2093 2982 ad
2123 2923 2338 2982 Patrem
2362 2927 2463 2982 nisi
2479 2944 2573 3001 per
2587 2944 2668 2983 me
2690 2926 2871 3001 (Joan.
2899 2944 3011 2995 xxv,
3025 2928 3100 2999 6).
3129 2928 3388 2993 Obsecro,
3416 2939 3606 2985 sancte

2020 3015 2201 3084 Pater,
2228 3026 2283 3073 et
2302 3018 2616 3088 suppliciter
2637 3032 2787 3090 rogo,
2811 3017 2954 3074 Deus
2977 3032 3148 3085 meus,
3164 3020 3319 3073 trahe
3341 3033 3428 3073 me
3452 3027 3507 3072 tu
3534 3020 3603 3073 ad

2028 3110 2224 3180 ipsum,
2255 3119 2310 3166 et
2334 3109 2448 3181 ipse
2475 3124 2561 3164 me
2583 3109 2843 3180 perducat
2863 3109 2930 3165 ad
2958 3118 3034 3177 te,
3060 3108 3189 3165 illuc
3216 3108 3310 3164 ubi
3336 3108 3427 3165 ille
3447 3118 3532 3165 est
3549 3110 3603 3163 in

347 3209 404 3257 et
442 3200 921 3272 Iongauimitatem,
960 3200 1137 3257 cordis
1165 3202 1573 3268 contritionem,
1618 3208 1674 3256 et
1716 3199 1924 3256 fontem
1947 3198 1997 3225 “
2027 3202 2247 3257 dextera
2274 3206 2366 3255 tua
2396 3201 2608 3267 sedens,
2634 3200 2724 3257 ubi
2749 3209 2832 3257 est
2864 3200 3197 3273 sempiterna
3225 3198 3362 3265 vita,
3387 3208 3444 3255 et
3465 3213 3607 3253 scm-

346 3292 728 3365 iacrymarum,
758 3291 863 3348 cibi
887 3300 1152 3362 potusque
1186 3292 1598 3357 abstinentiam,
1635 3291 1817 3347 cordis
1849 3292 1925 3346 ia-

346 3384 667 3453 biorumque
701 3382 1040 3448 munditiam,
1065 3382 1343 3455 spirituale
1379 3383 1650 3455 gaudium,
1673 3391 1730 3438 et
1749 3381 1927 3452 perfe-

346 3483 496 3536 ctum
536 3472 722 3530 mundi
756 3480 1141 3545 contemptum.
1177 3473 1340 3546 397
1373 3474 1634 3539 Maxime,
1674 3473 1922 3540 Domine,

346 3565 667 3626 charitatem
704 3579 738 3619 a
779 3571 833 3620 te
870 3562 1123 3635 efﬂagito,
1160 3565 1513 3622 humilitatem
1545 3564 1781 3635 inquiro,
1826 3580 1923 3635 pa-

348 3657 594 3715 tientiam
616 3656 850 3728 postulo,
886 3656 1191 3713 individuas
1220 3658 1445 3713 comites
1475 3656 1597 3712 fidei
1635 3670 1808 3722 mere;
1848 3657 1925 3711 si—

347 3747 462 3805 mul
495 3756 549 3805 et
577 3764 758 3803 veram
790 3748 983 3804 anima:
1011 3748 1357 3825 corporisque
1397 3748 1732 3825 pudicitiam,
1782 3747 1925 3805 sicut

346 3839 456 3898 illis
477 3839 692 3896 dedisti.

2026 3293 2238 3364 piterne
2262 3291 2420 3347 beata
2450 3298 2652 3346 aeterna
2679 3291 2964 3359 securitas,
3002 3297 3061 3345 et
3084 3305 3275 3347 secura
3307 3289 3608 3360 tranquilli-

2028 3393 2134 3449 tas,
2160 3381 2288 3438 felix
2320 3380 2623 3448 aeternitas,
2662 3389 2864 3438 mterna
2911 3380 3185 3438 felicitas:
3218 3379 3307 3436 ubi
3344 3386 3427 3435 est
3450 3394 3608 3435 amor

2028 3473 2322 3547 perfectus,
2359 3480 2415 3530 et
2441 3472 2621 3529 nullus
2648 3473 2832 3540 timor,
2870 3471 2963 3529 ubi
3002 3481 3088 3530 est
3127 3474 3245 3531 dies
3266 3480 3524 3537 aeternus,
3552 3479 3611 3527 et

2028 3582 2169 3622 unus
2192 3565 2435 3622 omnium
2460 3564 2695 3636 Spiritus
2720 3581 2735 3619 :
2764 3564 2855 3620 ubi
2877 3571 2935 3620 tu
2956 3578 3080 3621 cum
3106 3564 3219 3629 illo,
3236 3572 3291 3619 et
3318 3563 3408 3619 ille
3430 3570 3604 3617 tecum

2020 3657 2078 3714 in
2106 3657 2483 3715 communione
2523 3658 2698 3713 sancti
2726 3656 2964 3728 Spiritus
3001 3657 3335 3713 mternaliter
3359 3668 3426 3711 ac
3452 3670 3601 3710 sem-

2023 3748 2364 3819 piternaliter
2397 3747 2536 3804 vivis
2560 3757 2617 3804 et
2659 3762 2854 3822 regnas
2891 3747 3037 3805 Deus
3063 3762 3162 3821 per
3194 3746 3380 3805 onmia
3409 3745 3605 3802 saecula

2023 3840 2365 3897 seculorum.
2388 3839 2584 3897 Amen.

357 3956 3598 3991 ww“

1727 4041 1976 4120 PARS
2054 4040 2209 4120 ΙΙΙ.

404 4182 671 4250 HERUM
708 4182 799 4246 DE
832 4181 970 4239 Ι)Εο
1007 4180 1218 4240 TRINO
1257 4180 1346 4245 ΕΤ
1389 4178 1554 4247 υΝὓ,
1592 4176 1683 4233 DE
2214 4178 2307 4242 DE
2340 4179 2532 4240 ALIIS-
2556 4178 2948 4250 PLERISQUE
2984 4175 3537 4236 ECCLESIASTICIS

1868 4385 2119 4405 θυι-η

417 4457 462 4517 1.
499 4456 583 4514 Ad
620 4454 886 4528 luatitiam
928 4451 1093 4509 corde
1128 4446 1312 4514 credo,
1356 4456 1413 4503 et
1451 4444 1519 4502 ad
1554 4446 1786 4503 salutem
1826 4461 1924 4502 ore
1952 4446 2001 4513 D
2025 4445 2313 4507 eii'abiliter
2336 4454 2557 4514 uatum,
2589 4463 2611 4499 ι
2646 4457 2676 4488 ι
2704 4443 2906 4503 Verum
2935 4443 3105 4502 Deum
3142 4443 3477 4516 unigenitum
3503 4485 3522 4511 ,
3549 4454 3608 4503 ct

348 4552 608 4614 conﬁteor
645 4555 887 4604 sanctam
927 4551 984 4601 et
1029 4542 1357 4600 individuam
1406 4538 1763 4603 Trinitatem,
1814 4539 1925 4593 vir-

349 4651 517 4699 tutem
548 4653 733 4702 unam,
754 4644 810 4690 et
836 4634 1183 4689 indiscretam
1216 4627 1574 4697 maiestatem.
1600 4626 1839 4692 Patrem,
1868 4635 1925 4682 et

348 4733 577 4795 Filium,
611 4738 667 4784 et
700 4725 965 4797 Spiritum
1008 4730 1287 4786 sanctum,
1326 4734 1493 4777 unum
1538 4718 1707 4773 Deum
1748 4719 1923 4773 omni-

347 4832 659 4896 potentem,
703 4817 827 4874 cmli
879 4825 1145 4884 terraeque
1186 4811 1475 4875 factorem,
1521 4808 1815 4863 visibilium
1869 4817 1924 4862 et

349 4913 698 4975 iuvisibiiium
740 4908 1075 4965 conditorem
1101 4946 1116 4970 ,
1168 4904 1230 4959 in-
1275 4900 1522 4972 personis
1566 4900 1765 4954 trinum
1796 4940 1810 4962 ,
1865 4900 1917 4952 in

347 5005 650 5063 substantia
698 5016 885 5057 unum.
932 4996 1132 5052 Verum
1175 4994 1392 5065 quidem
1432 4990 1648 5048 Patrem
1696 5004 1920 5049 sumina:

348 5096 607 5155 bonitatis
646 5103 702 5151 et
741 5092 908 5148 totius
961 5087 1185 5143 Deitatis
1223 5083 1583 5155 principium,
1622 5081 1917 5136 incircum-

348 5190 563 5258 scripta:
605 5192 660 5241 et
693 5181 942 5252 ingenita:
980 5175 1275 5245 maiestatis
1305 5174 1492 5237 Deum,
1534 5185 1602 5226 ex
1645 5169 1792 5225 nullo
1818 5171 1915 5225 du-

349 5290 558 5340 centem
588 5276 817 5338 initium,
849 5271 943 5327 sed
981 5269 1228 5325 omnibus
1264 5266 1475 5321 initium
1505 5263 1748 5326 dantem,
1776 5277 1919 5317 sum-

349 5390 500 5432 mum
528 5374 750 5433 bonum,
796 5374 852 5421 et
895 5361 1076 5419 omnia
1120 5361 1277 5415 valde
1314 5359 1455 5413 bona
1482 5364 1780 5420 creantem,
1814 5369 1920 5408 non

350 5462 617 5537 corporali
656 5457 913 5533 progenie
953 5467 1129 5525 neque
1166 5449 1524 5513 extrinsecus,
1553 5461 1662 5502 non
1691 5445 1923 5502 necessi-

352 5567 464 5616 tate
498 5565 671 5623 neque
695 5551 993 5612 voluntate,
1039 5546 1134 5603 sed
1177 5552 1372 5600 natura
1419 5540 1614 5596 Filium
1659 5554 1922 5612 generan-

353 5658 483 5710 tem.
516 5644 715 5699 Verum
755 5652 935 5696 autem
970 5636 1165 5694 Filium
1194 5649 1261 5691 ex
1300 5633 1463 5689 Patre
1492 5632 1609 5688 sine
1647 5631 1805 5688 initio
1837 5630 1919 5687 in-

424 5772 447 5803 ο
489 5759 753 5828 Pelagius.
781 5754 911 5811 Vide
934 5751 1173 5824 Append.
1200 5750 1269 5806 ad
1292 5747 1427 5820 Opp.
1460 5745 1517 5804 S.
1552 5745 1849 5819 Augustini.

2024 4546 2212 4590 verum
2279 4532 2377 4594 Dei
2425 4531 2695 4597 Verbum,
2739 4546 2849 4589 non
2906 4530 3143 4597 factum,
3186 4546 3295 4588 non
3337 4538 3610 4593 creatum,

2022 4638 2133 4681 non
2173 4624 2503 4695 adoptivum,
2552 4625 2649 4682 sed
2691 4624 2934 4697 genitum
2983 4632 3040 4680 et
3078 4623 3240 4680 unius
3280 4638 3405 4680 cum
3444 4624 3607 4681 Patre

2022 4716 2355 4771 substantia.
2407 4714 2586 4785 Atque
2644 4715 2720 4772 ita
2772 4730 2871 4785 per
2938 4713 3120 4772 omnia
3181 4712 3443 4785 aequalem
3494 4713 3609 4770 Deo

2022 4803 2206 4872 Patri,
2234 4811 2298 4861 ut
2343 4820 2445 4863 nec
2492 4814 2763 4875 tempore,
2809 4818 2912 4862 nec
2951 4805 3165 4877 gradu,
3200 4817 3302 4859 nec
3340 4811 3608 4873 potestate

2022 4895 2198 4967 possit
2252 4910 2375 4955 esse
2428 4894 2670 4953 inferior.
2727 4895 3070 4966 Tantumque
3115 4909 3240 4950 esse
3283 4892 3611 4951 conﬁtemur

2024 4986 2207 5052 illum,
2233 4988 2325 5057 qui
2353 4994 2438 5042 est
2463 4987 2707 5057 genitus,
2744 4996 2977 5056 quantus
3006 4993 3093 5041 est
3119 4984 3239 5048 ille,
3274 4985 3367 5055 qui
3392 4984 3608 5056 genuit.

2023 5075 2142 5131 Non
2182 5087 2363 5133 autem
2401 5078 2524 5149 quia
2556 5077 2785 5133 dicimus
2814 5076 3053 5148 genitum
3093 5089 3126 5130 a
3175 5073 3339 5130 Patre
3370 5072 3594 5139 Filium,

2023 5168 2220 5225 divinae
2248 5169 2325 5223 illi
2362 5177 2420 5225 et
2452 5167 2709 5225 ineli'abili
2745 5166 3081 5239 generationi
3125 5164 3345 5239 aliquod
3389 5172 3615 5237 tempus.

2025 5259 2386 5316 adscribimus
2412 5301 2427 5325 ,
2470 5261 2565 5317 sed
2612 5275 2714 5318 nec
2761 5258 2980 5317 Patrem
3038 5258 3272 5315 dicimus
3315 5255 3610 5334 aliquando

2027 5355 2278 5425 coepisse,
2314 5369 2415 5412 nec
2448 5354 2665 5414 Filium.
2705 5353 2824 5412 Non
2854 5357 2999 5412 enim
3021 5355 3182 5412 aliter
3203 5354 3449 5411 confiteri
3476 5368 3606 5424 pos-

2025 5460 2215 5501 sumus
2254 5455 2517 5502 mternum
2558 5445 2810 5511 Patrem,
2867 5448 2973 5503 nisi
3031 5446 3394 5503 coniiteamur
3437 5446 3605 5502 etiam

2029 5548 2356 5599 coaeteruum
2394 5537 2608 5594 Filium.
2638 5538 2716 5596 Ex
2756 5537 2895 5599 Filio
2932 5554 3077 5596 enim
3114 5539 3275 5595 Pater
3297 5539 3514 5603 dicitur,
3542 5544 3603 5597 ct

2028 5632 2122 5704 qui
2158 5644 2375 5703 semper
2398 5629 2577 5695 Pater,
2627 5645 2841 5702 semper
2876 5632 3063 5690 habuit
3089 5630 3306 5688 Filium.
3344 5651 3361 5682 ι
3406 5628 3614 5687 Vel-un
