4090 6496
469 335 612 395 £035

1273 339 1335 394 Β.
1375 338 1438 395 F.
1479 337 1707 395 ALBINI
1747 337 1878 394 SEU
1919 333 2194 392 ALCUINI
2231 331 2520 390 OPERL'M
2561 334 2738 391 PARS
2782 336 2911 392 VIII.

3605 334 3749 390 I056

468 467 685 524 quoque
703 449 965 526 Spiritum
985 460 1255 518 sanctum,
1273 469 1459 508 verum
1478 453 1670 517 Deum,
1696 467 1802 507 non
1827 451 2049 514 factum,

2156 445 2314 501 simul
2343 449 2558 518 utrique
2595 449 2805 514 inesse,
2849 450 2952 504 nisi
2985 465 3151 504 unum
3177 459 3360 506 essent
3382 449 3546 507 Pater
3572 460 3626 505 et
3650 448 3744 505 Fi-

470 559 580 598 non
606 551 870 608 creatum,
895 557 996 598 nec
1022 544 1284 614 genitum,
1313 558 1488 612 neque
1514 544 1837 614 ingenitum,
1861 541 1954 597 sed
1989 555 2056 594 ex

469 631 634 690 Patre
680 633 839 688 simul
895 643 949 688 et
996 633 1133 689 Filio
1171 633 1608 690 inenarrabiliter
1651 633 2052 704 procedentem.

467 731 526 776 et
575 723 629 775 in
665 721 827 777 Patre
876 722 1118 794 Filioque
1155 724 1587 780 substantialiter
1621 732 2051 794 permanentem.

465 815 646 883 Atque
691 815 764 870 ita
807 831 904 884 per
954 819 1134 870 omnia
1184 818 1293 872 Deo
1322 817 1471 873 Patri
1509 825 1564 873 et
1600 817 1738 872 Filio
1768 817 2054 887 :equalem,

468 915 799 960 cowternum
843 915 900 961 et
942 909 1498 971 consubstantialem,
1544 918 1604 963 ut
1647 923 1823 978 neque
1868 907 2056 962 volun-

463 994 608 1060 tate,
651 1014 751 1052 nec
787 1009 1080 1069 potestate,
1123 1018 1229 1056 non
1271 1004 1576 1058 substantia
1621 1017 1796 1074 neque
1840 1003 2056 1058 aeterni-

467 1098 579 1146 tate
632 1091 846 1146 dill'erre
892 1094 1066 1161 possit
1099 1095 1168 1148 ab
1207 1094 1318 1160 eis,
1371 1095 1458 1149 vel
1487 1095 1748 1165 prtecedi,
1789 1112 1818 1150 a
1856 1095 2054 1166 quibus

464 1181 730 1251 procedit.
773 1180 1061 1238 Jﬂtemum
1115 1183 1280 1254 igitur
1316 1183 1535 1239 Patrem
1583 1186 1701 1240 sine
1745 1186 2050 1250 nativitate,

467 1280 731 1328 atternum
786 1290 918 1330 vero
979 1275 1172 1330 Filium
1225 1293 1349 1331 cum
1403 1278 1724 1344 nativitate,
1788 1288 2052 1336 azternum

465 1373 646 1419 autem
675 1364 937 1435 Spiritum
969 1376 1216 1422 sanctum
1247 1383 1370 1423 cum
1403 1369 1748 1438 processionc
1773 1371 1891 1425 sine
1916 1372 2056 1427 nati-

465 1456 652 1514 vitate.
701 1457 896 1514 Totum
951 1461 1169 1517 Patrem
1209 1463 1262 1516 in
1307 1463 1444 1519 Filio
1491 1473 1547 1519 et
1589 1465 1796 1538 Spiritu
1841 1477 2049 1533 sancto,

464 1555 640 1603 totum
671 1549 864 1604 Filium
897 1551 948 1606 in
979 1551 1142 1608 Patre
1169 1563 1225 1609 et
1253 1553 1458 1624 Spiritu
1487 1565 1699 1623 sancto,
1730 1567 1903 1614 totum
1935 1560 2055 1630 Spi-

466 1639 632 1694 ritum
661 1651 905 1697 sanctmn
930 1645 983 1698 in
1018 1643 1180 1700 Patre
1202 1657 1256 1702 et
1285 1647 1422 1701 Filio
1445 1659 1773 1716 manentem,
1804 1662 2052 1708 sanctam

464 1733 710 1790 videlicet
765 1744 821 1791 et
863 1738 1193 1794 individuam
1245 1741 1608 1810 Trinitatem,
1657 1763 1821 1802 unum
1880 1749 2049 1803 Deum

2154 539 2278 600 lius,
2306 554 2336 593 a
2359 539 2554 609 quibus
2581 541 2861 609 tequaliter
2889 541 3132 611 procedit
3161 540 3395 612 Spiritus
3422 551 3662 596 sanctus.

2223 627 2308 681 Ill.
2349 627 2502 681 Enim
2538 642 2668 682 vero
2699 626 2931 697 Spiritus
2959 638 3180 683 sanctus
3215 637 3298 682 est
3325 627 3505 683 Patris
3536 638 3591 684 et
3613 628 3738 684 Eilii

2155 731 2283 770 vere
2306 717 2505 781 unitas,
2539 727 2594 772 ct
2628 718 2910 782 sanctitas,
2945 729 3001 772 et
3027 719 3288 783 charitas,
3314 719 3440 789 quia
3470 719 3614 788 quod
3645 720 3740 774 ille

2155 805 2301 861 solus
2331 806 2551 862 relative
2571 808 2785 873 dicitur,
2818 810 2921 863 hoc
2949 810 3034 863 isti
3057 810 3378 864 naturaliter
3404 810 3563 867 ambo
3586 818 3740 865 sunt.

2155 894 2375 967 Legitur
2404 899 2547 952 enim
2579 896 2808 973 Spiritus
2834 909 2908 953 est
2930 899 3070 954 Deus
3103 898 3284 971 (Joan.
3312 916 3422 965 xxv,
3447 899 3556 973 24).
3597 899 3743 956 Hinc

2154 986 2357 1058 liquido
2399 998 2544 1059 patet
2577 970 2820 1046 sam-tam
2854 990 3194 1056 Trinitatem,
3232 1006 3351 1062 qua:
3395 1005 3536 1046 unus
3574 1007 3739 1048 verus

2156 1080 2297 1135 Deus
2331 1091 2432 1146 est,
2473 1082 2795 1159 naturaliter
2823 1093 2879 1137 et
2909 1081 3203 1138 secundum
3235 1084 3528 1159 essentiam
3566 1083 3740 1154 Spiri-

2158 1177 2267 1223 tum
2296 1187 2435 1226 esse.
2465 1151 2605 1243 Ergo
2624 1171 2788 1227 Pater
2809 1172 2950 1228 Deus
2971 1180 3026 1226 et
3050 1151 3283 1244 Spiritus
3303 1181 3359 1226 et
3380 1151 3737 1239 sanctns'est;

2156 1261 2297 1316 Deus
2332 1263 2427 1318 Dei
2461 1263 2627 1319 Filius
2647 1272 2702 1318 et
2736 1264 2971 1336 Spiritus
2992 1272 3108 1326 cst,
3140 1273 3194 1320 et
3221 1276 3444 1320 sanctus
3470 1277 3578 1332 cst;
3612 1265 3739 1336 Spi-

2156 1356 2292 1411 ritus
2331 1372 2457 1410 vem
2509 1365 2732 1412 sanctus
2780 1373 2885 1417 non
2943 1357 3115 1427 magis
3147 1356 3384 1427 Spiritus
3424 1365 3526 1422 est,
3567 1373 3740 1427 quam

2155 1447 2304 1502 Pater
2343 1454 2398 1501 et
2432 1447 2619 1503 Filius.
2653 1445 2907 1519 Singulas
2943 1448 3127 1519 itaque
3158 1448 3352 1502 borum
3383 1446 3652 1530 Spiritus,
3681 1457 3742 1502 et

2154 1539 2314 1594 simul
2354 1553 2544 1596 omnes
2585 1555 2722 1595 unus
2766 1540 3021 1609 Spiritus,
3077 1540 3219 1595 sicut
3269 1556 3408 1595 unus
3446 1541 3604 1595 Deus.
3660 1540 3740 1596 De

2155 1632 2317 1687 Patre
2343 1633 2582 1702 quidem,
2619 1633 2744 1702 quia
2774 1632 2918 1688 Dens
2944 1641 3057 1696 est,
3094 1630 3384 1702 Apostolus
3417 1631 3609 1703 probat
3655 1632 3741 1687 di-

2153 1737 2284 1778 cens
2327 1735 2342 1776 :
2378 1720 2526 1776 Unus
2557 1721 2698 1777 Deus
2734 1732 2783 1777 et
2824 1721 2986 1776 Pater
3022 1723 3276 1786 omnium,
3317 1738 3381 1776 ea:
3418 1740 3520 1793 quo
3558 1724 3739 1776 omnia

461 1825 911 1900 omnipotentem,
960 1847 1065 1884 una
1109 1843 1388 1900 potestate,
1446 1853 1661 1907 unoque
1705 1855 1894 1910 regno,
1943 1857 2048 1896 una
2087 1817 2129 1873 Β
2160 1811 2376 1884 (Ερήθ³’
2413 1829 2488 1878 w’
2529 1812 2596 1878 δῖ
2642 1810 2826 1910 luco"
2854 1828 2976 1878 vm’
3125 1812 3202 1867 De
3231 1811 3367 1888 Filio
3403 1822 3582 1910 ante?
3607 1814 3741 1883 quia

464 1917 748 1988 majestate.
777 1937 990 1990 unaque
1017 1927 1321 1981 :eternitate
1349 1944 1414 1982 ex
1443 1937 1591 1994 tunc,
1618 1937 1672 1984 et
1699 1948 1913 2003 semper
1940 1934 2056 1988 ubi-

463 2023 572 2081 que
606 2022 942 2080 regnantem.

538 2108 600 2162 ll.
641 2128 658 2160 ‹
699 2123 723 2149 ι·
756 2109 942 2166 Nullus
981 2111 1144 2181 igitur
1173 2122 1257 2170 est
1296 2115 1347 2168 in
1383 2117 1487 2170 hac
1525 2117 1792 2173 Trinitate
1830 2121 2047 2190 gradus,

465 2199 599 2254 nihil
623 2201 766 2269 quod
795 2201 1054 2269 inferius,
1087 2207 1337 2277 superius
1365 2208 1468 2262 diei
1501 2210 1702 2278 possit,
1742 2212 1834 2267 sed
1879 2220 2048 2266 totam

467 2289 738 2346 Deitatem
781 2292 1014 2351 dicimus
1059 2296 1140 2351 sui
1185 2298 1520 2368 perfectione
1545 2302 1835 2371 aequalem,
1866 2312 1924 2358 nt
1958 2319 2053 2357 ex-

465 2382 636 2454 ceptis
665 2383 946 2441 vocabulis
974 2403 1096 2457 qua:
1123 2390 1514 2460 proprietatem
1563 2408 1919 2461 personarum
1963 2394 2049 2448 in-

463 2471 681 2540 dicant,
721 2476 981 2546 quidquid
1021 2480 1088 2533 de
1135 2495 1241 2535 una
1295 2497 1526 2550 persona
1574 2485 1792 2549 dicitur,
1837 2487 1904 2543 de
1957 2489 2054 2543 tri—

462 2564 568 2622 bus
619 2568 938 2640 dignissime
985 2575 1158 2644 possit
1203 2577 1449 2651 intelligi.
1493 2579 1647 2636 Unde
1683 2584 2052 2642 condemnan-

464 2657 791 2724 tesArium,
825 2678 988 2718 unam
1035 2665 1388 2738 eamdemque
1436 2669 1668 2727 dicimus
1712 2687 1836 2731 esse
1872 2676 2053 2731 Trini-

464 2750 597 2806 tatis
639 2753 1033 2823 substantiam,
1073 2767 1130 2816 et
1163 2776 1328 2816 unum
1359 2762 1414 2822 in
1455 2765 1630 2821 tribus
1667 2769 1919 2837 personis
1966 2769 2051 2824 fa-

463 2847 646 2900 temur
704 2845 894 2902 Deum.
963 2849 1077 2906 Nec
1134 2867 1246 2909 non
1305 2863 1363 2909 et
1432 2855 1764 2926 imp‘etatem
1829 2859 2050 2918 Sabellii

464 2933 818 3002 declinantes,
849 2947 959 2998 tres
983 2957 1244 3011 personas
1270 2961 1560 3016 expressas
1592 2952 1694 3006 sub
1720 2955 2053 3024 proprietate

463 3025 874 3101 distinguimus,
925 3051 1034 3092 non
1081 3038 1255 3108 ipsum
1296 3043 1397 3097 sibi
1438 3042 1676 3111 Patrem,
1720 3062 1829 3102 non
1874 3047 2051 3119 ipsum

463 3116 569 3172 sibi
598 3119 814 3188 Filium,
845 3141 955 3181 non
991 3127 1166 3198 ipsum
1205 3133 1306 3188 sibi
1341 3134 1600 3206 Spiritum
1639 3151 1885 3198 sanctum
1929 3158 2050 3199 esse

463 3208 729 3279 dicentes,
759 3216 854 3270 sed
893 3217 1055 3274 aliam
1093 3219 1297 3289 Patris,
1324 3227 1483 3281 aliam
1515 3229 1658 3294 Filii,
1689 3232 1846 3287 aliam
1879 3233 2052 3305 Spiri-

464 3308 554 3357 tus
582 3307 753 3360 sancti
781 3323 1088 3377 personam.
1120 3313 1234 3369 Non
1266 3318 1411 3372 enim
1446 3322 1662 3376 nomina
1695 3332 1923 3390 tantum,
1957 3327 2052 3381 sed

465 3395 634 3483 etiam
671 3399 950 3454 nominum
978 3405 1369 3474 proprietates,
1407 3411 1508 3465 hoc
1536 3421 1648 3477 est,
1683 3428 1966 3483 personas,
1995 3425 2056 3470 ut

467 3482 642 3542 ϐιωθὶ
659 3491 990 3559 exprimunt,
1013 3496 1356 3562 ὑποστάσεις,
1383 3499 1433 3553 id
1449 3510 1534 3555 est
1549 3482 1882 3559 substantias
1909 3504 2054 3576 [sub-

468 3579 769 3655 sistentias]
796 3584 1137 3640 conﬁtemur.
1168 3587 1279 3644 Nec
1298 3589 1459 3645 Pater
1479 3608 1767 3662 personam
1793 3595 1932 3661 FIIII,
1963 3605 2056 3651 aut

468 3667 705 3740 Spiritus
725 3674 898 3729 sancti
934 3676 1223 3747 aliquando
1250 3681 1506 3736 excludit.
1535 3682 1645 3738 Nec
1676 3702 1861 3741 rursus
1886 3686 2054 3742 Filius

469 3769 566 3813 aut
605 3759 838 3832 Spiritus
884 3776 1102 3824 sanctus
1145 3768 1324 3826 Patris
1367 3787 1566 3829 nomen
1592 3817 1606 3840 ,
1657 3791 2054 3848 personamque

467 3855 674 3925 recepit
705 3875 717 3911 :
744 3858 838 3912 sed
867 3858 1031 3915 Pater
1055 3877 1270 3934 semper
1297 3863 1460 3920 Pater
1490 3877 1596 3933 est,
1636 3877 1691 3923 et
1717 3869 1883 3924 Filius
1913 3885 2056 3924 sem-

467 3962 566 4017 per
608 3947 773 4004 Filius
802 3959 904 4016 est,
945 3959 1001 4006 et
1049 3953 1284 4025 Spiritus
1313 3968 1534 4015 sanctus
1560 3976 1776 4031 semper
1820 3962 2056 4034 Spiritus

432 4052 433 4055 ‘
469 4048 691 4096 sanctus
741 4049 843 4096 est.
880 4063 898 4094 ι
935 4043 1002 4098 Ει
1047 4047 1168 4100 ideo
1204 4046 1370 4103 Filius
1411 4051 1715 4106 certissime
1759 4069 1864 4108 non
1910 4054 2054 4110 idem

467 4137 554 4184 est
588 4129 642 4183 in
669 4147 897 4201 persona
933 4136 1023 4204 qui
1058 4136 1239 4203 Pater,
1271 4140 1366 4193 sctl
1387 4141 1684 4195 secundum
1715 4143 2054 4199 divinitatem

470 4219 613 4275 idem
666 4232 748 4276 est
792 4226 934 4303 quod
977 4225 1157 4280 Pater.
1213 4227 1329 4282 Non
1371 4231 1514 4285 enim
1565 4233 1792 4289 dicimus
1837 4234 2053 4291 Patrem

469 4311 637 4383 398
671 4328 793 4368 esse
830 4317 896 4370 de
933 4315 1098 4381 Filio,
1132 4319 1272 4374 sicut
1319 4320 1512 4377 F.lium
1560 4321 1627 4377 de
1665 4323 1846 4380 Patre.
1894 4327 2055 4383 Pater

470 4407 689 4474 quidem
719 4423 748 4460 a
779 4407 947 4474 nullo,
981 4409 1146 4466 Filius
1170 4427 1300 4467 vero
1347 4429 1374 4466 a
1415 4414 1597 4479 Patre,
1631 4427 1686 4471 et
1729 4419 1848 4474 ideo
1887 4419 2054 4475 Filius

471 4497 666 4551 dicitur
695 4499 837 4554 Dens
875 4502 943 4555 de
975 4502 1103 4568 Deo,
1150 4503 1329 4560 lumen
1357 4507 1423 4560 de
1451 4507 1679 4574 lumine;
1719 4527 1824 4567 non
1873 4521 2050 4567 tamen
2085 4532 2129 4589 υ

471 4589 580 4642 duo
626 4589 848 4657 lumina,
899 4592 983 4646 vel
1032 4594 1138 4649 duo
1179 4595 1284 4660 Dii,
1337 4599 1431 4653 sed
1482 4615 1621 4653 unus
1670 4600 1833 4668 Deus,
1886 4619 2050 4657 unum

474 4680 672 4736 lumen.
702 4682 909 4738 Rursus
933 4685 1072 4740 idem
1096 4701 1175 4743 est
1219 4687 1398 4756 Pater,
1426 4693 1566 4761 qqu
1607 4693 1790 4758 Filius,
1821 4696 1913 4750 sed
1947 4712 2053 4750 non

476 4773 616 4828 idem
650 4772 742 4847 [F.
767 4775 908 4831 deest
933 4779 1024 4847 qui
1057 4779 1410 4854 Filius],quia
1442 4801 1686 4855 persona:
1714 4787 1890 4840 Patris
1921 4802 2054 4842 con-

475 4863 622 4917 venit
650 4865 930 4934 aptissime
962 4867 1152 4924 referri
1179 4872 1248 4926 ad
1269 4873 1480 4929 Filium.
1511 4874 1744 4946 Spiritus
1775 4893 1903 4932 vero
1931 4895 2057 4932 san-

473 4963 594 5010 ctus
629 4955 830 5030 absque
851 4960 1015 5014 dubio
1035 4962 1175 5017 ilem
1201 4973 1284 5019 est
1307 4968 1448 5035 quoi
1483 4967 1642 5022 Pater
1670 4979 1723 5022 et
1749 4970 1933 5034 Filius,
1961 4971 2055 5024 sed

476 5063 585 5101 non
624 5048 766 5102 idem
812 5049 903 5121 [Ιπ.
945 5052 1087 5106 deest
1113 5056 1202 5124 qui
1241 5055 1402 5111 Pater
1431 5068 1486 5112 et
1522 5058 1730 5132 Filius],
1761 5062 1886 5131 quia
1917 5062 2059 5116 sicut

478 5138 640 5196 Pater
653 5139 770 5196 Filii
791 5143 954 5199 Pater
968 5156 1071 5214 est,
1087 5159 1141 5203 et
1157 5149 1322 5204 Filius
1337 5149 1513 5204 Patris
1529 5152 1697 5207 Filius
1713 5162 1813 5212 est.
1834 5153 1907 5206 ita
1925 5169 2056 5222 quo-

476 5247 583 5303 que
607 5232 840 5306 Spiritus
859 5247 1103 5304 sanctus,
1121 5241 1312 5311 quiest
1333 5244 1491 5296 tertia
1515 5245 1566 5297 in
1591 5255 1777 5298 sancta
1793 5245 2058 5300 Trinitatc

476 5338 731 5399 persona,
750 5343 854 5380 non
872 5329 973 5383 nisi
991 5328 1168 5385 Patris
1179 5340 1234 5386 et
1251 5333 1368 5390 Filii
1387 5332 1620 5405 Spiritus
1634 5345 1717 5390 cst
1735 5355 1747 5389 :
1767 5352 1831 5390 ac
1843 5352 1942 5407 per
1956 5338 2060 5392 hoc

475 5412 638 5472 Pater
650 5417 886 5473 etFilius
909 5435 1071 5474 unum
1093 5432 1238 5490 sunt,
1259 5425 1386 5496 quia
1411 5426 1668 5498 quidquid
1692 5428 1856 5484 habet
1877 5428 2059 5494 Pater,

477 5507 665 5582 procul
685 5508 846 5562 dubio
866 5509 1031 5566 habet
1059 5519 1114 5565 et
1141 5512 1327 5568 Filius.
1364 5513 1480 5573 Non
1503 5517 1647 5572 enim
1673 5533 1764 5574 res
1794 5535 1899 5574 una
1930 5520 2063 5575 duo-

479 5613 598 5658 rum
650 5601 1020 5659 substantialis
1045 5613 1229 5676 posset
1258 5606 1623 5666 ab'ambobus
1657 5611 1950 5681 procedere
1968 5653 1981 5679 ,
2009 5621 2064 5668 et

551 5771 577 5803 ι
619 5758 879 5830 Pelagius.

2159 1909 2298 1962 Deus
2321 1916 2424 1974 est,
2451 1907 2908 1978 cvangelistarum
2929 1907 3234 1978 prtecipuus
3259 1916 3490 1963 testatur
3514 1907 3732 1963 dicens:

2156 1999 2227 2054 Et
2257 2001 2399 2056 Deus
2425 2011 2539 2054 erat
2567 2003 2776 2056 uerbum
2807 2000 2989 2072 (Ioan.
3030 2017 3069 2066 ι,
3114 2000 3187 2073 1).
3239 2000 3312 2055 De
3357 2000 3565 2072 Spiritu
3605 2018 3742 2056 vero

2155 2105 2365 2160 sancto,
2397 2095 2522 2164 quia
2565 2094 2706 2152 Deus
2744 2103 2846 2158 est,
2891 2095 3086 2149 iterum
3135 2093 3334 2150 Paulus
3379 2097 3460 2152 sic
3497 2095 3740 2166 loquitur

2156 2185 2392 2254 probans
2437 2203 2450 2238 ε
2503 2184 2796 2240 Diuisione:
2836 2187 3221 2255 operationum,
3268 2187 3404 2240 idem
3436 2204 3553 2242 vero
3591 2188 3737 2242 Deus

2157 2278 2206 2350 (I
2231 2277 2354 2334 Cor.
2383 2295 2480 2344 vn,
2502 2278 2578 2348 6).
2617 2279 2758 2336 Ecce
2786 2279 2946 2336 Pater
2973 2277 3134 2345 Deus,
3157 2279 3326 2336 Filius
3357 2282 3517 2346 Deus,
3561 2281 3740 2354 Spiri-

2156 2380 2243 2426 tus
2264 2381 2482 2427 sanetns
2507 2372 2670 2436 Dens,
2699 2380 2754 2426 et
2787 2379 2967 2427 tamen
2993 2387 3099 2427 non
3127 2379 3212 2427 est
3250 2373 3442 2444 triplex
3477 2389 3738 2431 numerus

2157 2461 2384 2517 Deitatis
2427 2461 2479 2516 in
2520 2471 2708 2517 sancta
2740 2463 3004 2516 Trinitate
3038 2462 3362 2528 credendus,
3403 2474 3460 2517 ut
3497 2463 3738 2521 titleliutn

2154 2551 2440 2621 quisquam
2492 2559 2603 2607 tres
2657 2552 2838 2608 dicere
2871 2553 3012 2608 Deos
3059 2552 3278 2619 audeat,
3332 2556 3470 2609 sicut
3520 2555 3634 2626 ipse
3679 2557 3734 2611 in

2155 2643 2388 2714 quodam
2411 2643 2477 2698 de
2503 2657 2564 2698 se
2592 2644 2734 2699 Deus
2762 2651 2993 2700 testatur
3020 2644 3164 2709 loco,
3201 2645 3386 2702 dicens
3416 2662 3430 2701 :
3471 2645 3585 2718 Ego
3618 2665 3740 2702 sum

2152 2736 2296 2792 Deus
2332 2747 2381 2791 et
2430 2752 2534 2790 non
2562 2746 2638 2792 est
2667 2736 2805 2791 alius
2836 2745 3028 2808 pra'ter
3065 2753 3146 2792 me
3175 2735 3362 2809 (Deut.
3406 2753 3578 2804 χχιιι,
3618 2738 3739 2811 59).

2153 2825 2289 2882 Cum
2318 2827 2463 2882 enim
2491 2827 2652 2882 tertio
2677 2826 2880 2896 aliquid
2906 2826 3189 2899 repetitur,
3221 2842 3326 2881 non
3351 2843 3610 2882 minuet-us
3641 2844 3738 2885 co-

2153 2927 2462 2984 acervatnr,
2494 2919 2588 2974 sed
2636 2917 2856 2990 proprie
2898 2933 3063 2972 unum
3095 2917 3244 2972 illum
3289 2933 3409 2975 esse
3448 2920 3740 2975 asseritur.

2151 3013 2219 3068 Et
2248 3013 2454 3069 idcirco
2482 3011 2664 3078 Pater,
2689 3019 2744 3066 et
2775 3009 2964 3076 Filius,
3004 3018 3059 3066 et
3085 3009 3320 3080 Spiritus
3353 3021 3572 3068 sanctus
3610 3012 3739 3067 sub-

2152 3106 2350 3161 stantia
2394 3121 2559 3161 unum
2611 3113 2759 3169 sunt,
2813 3104 3061 3175 personis
3090 3113 3270 3160 autem
3321 3120 3386 3160 ac
3430 3105 3746 3161 noxninibus

2154 3199 2576 3268 distingimntur.
2635 3194 2838 3250 Natura
2889 3194 3088 3265 quippe
3145 3210 3372 3250 summae
3436 3195 3743 3251 divinitatis

2154 3287 2444 3342 immobilis
2475 3295 2559 3342 est
2595 3285 2930 3350 omnimodo,
2969 3294 3026 3339 et
3063 3285 3434 3342 immutabilis.
3489 3286 3748 3344 Persona}

2153 3394 2284 3434 vero
2307 3378 2532 3433 mobiles
2555 3378 2853 3434 secunlnm
2879 3377 3216 3443 relationem,
3243 3395 3348 3434 non
3379 3389 3559 3436 autem
3579 3380 3736 3450 juxta

2153 3470 2557 3538 proprietatem.
2598 3466 2657 3522 In
2701 3468 2960 3523 relatione
3001 3468 3184 3539 itaque
3224 3485 3580 3538 personarum
3618 3471 3742 3528 Tri-

2154 3559 2329 3622 nitas,
2363 3558 2417 3611 in
2449 3565 2653 3612 natura:
2683 3573 2813 3612 vero
2843 3557 3145 3613 substantia
3176 3560 3387 3626 unitas;
3426 3561 3520 3614 sed
3556 3563 3745 3617 unitas

2153 3658 2374 3720 propter
2415 3649 2830 3719 inseparabilem
2877 3649 3102 3704 Deitatis
3129 3655 3456 3718 essentiam,
3501 3653 3744 3710 Trinitas

2155 3752 2589 3812 autem‘propter
2615 3757 2972 3811 personarum
3017 3743 3408 3812 diversitatem,
3456 3746 3508 3800 in
3541 3747 3746 3818 quibus

2154 3834 2378 3905 singulis
2427 3833 2671 3902 quaedam
2716 3842 2799 3888 est
2842 3836 3176 3905 propriezas,
3231 3855 3352 3907 qua:
3398 3839 3467 3894 ab
3515 3855 3620 3894 uno
3671 3840 3741 3895 ad

2155 3926 2321 3980 alium
2371 3925 2649 3980 transferri
2683 3943 2788 3980 non
2828 3935 3025 3996 potest.
3070 3929 3165 3982 Est
3207 3929 3353 3984 enim
3395 3932 3652 4002 gignens.
3683 3941 3741 3989 et

2154 4021 2390 4092 genitus,
2418 4029 2471 4075 et
2492 4021 2810 4089 procedens,
2843 4031 2953 4076 tres
2977 4023 3192 4092 quidem
3217 4039 3483 4094 personat,
3508 4025 3603 4081 sed
3632 4041 3742 4082 una.

2154 4111 2477 4178 substantia,
2508 4127 2612 4166 una
2651 4113 2822 4167 virtus
2851 4121 2907 4168 et
2932 4130 3038 4168 una
3066 4117 3482 4187 omnipotentia.

2225 4203 2315 4259 Ν.
2352 4203 2640 4273 llucusqne
2684 4204 2964 4260 confessus
3007 4223 3127 4262 sum
3159 4208 3302 4278 quod
3347 4211 3554 4276 sentio,
3591 4212 3742 4268 loeua

2155 4306 2243 4352 tus
2277 4311 2416 4357 sum,
2450 4297 2592 4365 quod
2627 4296 2790 4351 credo
2836 4297 2888 4350 in
2937 4313 3147 4352 summa
3195 4299 3498 4366 divinitate,
3536 4302 3591 4357 in
3630 4319 3739 4373 qua

2155 4387 2370 4441 Patrem
2386 4397 2439 4440 et
2460 4386 2650 4440 Filium
2675 4397 2725 4441 ct
2751 4387 3010 4456 Spiritum
3035 4398 3301 4456 sanctum,
3328 4393 3529 4446 trinum
3552 4410 3743 4450 unum-

2157 4493 2261 4548 que
2296 4478 2482 4538 Deum,
2520 4492 2625 4530 non
2652 4495 2868 4547 corpus,
2902 4489 2994 4532 aut
3018 4481 3075 4534 in
3098 4496 3328 4552 corpore
3357 4483 3613 4553 positum,
3647 4493 3744 4541 aut

2156 4589 2221 4626 ex
2270 4573 2496 4626 diversis
2542 4573 2825 4642 sz'ciebus
2873 4575 3190 4639 admixtum,
3240 4577 3324 4631 vel
3371 4578 3739 4634 membrorum

2158 4663 2565 4734 compagiuibus
2593 4664 2907 4735 ciligiatum,
2940 4666 3030 4720 sed
3059 4668 3217 4722 unius
3245 4668 3529 4738 simplicis,
3561 4671 3740 4728 incor-

2159 4770 2364 4825 poreze,
2402 4755 2703 4818 invisibilis,
2733 4766 2786 4809 et
2813 4757 3292 4828 incircumscripte
3318 4771 3544 4825 naturae,
3574 4763 3740 4817 corde

2159 4850 2340 4913 evolo,
2396 4864 2491 4921 ore
2538 4849 2818 4903 conﬁteor.
2880 4869 2895 4899 ι
2933 4851 2958 4889 ι)
3006 4851 3148 4906 Nihil
3177 4853 3322 4906 enim
3365 4861 3605 4908 creatum
3647 4864 3740 4911 aut

2159 4941 2402 4993 serviens
2437 4939 2490 4992 in
2519 4939 2785 4994 Trlnitate
2815 4949 2898 4994 e..t
2927 4941 3274 5004 credendum.
3306 4951 3364 4995 ut
3396 4943 3505 4997 vult
3543 4943 3742 5015 Diony-

2157 5030 2272 5082 sius
2313 5028 2434 5083 fons
2477 5029 2622 5094 Arii;
2673 5030 2804 5083 nihil
2845 5031 3124 5100 inmquale,
3160 5043 3211 5086 ul
3247 5034 3574 5100 Eunomius;
3609 5037 3742 5091 nihil

2160 5124 2334 5194 gratia
2381 5124 2615 5195 arquale,
2655 5133 2715 5180 nt
2763 5128 2954 5181 Etbius
3003 5128 3263 5200 [At-dius];
3315 5131 3446 5184 nihil
3499 5134 3743 5189 anterius

2161 5217 2556 5287 posteriusque.
2593 5228 2688 5272 aut
2716 5220 2911 5283 minus,
2946 5229 3003 5274 ut
3027 5220 3219 5285 Arius,
3256 5222 3388 5276 nihil
3422 5232 3741 5280 extraneum

2161 5315 2254 5361 aut
2282 5306 2508 5362 ollicinle
2534 5309 2689 5363 alteri
2720 5319 2775 5362 ut
2808 5310 3179 5377 Macedonius;
3225 5314 3354 5368 nihil
3391 5317 3744 5385 persuasione

2165 5396 2299 5468 [Al.,
2336 5398 2678 5471 pervasione]
2708 5410 2803 5454 aut
2831 5403 3177 5471 subrt-ptione
3207 5405 3503 5471 insertum,
3539 5417 3600 5460 nt
3637 5407 3746 5462 Ma-

2164 5487 2430 5554 nichteus;
2458 5489 2590 5544 nihil
2612 5505 2954 5562 corporeum,
2983 5500 3042 5548 ut
3070 5491 3250 5548 Melito
3273 5503 3326 5549 et
3350 5493 3744 5564 Tertullianus,

2163 5577 2295 5633 nihil
2335 5579 2686 5649 corporaliter
2725 5579 3047 5652 clﬁgiatum,
3099 5592 3160 5638 ut
3203 5585 3280 5641 ait
3318 5586 3747 5660 Anthropomur-

2239 5775 2267 5815 ι)
2306 5774 2617 5831 Gennadius
2641 5777 2705 5833 de
2730 5777 2874 5834 Eccl.
2907 5778 3178 5852 Dogmat.,
3208 5799 3327 5853 cap.
3367 5783 3451 5849 l4.
