4090 6538
317 435 478 495 ’1057

1013 433 1167 493 ΟΡΡ.
1205 432 1437 493 DUBlA.
1478 464 1549 475 —
1582 431 1813 490 ALBlNl
1849 428 2228 490 CONFESSIO
2263 428 2460 491 FIDE].
2491 459 2563 476 -—-
2587 431 2769 491 PARS
2800 432 2881 490 Ill.

3455 429 3600 488 1058

335 549 508 621 phus;
536 547 673 603 nihil
698 546 799 604 sibi
826 545 1110 612 invisibile,
1131 554 1193 602 ut
1213 547 1505 618 Origenes;
1536 545 1670 601 nihil
1693 552 1911 600 ereatu—
1938 549 1985 607 Α
2017 546 2275 612 Trinitas,
2302 557 2477 615 neque
2497 552 2743 616 separata
2763 584 2776 610 ,
2802 553 2896 599 aut
2918 544 3129 600 diversa
3153 542 3210 599 in
3233 552 3425 599 natura
3456 542 3599 600 divi-

338 642 417 696 ris
440 640 672 707 visibile,
702 649 763 696 ut
795 639 1153 706 Fortunatus;
1184 639 1322 694 nihil
1358 639 1599 693 moribus
1626 647 1681 694 et
1723 636 1914 691 volun-

336 738 450 786 tate
476 729 767 797 diversum,
790 737 850 785 ut
867 728 1132 795 Marcion;
1165 729 1388 784 nihilex
1418 728 1705 783 Trinitatis
1730 743 1917 783 essen-

336 821 413 876 tia
452 821 519 877 ad
562 830 934 877 creaturarum
965 829 1215 875 naturam
1243 821 1556 882 deductum,
1584 829 1645 875 ut
1674 820 1827 874 Plato
1860 829 1915 877 et

335 910 719 979 Tertullianus;
737 912 872 967 nihil
890 913 1066 968 oﬁicio
1089 913 1360 985 singulare
1383 929 1482 968 nec
1498 914 1653 969 alteri
1676 929 1915 969 commu-

332 1002 585 1070 nicabile,
606 1011 668 1058 ut
687 1002 978 1075 Origenes;
1008 1005 1142 1059 nihil
1177 1004 1481 1072 confusum,
1520 1016 1583 1061 ut
1605 1006 1870 1063 Sabellius
1898 1025 1911 1060 :

333 1094 432 1150 sed
470 1102 641 1151 totum
686 1095 1010 1167 perfectum,
1040 1098 1166 1166 quia
1213 1106 1384 1152 totum
1410 1114 1477 1153 ex
1504 1115 1612 1154 uno
1638 1108 1693 1153 et
1725 1114 1910 1165 unum,

333 1201 445 1243 non
489 1195 669 1243 tamen
719 1189 1023 1245 solitarium
1054 1230 1069 1256 ,
1125 1200 1186 1245 ut
1240 1193 1519 1261 praesumit
1569 1191 1819 1249 Silvanus
1861 1200 1918 1249 et

331 1277 591 1344 Praxeas,
614 1279 1022 1351 Pentapolitana
1059 1281 1379 1339 damnabilis
1403 1293 1487 1339 est
1521 1284 1786 1340 doctrina.
1820 1305 1839 1338 ι

403 1369 469 1426 ν.
516 1369 787 1427 Hactenus
826 1373 1042 1442 quidem
1067 1372 1138 1428 de
1164 1390 1269 1429 una
1306 1374 1591 1431 Trinitate.
1635 1378 1711 1433 De
1740 1379 1915 1448 gratia

330 1467 532 1524 autem,
563 1476 669 1533 qua
695 1477 881 1518 sumus
910 1464 1193 1534 redempti,
1227 1466 1373 1532 hinc,
1399 1468 1542 1535 quod
1570 1470 1755 1537 credo,
1784 1485 1915 1525 con—

322 1550 475 1607 .literi
518 1556 814 1610 secundum
862 1556 1204 1612 traditionem
1252 1561 1444 1614 matris
1489 1559 1745 1617 Ecclesia:
1782 1562 1916 1618 inci-

329 1646 498 1717 piam.
531 1645 809 1718 Siquidem
836 1649 903 1706 de
931 1650 1228 1707 mediatore
1252 1651 1347 1706 Dei
1374 1660 1431 1707 et
1458 1653 1757 1721 hominum,
1784 1671 1916 1711 vero

330 1738 677 1810 perfectoque
721 1741 961 1808 homine,
999 1741 1216 1798 Christo
1260 1742 1388 1798 Jesu
1437 1744 1666 1802 Domino
1710 1748 1819 1803 Deo
1860 1757 1914 1805 et

328 1829 600 1886 salvatore
632 1838 817 1888 nostro
848 1832 1201 1888 nihilominus
1242 1842 1389 1889 recta
1420 1836 1664 1905 credere,
1694 1847 1749 1893 et
1784 1854 1909 1893 vera

2020 641 2205 695 nitas:
2244 640 2339 695 sed
2376 639 2511 695 alter
2546 642 2603 695 in
2640 654 2869 710 persona
2893 636 3077 703 Pater,
3113 636 3249 692 alter
3277 637 3329 691 in
3361 649 3594 708 persona

2016 728 2206 795 Filius,
2231 731 2369 784 alter
2386 731 2441 784 iu
2463 743 2694 800 persona
2714 728 2948 802 Spiritus
2970 737 3207 790 sanctus,
3237 741 3376 781 unus
3399 736 3594 782 natura

2017 820 2070 875 in
2097 829 2279 875 sancta
2305 820 2568 875 Trinitate
2594 821 2735 876 Deus
2754 819 2936 885 Pater,
2964 828 3020 874 et
3047 819 3234 882 Filius,
3274 830 3327 874 et
3358 819 3596 889 Spiritus

2016 924 2254 968 sanctus.
2290 913 2317 952 ιι
2339 912 2472 967 Cum
2499 914 2602 968 hoc
2629 914 2703 968 ita
2732 914 2824 978 sit,
2854 928 2959 967 non
2985 922 3164 968 tamen
3191 912 3353 966 Pater
3373 927 3593 966 carnem

2016 1006 2337 1074 assumpsit,
2370 1021 2544 1074 mque
2576 1004 2809 1076 Spiritus
2854 1008 3071 1060 sanctus
3094 1047 3107 1069 ,
3149 1004 3242 1059 sed
3275 1004 3440 1059 Filius
3479 1013 3597 1058 tan-

2017 1101 2159 1159 tum;
2192 1106 2251 1147 ut
2293 1096 2383 1163 qui
2417 1104 2533 1149 erat
2564 1097 2615 1148 in
2643 1096 2925 1151 divinitate
2964 1095 3057 1150 Dei
3085 1095 3275 1161 Filius,
3303 1097 3415 1165 ipse
3441 1095 3595 1150 ﬁeret

2016 1184 2069 1237 in
2102 1182 2321 1237 homine
2351 1183 2585 1238 hominis
2620 1183 2805 1249 Filius,
2841 1200 2908 1239 ne
2946 1183 3069 1238 Filii
3115 1199 3310 1238 nomen
3351 1184 3419 1238 ad
3461 1184 3597 1239 alte-

2017 1289 2137 1330 rum
2162 1290 2356 1329 nomen
2387 1275 2678 1341 transiret,
2706 1275 2797 1344 qui
2826 1290 2931 1329 non
2966 1284 3085 1330 erat
3116 1276 3391 1330 nativitate
3429 1274 3593 1329 Filius

2016 1366 2133 1421 Dei.
2186 1366 2281 1419 Dei
2336 1380 2468 1436 ergo
2531 1366 2700 1422 Filius
2770 1366 3003 1423 hominis
3061 1364 3237 1421 factus
3288 1376 3372 1420 est
3419 1366 3593 1431 ﬁlius,

2015 1467 2174 1513 natus
2221 1460 2515 1514 secundum
2564 1458 2851 1514 veritatem
2910 1468 3117 1512 naturre
3165 1476 3177 1511 :
3231 1472 3299 1511 ex
3354 1457 3463 1513 Deo
3498 1458 3592 1512 Dei

2013 1553 2204 1620 Filius,
2252 1561 2413 1609 natus
2453 1554 2744 1610 secundum
2775 1555 3060 1608 veritatem
3103 1565 3339 1619 naturae;
3384 1571 3449 1609 ex
3499 1554 3597 1609 hoc

2014 1648 2159 1702 mine
2194 1647 2429 1704 hominis
2471 1646 2660 1713 Filius,
2694 1655 2755 1702 ut
2803 1648 3004 1703 veritas
3052 1649 3239 1719 geniti,
3286 1665 3392 1703 non
3437 1649 3599 1719 adop-

2015 1740 2182 1807 tione,
2229 1756 2337 1796 non
2381 1740 2757 1811 appellatione,
2802 1739 2897 1795 sed
2946 1741 2999 1793 in
3039 1748 3263 1810 utraque
3294 1741 3594 1809 nativitate,

2015 1833 2133 1889 Filii
2164 1848 2359 1888 nomen
2390 1832 2663 1889 nascendo
2690 1833 2935 1897 haberet,
2963 1840 3018 1888 et
3049 1841 3195 1887 esset
3242 1848 3405 1888 verus
3451 1832 3596 1888 Deus

329 1922 561 1988 sentire,
594 1923 662 1977 ad
691 1933 951 1979 aeternam
981 1926 1167 1995 procul
1194 1926 1357 1983 dubio
1383 1930 1621 1999 pertinet
1650 1902 1906 1989 salutem.
1940 1902 1985 1963 Β
2017 1935 2072 1981 et
2095 1942 2256 1983 verus
2298 1927 2480 1993 homo,
2518 1940 2660 1980 unus
2698 1925 2883 1980 Filius.
2930 1924 3047 1980 Non
3085 1925 3229 1979 enim
3272 1924 3407 1979 duos
3432 1923 3594 1980 Chri-

328 2010 649 2083 Quanquam
686 2015 851 2087 igitur
893 2016 1176 2073 credentes
1208 2017 1560 2075 conﬁteamur
1585 2022 1834 2092 Patrem,
1859 2033 1916 2080 et

328 2103 552 2173 Filium,
582 2115 637 2163 et
677 2107 939 2180 Spiritum
967 2120 1245 2177 sanctum,
1270 2128 1437 2167 unum
1466 2114 1666 2181 Deum,
1695 2116 1911 2174 Patrem

327 2197 537 2254 scilicet
601 2200 1067 2271 omnipotentem,
1122 2204 1513 2273 sempiternum
1574 2208 1909 2279 ingenitum;

326 2288 526 2346 Filium
548 2306 679 2347 vero
706 2307 774 2346 ex
797 2293 1038 2362 ejusdem
1066 2292 1247 2349 Patris
1280 2298 1583 2353 substantia
1606 2299 1688 2353 vel
1722 2308 1913 2355 natura

329 2383 569 2453 genitum
591 2393 715 2439 ante
735 2398 894 2439 omne
918 2385 1138 2441 omnino
1161 2384 1249 2441 vel
1275 2388 1533 2458 temporis
1550 2387 1635 2443 vel
1655 2388 1914 2460 cujusque

327 2474 543 2531 initium
574 2477 677 2541 rei,
714 2477 1168 2548 omnipotentem,
1199 2479 1459 2549 mqualem
1479 2521 1494 2548 ,
1526 2484 1913 2551 consempiter—

329 2582 481 2633 num,
502 2577 561 2625 et
579 2569 1095 2626 consubstantialem
1115 2571 1390 2639 Genitori;
1415 2572 1676 2643 Spiritum
1698 2590 1913 2647 quoque

329 2672 576 2718 sanctum
623 2663 1062 2733 omnipotentem,
1113 2666 1347 2735 utrique,
1402 2666 1551 2721 Patri
1598 2667 1805 2724 scilicet
1848 2683 1913 2725 ac

327 2751 468 2806 Filio
491 2752 749 2822 aqualem
765 2793 779 2818 ,
809 2753 1299 2823 consempiternum
1321 2794 1335 2820 ,
1368 2766 1531 2826 atque
1557 2758 1917 2812 consubstan-

327 2841 535 2907 tialem,
583 2843 687 2897 hoc
731 2849 837 2908 est,
890 2850 1000 2899 tres
1041 2855 1322 2914 personas,
1373 2849 1488 2900 sive
1538 2847 1915 2903 subsistentias

328 2934 491 2989 unius
516 2933 767 2989 essentias
799 2933 912 2988 sive
937 2940 1165 3001 natum,
1193 2936 1353 2990 unius
1380 2937 1622 3003 virtutis,
1648 2940 1918 3008 operatio-

328 3025 447 3091 nis,
473 3023 851 3089 beatitudinis,
883 3032 1045 3095 atque
1071 3030 1384 3096 potestatis,
1416 3038 1475 3083 ut
1501 3031 1645 3085 trina
1674 3030 1745 3086 sit
1785 3029 1916 3087 Uni-

329 3124 435 3183 tas,
460 3125 517 3172 et
540 3132 646 3171 una
671 3116 743 3171 sit
772 3116 1027 3185 Trinitas,
1045 3116 1202 3186 juxta
1226 3121 1376 3175 vocis
1404 3121 1693 3179 Dominicm
1718 3124 1916 3180 verita-

324 3221 461 3271 tem.
502 3212 731 3270 dicentis
757 3229 770 3268 :
801 3210 912 3283 Ite,
941 3214 1120 3274 docete
1156 3231 1330 3273 omnes
1360 3231 1565 3291 gentes,
1592 3217 1915 3288 baptizantes

328 3327 416 3366 eos
436 3313 489 3364 in
507 3312 714 3366 nomine
736 3309 938 3378 Patris,
953 3322 1001 3367 et
1027 3312 1176 3380 Filii,
1199 3324 1246 3367 et
1265 3313 1673 3384 Spiritus-sancti
1693 3317 1913 3388 (Matth.

328 3415 523 3464 nvm,
550 3401 660 3471 ll).
695 3401 751 3455 ln
781 3402 1018 3471 nomine,
1049 3403 1243 3474 inquit,
1275 3420 1381 3459 non
1409 3404 1461 3458 in
1496 3406 1824 3471 nominibus,
1857 3413 1915 3461 ut

328 3504 386 3551 et
426 3509 592 3550 unum
633 3493 802 3548 Deum
841 3510 941 3565 per
970 3494 1341 3551 indistinctum
1370 3496 1566 3551 divine
1598 3498 1915 3553 substantia:

329 3601 528 3643 nomen
564 3585 893 3651 ostenderet,
918 3593 976 3641 et
997 3600 1351 3658 personarum
1388 3587 1774 3643 discretionem
1802 3588 1916 3645 suis

328 3676 756 3732 demonstratam
807 3679 1227 3748 proprietatibus
1268 3680 1552 3745 edoceret;
1600 3680 1726 3749 quia
1784 3680 1912 3735 dum

330 3766 505 3822 tribus
538 3782 707 3822 unum
744 3768 969 3823 Deitatis
1012 3785 1205 3825 nomen
1233 3780 1345 3838 est,
1371 3772 1655 3841 :equalitas
1674 3772 1914 3829 ostendi-

329 3870 422 3917 tur
462 3874 847 3934 personarum,
884 3862 1019 3918 nihil
1042 3872 1389 3930 extraneum,
1419 3865 1554 3920 nihil
1582 3866 1832 3922 accidens
1859 3865 1913 3919 in

326 3953 412 4008 eis
437 3956 702 4025 permittit
745 3953 989 4026 intelligi,
1025 3954 1099 4008 ita
1135 3964 1195 4008 ut
1220 3966 1278 4009 et
1312 3956 1685 4027 unusquisque
1722 3971 1913 4013 eorum

328 4058 493 4101 verus
516 4046 891 4118 perfectasque
917 4047 988 4101 sit
1010 4045 1183 4114 Deus,
1214 4046 1463 4102 videlicet
1493 4057 1551 4102 ut
1575 4062 1642 4103 ex
1679 4047 1913 4119 plenitu-

326 4137 456 4194 dine
479 4136 782 4194 divinitatis
809 4139 939 4193 nihil
970 4139 1148 4196 minus
1168 4141 1223 4195 iu
1252 4138 1497 4211 singulis,
1527 4139 1661 4195 nihil
1683 4140 1912 4211 amplius

330 4227 664 4300 intelligatur
690 4230 746 4283 in
778 4231 968 4285 tribus.

406 4318 490 4373 Vl.
530 4319 665 4374 Cum
694 4322 900 4374 veritas
927 4321 998 4374 ita
1026 4334 1086 4375 se
1112 4320 1310 4375 habeat
1330 4361 1344 4385 ,
1379 4330 1434 4377 et
1467 4329 1639 4377 mater
1665 4321 1909 4378 Ecclesia

329 4411 539 4475 credat,
571 4410 915 4476 conﬁteatur,
946 4421 1002 4465 et
1044 4410 1255 4477 doceat,
1300 4413 1447 4467 omni
1493 4421 1697 4467 remota
1741 4413 1914 4468 ambi-

329 4502 552 4573 guitate,
598 4519 618 4553 ι
649 4513 676 4543 ι
710 4517 875 4557 unum
903 4503 1068 4557 Deum
1103 4517 1223 4557 esse
1251 4501 1488 4569 Patrem,
1530 4515 1584 4558 et
1608 4502 1825 4567 Filium,
1857 4513 1913 4559 et

330 4593 594 4694 Spiritum
620 4603 885 4694 sanetum.
922 4593 1141 4694 Patrem
1177 4607 1263 4659 eo,
1292 4594 1659 4694 quod-habeat
1687 4594 1906 4661 Filium,
1936 4635 1985 4694 Β

329 4684 524 4740 Filium
552 4698 619 4739 eo
636 4685 801 4753 {quod
855 4682 1049 4738 habeat
1085 4683 1320 4750 Patrem,
1362 4683 1621 4755 Spiritum
1664 4693 1908 4739 sanctum

330 4787 399 4829 eo
441 4774 587 4845 quod
624 4774 698 4829 sit
738 4788 803 4827 ex
846 4773 1006 4828 Patre
1037 4782 1093 4829 et
1133 4773 1291 4829 Filio.
1330 4773 1492 4827 Pater
1529 4772 1660 4846 ergo
1698 4775 1905 4844 princi-

325 4867 475 4938 pium
525 4866 770 4932 Deitatis,
800 4866 915 4936 qni,
942 4866 1083 4922 sicut
1121 4880 1395 4935 nunquam
1440 4864 1540 4919 fuit
1586 4880 1691 4920 non
1741 4866 1905 4933 Deus,

327 4956 404 5013 ita
441 4973 714 5027 nunquam
746 4958 849 5012 fuit
870 4974 976 5013 non
1004 4958 1164 5013 Pater
1195 4976 1207 5013 :
1240 4971 1271 5011 a
1301 4972 1407 5029 quo
1434 4956 1603 5011 Filius
1652 4966 1832 5022 natus,
1874 4973 1906 5011 a

327 5063 436 5119 quo
456 5047 691 5120 Spiritus
719 5061 939 5104 sanctus
966 5064 1071 5104 non
1100 5057 1276 5113 natus,
1305 5048 1433 5118 quia
1465 5063 1569 5102 non
1593 5057 1676 5103 est
1701 5048 1903 5114 Filius;

328 5151 502 5208 neque
548 5138 856 5210 ingenitus,
902 5141 1027 5209 quia
1076 5155 1182 5193 non
1226 5147 1311 5194 est
1352 5138 1542 5203 Pater;
1593 5153 1693 5193 nec
1740 5137 1906 5209 399

325 5228 525 5297 factus.
571 5232 698 5302 quia
750 5247 855 5287 non
901 5241 984 5287 est
1025 5248 1093 5287 ex
1132 5232 1322 5297 nihilo,
1352 5231 1445 5287 sed
1480 5246 1546 5286 ex
1582 5229 1745 5287 Patre
1794 5230 1906 5285 Deo

325 5322 571 5394 Filioque
618 5323 762 5378 Deus
797 5324 1115 5391 procedens.
1161 5321 1325 5377 Pater
1363 5330 1619 5387 aeternus,
1662 5336 1728 5377 eo
1759 5321 1906 5391 quod

325 5424 585 5473 :etemum
633 5416 831 5471 habeat
873 5415 1087 5480 Filium,
1124 5413 1278 5482 cuius
1319 5422 1558 5469 aeternus
1603 5413 1675 5468 sit
1718 5412 1901 5469 Pater.

325 5506 497 5565 Filius
520 5516 757 5563 aeternus
778 5548 793 5571 ,
822 5521 887 5562 eo
912 5506 1053 5577 quod
1085 5506 1162 5561 sit
1180 5504 1328 5560 Patri
1350 5514 1667 5560 coaeternus.
1704 5503 1904 5578 [Spiri—

326 5607 416 5655 tus
439 5606 662 5655 sanctus
682 5607 945 5663 aeternus,
987 5613 1054 5653 eo
1081 5597 1224 5669 quod
1256 5598 1327 5653 sit
1363 5595 1511 5652 Patri
1556 5602 1611 5653 et
1648 5596 1787 5652 Filio
1814 5612 1909 5654 co-

325 5689 609 5765 met-nus]
657 5690 776 5747 Non
824 5698 1005 5746 autem
1053 5689 1278 5747 confusa
1327 5690 1380 5744 in
1418 5704 1583 5745 unam
1624 5704 1909 5762 personam

400 5815 425 5876 ξ
464 5802 792 5876 Gennadius,
820 5805 888 5860 de
913 5802 1060 5859 Eccl.
1091 5805 1296 5876 dogm.,
1342 5817 1460 5873 cap.
1491 5802 1539 5856 l.

400 5873 429 5915 δ
462 5875 727 5943 Geunad.,
753 5876 909 5943 ibid.,
950 5890 1068 5945 cap.
1106 5875 1161 5928 2.

2014 2027 2161 2086 stos,
2200 2026 2385 2089 neque
2436 2019 2572 2075 duos
2623 2017 2817 2082 Filios,
2868 2018 2961 2074 sed
3010 2017 3178 2073 Deum
3219 2027 3274 2073 et
3320 2017 3591 2074 hominem

2014 2129 2179 2168 unum
2202 2113 2399 2168 Filium
2430 2111 2767 2169 conﬁtemur.
2803 2110 2975 2178 Quem
3010 2120 3297 2182 propterea
3322 2120 3374 2166 et
3405 2111 3595 2183 unige-

2013 2204 2188 2259 nitum
2237 2202 2467 2259 dicimus
2521 2213 2830 2258 manentem
2881 2203 2933 2257 in
2985 2204 3193 2259 duabus
3251 2205 3587 2271 substantiis,

2014 2297 2155 2363 sicut
2182 2296 2228 2352 ei
2250 2304 2459 2353 natum
2478 2296 2683 2351 veritas
2706 2295 2949 2352 contulit.
2974 2295 3090 2350 Non
3117 2294 3357 2351 confusis
3382 2297 3594 2353 naturis

2012 2402 2190 2460 neque
2215 2389 2486 2455 immistis,
2523 2390 2661 2445 sicut
2685 2389 2904 2460 quidam
2935 2390 3176 2445 haeretici
3202 2388 3421 2462 [Genn..
3451 2392 3594 2446 sicut

2015 2478 2368 2555 'l‘himotiani]
2398 2480 2604 2547 volunt,
2636 2481 2732 2537 sed
2757 2482 3018 2537 societate
3045 2481 3230 2535 unitis.

2084 2572 2194 2628 Vll.
2213 2571 2355 2628 Deus
2376 2588 2506 2644 ergo
2531 2572 2803 2628 hominem
2831 2574 3141 2643 assumpsit,
3161 2571 3322 2628 homo
3344 2573 3396 2628 in
3424 2573 3591 2630 Deum

2016 2665 2282 2731 transivit,
2314 2681 2423 2720 non
2472 2672 2682 2721 natura;
2716 2664 3071 2720 versihilitate
3101 2663 3291 2737 [(ἔεηη.
3327 2665 3453 2720 add.
3474 2706 3489 2731 ,
3521 2666 3594 2721 si-

2013 2766 2108 2814 cut
2128 2758 2525 2829 Apollinarista:
2548 2759 2784 2832 dicunt],
2816 2758 2913 2815 sed
2938 2758 3033 2813 Dei
3061 2759 3391 2836 dignatione,
3413 2766 3473 2813 ut
3492 2772 3593 2813 nec

2016 2850 2160 2908 Deus
2204 2860 2503 2908 mutaretur
2547 2852 2603 2908 in
2647 2854 2941 2908 humanam
2985 2850 3343 2907 substantiam
3369 2892 3385 2917 ,
3437 2867 3594 2908 assu-

2014 2942 2212 2999 menda
2238 2941 2533 3006 hominem,
2564 2956 2666 2998 nec
2687 2942 2850 2997 homo
2887 2941 2942 2997 in
2971 2941 3230 3004 divinam,
3259 2939 3593 3011 gloriﬁcatus

2014 3031 2071 3087 in
2102 3032 2211 3087 Deo
2237 3030 2453 3106 [Genn.,
2479 3031 2536 3085 in
2567 3029 2759 3103 Deum]
2787 3049 2802 3085 :
2834 3031 2960 3101 quia
3003 3029 3231 3084 mutatio
3248 3029 3331 3086 vel
3357 3030 3588 3085 versihi-

2017 3123 2144 3179 litas
2186 3131 2417 3189 naturae,
2447 3130 2503 3178 et
2544 3121 2938 3187 confusionem,
2982 3130 3038 3176 et
3067 3121 3506 3190 diminutionem,
3535 3130 3594 3180 et

2017 3216 2366 3275 abolitionem
2417 3216 2733 3274 substantiae
2779 3213 2928 3273 facit.
2977 3213 3147 3272 Naltts
3190 3229 3270 3271 est
3321 3232 3452 3286 ergo
3496 3214 3590 3269 Dei

2016 3309 2184 3367 Filius
2212 3325 2278 3365 ex
2315 3309 2531 3364 homine
2571 3324 2674 3363 non
2707 3323 2805 3379 per
2834 3307 3130 3373 hominem,
3172 3306 3225 3361 id
3265 3315 3350 3361 est
3389 3323 3494 3362 non
3523 3323 3592 3363 ex

2015 3403 2116 3458 viri
2152 3403 2318 3465 coitu,
2342 3403 2481 3457 sicut
2507 3400 2713 3456 Hebion
2747 3400 2895 3464 dicit,
2935 3398 3027 3455 sed
3054 3416 3118 3454 ex
3161 3398 3381 3471 Virgine
3404 3440 3419 3466 ,
3466 3416 3591 3454 car-

2014 3510 2138 3551 nem
2167 3511 2235 3549 ex
2270 3495 2506 3567 Virginis
2546 3508 2773 3565 corpore
2824 3493 3065 3557 trahens,
3092 3501 3148 3547 et
3186 3508 3292 3547 non
3344 3491 3412 3548 de
3455 3494 3595 3549 cmlo

2016 3602 2198 3642 secum
2229 3585 2483 3652 all'enens,
2532 3585 2674 3641 sicut
2722 3586 2957 3640 Marcion
3002 3583 3190 3658 [ϐεηη.
3224 3586 3374 3653 add.,
3405 3585 3593 3658 Orige-

2015 3680 2133 3754 nes]
2164 3688 2219 3735 et
2262 3678 2534 3751 Entyches
2554 3678 2821 3734 affirmant
2849 3696 2861 3732 :
2898 3694 3071 3749 neque
3114 3678 3167 3733 in
3197 3680 3504 3749 phantasia,
3538 3680 3592 3736 id

2014 3780 2117 3836 est,
2148 3772 2357 3840 absque
2373 3784 2555 3834 carne,
2585 3769 2726 3825 sicut
2754 3769 3106 3834 Valentinus,
3145 3786 3319 3840 neque
3348 3773 3590 3840 putativa

2014 3861 2273 3933 imagine,
2304 3859 2399 3916 sed
2432 3873 2628 3929 corpus
2648 3873 2835 3914 verum
2870 3876 2883 3911 :
2926 3873 3101 3928 neque
3139 3860 3219 3913 sic
3246 3875 3428 3914 verum
3470 3876 3593 3915 cor-

2012 3968 2134 4023 pus,
2157 3958 2216 4007 ut
2240 3957 2419 4006 tamen
2457 3966 2562 4006 non
2593 3950 2665 4005 sit
2691 3964 2819 4005 caro
2859 3964 2926 4004 ex
2971 3965 3165 4015 carne,
3195 3951 3334 4006 sicut
3365 3950 3592 4007 Marcia-

2014 4060 2135 4111 nus,
2166 4043 2259 4099 sed
2287 4056 2451 4099 verus
2470 4042 2617 4098 Deus
2638 4057 2701 4096 ex
2731 4041 3028 4103 divinitate,
3059 4050 3114 4095 et
3142 4057 3305 4097 vetus
3333 4043 3494 4097 homo
3522 4056 3590 4099 ex

2013 4149 2178 4189 carne
2222 4147 2361 4189 unus
2404 4131 2577 4187 Filius
2604 4150 2616 4185 :
2650 4131 2709 4186 ln
2739 4131 3022 4187 divinitate
3047 4132 3281 4187 Verbum
3327 4132 3510 4189 Patris
3536 4142 3593 4189 et

2014 4221 2178 4287 Deus,
2211 4222 2265 4278 in
2302 4221 2521 4276 homine
2550 4221 2731 4274 anima
2759 4228 2815 4275 et
2836 4234 2985 4277 caro.
3015 4220 3208 4276 Anima
3238 4236 3344 4276 non
3385 4222 3592 4293 absque

2012 4327 2174 4369 sensu
2202 4322 2256 4368 et
2282 4312 2512 4376 ratione,
2538 4317 2598 4366 ut
2622 4309 2983 4381 Apollinaris,
3024 4328 3198 4383 neque
3227 4328 3355 4369 caro
3385 4315 3592 4385 absque

2014 4407 2194 4462 anima
2218 4412 2277 4461 ut
2318 4404 2611 4461 Anomaeus
2637 4402 2855 4476 [Genn.,
2885 4412 2945 4459 ut
2988 4405 3340 4480 Eunomius],
3396 4408 3490 4464 sed
3533 4418 3592 4465 et

2014 4499 2196 4554 anima
2233 4512 2355 4553 cum
2384 4496 2596 4551 ratione
2624 4510 2748 4561 sua,
2787 4501 2844 4550 et
2868 4510 3000 4550 caro
3026 4512 3151 4551 cum
3178 4499 3429 4555 sensibus
3455 4500 3588 4566 suis,

2012 4605 2109 4660 per
2133 4603 2271 4659 quos
2306 4602 2501 4644 sensus
2526 4600 2685 4642 veros
2710 4587 2768 4641 in
2811 4586 3092 4656 passione,
3122 4597 3179 4641 et
3221 4596 3344 4643 ante
3374 4590 3588 4660 passiod

2011 4697 2157 4747 nem,
2184 4679 2367 4735 carnis
2390 4694 2503 4735 sua:
2548 4677 2761 4734 dolores
2789 4678 3064 4733 sustinuit.
3099 4687 3121 4716 ο
3164 4677 3353 4748 Neque
3397 4679 3474 4734 sic
3504 4688 3588 4734 est

2011 4782 2173 4829 natus
2199 4787 2265 4827 ex
2290 4771 2533 4841 Virgine,
2558 4778 2620 4825 ut
2651 4768 2868 4826 deitatis
2890 4770 3098 4824 initium
3125 4773 3398 4826 nascendo
3426 4772 3593 4827 homo

2011 4868 2320 4939 acciperet,
2365 4866 2521 4939 quasi
2570 4876 2858 4938 antequam
2908 4876 3223 4923 nasceretur
3249 4884 3316 4924 ex
3345 4870 3585 4941 Virgine,

2008 4962 2153 5017 Deus
2181 4976 2286 5016 non
2316 4959 2503 5027 fuerit,
2532 4961 2674 5017 sicut
2709 4962 2926 5030 quidam
2965 4962 3339 5018 haereticorum
3368 4963 3588 5037 [Genn.,

2010 5054 2149 5110 sicut
2177 5054 2435 5109 Artemon
2479 5064 2535 5111 et
2577 5055 2805 5111 Berillns
2833 5064 2888 5111 et
2918 5056 3223 5132 Marcellus]
3264 5059 3589 5129 docuerunt,

2010 5146 2104 5202 sed
2147 5157 2381 5202 aeternus
2416 5146 2581 5214 Deus,
2608 5156 2663 5203 et
2708 5147 2869 5203 homo
2912 5162 2978 5204 ex
3017 5149 3229 5221 Virgine
3274 5160 3431 5207 natus
3481 5162 3587 5207 est.

2008 5232 2037 5275 τι
2064 5233 2349 5291 Omausius
2400 5250 2563 5306 ergo,
2616 5237 2671 5291 id
2718 5244 2836 5305 est,
2885 5239 3239 5294 coessentialis
3294 5240 3347 5294 in
3390 5241 3587 5296 divinic

2009 5335 2123 5385 tate
2166 5328 2315 5384 Patri
2357 5328 2545 5393 Filius,
2581 5330 2861 5386 omousius
2911 5330 3060 5386 Patri
3102 5339 3161 5386 et
3185 5331 3323 5388 Filio
3353 5332 3595 5403 Spiritus

2010 5430 2267 5487 sanctus,
2314 5419 2593 5479 omousius
2626 5421 2738 5479 Deo
2790 5431 2846 5479 et
2889 5425 3090 5480 homini
3133 5425 3321 5483 Filius.
3367 5428 3593 5487 Manens

2011 5512 2155 5569 Deus
2186 5514 2238 5570 in
2270 5515 2489 5572 homine
2509 5531 2609 5572 suo
2629 5517 2683 5572 in
2711 5516 2880 5589 gloria
2920 5518 3096 5576 Patris
3118 5520 3354 5594 [videtur
3396 5532 3452 5579 et
3493 5523 3590 5578 de‘

2012 5601 2281 5657 sidentur
2316 5603 2489 5666 videri
2534 5602 2604 5659 ab
2650 5604 2891 5679 Angelis,
2930 5618 2985 5665 et
3028 5612 3285 5669 adoretur
3335 5613 3405 5667 ab
3440 5612 3588 5668 omni

2015 5699 2266 5748 creatura
2293 5692 2582 5767 (Gennad.,
2607 5695 2761 5757 Unus
2789 5699 3165 5761 desiderabilis
3190 5704 3358 5762 videri
3386 5706 3454 5761 ab
3496 5720 3592 5761 an-

2096 5819 2120 5883 εξ
2149 5810 2416 5883 Qennad.,
2448 5810 2602 5883 ibid.,
2640 5826 2758 5883 cap.
2790 5813 2844 5883 ὅ.

2096 5877 2121 5919 δ
2154 5877 2424 5948 Gennad.,
2453 5881 2608 5949 ibid.,
2637 5877 2755 5953 cap.
2784 5882 2839 5938 5.
