4090 6490
504 429 644 488 1059

1315 419 1379 474 Β.
1421 417 1481 474 F.
1513 416 1738 473 ALBINI
1777 413 1911 472 SEU
1950 411 2230 470 ALCUINI
2267 411 2556 470 OPERUM
2595 411 2775 469 PARS
2811 410 2944 467 vm.

3644 409 3786 463 1060

497 539 662 614 gelis;
696 536 839 593 sicut
878 531 1042 590 Pater
1087 537 1144 586 et
1186 528 1423 600 Spiritus
1454 535 1673 584 sanctus
1718 524 1979 580 adoretur
2013 524 2084 579 ab
2110 533 2152 584 A
2186 525 2292 580 illa.
2327 524 2384 581 Si
2434 525 2598 597 igitur
2628 525 2680 579 in
2715 524 2869 579 nobis
2921 523 3227 579 invenimus
3269 524 3370 578 tria
3405 525 3785 596 separabiUter

498 629 707 703 angelis
729 636 786 683 et
827 627 896 681 ab
934 623 1087 680 omni
1141 619 1437 692 creatura).
1484 618 1603 675 Non
1650 619 1813 673 homo
1862 627 2085 687 propter

499 724 690 789 Deum,
728 722 813 775 vel
838 718 1088 776 Christus
1112 731 1235 771 cum
1264 716 1396 780 Deo,
1435 723 1496 770 ut
1525 713 1808 771 Nestorius
1827 713 2084 784 blasphe-

497 823 632 879 mat,
664 813 760 870 sed
791 815 952 867 homo
986 811 1041 866 in
1077 809 1210 875 Deo,
1240 817 1293 862 et
1322 808 1378 862 in
1410 807 1629 863 homine
1655 807 1814 861 Deus.

571 906 702 964 Vill.
749 905 920 975 Hujus
947 917 1181 972 namque
1217 899 1432 954 Domini
1484 899 1654 953 nostri
1705 896 1836 952 Jesu
1883 895 2085 952 Christi

498 1006 676 1055 mater
710 997 871 1054 beata
929 994 1098 1050 Maria
1147 991 1336 1064 procul
1375 990 1537 1046 dubio
1571 1000 1627 1045 et
1662 989 1814 1060 virgo
1877 988 2082 1058 genuit,

498 1101 555 1147 et
586 1099 709 1160 post
733 1096 950 1159 partum
992 1086 1146 1157 virgo
1188 1082 1506 1155 permansit.
1560 1081 1673 1137 Nec
1728 1079 2083 1149 blasphemia:

499 1181 729 1236 llelvidii
755 1176 1230 1247 acquiescendum,
1253 1174 1343 1244 qui
1369 1174 1448 1228 ait
1478 1191 1492 1226 :
1525 1169 1683 1242 Virgo
1709 1181 1831 1226 ante
1850 1178 2085 1240 partum,

499 1289 608 1328 non
633 1272 780 1341 virgo
813 1278 928 1339 post
955 1278 1186 1337 partem.
1219 1265 1326 1320 Sed
1357 1265 1567 1335 integra
1602 1262 1707 1318 llde
1731 1261 2086 1326 credendum,

501 1363 866 1434 integritatem
896 1368 1060 1414 tantm
1090 1355 1413 1428 virginitatis
1454 1368 1669 1425 semper
1703 1353 1970 1408 mansisse
2000 1351 2088 1405 in-

501 1454 782 1510 violatam.
807 1451 903 1507 Sic
923 1466 1051 1508 cum
1083 1450 1236 1521 virgo
1258 1462 1588 1521 permanens
1613 1448 1818 1520 genuit,
1851 1455 1912 1501 ut
1935 1446 2090 1514 virgo

501 1546 770 1616 concepit.
803 1545 1032 1615 Dignum
1079 1542 1274 1613 quippe
1306 1539 1432 1606 fuit,
1468 1548 1524 1594 et
1561 1540 1718 1595 valde
1743 1538 1989 1611 dignum;
2031 1547 2092 1593 ut

507 1639 625 1697 bzec
651 1637 764 1692 sola
787 1635 1006 1700 femina,
1033 1642 1089 1690 et
1118 1633 1268 1705 virgo
1312 1640 1437 1687 ante
1482 1639 1717 1702 partum,
1753 1639 1808 1686 et
1859 1631 2010 1700 virgo
2034 1630 2092 1684 in

504 1739 688 1804 partu,
714 1737 769 1784 et
793 1730 946 1800 virgo
981 1735 1104 1798 post
1143 1733 1361 1798 partum
1390 1731 1556 1789 esset,
1599 1739 1721 1794 qua:
1749 1723 2092 1779 inearnatnm

509 1822 749 1881 Verbum
777 1821 869 1876 Dei
897 1820 1128 1891 peperit,
1158 1816 1212 1873 id
1244 1825 1349 1882 est,
1379 1831 1565 1870 verum
1604 1814 1774 1871 Deum
1805 1824 1860 1870 et
1903 1829 2092 1870 verum

2185 617 2574 682 demonstrata,
2606 615 3035 685 inseparabiliter
3063 628 3306 685 operata,
3325 625 3375 667 et
3401 630 3589 669 eorum
3615 615 3785 687 5.00

2189 707 2350 760 trium
2400 708 2820 777 ununiquolque
2853 721 3047 761 nomen
3086 721 3117 760 a
3164 708 3336 760 tribus
3378 706 3601 772 factum,
3631 708 3781 776 quod

2187 805 2367 853 tamen
2396 815 2501 853 non
2543 800 2608 852 ad
2649 800 2776 861 tria,
2810 800 2903 852 sed
2937 800 3003 854 ad
3055 801 3218 853 trium
3247 800 3438 854 horum
3474 816 3635 854 unum
3675 800 3781 854 ali-

2186 891 2312 961 quil
2335 893 2649 962 pertineret,
2681 892 2966 946 credamus
3013 891 3249 958 Patrem,
3296 892 3489 946 Filium
3520 901 3576 947 et
3605 891 3784 964 Spiri-

2188 993 2300 1037 tum
2354 999 2600 1040 sancmm
2654 1001 2748 1055 per
2787 987 2936 1057 signa
2969 987 3213 1056 quaedam
3266 987 3521 1050 visibilia,
3567 997 3624 1043 et
3677 1003 3786 1058 per

2187 1078 2397 1148 species
2443 1079 2704 1146 quasdam
2751 1088 3045 1147 assumpta:
3089 1086 3356 1133 creaturae
3395 1094 3555 1148 posse
3595 1087 3650 1133 et
3686 1094 3780 1134 se-

2190 1169 2505 1237 parabiliter
2550 1170 2930 1234 demonstrari,
2975 1179 3028 1222 et
3067 1170 3499 1240 inseparabiliter
3539 1172 3779 1241 operari.

2188 1263 2245 1314 in
2291 1261 2446 1315 nobis
2493 1263 2657 1325 enim,
2687 1261 2830 1331 quod
2875 1268 2983 1326 est,
3024 1273 3314 1331 possumus
3361 1278 3550 1327 nosse;
3581 1263 3636 1316 in
3665 1262 3785 1317 Deo

2190 1363 2408 1417 autem,
2463 1355 2554 1423 qui
2609 1370 2706 1408 nos
2745 1353 2913 1417 fecit,
2966 1355 3107 1423 quod
3162 1364 3280 1420 est,
3329 1356 3588 1425 quidquid
3643 1365 3732 1410 cst
3763 1397 3780 1420 ,

2191 1448 2408 1518 quando
2461 1462 2749 1518 possumus
2799 1447 2994 1502 nosse?
3023 1447 3090 1501 Et
3145 1448 3192 1502 si
3257 1448 3594 1518 poterimus,
3643 1464 3785 1503 non-

2191 1541 2318 1595 dum
2357 1555 2679 1611 possumus,
2721 1549 2776 1594 et
2828 1549 3007 1595 tamen
3062 1554 3190 1595 cum
3244 1541 3584 1610 poterimus,
3638 1557 3788 1596 nun-

2190 1633 2320 1702 quid
2351 1633 2431 1686 sic
2458 1647 2618 1688 nosse
2649 1631 2815 1686 Deum
2860 1631 3177 1696 valebimus,
3202 1633 3474 1703 quomodo
3522 1646 3582 1690 se
3629 1634 3787 1690 novit

2193 1723 2376 1780 Deus?
2407 1724 2704 1780 Credamus
2730 1725 2846 1795 jam
2896 1725 2989 1790 ibi,
3026 1725 3171 1796 quod
3221 1740 3331 1781 non
3358 1739 3647 1796 possumus
3694 1727 3781 1781 vi-

2193 1817 2343 1881 dere,
2375 1832 2478 1872 nec
2512 1817 2601 1873 hic
2629 1817 2696 1872 ad
2729 1816 2946 1887 plenum
2994 1817 3474 1888 comprehendere.
3512 1816 3602 1873 Sol
3632 1819 3785 1875 enim

509 1915 806 1973 hominem.
850 1912 1078 1984 Propter
1108 1910 1252 1981 quod
1275 1909 1523 1964 e-amdem
1567 1908 1781 1964 beatam
1823 1907 2089 1979 virginem
2124 1913 2167 1974 Β
2192 1924 2315 1964 cum
2346 1926 2487 1965 unus
2518 1911 2608 1975 sit,
2648 1911 2810 1966 habet
2838 1911 3094 1976 calorem,
3139 1911 3301 1966 habet
3326 1919 3382 1966 et
3416 1912 3781 1983 splendorem,

508 2007 764 2074 θεοτόισν,
800 2006 854 2063 id
881 2012 987 2071 est,
1033 2003 1131 2060 Dei
1179 2001 1495 2073 genitricem
1535 2001 1878 2056 conﬁtemur.
1921 2000 2093 2056 Natus

508 2109 595 2158 est
616 2115 683 2155 ex
705 2112 770 2154 ea
791 2112 931 2153 unus
957 2104 1119 2168 atque
1148 2094 1290 2151 idem
1332 2092 1495 2150 Jesus
1530 2092 1781 2149 Christus
1816 2108 1977 2147 verus
2003 2091 2093 2148 Fi-

508 2189 616 2248 lius
653 2189 772 2254 Dei,
797 2196 855 2242 et
885 2188 1024 2242 idem
1073 2185 1190 2255 ipse
1217 2199 1378 2239 verus
1416 2182 1586 2238 Filius
1636 2182 1894 2238 hominis.
1948 2183 2092 2237 Con-

507 2280 878 2338 substantialis
905 2277 1236 2347 aequalisque
1279 2274 1427 2330 Patri
1477 2275 1778 2331 secundum
1806 2275 2092 2338 deitatem,

503 2374 604 2433 sed
628 2370 753 2429 inde
777 2371 956 2427 minor
979 2369 1142 2424 Patre
1162 2410 1176 2431 ,
1221 2369 1365 2424 unde
1396 2367 1553 2423 nobis
1591 2365 2093 2433 consubstantialis,

505 2467 634 2539 quia
660 2481 758 2538 per
783 2463 966 2523 omnia
990 2463 1145 2520 nobis
1170 2461 1367 2518 similis
1389 2461 1596 2532 absque
1625 2468 1870 2533 peccato.
1899 2460 2096 2528 Quam-

504 2558 590 2615 vis
616 2557 778 2627 igitur
799 2557 960 2612 Pater
980 2571 1088 2611 non
1118 2557 1190 2610 sit
1212 2563 1374 2608 natus
1412 2553 1481 2610 de
1513 2554 1742 2625 virgine,
1766 2569 1946 2624 neque
1972 2552 2094 2625 Spi-

506 2650 644 2705 ritus
685 2656 927 2714 sanctus,
960 2647 1056 2703 sed
1093 2646 1242 2701 solus
1263 2645 1434 2703 Filius
1457 2686 1473 2712 ,
1517 2646 1860 2701 nativitatem
1913 2653 2097 2700 tamen

506 2740 630 2796 l-‘ilii
677 2741 834 2797 istam
880 2748 939 2794 et
977 2739 1153 2803 Pater,
1199 2747 1255 2794 et
1283 2735 1474 2803 Filius,
1506 2745 1564 2791 et
1591 2735 1829 2807 Spiritus
1875 2745 2098 2792 sanctus

506 2834 716 2902 operati
743 2840 872 2887 sunt
907 2846 972 2886 ex
996 2829 1229 2901 virgine,
1260 2843 1362 2884 nec
1391 2844 1499 2884 non
1521 2835 1576 2884 et
1599 2831 1902 2898 passionem
1929 2838 1984 2885 et
2012 2844 2098 2883 re-

503 2923 894 2980 surrectionem
934 2919 1072 2988 ejus,
1117 2929 1172 2973 et
1207 2917 1414 2989 reliqua
1464 2925 1662 2972 cuncta
1700 2933 1822 2987 quae
1873 2918 1940 2972 ad
1979 2916 2097 2986 ejus

507 3014 786 3085 pertinent
809 3012 1228 3068 humanitatem.

584 3106 673 3162 tx.
694 3106 982 3164 Videamus
1007 3120 1137 3176 ergo
1159 3106 1204 3158 si
1235 3102 1376 3158 forte
1398 3103 1451 3156 in
1475 3109 1728 3157 creatura
1758 3103 2099 3158 inveniamus

507 3199 731 3270 aliquid,
785 3197 876 3254 ubi
933 3196 1222 3266 probemus
1272 3194 1451 3264 aliqua
1486 3193 1587 3248 tria
1619 3202 1675 3248 et
1722 3195 2097 3265 separabiliter

2191 2003 2291 2060 sed
2333 2002 2519 2061 calore
2551 2003 2740 2067 siccat,
2787 2003 3073 2074 splendore
3104 2001 3355 2059 illustrat.
3405 2002 3464 2058 Si
3517 2003 3572 2059 in
3619 2005 3788 2062 rebus

2191 2096 2390 2153 creatis
2435 2097 2550 2151 haec
2578 2105 2634 2152 et
2677 2097 2842 2150 multa
2875 2095 2981 2150 alia
3029 2096 3392 2162 inveniuntur,
3438 2110 3507 2150 ex
3559 2095 3782 2168 quibus,

2190 2189 2344 2244 verbi
2388 2192 2584 2261 gratia,
2615 2188 2800 2244 divina
2827 2187 3131 2245 consultius
3179 2187 3400 2245 valeant
3440 2187 3790 2262 aliquatenus

2193 2280 2570 2347 animadverti,
2599 2279 2822 2336 stultum
2845 2289 2929 2334 est
2949 2280 3018 2334 de
3040 2279 3305 2337 Creatore
3334 2279 3629 2353 ambigere,
3654 2281 3786 2352 quia

2191 2382 2472 2431 creaturas
2505 2373 2641 2428 tales
2677 2373 2856 2428 facere
2885 2371 3074 2428 valuit.

2263 2465 2332 2522 Χ.
2359 2464 2711 2521 inveniuntur
2738 2478 2954 2535 quoque
2997 2464 3053 2518 in
3094 2464 3362 2520 creaturis
3401 2477 3606 2525 cetera.
3634 2464 3786 2518 inve

2195 2556 2416 2612 niuntur
2437 2555 2762 2627 etmqualia,
2806 2553 2903 2611 sed
2935 2570 3045 2610 non
3086 2565 3319 2626 utraque
3358 2554 3539 2611 simul.
3566 2554 3627 2610 In
3673 2554 3790 2609 Deo

2193 2649 2342 2704 enim
2398 2655 2529 2702 sunt
2588 2645 2750 2702 simul
2799 2653 3070 2717 utraque,
3121 2660 3264 2702 unus
3310 2644 3456 2700 Deus
3501 2652 3558 2701 et
3622 2643 3789 2699 Pater

2194 2741 2457 2806 omnium,
2484 2739 2779 2811 principale
2811 2754 3010 2798 nomen
3058 2739 3358 2797 divinitatis
3400 2755 3500 2811 per
3532 2753 3595 2796 se
3636 2738 3786 2810 quod

2194 2835 2453 2900 creditur,
2489 2843 2546 2889 et
2593 2834 2736 2904 quod
2785 2833 2983 2889 dicitur
3015 2830 3196 2900 Pater,
3246 2831 3392 2888 Deus
3436 2833 3556 2889 sine
3591 2832 3788 2903 princi-

2194 2925 2317 2996 pio,
2362 2925 2479 2981 sine
2508 2934 2768 2995 tempore,
2801 2926 2870 2980 de
2920 2924 3101 2994 seipse
3155 2923 3342 2995 genuit
3369 2921 3588 2988 Filium,
3630 2933 3687 2978 et
3714 2938 3786 2978 ea

2197 3017 2393 3072 virtute
2430 3030 2530 3070 sua
2563 3013 2789 3086 protulit
2829 3013 3105 3089 Spiritum
3138 3022 3407 3070 sanctum.
3447 3013 3573 3071 Ideo
3617 3013 3789 3069 Filius

2194 3120 2264 3161 ex
2303 3104 2482 3170 Patre,
2508 3121 2614 3161 non
2636 3119 2703 3160 ex
2736 3120 2815 3171 se,
2854 3103 2951 3161 sed
2977 3103 3176 3162 Patris.
3207 3103 3371 3160 Pater
3399 3103 3564 3171 Dens,
3597 3112 3654 3159 et
3689 3102 3784 3158 Fi‘

2198 3197 2302 3254 lius
2330 3197 2490 3260 Dens,
2521 3196 2617 3252 sed
2639 3212 2746 3252 non
2782 3196 2925 3252 idem
2949 3195 3129 3263 Pater,
3157 3195 3251 3268 qui
3279 3194 3450 3253 Filius
3495 3197 3549 3251 in
3599 3212 3789 3269 perso-

507 3291 897 3356 demonstrari,
935 3299 990 3343 ct
1040 3288 1474 3358 inseparabiliter
1518 3287 1752 3357 operari.
1801 3286 2093 3343 Invisibilia
2119 3274 2168 3341 C
2199 3290 2419 3358 na,sed
2449 3288 2611 3354 idem,
2641 3288 2782 3359 quod
2815 3287 2982 3343 Filius
3028 3288 3084 3344 in
3127 3296 3344 3344 natura.
3374 3285 3612 3358 Spiritus
3655 3303 3787 3342 san-

506 3387 646 3441 enim
676 3383 786 3454 ejus
819 3400 852 3436 a
880 3393 1124 3434 creatura
1153 3380 1336 3434 utendi
1367 3395 1459 3451 per
1502 3395 1587 3445 ea,
1613 3395 1734 3450 qua
1762 3379 1904 3449 facta
1945 3391 2092 3447 sunt,

506 3477 774 3534 intellectu
820 3475 1215 3544 conspiciuntur
1268 3472 1450 3542 (Rom.
1483 3489 1538 3540 ι,
1576 3471 1693 3545 ω).
1743 3471 1898 3529 Licet
1931 3473 2095 3545 longe

506 3568 708 3626 distent
732 3582 764 3621 a
788 3564 1014 3622 summis
1044 3564 1170 3628 ima,
1200 3563 1270 3618 ab
1297 3563 1824 3619 incommutabilibus
1854 3579 2099 3620 commn-

509 3664 716 3731 tabilia,
752 3677 785 3717 a
811 3659 1117 3718 creantibus
1161 3668 1366 3723 creata,
1400 3673 1435 3712 a
1479 3657 1675 3713 divinis
1709 3659 1967 3725 humana,
2013 3668 2098 3714 ta-

508 3755 846 3825 meninipsa
877 3759 1126 3809 creatura
1167 3751 1276 3806 ima
1327 3759 1384 3805 et
1427 3749 1698 3817 mutabili,
1747 3748 2099 3806 inveniuntur

509 3849 691 3918 aliqua
733 3861 856 3918 qua
923 3850 1154 3917 possunt
1199 3853 1256 3897 et
1312 3840 1687 3912 separabiliter
1731 3841 2099 3900 demonstrari

505 3949 565 3999 et
591 3938 1026 4010 inseparabiliter
1057 3935 1293 4006 operari,
1323 3935 1468 3991 sicut
1503 3943 1630 3991 sunt
1673 3935 1935 3991 memoria
1955 3977 1972 4002 ,
2010 3935 2097 3992 in-

510 4031 756 4088 tellectus
779 4037 835 4085 et
856 4028 1126 4085 voluntas.
1155 4028 1414 4084 Memoria
1450 4028 1598 4084 enim
1627 4026 1924 4085 retinemus
1951 4029 2099 4099 quod

509 4125 777 4187 audimus,
815 4122 1087 4179 intellectu
1139 4122 1482 4192 agnoscimus
1517 4119 1663 4192 quod
1701 4129 1973 4188 tenemus,
1997 4135 2099 4178 vo-

509 4219 718 4274 luntate
735 4215 1062 4287 proferimus
1086 4215 1230 4284 quod
1256 4214 1604 4285 agnoscimus
1652 4232 1668 4268 ι
1699 4214 1795 4270 sed
1850 4217 2099 4286 quamvis

511 4312 631 4366 tunc
671 4309 776 4362 tria
827 4306 1203 4378 separabiliter
1242 4307 1614 4372 nominentur,
1672 4313 1850 4361 tamen
1897 4322 2099 4364 nomen

511 4401 674 4458 unius
699 4415 768 4455 ex
804 4399 891 4454 his
923 4398 1096 4452 tribus
1123 4397 1230 4451 tria
1272 4405 1585 4469 cperantur.
1629 4395 1750 4452 Non
1783 4406 1963 4469 potest
1991 4400 2094 4457 dici

513 4493 628 4548 sola
650 4491 931 4554 memoria,
963 4490 1069 4546 nisi
1111 4499 1369 4561 operante
1395 4490 1694 4551 voluntate.
1726 4491 2003 4547 intellectu
2039 4501 2097 4547 et

514 4582 795 4639 memoria.
835 4580 953 4636 Non
1007 4589 1190 4650 potest
1243 4580 1350 4635 diei
1396 4580 1542 4636 solus
1599 4579 1906 4636 intellectus
1932 4623 1947 4646 ,
1995 4583 2097 4638 nisi

512 4678 774 4747 aperanti:
799 4673 1083 4736 memoria,
1121 4671 1396 4727 voluntate
1420 4680 1477 4728 et
1517 4671 1808 4727 intellectu.
1851 4673 1966 4727 Non
1997 4689 2098 4744 po-

515 4776 624 4824 tsst
645 4766 752 4822 dici
797 4764 910 4822 sola
939 4763 1216 4829 voluntas,
1250 4763 1356 4817 nisi
1386 4770 1647 4833 operante
1677 4765 1933 4818 memoria
1956 4805 1969 4828 ,
2011 4765 2098 4818 in-

513 4858 727 4914 tellectu
781 4865 839 4910 et
880 4855 1172 4910 voluntate.
1225 4853 1402 4910 Unum
1440 4854 1633 4908 horum
1683 4855 1962 4908 nominum
1993 4856 2097 4908 tria

511 4947 780 5012 lacuum,
810 4946 905 5002 sed
943 4956 1124 5001 tamen
1154 4946 1258 5000 hoc
1300 4961 1487 5010 unum,
1518 4947 1659 5014 quod
1686 4946 1801 5002 .tria
1835 4944 2094 5009 fecerunt,

515 5023 624 5105 non
652 5045 722 5101 ad
748 5046 848 5099 tria
890 5043 1156 5113 pertinet,
1192 5040 1288 5095 sed
1334 5041 1402 5094 a'l
1449 5054 1633 5093 unum.
1687 5038 1813 5094 Tria
1855 5036 2101 5092 fecerunt

517 5158 714 5200 nomen
765 5141 1059 5202 memorim.
1108 5137 1201 5192 sed
1232 5137 1334 5191 hoc
1371 5151 1478 5190 non
1518 5135 1750 5204 pertinet
1779 5133 1882 5187 nisi
1913 5132 1979 5187 ad
2013 5148 2100 5186 so-

515 5237 625 5292 lam
648 5236 984 5292 memoriam.
1009 5232 1137 5285 Tria
1163 5230 1409 5285 fecerunt
1435 5243 1628 5282 nomen
1656 5227 1980 5289 intellectus,
2005 5225 2102 5280 sed

518 5343 626 5382 non
665 5326 899 5396 pertinet
941 5321 1046 5378 nisi
1090 5322 1158 5376 ad
1185 5320 1360 5375 solum
1406 5317 1754 5372 intellectum.
1789 5317 1914 5371 Tria
1959 5315 2103 5370 fece-

522 5426 649 5473 runt
682 5429 877 5470 nomen
913 5412 1226 5476 voluntatis,
1253 5409 1345 5465 sed
1378 5423 1485 5463 non
1511 5409 1747 5478 pertinet
1778 5408 1876 5462 nisi
1923 5408 1989 5462 ad
2019 5422 2105 5461 so-

521 5506 628 5564 lam
682 5505 1031 5560 voluntatem.
1068 5501 1145 5556 Ita
1188 5499 1428 5555 Trinitas
1459 5499 1586 5554 fecit
1624 5513 1847 5554 carnem
1877 5496 2099 5562 Christi,

523 5600 616 5655 sed
654 5614 761 5655 non
799 5598 1036 5668 pertinet
1063 5594 1164 5649 nisi
1189 5594 1258 5648 ad
1283 5593 1457 5648 solum
1481 5589 1776 5646 Christum.
1806 5589 1933 5644 Tria
1960 5588 2104 5645 fece-

525 5699 651 5746 runt
691 5689 762 5748 de
795 5688 935 5743 cmlo
961 5686 1284 5750 columbam,
1313 5683 1406 5738 sed
1457 5699 1563 5737 non
1611 5682 1849 5752 pertinet
1876 5681 1982 5735 nisi
2034 5679 2102 5734 ad

524 5783 694 5839 solum
729 5783 990 5853 Spiritum
1019 5790 1284 5836 sanctum.
1317 5779 1442 5834 Tria
1470 5777 1716 5832 fecerunt
1753 5778 1819 5832 de
1842 5777 1980 5833 θαιλο
2009 5791 2100 5832 vo-

522 5890 664 5944 cem,
706 5875 803 5932 scd
837 5889 942 5930 non
991 5875 1222 5944 pertinet
1261 5872 1362 5926 nisi
1422 5871 1487 5925 ad
1537 5870 1709 5925 solum
1735 5870 1952 5927 Patrem
2003 5884 2106 5925 V01

2192 3390 2316 3438 ctus
2348 3396 2458 3436 non
2491 3379 2638 3435 Patri
2686 3381 2976 3451 ingenitus,
3012 3379 3108 3436 sed
3138 3377 3374 3451 Spiritus
3416 3378 3638 3451 ingeniti
3684 3376 3788 3432 Pa.

2195 3474 2314 3530 tris.
2340 3472 2510 3529 Filius
2545 3473 2757 3546 genitus
2780 3487 2885 3528 non
2915 3469 3150 3544 Spiritus
3182 3470 3378 3537 Filius,
3414 3472 3508 3527 sed
3555 3487 3670 3543 ipse
3702 3482 3788 3528 est

2195 3569 2382 3634 Filius,
2420 3580 2583 3639 super
2601 3583 2765 3639 quem
2797 3583 2829 3623 a
2871 3566 3034 3624 Patre
3063 3567 3262 3625 missus
3281 3576 3366 3624 est
3396 3566 3634 3640 Spiritus
3658 3586 3786 3625 sam

2195 3670 2336 3718 ctus.
2371 3659 2558 3730 Itaque
2579 3674 2700 3716 cum
2727 3659 3000 3730 ingenitus
3021 3657 3183 3714 Pater
3205 3659 3293 3726 ἐι,
3327 3660 3483 3731 cujus
3509 3670 3594 3716 est
3614 3660 3789 3732 Spiris

2195 3759 2302 3818 tus,
2357 3750 2573 3807 incaute
2614 3748 2849 3822 Spiritus
2900 3757 3122 3806 sanctus
3155 3750 3354 3806 dicitur
3381 3765 3414 3806 a
3459 3750 3787 3822 quibusdam

2194 3841 2486 3916 ingenitus.
2533 3840 2766 3911 Spiritus
2796 3849 3017 3897 sanctus
3052 3839 3196 3898 Deus
3218 3857 3286 3897 ex
3329 3839 3493 3899 Patre
3526 3851 3583 3899 et
3623 3841 3784 3911 Filio,

2195 3952 2305 3992 non
2336 3950 2407 3991 ex
2445 3950 2529 3998 se,
2566 3949 2635 3989 ne
2669 3935 2775 3988 duo
2824 3931 3080 4005 ingeniti,
3120 3940 3216 3988 aut
3244 3933 3350 3988 duo
3374 3931 3569 3990 Patres
3599 3950 3630 3989 a
3660 3934 3792 3990 ﬂde~

2197 4026 2339 4082 libus
2366 4024 2722 4080 aestimentur.
2771 4022 2936 4081 Filius
2968 4022 3165 4090 Patris,
3219 4025 3339 4080 sine
3384 4023 3539 4081 initio
3571 4027 3788 4099 genitus

2196 4133 2266 4174 ex
2294 4117 2474 4185 Patre,
2510 4131 2618 4172 non
2649 4123 2829 4188 potest
2848 4114 3014 4172 alium
3058 4116 3300 4190 genitum
3323 4117 3529 4174 habere
3572 4131 3789 4174 consor-

2197 4219 2326 4276 tem,
2359 4218 2420 4264 ut
2454 4208 2709 4264 credatur
2748 4208 3074 4281 unigenitus,
3110 4216 3166 4262 et
3206 4207 3313 4264 duo
3341 4208 3511 4281 geniti
3548 4225 3657 4264 non
3701 4211 3785 4266 di-

2197 4312 2411 4360 cantur.
2445 4303 2605 4358 Pater
2633 4304 2778 4358 enim
2821 4317 2961 4358 unus
3002 4300 3291 4376 ingenitus,
3328 4301 3498 4360 Filius
3531 4318 3672 4360 unus
3702 4315 3787 4362 est

2199 4395 2430 4467 genitus,
2469 4392 2702 4464 Spiritus
2745 4402 2966 4450 sanctus
3008 4410 3040 4449 a
3085 4392 3249 4450 Patre
3294 4393 3541 4467 Filioque
3592 4411 3790 4467 prece.

2197 4487 2354 4552 dens,
2386 4493 2440 4540 et
2478 4484 2696 4556 utrique
2718 4492 3043 4551 coartet-nus,
3062 4501 3202 4542 unus
3232 4495 3317 4542 est
3346 4485 3601 4558 Spiritus.
3643 4489 3790 4557 Quo-

2199 4576 2348 4631 niam
2381 4591 2547 4631 unum
2575 4590 2730 4648 opus,
2755 4583 2809 4630 et
2841 4575 2995 4632 unita
3026 4575 3083 4633 id
3113 4575 3274 4634 Patre
3301 4586 3357 4633 et
3398 4576 3538 4635 Filio
3566 4589 3623 4635 et
3658 4579 3784 4651 Spia

2201 4668 2306 4721 ritu
2330 4675 2520 4723 sancto
2557 4666 2848 4722 voluntatis
2873 4667 3118 4738 operatio
3157 4676 3260 4724 est.
3294 4669 3459 4725 Pater
3493 4671 3783 4743 ingenitus,

2199 4757 2367 4814 Filius
2397 4757 2627 4830 genitus,
2666 4756 2899 4829 Spiritus
2930 4765 3150 4815 sanctus
3198 4760 3516 4831 procedens.
3550 4760 3657 4820 Sed
3697 4766 3786 4821 ille

2199 4851 2460 4916 nascitur,
2485 4850 2574 4906 bic
2607 4849 2870 4920 procedit,
2896 4850 3034 4905 sicut
3061 4850 3115 4907 in
3137 4847 3427 4923 Evangelia
3455 4853 3599 4910 beati
3622 4855 3784 4912 Joan-

2199 4945 2284 4998 nis
2318 4943 2514 5014 lcgitur
2553 4961 2566 4998 :
2600 4941 2826 5012 Spiritus
2845 4944 2932 5012 qui
2963 4961 2993 4997 a
3018 4942 3181 4998 Patre
3219 4943 3471 5016 procedit,
3505 4949 3610 5018 ipse
3640 4951 3784 5006 nobis

2200 5036 2534 5091 annuntiabit
2568 5037 2745 5090 omnia
2799 5035 2982 5103 (Joan.
3009 5051 3100 5101 xv,
3146 5035 3251 5103 26;
3295 5054 3406 5103 xxv,
3437 5039 3550 5111 26).
3597 5042 3782 5112 Itaque

2201 5125 2434 5197 Spiritus
2458 5136 2678 5182 sanctus
2709 5143 2806 5181 nec
2833 5126 3012 5184 Patris
3037 5143 3157 5186 esse
3205 5129 3494 5201 ingenitus,
3533 5147 3632 5188 nec
3661 5132 3782 5190 Filii

2201 5222 2410 5292 genitus
2451 5221 2810 5275 existimetur.
2854 5221 2899 5274 Α
2931 5220 3068 5275 Filio
3121 5222 3269 5278 enim
3319 5223 3546 5293 accepit.
3597 5224 3782 5282 Nullus

2199 5331 2330 5386 ergo
2360 5332 2390 5369 a
2419 5315 2706 5385 semetipso
2729 5315 2944 5385 accipit,
2981 5315 3086 5370 nisi
3108 5314 3289 5371 Pater.
3315 5314 3418 5370 Per
3438 5316 3632 5374 Filium
3658 5320 3784 5374 mit-

2199 5409 2333 5461 titur
2371 5405 2623 5476 Spiritus,
2649 5405 2741 5474 qui
2768 5418 2799 5458 a
2831 5403 2992 5458 Patre
3026 5405 3288 5476 procedit.
3318 5405 3468 5461 Alius
3512 5416 3595 5462 est
3634 5409 3779 5463 enim

2202 5499 2293 5569 qui
2323 5498 2595 5569 procedit,
2633 5496 2727 5552 sed
2759 5513 2865 5551 non
2889 5505 2974 5551 est
3003 5496 3146 5550 aliud
3175 5497 3319 5568 quod
3349 5500 3593 5567 procedit
3617 5516 3778 5571 quam

2204 5592 2258 5647 id
2280 5591 2418 5645 unde
2441 5591 2700 5662 procedit.
2718 5588 2775 5644 Si
2798 5605 3049 5660 persona,
3067 5597 3345 5658 quamlur,
3361 5590 3502 5648 Deus
3527 5602 3632 5661 est,
3652 5594 3781 5666 quia

2205 5690 2259 5736 et
2281 5680 2422 5735 Deus
2435 5688 2519 5734 est
2533 5679 2790 5750 quidquid
2815 5681 2866 5733 in
2881 5678 2990 5734 Deo
3008 5687 3100 5734 aut
3121 5694 3187 5733 ex
3217 5679 3326 5736 Deo
3340 5691 3422 5735 est
3439 5696 3452 5734 :
3479 5697 3544 5736 ac
3565 5697 3664 5753 per
3681 5689 3782 5740 hoc

2208 5787 2370 5829 verax
2390 5771 2509 5826 ﬁdei
2535 5769 2826 5838 confessio,
2854 5772 2976 5827 etin
2992 5773 3241 5843 personis
3252 5771 3490 5828 excludit
3505 5775 3778 5843 unionem,

2212 5874 2264 5921 et
2289 5864 2342 5918 in
2368 5877 2726 5935 personarum
2759 5861 3109 5920 distinctione
3130 5864 3337 5921 obtinet
3358 5865 3643 5920 unitatem.
