4090 6542
312 542 439 601 1061

966 549 1117 608 OPP.
1159 548 1388 607 DUBIA.
1426 578 1498 590 —
1534 548 1761 605 ALBlNl
1801 546 2184 608 CONFESSIO
2218 545 2423 603 FIDEI.
2465 575 2537 588 --
2578 542 2760 602 PARS
2796 545 2888 603 ιιι.

3429 541 3572 598 1062

378 659 468 716 XI.
492 659 634 735 Ergo
673 661 833 718 Pater
877 661 1019 718 Deus
1060 677 1126 719 ex
1162 678 1221 718 se
1248 662 1365 733 ipso
1391 659 1732 718 iueﬂ'abiliter
1771 662 1889 717 sine
1919 669 1962 726 Α
1991 667 2286 729 assumpto,
2320 658 2374 713 in
2403 674 2512 730 quo
2561 659 2932 732 temporaliter
2972 666 3309 723 nasceretur,
3339 657 3567 721 viveret,

306 750 465 809 initio
494 754 678 826 genuit
722 752 935 821 Filium,
960 755 1099 810 sicut
1130 754 1245 826 jam
1272 753 1641 824 multipliciter
1683 753 1888 809 dicaam

305 852 413 904 est.
454 853 510 899 et
540 845 766 915 protulit
814 859 880 900 ex
909 846 1111 901 virtute
1168 861 1267 902 sua
1303 845 1569 916 Spiritum
1616 853 1880 899 sanctum.

304 931 501 990 Filium
530 935 799 1003 videlicet,
825 951 921 1008 per
945 951 1104 1009 quem
1131 946 1349 994 crearet
1370 939 1568 992 omnia.
1603 934 1883 1006 Spiritum,

304 1041 404 1100 per
441 1043 601 1098 quem
641 1027 939 1087 viviﬁcaret
979 1031 1269 1096 universa;
1321 1030 1502 1087 omnia
1555 1038 1737 1084 autem
1766 1045 1888 1101 qua:

305 1118 448 1176 facta
479 1129 624 1187 sunt,
653 1120 821 1178 Filius
869 1136 934 1176 ex
988 1123 1149 1176 Patre
1190 1123 1404 1193 genitus
1442 1120 1703 1177 condidit.
1761 1119 1889 1176 Uni-

304 1227 461 1268 versa
497 1228 628 1270 vero
687 1227 808 1285 quze
871 1213 1085 1270 condita
1137 1222 1282 1278 sunt,
1327 1230 1396 1268 ex
1439 1213 1600 1269 Patre
1645 1211 1888 1282 Filioque

304 1304 604 1376 procedens
630 1304 862 1376 Spiritus
887 1315 1105 1361 sanctus
1132 1305 1406 1361 animavit.
1447 1305 1553 1361 Sed
1576 1312 1632 1360 et
1651 1304 1887 1360 viviﬁcat

303 1393 497 1460 Filius,
516 1405 569 1450 et
589 1404 739 1450 creat
764 1394 996 1467 Spiritus
1019 1405 1260 1460 sanctus,
1292 1396 1418 1466 quia
1448 1396 1589 1451 sicut
1612 1394 1912 1463 credimus,

302 1485 672 1543 beatissimam
715 1486 1037 1542 Trinitatem
1083 1486 1244 1542 unius
1282 1501 1403 1541 esse
1454 1486 1701 1551 Deitatis,
1729 1485 1888 1540 unius

303 1576 653 1649 ejusdemque
672 1579 887 1634 virtutis
917 1587 1078 1649 atque
1108 1578 1457 1644 substantiae;
1485 1577 1560 1634 ita
1582 1577 1740 1632 unius
1762 1590 1880 1647 ope-

303 1669 551 1733 rationis,
585 1683 654 1724 ne
699 1679 840 1725 inter
869 1669 1106 1735 Patrem,
1137 1678 1191 1725 et
1230 1670 1426 1724 Filium
1449 1711 1464 1736 ,
1517 1676 1574 1723 et
1624 1666 1886 1738 Spiritum

303 1767 555 1817 sanctum
581 1763 846 1816 sentiatur
873 1761 984 1816 ulla
1010 1760 1321 1828 diversitas,
1351 1762 1456 1818 nisi
1498 1761 1643 1834 quod
1672 1760 1762 1815 ille
1791 1757 1866 1814 Pa

305 1864 392 1910 ter
417 1862 520 1920 est,
557 1861 614 1910 et
641 1854 731 1909 hic
764 1852 935 1909 Filius
969 1863 1082 1918 est,
1127 1861 1185 1909 et
1232 1853 1322 1909 ille
1359 1853 1596 1925 Spiritus
1643 1858 1885 1909 sanctus.

305 1946 548 2003 Trinitas
573 1947 718 2002 enim
740 1946 796 2002 in
817 1945 1236 2003 subsistentibus
1257 1946 1524 2016 personis,
1552 1946 1734 2002 unitas
1757 1957 1893 1999 vero

1987 759 2044 807 et
2070 760 2394 818 moreretur,
2410 759 2572 822 atque
2587 762 2913 826 resurgeret,
2925 767 3167 825 congrua
3185 752 3346 808 saluti
3370 759 3571 806 nostra

1987 841 2216 898 dicendo
2249 850 2304 898 et
2337 841 2606 907 faciendo,
2652 845 2909 914 patiendo
2954 852 3009 900 et
3035 844 3371 908 sustinendo,
3417 842 3576 898 ﬂeret

1987 935 2241 991 deorsum
2279 937 2589 992 hominibus
2623 937 2930 1006 exemplum
2983 937 3261 1000 redeundi,
3314 939 3405 1009 qui
3450 952 3571 991 sur-

1988 1044 2106 1085 sum
2139 1036 2226 1084 est
2268 1029 2474 1100 angelis
2507 1029 2815 1099 exemplum
2869 1027 3141 1085 manendi.
3191 1032 3270 1084 Ac
3318 1044 3416 1099 per
3445 1028 3571 1092 hoc,

1986 1136 2110 1176 cum
2141 1121 2301 1174 rebus
2329 1120 2546 1174 mternis
2593 1120 3071 1190 contemplandum
3097 1120 3300 1175 veritas
3329 1117 3574 1189 perfruao

1988 1222 2092 1267 tur.
2128 1213 2290 1266 rebus
2317 1221 2498 1266 autem
2546 1211 2683 1266 ortis
2733 1211 2864 1266 lides
2905 1211 3241 1268 credentium
3288 1213 3571 1276 debeatur,

1986 1312 2247 1374 purgatur
2277 1305 2440 1358 homo
2485 1317 2587 1374 per
2632 1319 2814 1358 rerum
2861 1304 3232 1375 temporalium
3269 1304 3457 1367 ﬁdem,
3511 1314 3574 1358 ut

1987 1404 2313 1451 teter-narum
2341 1397 2609 1468 percipiat
2632 1397 2942 1452 veritatem.

2059 1487 2195 1543 XII].
2240 1489 2321 1544 Ad
2341 1489 2456 1544 hmc
2481 1497 2662 1545 autem
2694 1488 2957 1552 docenda,
2990 1488 3111 1559 quis
3141 1488 3280 1545 alius
3307 1498 3417 1544 tam
3451 1487 3572 1542 ido—

1989 1579 2162 1636 neus?
2198 1578 2457 1636 Dominus
2489 1589 2676 1637 noster
2714 1579 2874 1637 Iesus
2900 1579 3149 1636 Christus
3198 1581 3253 1635 in
3284 1596 3350 1636 eo
3406 1580 3566 1653 θοι

1987 1670 2133 1740 quod
2155 1671 2328 1727 virtus
2347 1679 2404 1726 et
2427 1671 2692 1744 sapientia
2726 1670 2822 1727 Dei
2857 1680 2964 1736 est,
2989 1671 3057 1726 de
3082 1668 3244 1728 Patre
3277 1683 3405 1726 ante
3433 1683 3574 1727 tem-

1987 1777 2121 1834 pora
2153 1770 2315 1820 natus
2343 1771 2448 1829 est,
2490 1763 2600 1820 imo
2629 1778 2844 1836 semper
2889 1771 3068 1826 natus.
3112 1763 3237 1833 quia
3278 1777 3379 1818 nec
3407 1762 3574 1833 cmpit

1987 1855 2160 1918 nasci,
2212 1869 2315 1911 nec
2369 1855 2588 1911 desinit.
2630 1855 2746 1910 Non
2803 1862 2986 1910 autem
3039 1870 3326 1928 possumus
3369 1856 3572 1921 dicere.

1990 1958 2206 2016 semper
2235 1947 2501 2012 nascitur,
2557 1961 2624 2002 ne
2655 1947 3008 2018 imperfectus
3041 1962 3161 2003 esse
3189 1949 3456 2004 videatur.
3509 1947 3584 2003 At

305 2042 362 2097 in
387 2048 599 2095 natura.
629 2036 696 2093 Et
721 2040 843 2094 ideo
861 2053 1001 2093 unus
1021 2045 1105 2094 est
1132 2037 1295 2103 Deus,
1327 2053 1488 2110 quem
1519 2036 1593 2094 ita
1616 2038 1671 2092 in
1699 2045 1888 2092 saneta
1921 2028 1966 2090 Β
1990 2051 2122 2093 vero
2155 2044 2216 2093 ut
2260 2045 2498 2093 aeternus
2529 2037 2800 2110 designari
2837 2038 3015 2094 valeat
3067 2047 3124 2093 et
3173 2037 3445 2108 perfectus
3467 2079 3483 2104 ,
3525 2048 3585 2095 et

305 2129 572 2207 Trinitate
616 2129 924 2196 dividimus,
957 2137 1017 2184 ut
1058 2129 1114 2184 in
1140 2130 1358 2185 homine
1387 2144 1496 2188 uno
1536 2129 1767 2185 dicimus
1795 2129 1894 2183 ba-

306 2221 424 2278 beri
455 2221 752 2293 ingenium,
782 2220 1100 2276 memoriam
1142 2229 1198 2277 et
1251 2220 1605 2276 intellectum.
1641 2218 1778 2275 Nam
1805 2219 1894 2274 in-

307 2317 466 2389 genio
499 2315 804 2371 invenimus
837 2315 980 2385 quod
1027 2313 1337 2382 didicimus,
1383 2311 1644 2369 memoria
1692 2311 1895 2368 retine-

307 2424 431 2466 mus
460 2409 604 2480 quod
649 2409 925 2476 docemur,
961 2407 1233 2464 intellectu
1271 2406 1602 2462 advertimus
1634 2402 1895 2474 quidquid

309 2502 466 2558 nobis
500 2499 586 2556 vel
639 2498 826 2556 videre
873 2500 1162 2572 contigerit
1199 2498 1284 2556 vel
1322 2499 1530 2554 audire.
1564 2495 1705 2564 Quid
1732 2495 1895 2551 modo

310 2590 607 2650 faciemus?
647 2591 900 2663 Nunquid
949 2607 1058 2648 non
1084 2592 1189 2647 tria
1225 2592 1328 2647 ista
1373 2604 1480 2646 una
1529 2588 1793 2660 sapientia
1837 2588 1894 2643 in

309 2687 530 2744 homine
549 2683 820 2757 possidet?
864 2682 922 2741 Si
942 2699 1072 2756 ergo
1093 2683 1256 2740 homo
1286 2684 1342 2739 in
1369 2698 1474 2737 una
1500 2681 1763 2754 sapientia
1793 2681 1894 2736 tri-

309 2791 441 2832 num
484 2776 724 2848 possidet
751 2791 968 2842 nomen,
1009 2775 1282 2848 quomodo
1320 2789 1428 2829 non
1463 2773 1604 2830 Deus
1651 2772 1898 2842 omnipo-

313 2877 434 2925 tcus
449 2868 504 2922 in
526 2883 631 2922 una
655 2866 940 2924 divinitate
964 2881 1060 2922 sua
1104 2866 1388 2922 Trinitatis
1413 2865 1621 2921 obtinet
1646 2862 1903 2933 majesta-

312 2957 459 3013 tem?
483 2952 543 3012 Si
571 2956 734 3030 igitur
770 2956 1143 3012 transitorium
1174 2955 1396 3012 verbum
1421 2954 1533 3010 oris
1561 2954 1748 3018 nostri,
1770 2968 1897 3008 cum

311 3048 602 3120 loquimur,
630 3048 875 3120 pervenit
902 3047 972 3103 ad
995 3061 1189 3103 omnes
1215 3055 1388 3103 totum
1405 3087 1423 3112 ,
1465 3053 1523 3102 et
1550 3044 1620 3100 ad
1659 3045 1898 3115 singulos

314 3151 508 3207 totum,
540 3153 730 3196 omnes
759 3140 976 3207 habent,
1005 3147 1062 3196 et
1092 3152 1283 3196 omnes
1306 3146 1478 3193 totum
1507 3156 1520 3192 :
1548 3138 1792 3208 procedit
1829 3137 1898 3193 ad

313 3231 554 3304 singulos
600 3232 954 3296 audientium,
1002 3237 1058 3287 et
1096 3246 1202 3286 non
1248 3229 1452 3286 recedit
1477 3230 1546 3284 ab
1579 3245 1646 3283 eo
1687 3229 1776 3298 qui
1823 3228 1900 3284 lo-

315 3325 541 3397 quitur;
608 3323 810 3379 habent
865 3323 1082 3386 czetcri,
1142 3328 1196 3375 et
1254 3321 1368 3389 ipse
1423 3318 1555 3373 nihil
1617 3319 1893 3388 perdidit;

1992 2145 2199 2198 semper
2222 2127 2465 2185 dicamus
2492 2137 2547 2183 et
2582 2139 2760 2196 natus,
2790 2138 3049 2201 quatinus
3086 2137 3142 2184 et
3178 2139 3332 2185 natus
3364 2131 3430 2184 a.l
3455 2145 3582 2200 per-

1991 2218 2283 2277 fectionem
2324 2222 2612 2293 pertineat,
2643 2231 2698 2276 et
2723 2237 2926 2292 semper
2954 2223 3022 2276 ad
3070 2221 3428 2277 auernitatein
3453 2261 3472 2288 ,
3518 2230 3582 2278 ut

1993 2310 2318 2384 quocunque
2348 2313 2508 2369 modo
2536 2310 2628 2366 illa
2668 2313 2905 2368 essentia
2936 2313 3054 2368 sine
3081 2321 3341 2383 tempore,
3378 2321 3582 2383 tempo-

1991 2402 2094 2459 rali
2117 2403 2294 2458 valeat
2328 2403 2599 2474 designari
2630 2417 2902 2457 sermone.
2947 2400 3207 2471 Quamvis
3247 2403 3353 2458 hoc
3379 2403 3581 2473 ipsum,

1993 2487 2137 2567 quod
2170 2493 2468 2564 perlectum
2497 2493 2750 2560 dicimus,
2781 2494 3008 2548 multum
3044 2493 3112 2548 ab
3155 2494 3300 2550 illius
3334 2493 3584 2550 veritatis

1994 2588 2348 2658 expressione
2406 2589 2788 2652 deveniamus,
2839 2587 2966 2656 quia
3022 2585 3166 2656 quod
3222 2585 3425 2641 factum
3473 2600 3582 2641 non

1994 2687 2100 2744 est,
2133 2693 2239 2734 non
2265 2686 2447 2750 potest
2473 2677 2576 2731 dici
2611 2674 2930 2746 perfectum,
2958 2685 3012 2730 et
3043 2682 3225 2730 tamen
3249 2675 3583 2731 inﬁrmitatis

1994 2778 2196 2825 nostra:
2237 2768 2414 2824 verbis
2460 2765 2718 2821 Dominus
2750 2765 3190 2822 condescendens
3237 2765 3350 2818 ait:
3392 2763 3576 2819 Estote

1995 2860 2231 2932 perfecti.
2269 2862 2403 2915 sicut
2445 2869 2493 2914 et
2549 2858 2710 2913 Pater
2747 2867 2914 2914 vester
2960 2856 3179 2912 etelestis
3215 2856 3474 2928 perfectus
3506 2864 3582 2911 est

1998 2951 2217 3024 (Matth.
2242 2967 2299 3019 v,
2323 2949 2438 3023 48).
2463 2950 2520 3005 lu
2549 2949 2639 3006 illa
2660 2950 2844 3020 itaque
2865 2947 3150 3004 nativitate
3173 2947 3354 3002 divina
3381 2945 3451 3002 ab
3483 2946 3588 3000 hu-

1999 3060 2161 3100 mano
2207 3059 2405 3115 genere
2444 3046 2696 3116 cognosci
2734 3060 2839 3100 non
2870 3051 3106 3114 poterat,
3137 3043 3365 3113 proinde
3393 3042 3449 3097 in
3484 3043 3587 3097 hu-

2000 3137 2286 3193 militatem
2309 3137 2477 3202 venit,
2502 3146 2560 3191 ut
2591 3137 2865 3193 videretur
2903 3155 2915 3190 :
2956 3135 3131 3191 videri
3154 3134 3343 3201 voluit,
3369 3142 3430 3189 ut
3470 3133 3589 3189 imi-

2003 3235 2230 3283 taretur.
2282 3227 2413 3296 Qum
2469 3231 2651 3284 carnis
2708 3228 2966 3284 nativitas
3025 3230 3278 3300 despecta
3333 3228 3450 3282 visa
3503 3235 3590 3284 est

2002 3322 2335 3393 sapientibus
2363 3323 2570 3378 mundi.
2603 3323 3056 3393 Contempserunt
3107 3337 3340 3392 namque
3372 3320 3586 3376 inﬁma

315 3387 567 3475 creatura
609 3423 692 3472 est
734 3415 826 3486 qui
855 3414 1112 3485 loquitur,
1141 3387 1404 3468 creatura:
1431 3413 1522 3482 qui
1569 3387 1809 3475 audiunt,
1844 3418 1897 3465 et
1923 3387 1970 3452 (ἶ
2006 3387 2360 3468 humanitatis
2395 3413 2531 3481 ejus,
2576 3413 2686 3468 Deo
2722 3387 2848 3469 hzec-
2876 3413 3095 3484 indigna
3133 3387 3460 3483 judicantes,
3500 3415 3591 3469 cui

317 3517 528 3563 tantum
550 3505 869 3561 miraculum
894 3504 952 3559 lit
975 3505 1043 3560 de
1063 3504 1226 3559 verbo
1254 3502 1490 3558 hominis
1508 3502 1561 3556 in
1586 3501 1767 3567 corde,
1782 3516 1897 3568 ore,

315 3607 375 3652 et
411 3611 561 3660 voce,
595 3595 649 3650 in
681 3594 904 3650 auribus
925 3602 979 3649 ct
1008 3608 1169 3649 sensu
1197 3609 1212 3660 ;
1271 3593 1394 3663 quis
1420 3601 1504 3647 est
1540 3599 1651 3648 tam
1679 3591 1900 3661 stultus,

318 3686 412 3756 qui
445 3683 654 3741 dilliteri
685 3683 854 3750 malit,
879 3698 1003 3739 cum
1029 3683 1196 3751 audit,
1227 3683 1355 3755 quia
1394 3683 1538 3739 Deus
1564 3684 1766 3754 ubique
1797 3691 1899 3752 est,

319 3786 376 3835 et
402 3777 600 3848 ubique
635 3775 820 3833 tutus?

392 3869 506 3926 Xll.
538 3869 594 3926 ιη
619 3870 720 3924 hac
740 3869 891 3925 enim
917 3866 1026 3925 vita
1057 3868 1125 3926 ad
1157 3867 1281 3925 talia
1303 3870 1564 3942 mysteria
1591 3870 1724 3927 fides
1746 3871 1909 3942 pluri-

323 3978 470 4019 mum
493 3961 655 4027 valet,
676 3961 824 4030 quia,
849 3961 990 4015 sicut
1013 3961 1274 4032 scriptum
1302 3971 1406 4028 est,
1431 3961 1616 4017 Justus
1633 3979 1698 4018 ex
1710 3963 1816 4033 ﬁde
1832 3963 1907 4019 oi-

321 4053 415 4121 tu't,
430 4064 477 4109 et
491 4050 622 4122 ﬁdes
633 4062 708 4106 est
728 4050 1110 4123 speraudarstm
1125 4051 1418 4108 substantia
1437 4071 1611 4108 rerum
1626 4071 1907 4125 argumen-

325 4157 437 4202 tum
467 4160 570 4199 non
601 4141 966 4215 apparentium
993 4140 1179 4214 (Hebr.
1213 4159 1268 4210 x,
1303 4142 1396 4215 28)
1430 4162 1442 4197 :
1476 4159 1541 4199 ac
1585 4145 1641 4199 in
1684 4144 1769 4200 his
1789 4159 1910 4216 qua:

328 4236 595 4297 videntur.
624 4235 757 4292 tiles
777 4249 883 4290 non
918 4235 1144 4291 dicenda
1177 4241 1284 4302 est,
1307 4235 1404 4290 sed
1429 4235 1684 4307 cognitio.
1729 4236 1912 4303 Quan-

330 4341 444 4386 tum
490 4337 669 4384 autem
697 4327 765 4382 ad
813 4327 866 4382 id
894 4325 1040 4397 quod
1083 4333 1263 4382 ortum
1291 4335 1394 4392 est,
1440 4328 1717 4382 aeternitas
1746 4327 1908 4394 valet,

331 4428 539 4477 tantum
561 4419 626 4475 ad
654 4417 813 4473 ﬁdem
841 4417 1061 4473 veritas.
1094 4416 1210 4472 Duo
1235 4415 1323 4471 illa
1351 4432 1564 4472 sursum
1586 4425 1729 4481 sunt,
1759 4423 1914 4474 aster-

332 4512 475 4567 nitas
495 4520 551 4567 et
574 4509 776 4566 veritas
800 4526 816 4561 :
843 4505 950 4563 duo
989 4507 1091 4564 ista
1117 4507 1368 4563 deorsum
1385 4548 1398 4573 ,
1427 4507 1572 4577 quod
1600 4516 1780 4563 ortum
1807 4514 1910 4572 est,

333 4614 390 4661 et
423 4603 573 4659 ﬁdes.
589 4599 660 4658 Ut
683 4613 816 4673 ergo
839 4600 907 4655 ab
932 4597 1057 4654 imis
1078 4598 1147 4654 ad
1161 4612 1371 4653 summa
1398 4613 1734 4664 revocemur,
1752 4608 1916 4670 atque

336 4695 410 4760 id,
440 4692 584 4764 quod
606 4699 784 4761 prtum
815 4698 918 4754 est,
948 4687 1174 4759 recipiat
1207 4689 1588 4755 aeternitatem,
1629 4704 1726 4760 per
1755 4689 1913 4746 ﬁdem

336 4784 661 4845 veniendum
685 4793 770 4842 est
797 4784 865 4838 ad
894 4783 1197 4837 veritatem.
1229 4780 1300 4837 Ut
1323 4789 1502 4836 autem
1525 4797 1623 4852 per
1666 4781 1824 4837 fidem
1848 4782 1916 4836 ad

336 4879 574 4952 speciem
605 4875 827 4932 tendere
855 4890 954 4930 nos
986 4875 1224 4939 doceret,
1256 4873 1402 4927 venit
1445 4874 1713 4929 mediator
1739 4872 1834 4929 Dei
1863 4881 1920 4929 et

341 4973 638 5034 hominum.
683 4969 844 5026 homo
880 4967 1129 5024 Christus
1156 4964 1332 5032 Jcsus,
1383 4966 1474 5036 qui
1529 4965 1677 5021 dedit
1722 4975 1922 5021 semet-

339 5066 519 5139 ipsum
555 5063 978 5134 redemptioncm
1028 5075 1127 5132 pro
1166 5058 1448 5124 omnibus,
1503 5073 1626 5114 cum
1673 5059 1744 5112 sit
1805 5057 1920 5129 ipse

339 5155 595 5216 Christus
614 5153 878 5227 sapientia
905 5152 1020 5217 Dei,
1046 5167 1144 5223 per
1168 5166 1331 5223 quem
1361 5159 1544 5206 creata
1567 5159 1692 5205 sunt
1714 5151 1914 5206 omnia.

340 5249 587 5322 Cumque
634 5247 796 5306 nulla:
842 5255 1051 5302 mentes
1075 5243 1384 5309 rationales,
1435 5245 1550 5299 sive
1604 5242 1920 5315 angelorum

345 5345 461 5402 sive
497 5341 798 5406 hominum,
839 5340 941 5394 nisi
993 5339 1402 5410 participatione
1444 5335 1614 5406 ipsius
1650 5337 1924 5407 sapientes

2008 3508 2160 3559 tanto
2183 3504 2354 3574 magis
2392 3504 2553 3560 homo
2594 3505 2807 3560 debitor
2829 3504 2947 3571 fuit,
2976 3513 3181 3575 quanto
3205 3522 3304 3575 pro
3329 3506 3421 3560 illo
3445 3504 3591 3561 Deus

2004 3596 2170 3652 etiam
2193 3595 2407 3668 indigna
2428 3597 2684 3667 suscepit.
2714 3597 2852 3664 Quia
2875 3599 3012 3653 enim
3042 3615 3146 3652 non
3178 3600 3414 3670 cognovit
3437 3616 3589 3653 man-

2004 3690 2105 3744 dus
2151 3703 2245 3760 per
2292 3689 2602 3759 sapientiam
2632 3687 2833 3754 Deum,
2883 3689 3079 3760 placuit
3124 3690 3231 3746 Deo
3289 3708 3382 3761 per
3416 3691 3594 3746 stulti-

2005 3781 2137 3835 tiam
2158 3779 2550 3851 prmdicationis
2591 3778 2760 3834 salvos
2786 3779 2961 3850 facere
2992 3781 3263 3838 credentes
3305 3783 3356 3854 (1
3389 3781 3514 3838 Cor.
3547 3799 3590 3849 1,

2005 3874 2120 3948 Si).
2145 3873 2227 3930 Ac
2256 3873 2300 3928 si
2338 3873 2572 3936 diceret;
2617 3889 2741 3929 cum
2789 3873 2979 3941 Deum,
3020 3875 3112 3945 qui
3161 3884 3248 3931 est
3299 3875 3588 3946 sapientia,

2008 3979 2348 4038 nequaquam
2371 3979 2467 4034 per
2489 3964 2812 4035 sapientiam
2840 3980 2997 4021 suam
3039 3966 3272 4021 mundus
3302 3966 3590 4035 inveniret,

2007 4059 2210 4132 placuit
2245 4065 2305 4112 ut
2331 4057 2502 4112 Deum
2529 4057 2806 4113 hominem
2853 4056 3056 4112 factum
3100 4073 3196 4128 per
3241 4058 3597 4114 humanitatis

2010 4150 2175 4206 stulta
2197 4155 2565 4220 cognosceret,
2593 4155 2865 4219 quatenus
2886 4145 3006 4215 ejus
3028 4147 3291 4218 sapientia
3309 4148 3377 4204 ad
3405 4156 3594 4205 nostra

2012 4240 2176 4297 stulta
2236 4238 2607 4302 descenderet,
2664 4245 2719 4293 ct
2769 4237 2944 4293 lucem
2996 4251 3243 4306 superna:
3292 4236 3595 4307 prudentia:

2013 4333 2128 4387 luto
2176 4344 2286 4387 sum
2334 4330 2515 4386 carnis
2549 4327 2845 4382 illuminata
2891 4335 3076 4382 nostra
3103 4327 3324 4384 cmcitas
3365 4328 3595 4385 videret.

2013 4427 2186 4482 Natus
2215 4423 2378 4494 igitur
2405 4438 2471 4478 ex
2504 4421 2668 4477 Patre
2698 4421 2816 4477 sine
2842 4428 3103 4490 tempore,
3129 4436 3195 4476 ex
3238 4430 3416 4477 matre
3446 4423 3604 4479 nasci

2016 4517 2268 4587 dignatus
2308 4524 2391 4570 est
2435 4513 2489 4568 in
2536 4521 2795 4585 tempore,
2830 4521 2889 4568 ut
2923 4528 3021 4585 per
3069 4515 3192 4581 hoc,
3237 4514 3378 4583 quod
3419 4524 3602 4572 ortum

2017 4624 2174 4665 suum
2219 4609 2361 4662 inter
2405 4605 2618 4662 initium
2655 4604 2922 4675 ﬁnemque
2949 4605 3316 4672 concluderet,
3349 4606 3598 4663 humana!

2017 4699 2219 4756 mentis
2261 4697 2452 4763 oculis,
2489 4705 2690 4762 ortum,
2719 4698 2810 4766 qui
2837 4711 2938 4751 nec
2984 4695 3142 4752 initio
3190 4697 3453 4762 sumitur,
3503 4711 3605 4757 nec

2023 4791 2129 4846 line
2162 4795 2501 4863 angustatur,
2531 4788 2787 4859 aperiret.
2838 4785 3004 4847 Ortm
3055 4787 3255 4858 quippe
3305 4786 3606 4845 divinitatis

2021 4883 2138 4951 ejus
2169 4891 2295 4937 ante
2323 4889 2379 4935 et
2402 4887 2528 4950 post
2561 4894 2667 4933 non
2691 4881 2896 4944 ‘habet,
2945 4880 3031 4935 cui
3060 4880 3184 4935 dum
3229 4894 3447 4951 semper
3485 4875 3616 4936 esse
3721 4870 3726 4875 ’

2023 4981 2107 5029 est
2129 4986 2227 5042 per
2268 4969 2647 5033 aeternitatem,
2679 4967 2805 5022 dum
2853 4984 3035 5034 omne,
3067 4969 3209 5039 quod
3244 4968 3464 5035 labitur,
3505 4969 3608 5025 cir-

2025 5063 2378 5128 cumscribit;
2409 5063 2552 5117 intra
2598 5061 2946 5132 semetipsum
2977 5068 3278 5130 temporum
3329 5061 3609 5119 discursus

2023 5157 2246 5212 claudit.
2272 5153 2436 5212 Ortus
2465 5168 2592 5210 vero
2617 5153 2973 5209 humanitatis
2997 5152 3116 5224 ejus
3135 5193 3150 5218 ,
3186 5155 3310 5223 quia
3334 5163 3389 5209 et
3419 5154 3607 5225 carpit,

2021 5247 2085 5304 (ι
2114 5247 2301 5313 desiit,
2329 5255 2386 5301 et
2408 5254 2537 5300 ante
2564 5253 2620 5300 et
2638 5252 2761 5314 post
2785 5245 2986 5299 habere
3009 5260 3040 5298 a
3071 5252 3312 5315 tempore
3341 5246 3567 5315 accepit.

2101 5339 2239 5397 XIV.
2293 5356 2314 5389 ε
2345 5350 2372 5379 ι
2417 5337 2474 5393 In
2505 5335 2612 5393 fine
2644 5337 2788 5392 enim
2822 5335 3143 5392 saeculorum
3183 5335 3483 5407 perfectum
3512 5351 3611 5392 na-

346 5436 499 5501 ﬂant,
520 5434 608 5492 cui
630 5448 727 5506 per
740 5429 1004 5502 Spiritum
1027 5436 1406 5497 sanetum,per
1419 5441 1579 5497 quem
1608 5427 1850 5483 charitas
1870 5428 1924 5483 in
2030 5440 2167 5488 tura:
2189 5439 2386 5486 nostra
2412 5429 2683 5484 hominem
2711 5442 2773 5482 ex
2807 5425 2972 5481 Maria
3005 5441 3222 5499 semper
3249 5428 3461 5497 virgine
3491 5442 3612 5484 sus-

346 5529 604 5590 eordibus
628 5525 830 5594 nostris
859 5521 1193 5586 diffunditur,
1227 5519 1573 5582 inhzeremus,
1598 5533 1718 5588 qua:
1749 5518 1929 5574 Trini-
2031 5524 2196 5594 cepit,
2223 5531 2280 5577 et
2307 5521 2541 5577 Verbum
2571 5518 2771 5575 factum
2802 5530 2888 5576 est
2911 5533 3062 5583 caro,
3093 5520 3417 5575 assumenda
3440 5518 3614 5574 homi-

350 5627 437 5675 tas
459 5631 601 5672 unus
632 5591 776 5677 De'us
797 5619 900 5675 est.
933 5609 1236 5666 consultum
1279 5615 1364 5663 est
1385 5607 1564 5664 divina
1592 5607 1929 5678 providentia
2032 5591 2177 5680 nem,
2215 5628 2321 5669 non
2363 5612 2719 5683 permutando
2751 5611 3107 5675 divinitatem,
3143 5630 3163 5664 ι
3205 5609 3616 5681 superveniente

351 5706 690 5770 mortalibus,
713 5717 940 5776 quorum
975 5697 1288 5772 temporalis
1312 5698 1422 5753 vita
1473 5698 1526 5752 in
1571 5699 1734 5755 rebus
1757 5699 1934 5755 orien-
2036 5705 2090 5759 in
2118 5704 2276 5760 beata
2322 5703 2542 5775 Virgine
2569 5703 2776 5774 Spiritu
2809 5709 3022 5767 sancto,
3060 5709 3223 5772 atque
3255 5700 3616 5755 obumbrante

354 5800 500 5857 tibus
533 5806 588 5855 et
610 5794 982 5854 occidentibus
1017 5799 1276 5862 occupata
1325 5791 1630 5854 tenebatur,
1658 5798 1716 5845 ut
1745 5790 1933 5846 eadem
2036 5795 2088 5850 ei
2115 5795 2315 5850 virtute
2355 5794 2636 5851 Altissimi.
2673 5812 2692 5846 ι
2726 5792 2842 5849 Νοιι
2873 5801 3076 5856 autem,
3105 5800 3165 5846 ut
3203 5792 3420 5861 quidam
3448 5789 3615 5846 scele-

358 5895 474 5966 ipsa
500 5891 591 5948 Dei
619 5888 900 5962 sapientia.
934 5885 1000 5941 ad
1024 5885 1286 5942 unitatem
1310 5897 1556 5955 persona:
1587 5898 1696 5940 suae
1720 5883 1937 5941 homine
2037 5886 2295 5945 ratissimi
2315 5888 2624 5960 opinantur,
2656 5896 2902 5944 sanctum
2928 5884 3188 5956 Spiritum
3203 5873 3430 5940 dicimus
3449 5881 3617 5939 fuisse

435 6017 462 6047 ι
485 6000 753 6076 Pelagius.
