4090 6514
505 393 650 451 I063

1311 388 1375 444 Β.
1413 387 1478 444 F.
1509 386 1734 443 ALBINI
1774 384 1907 441 SEU
1945 379 2223 439 ALCUINI
2260 378 2547 437 OI’ERUM
2585 380 2764 437 PARS
2804 380 2932 438 VIII.

3639 381 3787 439 “‘6!

503 526 609 588 pro
645 507 872 574 semine,
913 507 1007 563 sed
1036 506 1277 576 potentia
1317 520 1381 560 ac
1408 505 1608 560 virtute
1639 504 1914 560 Creatoris
1957 516 2085 571 ope-
2114 505 2160 560 Α
2189 512 2290 553 nec
2320 495 2594 551 hominem
2632 505 2818 588 tenere
2845 496 3158 588 credantur.
3193 494 3302 588 Nos
3332 508 3511 551 autem
3542 497 3614 551 ita
3645 497 3791 553 dici-

507 614 705 663 ratum.
738 624 756 655 ι
790 602 1065 671 Scriptum
1095 609 1213 656 est:
1243 598 1524 671 Sapientia
1566 600 1844 669 wdiﬁcarit
1872 598 1971 651 sibi
1999 598 2095 651 do.

505 713 652 753 mum
681 696 863 767 (Prov.
897 710 969 757 ix,
1006 693 1080 763 I),
1112 694 1165 748 id
1187 702 1291 756 est,
1336 708 1555 748 carnem
1583 694 1636 747 in
1670 701 1825 746 utero
1854 690 2095 761 Virginis

508 786 739 850 creavit,
793 786 975 838 anima
1026 782 1277 837 rationali
1329 784 1645 837 animatam.
1700 780 1853 835 Unde
1900 779 2095 832 merito

508 877 791 948 quaeritur,
822 891 945 929 cum
973 888 1137 944 opera
1167 875 1334 927 totius
1365 871 1653 926 Trinitatis
1680 871 1789 925 sint
1820 870 2097 937 insepara-

508 970 637 1026 bilia
659 986 756 1025 cur
787 969 1119 1023 creationem
1145 967 1325 1022 carnis
1346 966 1491 1020 solus
1519 970 1773 1033 operatus
1800 975 1922 1016 esse
1945 960 2098 1014 dica-

510 1072 600 1118 tur
642 1060 880 1131 Spiritus
910 1057 1176 1112 sanctus?
1208 1057 1316 1113 Sed
1343 1058 1469 1128 quia
1501 1054 1867 1110 sanctiﬁcatio
1897 1051 1957 1106 ﬁt
1998 1068 2098 1122 per

510 1151 791 1222 Spiritum,
818 1158 873 1203 et
904 1149 1042 1203 idem
1072 1145 1311 1217 Spiritus
1339 1149 1418 1203 sic
1441 1157 1525 1202 est
1552 1148 1715 1211 Deus,
1741 1153 1801 1200 ut
1830 1145 1903 1200 sit
1930 1145 2097 1199 etiam

512 1244 710 1298 donum
744 1242 861 1306 Dei,
900 1241 1107 1294 idcirco
1133 1240 1369 1309 Spiritus
1407 1247 1629 1294 sanctus
1654 1238 1852 1293 dicitur
1873 1252 2094 1293 carnem

509 1332 713 1389 Christi
762 1349 815 1386 in
863 1343 1018 1387 utero
1056 1331 1295 1401 Virginis
1340 1348 1577 1389 creasse.
1631 1341 1690 1386 ut
1734 1330 2100 1401 intelligamus

510 1440 632 1481 eam
660 1424 1087 1479 sanctiﬁcatione
1117 1424 1313 1477 divinae
1345 1425 1535 1494 gratiae
1560 1437 1658 1491 per
1687 1423 1885 1477 donum
1919 1421 2097 1492 Spiri-

512 1524 601 1573 tus
644 1517 815 1572 sancti
861 1517 935 1570 ita
966 1526 1226 1583 creatam,
1267 1523 1329 1570 ut
1372 1523 1429 1571 et
1474 1517 1715 1571 divinum
1750 1523 1896 1571 esset
1940 1530 2098 1588 Opus,

515 1618 575 1664 ut
602 1611 656 1663 in
686 1610 892 1663 unitate
922 1622 1165 1676 persona:
1191 1607 1333 1661 unici
1363 1606 1480 1662 Filii
1506 1606 1600 1660 Dei
1627 1606 1830 1674 absque
1854 1605 1964 1660 ulla
1989 1606 2102 1661 ori-

514 1699 711 1771 ginalis
760 1699 972 1769 peccati
1021 1698 1183 1753 sorde
1215 1698 1287 1752 ita
1321 1698 1393 1753 sit
1422 1706 1720 1767 assumpta,
1766 1705 1826 1751 ut
1870 1712 1936 1750 ex
1982 1696 2100 1766 ipsa

514 1797 869 1865 conceptione
912 1794 1270 1857 sanctiﬁcata,
1313 1802 1366 1847 et
1394 1793 1491 1846 Dei
1519 1794 1689 1847 verbo
1726 1789 2098 1846 substantiali-

514 1895 599 1940 ter
620 1887 786 1948 unita,
818 1885 1220 1956 nullumposset
1250 1884 1504 1952 deinceps
1532 1883 1775 1954 recipere
1789 1893 2094 1952 peccatum.

512 1976 583 2034 Et
627 1979 681 2032 in
722 1985 927 2032 tantum
974 1976 1311 2033 sanctiﬁeata
1352 1986 1457 2040 est,
1488 1986 1541 2031 et
1568 1976 1746 2031 divina
1777 1990 1904 2029 caro
1937 1974 2097 2040 facta,

511 2083 574 2130 ut
602 2090 705 2131 non
738 2075 909 2129 solum
950 2074 1065 2143 ipse
1093 2080 1374 2144 peccatum
1402 2073 1607 2127 habere
1635 2087 1743 2126 non
1773 2078 1977 2142 posset,
2010 2084 2103 2125 ve-

512 2181 633 2220 rum
656 2168 819 2220 etiam
846 2167 896 2219 in
918 2165 1036 2220 aliis
1058 2174 1280 2235 peccata
1304 2180 1536 2235 purgare
1565 2164 1937 2220 elﬁcacissime
1952 2164 2099 2219 vale-

512 2268 616 2315 ret.
647 2258 780 2314 Nam
811 2260 990 2315 czeteri
1022 2260 1270 2315 homines
1310 2259 1377 2313 ad
1416 2259 1517 2312 hoc
1559 2257 1991 2322 sanctiﬁcantur,
2043 2266 2103 2313 ut

511 2353 750 2423 peccatis
802 2358 1046 2406 careant.
1100 2351 1273 2405 llomo
1317 2358 1515 2405 autem.
1547 2348 1637 2403 ille
1685 2348 1997 2404 Dominicus
2034 2348 2101 2404 ad

511 2442 616 2499 hoc
646 2442 1015 2499 sanctiﬁcatus
1044 2451 1147 2507 est,
1173 2451 1235 2497 ut
1264 2453 1547 2513 peceatum
1578 2440 1728 2495 nullo
1761 2440 1920 2495 modo
1952 2440 2005 2495 in
2041 2454 2100 2495 se

512 2535 801 2605 recipiens,
845 2543 1159 2606 peceatores
1196 2550 1263 2589 ex
1292 2532 1536 2605 potentia
1563 2531 1864 2587 divinitatis
1902 2529 2103 2601 justiﬁ-

510 2634 683 2684 caret.
730 2624 901 2681 Natus
946 2641 1180 2697 namque
1212 2633 1298 2680 est
1341 2627 1409 2680 de
1440 2622 1647 2695 Spiritu
1690 2632 1878 2679 saneto
1925 2631 1979 2678 et
2032 2638 2100 2678 ex

512 2717 681 2773 Maria
728 2718 973 2788 virgine:
1002 2718 1097 2772 sed
1125 2718 1193 2772 de
1222 2717 1427 2787 Spiritu
1455 2725 1646 2773 sancto
1679 2732 1784 2769 non
1812 2714 1893 2769 sic
1939 2723 2101 2770 natus

512 2818 619 2875 est,
651 2816 909 2877 tanquam
936 2825 1058 2863 eum
1092 2811 1289 2865 habeat
1318 2808 1535 2864 Patrem
1563 2827 1576 2875 ;
1610 2810 1676 2864 de
1715 2808 1936 2878 Virgine
1965 2821 2099 2863 vero

514 2900 684 2956 Maria
720 2903 800 2956 sic
842 2910 1003 2957 natus
1053 2910 1154 2967 est,
1189 2910 1249 2956 ut
1291 2916 1411 2956 eam
1458 2902 1685 2956 haberet
1721 2909 1973 2955 matrem.
2025 2898 2103 2953 De

512 2993 721 3065 Spiritu
759 3003 966 3055 sancto,
1014 2996 1311 3049 secundum
1358 2992 1630 3048 hominem
1664 2991 1745 3047 sic
1791 2998 1950 3045 natus
1994 2996 2099 3054 est,

512 3096 702 3143 utnon
740 3086 808 3142 de
843 3085 1048 3156 Spiritu
1101 3095 1286 3143 sancto
1330 3087 1691 3142 substantiam
1744 3084 1981 3151 habeat;
2033 3084 2101 3140 de

512 3189 687 3238 matre
717 3197 846 3237 vero
877 3192 1058 3245 natus,
1088 3198 1157 3238 ex
1195 3182 1313 3252 ejus
1340 3182 1643 3239 substantia
1677 3183 1887 3252 accepit
1919 3180 2102 3237 carnis

513 3274 896 3341 substantiam,
927 3276 1033 3330 hoc
1056 3284 1158 3340 est,
1192 3278 1257 3332 de
1275 3291 1504 3346 corpore
1526 3275 1765 3347 Virginis
1790 3275 1957 3331 traxit
1976 3290 2102 3346 pro-

512 3367 692 3437 prium
740 3382 956 3437 corpus,
999 3374 1060 3421 ut
1098 3368 1239 3421 sicut
1284 3368 1339 3421 in
1369 3367 1651 3422 divinitate
1699 3378 1819 3424 erat
1864 3368 2099 3423 consub-

513 3456 785 3510 stantialis
817 3455 987 3521 Patri,
1026 3456 1098 3509 ita
1122 3459 1175 3511 in
1197 3457 1531 3511 humanitate
1560 3456 1715 3512 ﬁeret
1740 3456 2103 3513 consubstatb

514 3548 660 3603 tialis
696 3548 876 3613 Matri,
910 3558 970 3603 ut
999 3549 1557 3621 incomprehensibilis
1586 3558 1641 3605 et
1682 3548 1970 3604 invisibilis
1999 3549 2100 3603 lia-

513 3639 691 3705 beret,
733 3640 787 3695 in
824 3656 933 3711 quo
967 3642 1243 3696 videretur
1268 3648 1324 3695 et
1347 3640 1919 3712 comprehenderetur.

586 3732 704 3789 XV.
765 3752 785 3786 ι
827 3747 853 3774 ι
886 3734 1007 3789 Ideo
1056 3734 1136 3789 sic
1186 3734 1512 3790 conﬁtemur
1567 3734 1619 3789 in
1669 3734 1888 3789 Christo
1938 3749 2101 3788 unam

512 3822 638 3882 Filii
675 3843 797 3883 esse
830 3842 1141 3897 personam,
1175 3835 1233 3883 ut
1258 3828 1503 3884 dicamus
1530 3827 1663 3881 duas
1690 3826 1981 3897 perfectas,
2014 3835 2099 3881 at-

514 3934 622 3990 que
671 3918 908 3988 integras
957 3935 1079 3973 esse
1125 3920 1479 3983 substantias,
1531 3917 1584 3973 id
1624 3927 1726 3983 est,
1771 3919 1997 3973 Deitatis
2047 3928 2103 3973 et

514 4011 892 4075 humanitatis,
937 4026 1057 4081 qum
1099 4026 1162 4065 ex
1198 4013 1379 4066 anima
1411 4012 1722 4067 continetur
1752 4019 1806 4065 et
1851 4025 2097 4080 corpore.

513 4102 693 4174 Atque
728 4112 788 4158 ut
814 4103 1235 4157 condcmnamus
1256 4102 1565 4165 Photinum,
1598 4103 1690 4170 qui
1718 4102 1890 4157 solum
1918 4111 1972 4155 et
2002 4118 2101 4155 nu-

465 4212 477 4246 ;
515 4194 643 4248 dum
683 4192 954 4247 hominem
986 4196 1276 4246 conﬁtetur
1324 4192 1377 4246 in
1415 4191 1654 4255 Christo,
1683 4192 1759 4246 ita
1790 4194 2103 4246 anathema-

515 4286 750 4340 tizamus
799 4284 1185 4354 Apollinarem,
1234 4292 1291 4339 et
1332 4283 1450 4352 ejus
1505 4284 1730 4350 similes,
1783 4282 1876 4355 qui
1916 4284 2101 4339 dicunt

515 4374 616 4431 Dei
644 4375 840 4430 Filium
871 4376 1050 4430 minus
1088 4375 1292 4445 aliquid
1316 4376 1379 4430 de
1419 4376 1653 4429 humana
1681 4375 1981 4444 suscepisse
2006 4390 2101 4429 na-

516 4477 758 4525 turazet
800 4468 885 4525 vel
909 4471 961 4524 in
994 4485 1181 4535 carne,
1210 4469 1296 4526 vel
1343 4469 1397 4523 in
1443 4470 1646 4535 anima,
1699 4469 1785 4524 vel
1825 4470 1880 4524 in
1935 4485 2099 4525 sensu

2196 604 2314 643 inus
2346 598 2656 656 susceptum
2681 603 2709 640 ει
2739 587 2833 641 Dei
2864 586 3003 642 Filio
3026 587 3280 659 passibile
3306 597 3573 653 nostrum,
3601 596 3661 642 ut
3687 588 3789 643 Dei

2197 691 2377 736 tamen
2430 680 2763 752 impassibile
2810 688 3174 752 permaneret.
3234 680 3436 738 Passus
3483 682 3627 737 enim
3684 682 3791 738 Dei

2196 772 2365 826 Filius
2390 787 2494 826 non
2524 774 2786 841 putative,
2823 774 2917 828 sed
2949 788 3075 828 rere
3101 774 3303 838 omnia,
3344 787 3464 843 qua:
3501 769 3793 845 Scriptura

2200 873 2452 932 testatur,
2486 866 2537 920 id
2562 874 2668 931 est,
2700 867 2959 933 esuriem,
3004 867 3173 932 sitim,
3205 866 3602 931 lassitudinem,
3633 866 3795 925 dolo-

2200 973 2337 1023 rem,
2369 968 2629 1023 mortem,
2657 967 2711 1013 et
2738 967 2933 1014 cetera
2972 958 3295 1027 hlljllSlIl0;II.
3327 960 3795 1016 Seeundumillud

2198 1064 2391 1120 passus
2419 1060 2522 1114 est,
2559 1052 2702 1121 quod
2730 1052 2840 1121 pati
2872 1061 3107 1123 poterat,
3140 1053 3192 1107 id
3218 1060 3322 1119 est,
3352 1069 3458 1107 non
3485 1054 3791 1109 secundum

2200 1140 2345 1195 illam
2384 1143 2743 1197 substantiam
2774 1158 2895 1213 quae
2922 1146 3230 1213 assumpsit,
3261 1146 3353 1199 sed
3385 1145 3681 1201 secundum
3723 1142 3796 1200 ila

2200 1230 2306 1286 lam
2342 1247 2463 1302 qua:
2486 1244 2760 1305 assumpta
2789 1242 2890 1288 est.
2924 1234 3042 1304 Ipse
3081 1234 3225 1289 enim
3255 1232 3349 1289 Dei
3382 1228 3419 1289 F
3428 1235 3550 1290 ilius
3593 1249 3796 1291 secun-

2200 1326 2327 1381 dum
2364 1327 2630 1382 Deitatem
2670 1342 2823 1382 suam
2857 1326 3205 1397 impassibilis
3244 1336 3303 1383 ut
3331 1326 3513 1392 Pater,
3544 1323 3798 1384 invisibi-

2197 1417 2268 1473 lis
2309 1427 2370 1472 ut
2416 1416 2600 1482 Pater,
2630 1418 3060 1476 inconvertibilis
3103 1430 3163 1475 ut
3200 1419 3382 1477 Pater.
3423 1420 3491 1477 Et
3538 1423 3797 1493 quamvis

2200 1527 2430 1582 persona
2479 1511 2601 1567 Filii
2639 1514 2881 1584 propria,
2923 1513 3106 1579 idest,
3140 1514 3234 1569 Dei
3270 1514 3522 1579 Verbum,
3554 1516 3799 1584 suscepit

2201 1604 2511 1675 passibilem
2535 1605 2829 1670 hominem,
2854 1606 2928 1661 ita
2967 1615 3146 1661 tamen
3178 1602 3294 1675 ejus
3329 1607 3661 1662 habitatione
3705 1622 3798 1664 se-

2202 1695 2437 1750 cundum
2468 1711 2622 1750 suam
2657 1697 3015 1752 substantiam
3055 1697 3243 1753 Deitas
3282 1698 3432 1753 verbi
3462 1696 3594 1753 nihil
3628 1711 3797 1771 passa

2202 1797 2307 1853 est,
2334 1796 2393 1842 ut
2421 1797 2529 1844 tota
2558 1788 2819 1855 Trinitas,
2848 1806 3010 1861 quam
3037 1791 3425 1861 impasslbilem
3457 1808 3679 1848 necesse
3705 1800 3799 1848 est

2204 1882 2474 1939 conﬁteri.
2516 1883 2763 1941 Mortuus
2798 1893 2883 1941 est
2929 1886 3024 1941 Dei
3070 1886 3237 1941 Filius
3275 1888 3569 1944 secundum
3608 1883 3800 1961 Serip—

2204 1982 2375 2040 turas,
2403 1976 2558 2047 juxta
2600 1978 2673 2041 id,
2704 1979 2849 2049 quod
2890 1980 3027 2033 mori
3058 1988 3297 2049 poterat.
3321 1982 3641 2037 ltesurrexit
3682 1991 3798 2037 ter-

2203 2069 2275 2123 tia
2325 2070 2429 2134 die,
2472 2071 2716 2126 ascendit
2751 2072 2819 2125 ad
2862 2071 3051 2138 caelos,
3088 2074 3240 2128 sedet
3268 2075 3335 2129 ad
3364 2073 3646 2133 dexteram
3695 2073 3799 2131 Dei

2200 2161 2402 2228 Patris,
2452 2176 2708 2219 manente
2763 2180 2825 2219 ea
2887 2174 3079 2220 natura
3134 2166 3339 2232 carnis,
3396 2167 3449 2221 III
3493 2179 3599 2238 qua
3635 2176 3801 2223 natus

2199 2250 2363 2324 £02
2408 2264 2464 2309 et
2492 2270 2687 2325 passus
2723 2266 2825 2321 est,
2869 2256 2922 2311 in
2958 2273 3065 2327 qua
3112 2258 3275 2312 etiam
3309 2260 3627 2314 resurrexit.
3672 2255 3798 2317 Non

2200 2342 2344 2398 enim
2392 2346 2670 2401 exinanita
2715 2355 2799 2403 est
2846 2350 2900 2403 in
2943 2364 3009 2404 eo
3054 2348 3413 2407 humanitatis
3462 2353 3797 2421 substantia,

2201 2436 2295 2491 sed
2322 2435 2645 2507 gloriﬁcata,
2674 2449 2728 2495 et
2757 2441 2808 2495 in
2839 2450 3101 2496 :cternum
3120 2459 3240 2498 cum
3270 2442 3479 2500 Deitate
3509 2459 3794 2501 mansura.

2273 2529 2411 2585 XVI.
2466 2530 2702 2603 Accepta
2728 2548 2859 2602 ergo
2909 2550 2937 2587 a
2986 2533 3146 2590 Patre
3203 2537 3445 2591 omnium
3498 2546 3795 2607 potestate,

2204 2635 2323 2691 qua:
2352 2621 2404 2676 in
2430 2622 2573 2677 cmlo
2603 2635 2751 2688 sunt,
2787 2633 2842 2678 et
2878 2640 2997 2694 qua:
3028 2625 3080 2679 in
3112 2634 3279 2691 terra,
3316 2636 3577 2681 venturus
3616 2637 3699 2683 cst
3726 2628 3797 2683 a1

2196 2708 2462 2778 judicium
2493 2715 2739 2769 vivorum
2764 2731 2827 2769 ac
2850 2724 3207 2783 mortuorum,
3237 2727 3296 2771 ut
3324 2729 3378 2772 et
3400 2720 3581 2789 justos
3615 2736 3800 2775 remu-

2204 2809 2361 2855 neret
2404 2812 2461 2856 et
2508 2806 2696 2874 puniat
2734 2816 3069 2876 peccatores.
3104 2830 3122 2859 ι
3170 2807 3275 2863 Sed
3314 2819 3659 2866 sacramenta
3710 2813 3798 2867 in-

2203 2895 2555 2963 carnationis,
2598 2899 2797 2965 crucis,
2830 2898 3042 2965 mortis,
3081 2901 3392 2973 sepulturre,
3424 2913 3479 2958 et
3520 2919 3799 2961 resurrec-

2204 2984 2389 3049 tionis,
2418 2994 2476 3041 et
2505 2988 2559 3042 in
2589 2988 2784 3043 ccelum
2818 2990 3154 3047 ascensionis
3191 2990 3307 3063 ejus
3345 2995 3421 3051 ita
3469 3006 3598 3050 sunt
3634 2996 3797 3050 Iner-

2203 3071 2495 3145 plicabilia,
2528 3088 2589 3133 ut
2624 3080 2823 3135 nullius
2854 3081 3051 3154 lingua:
3073 3084 3341 3149 laudibus,
3370 3086 3463 3141 sed
3496 3104 3599 3144 nec
3626 3103 3796 3145 sensu

2203 3167 2523 3240 cujusquam
2562 3173 2777 3241 possint
2799 3174 2957 3245 digne
2982 3175 3262 3246 explicari.
3299 3176 3411 3232 lloc
3442 3186 3648 3234 tantum
3671 3194 3801 3235 eon-

2202 3261 2352 3316 venit
2397 3261 2451 3317 in
2494 3264 2677 3318 crucis
2714 3266 3173 3337 contemplatione
3210 3283 3310 3323 nos
3352 3269 3613 3341 cogitare,
3666 3272 3798 3343 quia

2202 3352 2327 3409 ideo
2356 3353 2619 3410 Dominus
2649 3355 2791 3410 inter
2815 3367 3043 3415 exteras
3072 3370 3293 3426 mortes,
3324 3360 3455 3433 ligni
3483 3364 3800 3434 suspensio-

2202 3460 2328 3501 nem
2368 3447 2664 3519 praeelegit,
2693 3456 2752 3502 ut
2786 3464 2885 3519 per
2932 3450 3077 3506 hunc
3114 3450 3359 3508 aboleret
3396 3454 3627 3525 primam
3664 3454 3797 3527 ligni

2202 3541 2687 3610 transgressionem
2714 3560 2728 3605 ;
2761 3550 2819 3595 ut
2848 3542 2988 3599 sicut
3012 3546 3064 3598 in
3089 3544 3263 3600 Adam
3287 3560 3387 3616 per
3430 3548 3574 3617 pomi
3616 3547 3801 3605 delec-

2202 3632 2460 3686 tationem
2503 3630 2647 3687 l‘acta
2688 3640 2773 3688 est
2806 3633 3053 3701 deiectio,
3089 3636 3162 3690 ita
3203 3638 3258 3691 in
3290 3636 3510 3694 Christo
3540 3653 3638 3710 per
3662 3637 3794 3710 ligni

2201 3721 2552 3790 asperitatem
2580 3722 2737 3779 ﬁeret
2764 3723 2880 3792 ejus
2906 3727 3137 3780 erectio.
3169 3727 3243 3783 De
3268 3716 3662 3800 compositione
3696 3746 3797 3785 au-

2202 3823 2309 3869 tem
2355 3816 2601 3886 ejusdem
2643 3819 2843 3884 crucis,
2890 3822 2957 3874 ad
2996 3821 3413 3880 aediﬁcationem
3463 3825 3792 3896 pertinentia

2201 3910 2373 3965 multa
2401 3912 2607 3966 utiliter
2630 3913 2901 3969 dicuntur.
2929 3914 3020 3969 Illa
3048 3917 3194 3970 enim
3219 3917 3385 3972 verba
3406 3916 3672 3987 Apostoli,
3700 3918 3793 3973 ubl

2202 4001 2304 4054 ait:
2330 4000 2398 4054 In
2420 4002 2675 4057 clmritate
2703 4005 2929 4061 radicati
2960 4018 3011 4061 et
3042 4008 3293 4077 fundati:
3320 4019 3378 4063 ut
3407 4008 3619 4079 possitis
3652 4027 3794 4065 cum.

2198 4092 2518 4161 prehendere
2531 4110 2646 4147 cum
2663 4096 2902 4151 omnibus
2923 4100 3122 4153 sanctis
3148 4117 3267 4171 qtae
3288 4099 3356 4155 sit
3385 4100 3610 4156 latitudo
3622 4086 3673 4157 et
3686 4102 3796 4157 lon-

2200 4180 2401 4251 gitudo,
2441 4182 2737 4238 sublimitas
2764 4196 2815 4238 et
2842 4189 3166 4259 profundum
3198 4189 3416 4262 (Eplm.
3450 4209 3534 4260 ut,
3563 4194 3649 4259 I7,
3678 4195 3789 4264 l8),

2201 4275 2268 4329 ad
2318 4276 2498 4330 crucis
2543 4278 2993 4348 compositionem
3049 4282 3374 4340 mirabiliter
3419 4294 3475 4341 et
3524 4288 3793 4345 veracit-r

2201 4373 2477 4436 aptantur.
2522 4369 2777 4426 Latitudo
2811 4374 3030 4443 quidem
3054 4376 3235 4431 crucis
3261 4386 3347 4433 est
3383 4380 3436 4433 in
3481 4369 3791 4438 transverso

2199 4459 2364 4531 ligno,
2411 4461 2500 4515 ubi
2532 4461 2768 4533 ﬁguntur
2801 4481 3013 4533 manus,
3044 4476 3100 4521 et
3126 4468 3504 4539 signiﬁcantur
3528 4487 3629 4542 per
3668 4488 3789 4528 eam

516 4569 851 4630 assumptum
891 4560 1166 4615 hominem
1206 4560 1312 4625 his,
1344 4569 1567 4632 propter
1609 4575 1747 4631 quos
1790 4569 2097 4633 assumptus
2128 4568 2175 4627 υ
2200 4550 2474 4621 gaudium:
2513 4562 2677 4622 διαυε
2712 4554 2959 4611 hilaritas
2990 4559 3189 4613 mentis
3218 4576 3231 4625 ἱ
3259 4560 3399 4615 δίοιη
3436 4577 3536 4632 Per
3572 4576 3786 4630 manus.

516 4662 620 4717 est.
665 4652 832 4710 fuisse
872 4652 1208 4708 dissimilem.
1260 4652 1431 4719 Quem
1476 4654 1680 4723 absque
1724 4653 1839 4709 sola
1895 4654 2100 4725 peccati

517 4742 749 4808 macula,
800 4759 919 4814 quae
966 4743 1230 4799 naturalis
1270 4760 1377 4798 non
1422 4752 1527 4809 est,
1580 4744 1737 4799 nobis
1780 4746 2100 4800 conﬁtemur

517 4835 684 4890 fuisse
714 4832 1068 4890 conformem.
1099 4834 1316 4889 Illorum
1342 4850 1562 4904 quoque
1599 4836 1849 4890 similiter
1887 4837 2098 4892 abomi-

519 4925 697 4979 nanda
747 4934 831 4978 cst
858 4924 1213 4994 blasphemia,
1245 4926 1335 4994 qui
1367 4942 1506 4981 novo
1551 4941 1711 4982 sensu
1740 4941 1986 4983 asserere
2014 4943 2101 4984 eo-

517 5025 736 5081 nantur,
787 5032 817 5070 a
863 5025 1105 5085 tempore
1150 5025 1415 5088 suscepta:
1471 5018 1673 5083 carnis,
1717 5018 1922 5083 omnia,
1980 5036 2098 5090 qum

518 5118 675 5163 erant
706 5110 949 5175 Deitatis,
986 5110 1038 5164 in
1062 5110 1333 5165 hominem
1373 5110 1703 5181 demigrasse
1728 5129 1741 5176 ;
1766 5123 1821 5166 et
1860 5128 2097 5177 nirsum,

516 5217 638 5274 qua:
666 5203 1023 5257 humanitatis
1052 5212 1228 5267 erant,
1271 5204 1324 5257 in
1359 5204 1521 5257 Deum
1552 5218 1672 5258 esse
1716 5205 2012 5271 transfusa,
2042 5215 2102 5260 ut

518 5296 663 5367 quod
702 5296 845 5349 nulla
892 5296 1113 5350 haeresis
1145 5310 1379 5364 unquam
1414 5296 1592 5349 dicere
1629 5311 1757 5349 ausa
1784 5306 1891 5361 cst,
1918 5298 2101 5353 vulca-

520 5398 610 5444 tur
660 5389 763 5444 hac
812 5387 1127 5443 confusione
1184 5397 1415 5457 utraque
1453 5387 1729 5441 exinanita
1776 5388 2101 5454 substantia,

520 5480 749 5535 Deitatis
799 5479 1011 5534 scilicet
1053 5488 1111 5534 et
1136 5479 1509 5541 humanitatis,
1550 5486 1604 5533 et
1634 5493 1663 5531 a
1701 5478 1921 5547 proprio
1952 5487 2098 5533 statu

518 5574 572 5625 in
598 5570 741 5624 aliud
764 5585 881 5623 esse
898 5579 1173 5623 mutataut
1195 5571 1283 5639 qui
1301 5578 1409 5622 tam
1440 5570 1603 5623 Deum
1626 5568 1995 5637 imperfectum
2043 5569 2096 5622 in

519 5660 678 5725 Filio,
720 5674 881 5729 quam
920 5660 1196 5715 hominem
1244 5660 1587 5725 conﬁtentur,
1635 5676 1734 5716 nec
1763 5660 1928 5715 Deum
1972 5676 2099 5718 vere

595 5784 621 5812 ι
652 5771 915 5843 Pelagius.
1122 5772 1374 5829 videntur
1418 5772 1740 5841 quibusdam
1772 5774 1915 5827 dicta
1966 5789 2095 5843 par-

524 5843 619 5897 tim
650 5842 911 5899 adversus
951 5842 1317 5910 Nestorianos,
1375 5844 1570 5913 partim
1623 5846 1881 5899 adversus
1932 5842 2094 5916 Euty-

2206 4642 2443 4712 operari.
2490 4643 2794 4716 Longitudo
2836 4661 2969 4702 vero
3024 4647 3153 4703 illud
3190 4660 3399 4705 rectum
3439 4652 3661 4723 lignum,
3697 4653 3787 4710 ubi

2208 4742 2379 4788 totum
2426 4750 2622 4805 corpus
2658 4738 3007 4804 extenditur;
3034 4749 3089 4794 et
3129 4741 3503 4813 intelliguntur
3542 4759 3639 4815 per
3667 4760 3785 4800 eam

2204 4826 2461 4897 patientia
2499 4838 2661 4898 atque
2697 4830 3003 4895 tolerantia,
3048 4848 3145 4902 per
3175 4848 3336 4904 quam
3378 4851 3786 4905 perseveramus

2206 4922 2260 4975 iu
2296 4920 2452 4975 bonis
2490 4937 2658 4991 usque
2694 4923 2747 4976 in
2781 4922 2959 4977 ﬁnem.
3002 4923 3318 4981 Sublimitas
3341 4942 3554 4998 quoque
3582 4939 3665 4983 est
3687 4928 3787 4984 hoc

2205 5014 2349 5085 quod
2390 5030 2551 5084 super
2596 5023 2964 5071 transversum
3004 5017 3205 5088 lignum
3243 5010 3463 5085 eminet,
3491 5022 3579 5076 cui
3625 5029 3787 5092 caput

2204 5108 2515 5179 adjungitur
2540 5126 2553 5173 ;
2578 5108 2982 5179 etsigniﬁcatur
3002 5126 3098 5181 per
3126 5127 3245 5166 eam
3275 5115 3605 5182 exspectatio
3631 5116 3785 5169 retriv

2202 5200 2438 5255 butionis
2461 5200 2527 5254 de
2549 5200 2763 5254 sublimi
2782 5201 2995 5270 justitia
3025 5201 3139 5268 Dei,
3169 5204 3260 5272 qui
3287 5204 3475 5257 reddet
3498 5205 3783 5274 unicuique

2203 5294 2498 5349 secundum
2527 5311 2690 5365 opera
2724 5311 2840 5350 sua.
2867 5294 3200 5351 Profundum
3226 5306 3404 5351 autem
3435 5308 3519 5352 est
3548 5298 3632 5351 illa
3657 5314 3781 5369 pars

2201 5385 2329 5457 ligni
2376 5402 2497 5456 qua:
2522 5396 2681 5442 terrae
2726 5386 2891 5441 inﬁxa
2935 5398 3059 5455 est;
3096 5397 3151 5443 et
3177 5390 3484 5461 prmﬁgurat
3514 5400 3779 5446 secretum

2206 5481 2528 5535 sacramenti
2576 5488 2628 5534 et
2671 5482 2907 5551 pertinet
2971 5481 3041 5537 ad
3094 5484 3361 5538 occultam
3413 5484 3663 5554 gratiam,
3712 5500 3779 5540 ex

2203 5589 2308 5643 qua
2340 5572 2678 5629 invisibiliter
2713 5589 3017 5644 operamur.
3053 5575 3221 5648 Igitur
3249 5594 3372 5633 cum
3397 5592 3613 5634 crucem
3635 5578 3782 5636 απι-

2202 5667 2273 5720 sti
2307 5666 2430 5735 quis
2460 5665 2619 5731 tollit,
2659 5674 2722 5720 ut
2746 5678 3007 5737 sequatur
3022 5685 3170 5735 eum,
3221 5678 3403 5725 teneat
3446 5669 3778 5728 latitudinem

2201 5778 2447 5903 chiiantos,
2491 5779 2721 5849 ideoque
2767 5788 2889 5848 post
2936 5781 3209 5853 Pelagium
3252 5783 3399 5841 illius
3440 5784 3777 5842 Confessiimi

2201 5865 2247 5901 at
2274 5867 2351 5903 lt‘C
2380 5866 2430 5903 a.
3462 5890 3469 5899 ο
3519 5894 3524 5898 .

2201 5865 2430 5914 adjecta.
3462 5890 3469 5899 .
3519 5894 3524 5898 .
