4090 6534
251 496 393 556 ίϐϐὅ

931 490 1081 549 OPP.
1121 487 1350 547 DUBIA.
1394 516 1462 528 -
1500 479 1723 541 ALBINI
1762 480 2148 541 CONTESSIO
2186 478 2386 537 FIDE].
2428 512 2496 522 ο-
2535 478 2716 536 PARS
2751 478 2839 539 Ill.

3380 480 3518 539 1058

245 612 555 675 claritatis,
576 606 964 682 longitudinem
985 600 1650 678 perseverantiae.llabeat
1669 598 1834 654 etiam
1867 600 1911 658 Α
1942 602 2081 667 pter.
2106 594 2216 651 Aut
2236 593 2367 665 quid
2396 608 2622 648 necesse
2650 591 2750 647 fuit
2782 591 2895 649 Deo
2918 593 3193 649 hominem
3225 592 3361 660 ﬁeri,
3386 612 3524 652 nun-

247 704 659 765 sublimitatcm,
703 708 763 755 ut
797 714 860 753 ea
902 708 1022 769 quae
1055 698 1168 768 agit
1196 704 1253 750 et
1299 694 1365 747 ad
1411 692 1579 748 Deum
1610 688 1835 755 referat,

248 804 309 853 et
334 809 433 868 pro
467 793 580 852 Deo
616 788 802 856 faciat,
846 789 1117 860 patienter
1158 793 1215 839 et
1237 783 1482 840 hilariter
1514 787 1838 852 exspectans

247 902 372 963 qua
412 886 660 959 promisit
684 883 829 938 Deus
861 878 1207 953 diligentibus
1242 890 1320 932 se.
1365 875 1572 930 Teneat
1623 886 1841 943 quoque

249 980 599 1054 profundum,
627 986 688 1031 ut
717 976 855 1031 sciat
880 972 1012 1043 quia
1039 972 1222 1028 omnia
1255 983 1376 1039 qua:
1405 975 1554 1024 recte
1584 966 1711 1039 agit,
1740 978 1842 1037 per

250 1070 518 1128 occultam
549 1069 778 1141 gratiam
809 1066 952 1122 Deus
981 1076 1078 1137 per
1103 1062 1251 1118 illum
1279 1070 1333 1114 et
1366 1063 1418 1115 in
1451 1058 1542 1116 illo
1562 1059 1691 1130 agit.
1727 1055 1842 1114 Hoc

249 1162 469 1235 quidem
492 1167 782 1217 senserunt
815 1156 884 1215 de
924 1155 1107 1211 verbis
1139 1151 1367 1224 apostoli
1408 1150 1559 1205 multi
1591 1151 1841 1235 doctores

251 1233 343 1310 alii
369 1269 385 1318 ;
408 1250 505 1308 sed
532 1257 689 1323 pater
706 1247 1028 1304 Ambrosius
1065 1243 1412 1317 prastantlus
1438 1233 1641 1309 aliquid
1679 1236 1841 1294 intel-

249 1341 417 1417 ligare
434 1341 624 1406 voluit,
648 1340 838 1396 dicens
852 1339 921 1394 de
939 1337 1075 1404 Deo,
1098 1336 1240 1406 quod
1261 1348 1425 1406 opera
1450 1347 1547 1389 sua
1569 1340 1722 1387 extra
1745 1329 1847 1385 cir-

249 1433 491 1497 cumdat,
537 1438 593 1487 et
632 1432 769 1487 intra
812 1429 1006 1500 replet,
1048 1442 1213 1499 supra
1252 1426 1403 1497 tegit,
1443 1432 1502 1479 et
1536 1420 1677 1479 infra
1715 1420 1841 1476 fert.

250 1525 388 1584 Nam
413 1532 591 1581 status
622 1524 800 1579 crucis
824 1521 1095 1594 signiﬁcat
1118 1518 1528 1575 universitatem
1556 1512 1846 1588 potestatis

248 1614 477 1681 Christi,
513 1612 668 1684 cujus
691 1622 855 1683 caput
889 1612 1111 1677 coelum,
1135 1610 1304 1682 pedes
1324 1607 1620 1673 infernum,
1650 1607 1845 1663 dextra

248 1717 308 1766 et
338 1707 563 1765 sinistra
591 1718 810 1761 omnem
843 1704 1107 1760 mundum
1148 1710 1354 1757 tenent.
1401 1699 1472 1756 At
1506 1700 1551 1755 si
1577 1711 1701 1755 eam
1737 1711 1846 1753 non

247 1806 491 1858 erectam
522 1797 619 1853 sed
648 1794 984 1868 plausuum
1006 1792 1199 1866 aquali
1238 1801 1429 1847 tenore
1469 1790 1723 1845 libratam
1763 1796 1848 1843 te-

251 1904 405 1954 neas,
440 1896 674 1959 quatuor
701 1885 890 1957 plagas
910 1883 1099 1940 mundi
1120 1891 1432 1939 monstrare
1453 1877 1690 1944 videtur,
1712 1877 1844 1948 quia

1940 688 2069 757 quid
2098 703 2203 742 non
2228 686 2386 741 aliter
2420 685 2593 754 potuit
2616 698 2715 740 nos
2750 684 2959 740 salvare
2979 685 3002 739 ἲ
3025 685 3208 742 Potuit
3245 687 3432 758 utique
3464 696 3525 742 nt

1939 772 2102 843 Deus,
2149 784 2209 832 ut
2246 777 2609 848 omnipotens,
2648 775 2693 832 si
2735 790 2843 831 non
2885 786 3186 832 assumeret
3227 777 3523 843 hominem.

1939 872 2211 928 redimere
2242 886 2363 932 nos.
2387 869 2481 926 sed
2519 870 2711 935 noluit,
2756 869 2886 940 quia
2923 870 3253 926 conveniens
3300 877 3420 927 erat
3447 870 3534 926 di-

1939 961 2080 1018 vinae
2115 959 2363 1028 iustitiae,
2408 968 2471 1016 ut
2514 959 2799 1030 deceptum
2837 969 2892 1014 et
2919 960 3188 1030 perditum
3227 959 3530 1027 hominem,

1942 1068 2052 1110 non
2075 1050 2393 1108 fortitudine
2421 1059 2478 1107 et
2497 1051 2913 1122 omnipotentis,
2952 1051 3048 1106 sed
3079 1049 3307 1107 consilio
3326 1059 3383 1105 et
3404 1066 3533 1122 pru-

1941 1143 2123 1199 dentia
2154 1144 2385 1198 miseros
2428 1152 2793 1213 recuperaret.
2826 1140 2945 1195 Filii
2977 1155 3212 1212 namque
3253 1154 3322 1195 ex
3371 1153 3535 1198 servo

1943 1241 2001 1291 et
2021 1231 2216 1290 ancilla
2244 1234 2380 1299 nati,
2412 1233 2543 1303 quid
2567 1230 2715 1287 aliud
2739 1246 2861 1288 esse
2883 1239 3129 1302 possunt,
3152 1245 3312 1302 quam
3332 1246 3531 1302 paren-

1945 1333 2028 1381 tes
2053 1326 2286 1381 eorum?
2312 1323 2608 1380 Decretum
2647 1330 2828 1378 autem
2875 1334 2978 1390 est,
3006 1332 3063 1378 et
3109 1323 3290 1379 divina
3335 1329 3394 1379 et
3433 1322 3533 1381 bu-

1945 1429 2109 1470 mana
2137 1414 2273 1485 lege,
2306 1422 2364 1469 ut
2393 1414 2449 1468 in
2490 1415 2749 1469 servitute
2790 1423 3066 1479 maneant,
3113 1415 3203 1485 qui
3246 1429 3317 1470 ex
3363 1415 3540 1470 servis

1945 1514 2261 1561 nascuntur.
2288 1502 2412 1561 Ideo
2438 1505 2673 1562 infantes
2701 1506 2800 1561 sub
2824 1506 3075 1577 originali
3100 1516 3327 1577 peccato
3353 1515 3537 1562 tenam

1947 1607 2055 1663 tur,
2105 1609 2164 1651 ut
2186 1600 2299 1653 nati
2342 1607 2490 1662 sunt,
2540 1596 2647 1653 nisi
2694 1598 2947 1666 baptismi
2993 1598 3166 1669 gratia
3213 1599 3531 1655 liberentur.

1947 1690 2075 1746 llzec
2104 1690 2338 1761 denique
2365 1705 2527 1747 causa
2558 1700 2662 1754 est,
2700 1705 2808 1760 qua
2834 1691 3081 1747 diabolus
3112 1692 3168 1747 in
3190 1690 3279 1747 illa
3312 1708 3412 1749 nos
3441 1707 3539 1762 pa-

1947 1777 2120 1835 uentis
2148 1779 2311 1850 primi
2336 1780 2517 1835 radice
2551 1781 2924 1852 supplantans,
2952 1782 3055 1836 sub
3083 1782 3400 1854 captivitate
3440 1795 3546 1839 sua

1949 1872 2107 1941 quasi
2134 1870 2281 1941 iuste
2308 1873 2482 1926 tenuit
2514 1872 2815 1939 hominem,
2844 1871 2936 1943 qui
2973 1872 3143 1928 libero
3164 1873 3392 1929 arbitrio
3417 1888 3544 1932 con-

248 1952 506 2034 Cbristus
559 1952 761 2031 cuncta
796 1952 1119 2045 gubernat:
1168 1977 1427 2041 tanquam
1478 1982 1602 2034 eos,
1643 1964 1843 2037 quibus
1872 1952 1918 2015 Β
1944 1960 2111 2029 ditus,
2148 1963 2199 2019 ei
2230 1964 2427 2033 injusta
2453 1964 2706 2019 suadenti
2748 1965 3047 2020 consensit.
3088 1964 3171 2020 Ad
3199 1966 3365 2022 vitam
3395 1966 3544 2024 enim

251 2064 489 2123 mundus
519 2062 816 2120 cruciﬁxus
859 2070 964 2125 est,
1010 2068 1068 2117 et
1097 2060 1199 2133 ipsi
1231 2059 1456 2125 mundo,
1492 2072 1524 2112 a
1555 2056 1686 2113 solis
1722 2064 1847 2112 ortu

250 2164 311 2212 et
340 2168 561 2219 occasu,
597 2156 668 2210 ab
697 2152 948 2224 aquilone
989 2161 1040 2207 et
1084 2150 1243 2217 mari,
1278 2165 1309 2205 a
1344 2149 1453 2206 Deo
1476 2148 1633 2222 elegi,
1669 2158 1727 2204 et
1754 2164 1849 2204 vo-

250 2245 394 2311 cari,
428 2251 485 2303 et
512 2244 612 2315 per
636 2258 854 2300 crucem
892 2255 1081 2299 omnes
1102 2257 1262 2313 posse
1289 2241 1507 2298 salvari.

324 2337 488 2395 XVII.
540 2338 709 2393 Natus
753 2338 919 2409 igitur
962 2335 1217 2395 Christus
1260 2345 1350 2393 est
1396 2335 1465 2391 de
1515 2332 1757 2406 Virgine,
1790 2340 1851 2388 ut

252 2443 357 2487 nos
390 2442 808 2485 renasceremur
850 2443 919 2485 ex
946 2425 1206 2483 Ecclesia:
1242 2425 1469 2498 virginis
1502 2435 1680 2480 utero.
1730 2421 1853 2479 Cir.

249 2520 530 2579 cumcisus
569 2530 673 2588 est,
716 2529 777 2576 ut
809 2534 911 2576 nos
934 2519 1450 2576 circumcideremur
1482 2518 1631 2573 vitiis
1664 2518 1849 2573 carnis

250 2622 312 2673 et
346 2613 593 2688 Spiritus,
617 2614 669 2670 in
694 2613 1091 2688 exspoliatione
1119 2613 1323 2669 veteris
1342 2612 1602 2668 hominis.
1631 2609 1852 2680 Reprae-

252 2715 502 2764 sentatus
538 2707 699 2763 estin
725 2705 950 2777 templo,
986 2712 1048 2760 ut
1077 2721 1178 2761 nos
1199 2720 1298 2777 per
1331 2705 1503 2777 ipsam
1528 2703 1850 2759 reconcilia-

253 2810 440 2855 rentur
457 2797 590 2855 Deo.
621 2797 938 2868 Baptizatus
958 2805 1066 2863 est,
1093 2804 1157 2851 ut
1182 2803 1368 2852 nostra
1388 2794 1704 2851 lavarentur
1724 2808 1852 2865 pec-

254 2895 399 2947 cata.
426 2887 691 2944 Tcntatus
710 2895 816 2953 est,
839 2897 901 2941 ut
921 2900 1022 2943 nos
1052 2902 1082 2940 a
1107 2887 1403 2941 tentatione
1424 2885 1623 2941 diaboli
1650 2885 1852 2941 libera-

257 2988 363 3036 ret.
393 2978 598 3037 Tentus
620 2986 725 3045 est,
760 2987 821 3033 ut
842 2994 942 3035 nos
974 2978 1376 3034 dimitteremur
1392 2978 1462 3034 de
1490 2975 1717 3049 subjugo
1743 2976 1853 3033 dte-

260 3072 522 3131 moniacat
545 3071 843 3129 servitutis.
868 3070 1223 3127 Venundatus
1247 3078 1352 3137 est,
1376 3077 1436 3124 ut
1464 3084 1562 3125 suo
1584 3084 1686 3125 nos
1732 3084 1855 3125 san-

261 3164 425 3237 guine
454 3165 760 3221 redimeret.
791 3163 1014 3235 Ligatus
1032 3172 1134 3227 est,
1154 3171 1215 3217 ut
1237 3177 1334 3218 nos
1360 3177 1391 3217 a
1416 3162 1560 3217 nodo
1588 3158 1850 3217 maledic-

1947 2053 2198 2110 conditus
2254 2054 2308 2109 in
2354 2052 2663 2111 libertatem
2706 2057 2942 2127 propriae
2985 2056 3299 2124 voluntatis,
3352 2068 3547 2131 sponte

1947 2160 2046 2202 sua
2097 2145 2275 2202 factus
2320 2156 2408 2204 est
2439 2145 2658 2203 debitor
2702 2148 2918 2204 mortis.
2956 2148 3191 2206 Delenda
3241 2165 3371 2223 ergo
3420 2150 3550 2208 talis

1947 2249 2068 2297 erat
2092 2239 2272 2313 culpa,
2312 2240 2407 2297 sed
2436 2243 2542 2297 nisi
2573 2256 2673 2311 per
2703 2242 3038 2299 sacriﬁcium
3072 2242 3240 2300 deleri
3271 2260 3379 2300 non
3403 2253 3552 2316 potei

1949 2343 2055 2389 rat.
2079 2333 2441 2403 Quaerendum
2470 2343 2589 2388 erat
2621 2334 2982 2401 sacriﬁcium,
3019 2334 3115 2394 sed
3138 2335 3300 2405 quale
3339 2334 3549 2391 sacriﬁ-

1949 2424 2097 2480 cium
2139 2430 2349 2495 poterat
2385 2437 2486 2494 pro
2530 2423 2876 2480 ahsolveudis
2926 2425 3238 2481 hominibus
3278 2427 3553 2484 inveniri?

1949 2512 2137 2586 Neque
2160 2514 2366 2570 etenim
2400 2510 2608 2583 justum
2640 2514 2743 2571 fuit
2774 2523 2836 2571 ut
2875 2532 2976 2588 pro
3007 2517 3258 2574 rationali
3308 2518 3548 2585 homine,

1948 2602 2234 2659 brutorum
2269 2604 2586 2660 animalium
2624 2606 2864 2662 victimae
2905 2607 3261 2663 cedet-eatur.
3296 2607 3451 2665 Unde
3477 2609 3555 2664 ait

1951 2694 2282 2767 Apostolus:
2316 2695 2540 2751 Necesse
2591 2706 2669 2751 est
2721 2714 2845 2768 ergo
2888 2697 3215 2770 exemplaria
3267 2698 3554 2757 (intestinus

1951 2787 2032 2843 his
2064 2788 2338 2852 mandari,
2373 2788 2489 2859 ipsa
2520 2800 2693 2845 autem
2740 2789 2970 2845 scelestis
2996 2791 3302 2847 melioribus
3345 2793 3554 2859 hostiis,

1952 2899 2111 2953 quam
2153 2882 2270 2937 istis
2312 2879 2501 2953 (Hebr.
2536 2899 2610 2947 ix,
2641 2882 2758 2954 25).
2810 2883 2952 2955 Ergo
2995 2884 3040 2939 si
3089 2885 3248 2940 bruta
3292 2886 3555 2943 animalia

1952 2985 2175 3049 propter
2211 2976 2480 3032 rationale
2513 2975 2738 3042 animal,
2783 2976 2839 3033 id
2889 2986 2974 3032 est
3008 2988 3107 3048 pro
3136 2979 3356 3035 homine
3382 2978 3560 3053 digna

1953 3071 2189 3127 victimae
2247 3084 2353 3125 non
2391 3068 2632 3133 fuerunt,
2659 3068 3022 3139 requirendus
3058 3076 3177 3126 erat
3218 3068 3405 3134 homo,
3460 3071 3556 3141 qui

1952 3161 2114 3238 403
2136 3179 2236 3233 pro
2266 3162 2576 3217 hominibus
2598 3159 2784 3215 oﬁ‘erri
2823 3160 3118 3226 debuisset,
3164 3171 3347 3233 utpro
3393 3162 3558 3219 ratio4

263 3256 427 3314 tionis
472 3256 789 3314 absolveret.
839 3255 1034 3311 lrrisus
1075 3264 1179 3320 est,
1231 3262 1291 3309 ut
1337 3268 1437 3310 nos
1487 3255 1557 3309 ab
1594 3252 1853 3309 irrisione
1892 3316 1928 3324 _
1957 3254 2062 3311 nali
2090 3262 2347 3324 peccante
2380 3251 2664 3309 rationalis
2699 3251 2875 3306 hostia
2900 3260 3251 3308 mactaretur.

261 3349 565 3406 (lenonum
589 3347 819 3405 tolleret.
841 3316 1174 3402 Humiliatusv
1209 3355 1315 3411 est,
1339 3354 1399 3400 ut
1419 3359 1521 3401 nos
1565 3344 1851 3400 cxaltaret.
1880 3316 1930 3382 ϐ
2031 3316 2173 3410 xix,
2219 3352 2325 3409 sed
2358 3351 2512 3427 quid,
2539 3352 2685 3424 quod
2720 3353 2885 3408 homo
2911 3353 3029 3407 sine,
3063 3362 3287 3424 peccato
3329 3352 3558 3409 inveniri

262 3443 546 3504 Exaltatus
567 3454 653 3501 est
675 3444 728 3500 in
761 3457 944 3507 cruce,
966 3450 1027 3497 ut
1061 3455 1161 3496 nos
1188 3440 1255 3496 ad
1283 3455 1342 3495 se
1370 3439 1632 3496 traheret.
1657 3436 1863 3509 Captus

261 3545 368 3603 est,
401 3545 463 3593 ut
493 3552 591 3594 nos
620 3553 649 3592 a
677 3552 840 3591 manu
861 3532 1062 3591 diaboli
1090 3533 1334 3604 captivos
1365 3530 1628 3586 auferret.
1655 3529 1864 3600 Exspc-

266 3630 432 3691 liatus
485 3641 591 3695 est,
625 3638 686 3686 ut
728 3629 1029 3685 nuditatem
1075 3626 1426 3682 mortalitatis
1459 3632 1662 3678 postne
1703 3623 1862 3677 beata

264 3720 674 3780 immortalitate
697 3720 963 3777 indueret.
991 3716 1171 3789 Spinis
1203 3724 1499 3773 coronatus
1526 3723 1634 3779 est,
1667 3724 1729 3770 ut
1752 3716 1865 3788 spi-

268 3831 368 3872 nas
399 3821 453 3872 et
501 3813 731 3870 tribulos
764 3812 953 3882 primae
986 3809 1384 3866 maledictionis
1427 3807 1495 3864 de
1526 3808 1683 3865 nobis
1717 3807 1865 3864 evel-

273 3905 428 3962 leret.
473 3904 620 3959 Felle
647 3912 864 3975 potatus
903 3911 987 3955 est
1033 3911 1087 3955 et
1131 3908 1312 3963 aceto,
1347 3908 1409 3953 ut
1439 3914 1539 3955 nos
1571 3897 1779 3954 faceret
1814 3898 1867 3953 in

268 4004 470 4055 terram
496 3994 634 4051 lacte
659 4002 714 4048 et
736 3993 893 4049 melle
916 4003 1226 4048 manantem
1260 3993 1481 4047 intrare.
1516 3990 1798 4046 Postremo
1815 3990 1868 4044 in

271 4088 431 4143 altari
456 4086 636 4143 crucis
664 4085 1005 4140 sacriﬁcatus
1027 4093 1131 4149 est,
1164 4093 1223 4139 ut
1241 4085 1406 4139 totius
1438 4083 1623 4137 mundi
1648 4090 1871 4155 peccata

272 4180 496 4240 deleret.
524 4178 764 4234 Mortuus
790 4187 893 4241 est,
921 4186 981 4230 ut
1020 4178 1211 4233 mortis
1235 4179 1538 4246 captivaret
1561 4174 1869 4245 imperium.

275 4272 530 4346 Sepultus
560 4279 643 4328 est
688 4279 745 4326 ut
772 4271 1020 4340 sepulcra
1052 4277 1364 4325 sanctorum
1386 4267 1751 4324 benediceret.
1780 4266 1881 4322 Re-

276 4362 533 4425 surrexit,
557 4372 616 4417 ut
639 4362 867 4417 mortuis
889 4362 1052 4415 vitam
1076 4359 1345 4426 redderet,
1368 4367 1424 4414 et
1458 4372 1610 4430 spem
1636 4372 1878 4413 resone-

278 4455 476 4511 ctionis
487 4454 604 4511 suis
619 4452 793 4509 daret.
807 4451 1066 4508 Ascendit
1079 4451 1146 4506 ad
1162 4451 1350 4517 caelos,
1365 4457 1425 4505 ut
1438 4451 1642 4506 homini
1664 4464 1772 4505 non
1786 4464 1877 4505 so~

275 4544 389 4604 lum
417 4546 751 4618 paradisum,
767 4559 929 4615 quem
952 4546 1230 4609 amiserat,
1252 4542 1691 4609 restitueret,sed
1713 4542 1879 4597 caelo—

1962 3462 2070 3504 uon
2093 3452 2305 3516 poterat
2333 3463 2346 3499 :
2372 3453 2428 3500 et
2453 3443 2635 3500 oblata
2676 3459 2778 3514 pro
2807 3444 2966 3500 nobis
2998 3445 3174 3501 hostia
3214 3446 3431 3516 quando
3460 3460 3565 3503 nos

1963 3554 1993 3595 a
2024 3543 2250 3610 peccato
2280 3534 2543 3591 mundare
2571 3537 2860 3606 potuisset,
2890 3536 2935 3590 si
2966 3537 3079 3604 ipsa
3119 3538 3331 3609 peccati
3374 3546 3563 3595 conta-

1964 3633 2123 3706 gione
2182 3647 2288 3686 non
2336 3631 2591 3686 careret?
2665 3630 2948 3702 lnquinata
3002 3632 3203 3704 quippe
3254 3633 3567 3702 inquinatos

1966 3726 2228 3780 mundare
2260 3738 2365 3779 non
2395 3732 2601 3792 posset.
2653 3722 2793 3795 Ergo
2821 3731 2879 3777 ut
2910 3724 3249 3780 rationabilis
3295 3734 3440 3779 esset
3467 3723 3557 3779 ho-

1967 3818 2094 3879 stia,
2145 3817 2306 3871 homo
2354 3811 2530 3869 fuerat
2580 3813 3020 3869 ol'l‘ercnduszut
3064 3829 3196 3870 vero
3247 3830 3277 3869 a
3323 3816 3566 3887 peccatis

1971 3908 2258 3963 mundaret
2280 3905 2578 3969 hominem,
2611 3905 2773 3960 homo
2803 3913 2858 3959 et
2886 3904 3001 3959 sine
3028 3914 3272 3976 peccato.
3305 3905 3411 3962 Sed
3441 3905 3565 3978 quis

1972 4008 2117 4054 esset
2142 3998 2305 4053 homo
2339 3997 2455 4051 sine
2482 4006 2727 4069 peccato,
2761 3997 2805 4050 si
2839 4011 2904 4050 ex
2934 3999 3139 4067 peccati
3181 3998 3566 4053 commixtione

1974 4088 2362 4144 descenderet?
2406 4086 2645 4143 Proinde
2690 4088 2837 4142 venit
2880 4095 3103 4159 propter
3154 4102 3252 4144 nos
3306 4086 3359 4143 in
3407 4096 3567 4143 utero

1978 4179 2215 4253 Virginis
2247 4178 2416 4232 Filius
2442 4178 2559 4244 Dei,
2589 4178 2661 4233 ibi
2698 4194 2795 4249 pro
2840 4179 2995 4234 nobis
3042 4179 3214 4235 factus
3260 4191 3341 4236 est
3377 4181 3560 4237 homo.

1979 4271 2203 4341 Sumpta
2236 4280 2319 4327 est
2348 4270 2418 4325 ab
2447 4269 2538 4326 illo
2567 4277 2764 4326 natura
2790 4286 2895 4327 non
2922 4270 3099 4342 culpa,
3132 4270 3258 4326 fecit
3283 4287 3383 4343 pro
3408 4272 3567 4329 nobis

1979 4362 2309 4419 sacriﬁcium
2339 4377 2535 4433 corpus
2566 4377 2741 4425 suum,
2794 4363 3039 4417 exhibuit
3067 4378 3164 4433 pro
3192 4365 3568 4433 peccatoribus

1981 4456 2259 4512 victimam
2289 4456 2406 4512 sine
2433 4463 2679 4527 peccato,
2709 4471 2831 4524 qua:
2858 4463 2912 4509 et
2941 4455 3281 4511 humanitate
3323 4456 3486 4522 mori,
3514 4463 3574 4513 et

1978 4548 2190 4620 iustitia
2236 4549 2498 4604 mundare
2537 4546 2819 4619 potuisset.
2882 4546 3035 4602 llunc
3081 4562 3229 4620 ergo,
3278 4563 3401 4604 cum
3447 4558 3571 4625 post

279 4653 402 4745 tum
416 4652 641 4742 quoque
651 4638 872 4745 janiiam
888 4636 1145 4745 aperiret.
1166 4633 1335 4693 Sedet
1350 4635 1583 4745 nune‘ad
1598 4635 1880 4691 dexteram
1910 4681 1965 4745 υ
1984 4643 2258 4713 baptisma
2307 4641 2440 4696 vidit
2484 4640 2742 4710 antiquus
2769 4638 2965 4707 hostis,
3017 4656 3137 4695 mox
3189 4641 3573 4698 teutationibus

282 4728 481 4796 Patris,
505 4737 566 4783 ut
588 4726 842 4799 precibus
862 4725 1200 4783 credentium
1231 4732 1455 4782 annuat.
1484 4725 1759 4782 Venturos
1795 4736 1882 4781 est

277 4819 521 4894 judicare
545 4820 697 4874 vivos
709 4833 775 4874 ac
798 4828 1062 4884 mortuos,
1078 4828 1140 4874 ut
1152 4818 1309 4875 bonis
1324 4819 1483 4882 bona,
1498 4828 1552 4872 et
1568 4818 1722 4872 malis
1736 4816 1878 4875 mala

285 4913 474 4971 reddat
507 4912 626 4968 sine
645 4911 769 4967 ﬁne.
824 4910 1032 4970 Deiecit
1051 4913 1234 4983 itaque
1254 4922 1637 4981 argumentum
1657 4912 1878 4975 diaboli,

288 5006 382 5079 qui
406 5003 633 5062 vitulum
669 5011 857 5059 contra
914 4996 1163 5069 vitulum,
1196 5003 1408 5059 hircum
1441 5015 1629 5058 contra
1665 5003 1880 5059 hircum

286 5097 562 5171 opposuit,
588 5097 680 5152 sed
707 5111 901 5168 agnum
939 5094 1345 5151 immaculatum
1376 5096 1621 5150 invenire
1654 5110 1762 5151 non
1786 5109 1884 5166 po-

292 5188 415 5244 tuit.
448 5186 584 5245 Hine
606 5190 773 5248 miser
799 5189 977 5244 victus
1006 5188 1170 5258 jacet,
1212 5196 1268 5243 et
1300 5187 1416 5242 viso
1450 5187 1601 5258 signo
1643 5188 1887 5242 victoriae

290 5270 492 5339 Christi
518 5279 702 5351 pallet,
736 5279 922 5336 tremit
946 5287 1001 5335 et
1033 5277 1186 5351 fugit.

370 5370 549 5430 Xl’lll.
607 5369 715 5428 Sed
740 5385 902 5428 nemo
948 5372 1093 5427 intra
1120 5384 1180 5425 se
1209 5367 1374 5435 dicat,
1410 5377 1468 5425 et
1490 5369 1644 5440 quasi
1691 5377 1883 5424 contra

299 5462 468 5522 Deum
499 5473 884 5529 conqueratur.
917 5463 1044 5536 quia
1066 5464 1225 5535 primi
1262 5472 1520 5534 parentes
1548 5465 1724 5521 nostri
1754 5479 1885 5537 pec-

297 5563 579 5620 caverunt,
610 5563 666 5610 et
697 5554 1049 5612 admittentes
1080 5553 1462 5613 inobedientiae
1495 5556 1708 5627 culpam
1739 5558 1887 5617 ceci-

296 5645 497 5705 derunt
524 5663 579 5706 tu
609 5655 840 5704 mortem
866 5664 879 5699 ε
909 5646 1039 5719 quid
1054 5647 1225 5718 culpis
1247 5662 1345 5718 pro
1368 5646 1473 5703 hoc
1498 5648 1725 5719 reliquis
1753 5638 1885 5707 om-

299 5738 460 5797 nibus
479 5737 681 5799 ascribi
709 5738 912 5804 debuit,
938 5746 1000 5794 ut
1018 5740 1223 5812 pariter
1265 5740 1445 5795 cuncti
1479 5749 1701 5812 propter
1724 5743 1888 5799 unius

298 5838 584 5903 peccatum
607 5838 922 5890 tenerentur
932 5834 1035 5887 sub
1054 5840 1322 5904 potestate
1338 5832 1533 5889 diaboli
1554 5834 1579 5887 ?
1600 5834 1717 5907 Ipse
1738 5835 1884 5894 enim

306 5925 452 5980 solus
481 5924 661 5981 debuit
683 5927 792 5995 pati
826 5936 880 5980 et
909 5927 1159 5984 meritam
1201 5928 1404 5983 sentire
1448 5929 1583 5983 iram
1625 5942 1886 5999 praesum-

667 6022 913 6081 Pnnor.
979 6021 1071 6084 Cl.

1987 4734 2239 4805 impctiit,
2287 4742 2341 4788 et
2384 4748 2479 4805 per
2522 4732 2767 4788 diversos
2813 4732 2993 4787 aditus
3033 4733 3099 4787 ad
3146 4731 3404 4788 interiora
3454 4731 3573 4802 ejus

1986 4826 2206 4882 molitus
2245 4826 2510 4894 irrepere,
2538 4822 2715 4879 victus
2750 4832 2851 4886 est.
2880 4833 3044 4895 atque
3082 4824 3197 4894 ipsa
3237 4823 3571 4899 inexpugna-

1986 4919 2110 4975 bilis
2141 4918 2341 4974 mentis
2372 4917 2488 4987 ejus
2514 4915 2825 4988 integritate
2851 4923 3174 4987 prostratus.
3206 4917 3313 4974 Sed
3348 4918 3473 4987 quis
3500 4918 3570 4973 ad

1989 5009 2245 5064 interiora
2280 5022 2385 5063 non
2416 5006 2603 5069 valuit,
2638 5003 2705 5061 ad
2735 5006 2851 5074 ejus
2882 5020 2938 5060 se
2970 5006 3241 5060 exteriora
3280 5008 3570 5071 convertit,

1987 5110 2047 5155 ut
2074 5100 2199 5169 quia
2243 5098 2441 5154 mentis
2469 5097 2671 5153 virtute
2712 5097 2886 5153 victus
2914 5106 3018 5161 cst,
3051 5112 3192 5160 eum,
3223 5112 3381 5168 quem
3425 5095 3571 5153 decio

1989 5204 2119 5262 pere
2153 5190 2448 5245 tentatione
2492 5202 2598 5245 non
2638 5186 2827 5251 valuit,
2862 5188 3041 5242 carnis
3074 5186 3265 5243 saltem
3296 5175 3573 5245 videretur

1991 5292 2165 5339 morte
2194 5297 2470 5354 superare,
2512 5289 2673 5353 atque
2700 5282 2997 5354 permissus
3027 5289 3109 5334 est
3156 5280 3208 5335 in
3238 5280 3384 5343 illud,
3428 5282 3572 5353 quod

1988 5391 2053 5433 ex
2104 5374 2263 5432 nobis
2303 5373 2622 5431 mortalibus
2662 5371 2927 5429 mediator
2969 5382 3272 5444 acceperat.
3325 5370 3433 5429 Sed
3477 5371 3577 5429 ubi

1988 5466 2167 5541 potuit
2193 5464 2392 5537 aliquid
2425 5463 2621 5528 facere,
2654 5462 2724 5519 ibi
2755 5476 2821 5519 ex
2848 5463 2996 5517 omni
3018 5470 3178 5533 parte
3193 5462 3437 5519 devictus
3457 5471 3573 5521 est:

1991 5568 2047 5615 et
2074 5559 2216 5618 unde
2244 5558 2451 5628 accepit
2474 5556 2716 5613 exterius
2735 5564 3062 5627 potestatem
3088 5556 3369 5614 dominica:
3395 5559 3575 5615 carnis

1992 5650 2321 5718 occidenda,
2350 5651 2475 5708 inde
2516 5652 2746 5708 interior
2786 5657 3029 5721 potestas
3056 5650 3203 5723 ejus,
3234 5663 3338 5722 qua
3368 5663 3466 5707 nos
3490 5658 3578 5705 te-

1993 5747 2175 5806 nebat.
2212 5746 2390 5800 occisa
2436 5751 2536 5798 est.
2582 5743 2702 5817 Ipse
2739 5756 2971 5817 namque
3010 5744 3238 5809 interius
3260 5744 3436 5798 victus
3466 5750 3576 5805 est,

1993 5836 2118 5894 dum
2147 5835 2299 5906 quasi
2329 5836 2457 5890 vicit
2489 5835 2727 5893 exterius
2758 5852 2769 5885 :
2801 5842 2856 5887 et
2893 5834 2985 5904 qui
3022 5846 3121 5889 nos
3145 5831 3267 5901 jure
3305 5825 3591 5889 debitores

1995 5928 2185 5985 mortis
2240 5928 2441 5990 tenuit,
2491 5922 2613 5993 jure
2667 5925 2718 5979 in
2774 5924 2923 5981 nobis
2970 5922 3061 5991 jus
3116 5922 3306 5979 mortis
3362 5918 3574 5987 amisit;

3147 6012 3220 6081 as
