4090 6498
687 373 822 431 1067

1493 373 1555 429 Β.
1598 375 1658 429 F.
1698 372 1923 430 ALBlNl
1962 369 2095 430 SEU
2134 366 2411 425 ALCUINI
2449 372 2736 431 OPERUM
2776 374 2955 430 PARS
2996 373 3124 430 Vill.

3831 368 3987 427 1063

682 497 811 565 quia
856 508 954 566 per
1000 491 1259 549 satellites
1312 507 1441 549 suos
1483 493 1602 564 ejus
1645 507 1865 549 carnem
1893 490 2263 563 perimendam
2292 488 2344 547 Α
2370 497 2473 555 est,
2504 498 2560 545 et
2589 506 2620 546 a
2651 491 2799 547 nullo
2822 493 3021 562 erepit;
3055 493 3222 547 Deum
3272 493 3617 558 invisibilem,
3644 505 3811 563 quem
3851 490 3986 544 nul-

684 588 928 660 appetiit,
959 586 1013 641 in
1037 602 1143 656 quo
1172 584 1303 640 nihil
1332 601 1400 641 ex
1424 585 1592 656 culpae
1621 584 1802 641 debito
1829 583 2053 639 invenit.
2086 580 2268 637 Domi-

686 697 789 737 nus
818 694 949 752 ergo
978 687 1163 734 noster
1189 693 1288 750 pro
1312 679 1471 734 nobis
1494 686 1727 733 mortem
1763 676 1925 733 solvit
1950 674 2265 741 indebitam,

681 782 745 834 ut
777 774 933 828 nobis
975 785 1123 828 mors
1164 770 1343 826 debita
1375 783 1483 826 non
1506 777 1748 825 noceret.
1799 766 2061 837 Quamvis
2106 765 2271 837 igitur

685 863 915 935 simplici
944 872 1150 918 naturae
1177 861 1477 918 divinitatis
1499 875 1607 917 non
1633 859 1705 914 sit
1730 858 1876 917 aliud
1903 872 2043 923 esse,
2072 865 2128 914 et
2152 856 2269 928 ipsa

684 956 973 1028 sapientia,
1012 969 1132 1024 qua:
1163 952 1461 1008 divinitatis
1487 950 1724 1007 essentia
1750 957 1851 1014 est,
1885 957 2066 1005 tamen
2098 962 2271 1019 quan-

686 1064 799 1111 tum
830 1048 897 1104 ad
926 1047 1121 1104 faciem
1149 1050 1380 1116 spectat,
1408 1057 1515 1098 non
1556 1042 1761 1097 virtute
1789 1038 1884 1096 sed
1912 1039 2122 1095 ratione
2157 1037 2270 1093 dia-

685 1141 867 1199 bolum
910 1140 1203 1212 superavit,
1235 1136 1362 1208 quia
1411 1137 1526 1207 ipse
1564 1134 1819 1204 antiquus
1847 1132 2019 1189 hostis
2055 1147 2155 1203 per
2177 1146 2272 1189 ex-

682 1248 896 1292 cessum
946 1229 1389 1304 prmsumptionis
1448 1244 1563 1284 sure
1612 1243 1738 1284 eum
1785 1227 1951 1283 etiam
2012 1223 2266 1296 perdidit,

681 1340 843 1396 quem
873 1323 1069 1394 iniquae
1093 1320 1462 1391 persuasionis
1486 1318 1603 1391 lege
1632 1317 1910 1390 possedit:
1939 1325 1995 1372 et
2017 1316 2145 1371 dum
2174 1329 2272 1370 au-

682 1421 868 1475 dacter
899 1431 1045 1482 eum,
1083 1415 1140 1472 iu
1172 1430 1283 1487 quo
1319 1412 1457 1470 nihil
1492 1411 1599 1468 sibi
1635 1417 1993 1483 compererat,
2022 1408 2267 1481 appetiit,

678 1510 805 1581 jure
852 1508 1022 1574 illum,
1050 1521 1212 1578 quem
1259 1502 1586 1578 qu‘asijuste
1619 1504 1854 1571 tenebat,
1881 1503 2086 1559 amisit.
2134 1501 2270 1558 Pru-

683 1600 864 1658 dentia
901 1601 1085 1671 itaque
1128 1606 1182 1655 et
1202 1596 1454 1664 consilio,
1488 1611 1595 1652 non
1621 1602 1890 1666 potestate
1935 1602 1993 1651 et
2016 1593 2271 1651 violentia

680 1693 857 1749 uictus
869 1698 986 1759 est,
1019 1690 1148 1762 quia
1176 1689 1304 1745 dum
1331 1687 1401 1745 ad
1427 1687 1747 1744 tentandum
1779 1684 2030 1753 solvitur,
2047 1684 2140 1742 ab
2167 1684 2272 1741 ho-

684 1786 830 1841 mine
862 1781 1203 1855 .possidendo
1248 1779 1545 1853 relegatur,
1582 1785 1646 1834 ut
1693 1777 1818 1835 inde
1851 1790 1998 1843 eum,
2039 1775 2134 1847 qui
2171 1774 2272 1834 sub

684 1880 803 1949 ipso
830 1885 969 1943 erat,
999 1875 1272 1947 perderet,
1297 1873 1441 1929 unde
1470 1886 1596 1927 cum
1636 1870 1750 1937 illo,
1776 1869 1871 1941 qui
1901 1882 2066 1940 super
2094 1868 2271 1939 ipsum

684 1977 794 2033 est,
840 1965 1104 2040 congredi
1150 1961 1603 2037 prmsumpsisset.
1663 1960 1889 2017 Constat
1932 1972 2094 2031 ergo,
2143 1957 2273 2028 quia

684 2061 848 2118 homo
882 2069 1150 2131 peccator
1186 2069 1285 2128 per
1332 2053 1610 2111 hominem
1654 2053 1847 2119 Deum,
1882 2050 1935 2115 in
1978 2065 2087 2123 quo
2139 2049 2273 2107 nulli

684 2159 896 2229 peccati
936 2154 1153 2229 macula
1196 2159 1409 2224 poterat
1449 2165 1589 2214 esse,
1616 2148 1879 2204 liberatus
1905 2154 2009 2203 est.
2056 2145 2126 2202 Et
2152 2145 2272 2201 ideo

688 2252 1030 2322 omnipotens
1051 2247 1215 2313 Deus,
1242 2245 1337 2317 qui
1369 2242 1550 2313 justus
1583 2251 1687 2307 est,
1714 2248 1770 2298 et
1794 2238 1952 2311 cujus
1974 2240 2155 2297 omnia
2180 2239 2272 2310 ju-

686 2341 829 2400 dicia
858 2338 1006 2411 iusta
1048 2344 1191 2403 sunt,
1224 2334 1361 2391 nihil
1398 2341 1594 2391 contra
1636 2347 1791 2390 suam
1825 2330 2095 2402 justitiam
2123 2329 2272 2397 fecit,

686 2436 817 2491 dum
845 2433 1119 2491 hominem
1144 2444 1472 2501 persuasum
1499 2442 1596 2498 per
1620 2426 1896 2483 hominem
1942 2440 1974 2482 a
2004 2431 2276 2497 potestate

684 2526 884 2585 diaboli
915 2523 1181 2581 liberavit.
1204 2521 1287 2578 Ita
1310 2520 1455 2578 enim
1479 2520 1612 2577 ordo
1641 2526 1841 2575 nostra:
1868 2517 2059 2575 salutis
2083 2517 2271 2589 exigit,

686 2630 748 2678 ut
773 2636 864 2677 ars
891 2627 1065 2674 artem
1097 2614 1341 2679 falleret,
1372 2622 1428 2669 et
1452 2612 1544 2684 qui
1574 2611 1805 2682 decepit,
1839 2610 2199 2681 deciperetur.

762 2711 882 2768 XX.
922 2708 1017 2766 His
1051 2708 1125 2765 ita
1150 2704 1444 2779 pramissis
1472 2714 1733 2775 tanquam
1766 2702 2088 2773 quibusdam
2124 2700 2277 2758 testi-

685 2808 788 2863 bus
826 2800 1224 2875 repraesentatis
1272 2798 1326 2854 in
1373 2796 1731 2854 assertionem
1778 2794 1902 2850 ﬁdei
1950 2807 2103 2856 metu,
2134 2791 2275 2850 sicut

683 2896 872 2955 clamo
917 2892 1157 2951 clamore
1203 2904 1401 2962 magno
1447 2901 1633 2943 coram
1675 2886 1788 2942 Deo
1839 2887 1893 2941 in
1941 2894 2056 2940 toto
2111 2884 2273 2940 mrde

683 3003 829 3057 meo,
862 2986 938 3043 ita
962 2982 1105 3058 styli,
1134 2981 1355 3053 orisque
1378 2979 1557 3036 oﬁicio
1586 2979 1640 3035 in
1671 2976 1896 3035 auribus
1923 2975 2180 3033 Ecclesia:
2209 2974 2275 3031 li-

686 3084 781 3140 bet
807 3081 1010 3145 dicere,
1051 3077 1186 3133 libet
1221 3074 1531 3131 exclamare
1560 3088 1574 3126 :
1604 3072 1684 3128 sic
1717 3084 1906 3127 coram
1937 3069 2048 3126 Deo
2096 3067 2276 3124 credi-

687 3189 828 3240 mus,
867 3172 948 3228 sic
976 3183 1162 3225 coram
1195 3165 1505 3224 hominibus
1538 3162 1863 3219 conﬁtemur
1895 3176 1907 3213 :
1939 3157 2108 3215 Corde
2133 3158 2295 3221 enim,

686 3264 919 3320 creditur
936 3260 1006 3316 ad
1020 3258 1305 3332 justitiam,
1347 3271 1435 3310 ore
1470 3264 1645 3309 autem
1686 3252 1748 3322 ﬁt
1776 3249 2038 3321 confessio
2077 3248 2148 3304 ad
2187 3265 2276 3303 sa-

691 3357 855 3412 lutem
900 3352 1072 3427 (Rom.
1120 3367 1175 3411 ι,
1218 3348 1332 3422 10),
1379 3349 1458 3405 ait
1501 3345 1810 3419 Apostolus.
1859 3343 2035 3401 Credo
2080 3343 2274 3410 Deum,

692 3449 858 3507 credo
897 3447 1031 3512 Deo,
1080 3444 1242 3500 credo
1290 3441 1347 3497 in
1386 3438 1578 3496 Deum.
1632 3435 1748 3493 Hoc
1775 3435 1937 3494 corde
1965 3443 2141 3501 teneo,
2169 3435 2279 3490 hoc

690 3555 789 3598 ore
834 3538 1117 3606 conﬁteor,
1168 3537 1272 3593 hoc
1320 3534 1525 3605 scripto
1569 3540 1739 3588 testor
1780 3537 1944 3601 atque
1991 3527 2275 3586 conﬁrmo.

693 3634 863 3689 Deum
916 3629 1107 3696 credo,
1172 3627 1299 3700 quia
1345 3624 1503 3682 video
1549 3630 1890 3687 creaturam,
1935 3627 1994 3676 et
2038 3617 2279 3696 intelligo

693 3725 1025 3781 Creatorem.
1072 3718 1193 3792 Ipse
1236 3718 1382 3775 enim
1422 3713 1552 3773 fecit
1596 3727 1715 3780 nos,
1762 3719 1818 3767 et
1859 3724 1968 3765 non
2017 3708 2117 3782 ipsi
2156 3722 2275 3765 nos.

692 3820 804 3877 Deo
845 3816 1009 3873 credo
1033 3856 1048 3883 ,
1106 3812 1236 3884 quia
1282 3809 1352 3866 de
1394 3820 1566 3864 sacra:
1610 3802 1911 3861 assertione
1959 3798 2276 3872 Scriptura,

691 3927 857 3985 quam
904 3910 1017 3980 ipse
1057 3899 1435 3967 sanctiﬁcavit,
1468 3907 1525 3954 ct
1558 3895 1708 3985 misit
1740 3894 1795 3953 in
1828 3891 2111 3985 mundum,
2140 3889 2280 3985 nihil

694 3982 927 4063 omnino.
960 3999 1165 4063 dubito,
1216 4002 1275 4052 et
1300 3993 1369 4049 de
1411 3988 1616 4048 sanctis
1652 3984 1771 4057 ejus
1809 3982 2277 4057 promissionibus,

692 4111 815 4167 qum
836 4096 888 4151 in
912 4106 1006 4164 spe
1027 4096 1298 4151 tenentur,
1327 4085 1381 4140 in
1402 4081 1584 4154 aliquo
1606 4094 1714 4137 non
1734 4076 1935 4144 diﬁido,
1951 4083 2113 4167 atque
2124 4091 2279 4132 saera

692 4165 811 4257 ejus
834 4184 1112 4257 mysteria,
1141 4192 1261 4251 quae
1290 4191 1378 4232 me
1402 4174 1592 4238 latent,
1614 4186 1723 4227 non
1751 4175 2005 4240 tanquam
2033 4165 2279 4223 fastidio-

695 4295 789 4338 sus
812 4287 1090 4346 aspernor,
1115 4269 1210 4327 sed
1233 4268 1458 4324 devotus
1481 4276 1731 4329 veneror,
1761 4267 2086 4331 exspectans
2103 4259 2281 4315 humi-

694 4375 821 4431 liter
850 4370 933 4426 vel
960 4370 1050 4425 liic
1077 4366 1417 4436 aliquatenus
1443 4359 1527 4416 vel
1557 4358 1715 4433 plene
1752 4358 1809 4414 in
1844 4356 2025 4414 futuro
2053 4372 2118 4414 ea
2148 4356 2280 4414 mihi

693 4465 946 4525 revelari.
981 4463 1039 4518 lu
1064 4459 1236 4517 Deum
1264 4455 1447 4523 credo,
1473 4462 1535 4510 ut
1577 4460 1704 4526 pote
1731 4459 1981 4509 creatura
2019 4451 2077 4507 in
2111 4449 2280 4507 Crea-

2368 579 2452 637 lus
2483 584 2667 640 carnis
2718 584 2890 658 oculis
2926 585 3110 641 videre
3152 583 3375 652 suﬁicit;
3434 585 3606 642 Deum
3650 585 3985 653 incompre—

2369 674 2719 745 hensibilem,
2749 678 2843 749 qui
2879 679 3060 734 omnia
3088 679 3529 752 comprehendit;
3565 680 3737 735 Deum
3766 679 3994 734 immu-

2368 765 2609 835 tabilem,
2651 768 2746 838 qui
2786 784 2893 824 non
2931 778 3175 829 mutatur
3207 773 3564 843 temporibus,
3594 787 3696 828 nec
3728 769 3993 827 senescit

2366 868 2553 928 aetate,
2596 862 2691 917 sed
2738 876 2955 933 semper
3005 863 3148 920 idem
3194 873 3300 931 est,
3342 864 3437 935 qui
3482 880 3588 921 non
3633 863 3686 920 in
3722 872 3995 932 tempore

2369 953 2533 1024 coepit
2575 954 2797 1020 vivere,
2860 955 2955 1012 sed
3003 969 3217 1028 semper
3266 959 3457 1015 vivens
3500 957 3708 1014 nullum
3760 955 3992 1027 patitur

2369 1059 2775 1113 successorem;
2814 1045 2984 1102 Deum
3010 1047 3212 1104 bonum
3242 1058 3298 1103 et
3330 1047 3540 1119 justum
3572 1049 3695 1105 caeli
3723 1056 3782 1105 et
3806 1056 3992 1103 teme

2370 1145 2695 1193 creatorem.
2725 1136 2880 1194 llune
2908 1137 3171 1195 conﬁteor
3199 1138 3393 1207 Deum,
3420 1141 3521 1197 sed
3550 1141 3801 1197 eumdem
3841 1155 3989 1196 con-

2370 1228 2525 1284 ﬁteor
2549 1228 2787 1295 Patrem,
2818 1228 3037 1287 Patrem
3064 1230 3208 1286 Filii.
3276 1231 3449 1288 Nemo
3491 1232 3640 1289 enim
3678 1240 3847 1304 pater
3897 1239 3991 1289 est

2370 1319 2489 1375 sine
2517 1318 2649 1377 ﬁlio.
2697 1319 2863 1377 Pater
2892 1334 3025 1394 ergo
3055 1337 3155 1393 per
3181 1322 3350 1378 ﬁlium
3382 1332 3497 1390 .est,
3532 1325 3745 1381 habens
3780 1324 3992 1394 utique

2371 1411 2565 1479 ﬁlium,
2592 1411 2750 1484 cujus
2796 1414 2869 1471 sit
2911 1422 3087 1487 pater.
3128 1414 3349 1471 Patrem
3378 1414 3502 1473 dico
3528 1417 3767 1472 viventis
3793 1415 3989 1481 verbi,

2369 1503 2588 1561 virtutis
2617 1519 2681 1563 ac
2702 1504 2986 1576 sapientize
3009 1507 3262 1577 proprize,
3293 1507 3438 1577 quod
3467 1505 3823 1563 ineﬁabiliter
3852 1517 3994 1562 ante

2368 1597 2555 1653 omnia
2588 1596 2806 1664 saeuis,
2838 1598 2948 1654 imo
2981 1597 3190 1669 absque
3227 1599 3385 1657 initio
3412 1615 3478 1657 ex
3511 1614 3569 1656 se
3602 1601 3823 1672 genuit,
3859 1597 3989 1670 Spi-

2371 1689 2509 1747 ritus
2527 1687 2811 1761 Spiritum,
2838 1687 2982 1746 Deus
3003 1689 3198 1757 Deum,
3226 1691 3281 1747 in
3307 1707 3417 1763 quo
3444 1702 3572 1749 sunt
3599 1693 3828 1749 condita
3859 1692 3980 1747 uni-

2372 1795 2552 1847 versa,
2581 1788 2638 1837 et
2659 1795 2783 1852 quae
2819 1781 2874 1836 in
2907 1780 3083 1846 caelis,
3109 1787 3164 1836 et
3195 1796 3317 1853 qua:
3356 1781 3414 1838 in
3443 1790 3614 1851 terra,
3645 1783 3895 1842 visibilia
3935 1790 3987 1837 et

2374 1873 2685 1941 invisibilia,
2717 1874 2862 1930 sicut
2912 1874 3075 1930 docet
3105 1872 3304 1931 Paulus
3323 1884 3378 1931 et
3400 1877 3689 1949 consignat
3712 1876 3987 1943 Joannes.

2376 1961 2592 2031 Omnia,
2624 1964 2820 2036 inquit,
2851 1981 2945 2037 per
2971 1965 3141 2037 ipsum
3177 1965 3320 2036 facta
3350 1976 3494 2033 sunt,
3524 1977 3575 2023 et
3601 1966 3716 2023 sine
3743 1967 3861 2039 ipso
3898 1968 3989 2038 fa-

2372 2062 2514 2108 ctum
2541 2054 2774 2110 estnihil
2824 2052 3009 2127 (Joan.
3040 2072 3077 2121 ι,
3105 2053 3183 2127 5).
3214 2054 3367 2112 Hunc
3395 2056 3565 2129 igitur
3603 2073 3774 2113 unum
3801 2057 3987 2113 Deum

2372 2141 2592 2203 Patrem
2642 2142 3070 2216 omnipotentem
3115 2145 3384 2202 conﬁteor
3425 2164 3439 2201 :
3489 2146 3545 2202 in
3588 2148 3738 2205 hunc
3785 2148 3979 2211 credO.

2372 2236 2519 2292 hunc
2543 2236 2705 2293 labiis
2729 2244 2785 2292 et
2812 2237 2995 2303 corde,
3021 2244 3078 2293 et
3097 2239 3270 2305 omni,
3297 2253 3404 2310 qua
3425 2239 3600 2307 valeo,
3628 2240 3833 2298 virtute
3863 2240 3990 2297 colo

2373 2338 2431 2385 et
2460 2328 2643 2396 laudo,
2672 2328 2941 2386 benedice
2973 2339 3139 2401 atque
3166 2332 3357 2388 adoro.

2445 2439 2588 2497 XXI.
2628 2437 2807 2498 Credo
2850 2450 2906 2500 et
2951 2443 3004 2499 in
3048 2441 3236 2499 Iesum
3280 2442 3557 2500 Christum
3604 2442 3805 2500 Filium
3857 2444 3988 2515 ejus

2372 2532 2616 2597 unicum,
2655 2532 2940 2590 Dominum
2986 2543 3267 2600 nostrum,
3314 2534 3486 2591 Deum
3515 2536 3578 2592 de
3606 2536 3736 2601 Deo,
3784 2536 3986 2591 lumen

2373 2625 2442 2682 de
2487 2624 2709 2694 lumine,
2738 2625 2910 2683 Deum
2938 2642 3126 2683 verum
3161 2627 3229 2683 de
3260 2626 3374 2683 Deo
3402 2642 3548 2691 vero,
3581 2620 3824 2699 genitum
3874 2644 3989 2684 non

2375 2716 2600 2785 factum,
2652 2719 3175 2777 consubstantialem
3218 2717 3392 2785 Patri,
3441 2734 3541 2789 per
3583 2734 3746 2791 quem
3794 2721 3987 2775 omnia

2375 2807 2518 2865 facta
2556 2820 2705 2872 sunt,
2736 2811 2828 2881 qui
2864 2819 3087 2883 propter
3114 2826 3213 2868 nos
3250 2812 3497 2867 homines
3532 2819 3591 2868 et
3620 2818 3853 2881 propter
3886 2826 3982 2865 no-

2375 2908 2546 2957 stram
2577 2901 2806 2958 salutem
2846 2917 3067 2960 carnem
3110 2904 3363 2959 humana:
3405 2910 3640 2968 naturae,
3684 2917 3984 2973 veramque

2375 2993 2614 3049 animam
2660 2994 2915 3065 suscepit,
2966 3003 3264 3063 conceptus
3308 2992 3377 3048 de
3414 2990 3623 3064 Spiritu
3669 3000 3892 3059 sancto,
3926 3001 3988 3046 et

2376 3093 2539 3142 natus
2573 3100 2643 3140 ex
2679 3083 2847 3141 Maria
2878 3085 3109 3158 virgine.
3151 3085 3209 3141 In
3238 3100 3341 3156 qua
3385 3083 3596 3141 scilicet
3637 3098 3805 3139 carne
3850 3099 3990 3157 pas-

2300 3213 2348 3278 c
2378 3192 2496 3233 sum
2520 3187 2575 3234 et
2605 3178 2897 3250 sepultum,
2924 3188 2980 3234 et
3007 3180 3375 3236 resurrexisse
3405 3192 3433 3233 a
3468 3177 3702 3234 mortuis
3730 3186 3786 3233 et
3813 3179 3993 3234 credo

2379 3277 2433 3324 et
2459 3266 2738 3325 fateorzet
2767 3268 2822 3325 in
2852 3268 3045 3326 eadem
3072 3285 3259 3337 carne,
3289 3286 3394 3341 qua
3420 3270 3592 3342 jacuit
3621 3270 3674 3324 in
3698 3271 3988 3341 sepulcro.

2378 3369 2501 3432 post
2551 3362 3016 3417 resurrectionem
3057 3363 3377 3434 apparuisse
3416 3361 3691 3434 discipulis
3715 3404 3732 3429 ,
3782 3370 3845 3418 et
3886 3365 3992 3429 _do-

2378 3451 2559 3508 coisse
2594 3466 2710 3519 eos,
2753 3467 2879 3523 qua:
2920 3453 3161 3510 docenda
3198 3463 3400 3511 erant:
3441 3464 3606 3528 atque
3646 3470 3838 3511 coram
3880 3458 3985 3521 eis,

2381 3544 2609 3616 aliisque
2644 3544 2828 3602 multis
2854 3545 3174 3603 ascendisse
3206 3546 3263 3601 in
3290 3545 3510 3615 caelum,
3541 3556 3595 3604 et
3617 3546 3813 3604 sedere
3837 3563 3985 3603 nunc

2379 3640 2446 3696 ad
2473 3640 2755 3697 dexteram
2784 3639 2985 3707 Patris,
3010 3640 3066 3696 id
3088 3648 3194 3707 cst,
3230 3640 3287 3696 in
3317 3649 3521 3698 mterna
3549 3654 3780 3712 regnare
3807 3641 3983 3698 beati-

2380 3733 2595 3800 tudine,
2648 3733 2792 3789 undc
2837 3742 3221 3805 exspectamus
3269 3741 3558 3789 venturum
3602 3732 3673 3787 ad
3711 3732 3980 3805 judicium

2378 3824 2625 3880 rivorum
2650 3823 2817 3897 m
2860 3834 2917 3880 et
2945 3835 3308 3882 mortuorum.
3361 3824 3460 3880 llic
3498 3832 3586 3879 est
3609 3822 3870 3880 Christus
3893 3822 3978 3879 Je-

2378 3930 2475 3971 sus
2503 3914 2764 3972 Dominus
2795 3925 3002 3981 noster,
3032 3917 3175 3972 Deus
3199 3926 3256 3972 et
3284 3916 3469 3983 homo,
3499 3913 3678 3971 factor
3700 3922 3759 3970 et
3783 3913 3975 3969 factus.

2381 4005 2551 4061 Video
2594 4003 2718 4061 ﬁdei
2764 4006 2939 4063 oculis
2987 4005 3275 4064 factorem.
3330 4006 3399 4063 In
3420 4007 3679 4080 principio
3708 4017 3821 4061 erat
3857 4005 3983 4062 Ver-

2381 4096 2531 4161 bum,
2562 4106 2611 4152 et
2643 4095 2870 4152 Verbum
2906 4107 3022 4153 erat
3060 4099 3205 4170 apud
3233 4099 3425 4164 Deum,
3454 4109 3504 4154 et
3527 4098 3669 4155 Deus
3700 4109 3814 4154 erat
3854 4097 3981 4155 Ver-

2380 4186 2523 4242 bum.
2556 4185 2671 4243 Hoc
2699 4196 2813 4243 erat
2858 4188 2911 4242 in
2944 4188 3207 4261 principio
3232 4189 3373 4262 apud
3396 4189 3593 4257 Deum,
3623 4183 3669 4245 'et
3692 4189 3834 4245 Deus
3865 4201 3979 4245 erat

2390 4275 2651 4346 Verbum,
2707 4279 2884 4334 omnia
2927 4296 3022 4351 per
3062 4280 3236 4352 ipsum
3275 4281 3418 4350 facta
3456 4291 3582 4337 sunt
3626 4280 3805 4353 (locu.
3833 4283 3972 4355 1,1).

2380 4371 2450 4428 Et
2468 4370 2627 4428 video
2657 4369 2881 4439 factum,
2914 4369 3146 4428 Verbum
3169 4387 3293 4427 caro
3317 4370 3526 4442 factum
3557 4383 3654 4440 est,
3689 4382 3737 4429 et
3773 4374 3978 4429 habita-

2379 4465 2449 4521 vit
2490 4464 2547 4519 in
2587 4462 2736 4519 nobis
2780 4462 2971 4535 (Ibid.,
3003 4462 3191 4535 v.14).
3240 4462 3397 4519 llune
3435 4465 3600 4522 credo
3634 4474 3691 4521 et
3717 4465 3980 4522 conﬁteor

696 4572 889 4624 torem.
921 4568 1111 4612 servus
1155 4553 1209 4607 in
1260 4547 1579 4611 Dominum.
1609 4545 1774 4600 homo
1822 4543 1879 4598 in
1915 4542 2105 4609 Deum.
2153 4542 2277 4615 quia
2312 4570 2573 4632 Dverum
2617 4554 2808 4621 Deum,
2860 4564 2919 4610 et
2963 4555 3267 4627 perfectum
3308 4556 3604 4623 hominem,
3653 4572 3722 4613 ex
3772 4558 3974 4614 duabus

695 4655 810 4724 ipse
836 4649 939 4707 coli
967 4645 1114 4706 solus
1142 4644 1302 4700 debet
1322 4650 1377 4697 et
1397 4638 1638 4704 adorari,
1668 4638 1759 4709 qui
1788 4637 2107 4693 naturaliter
2132 4635 2277 4693 Deus

693 4753 797 4811 est,
834 4752 891 4799 et
940 4740 1282 4811 omnipotens
1327 4744 1432 4799 est,
1456 4733 1548 4805 qui
1596 4731 1725 4788 fecit
1762 4731 2057 4796 incondita,
2090 4738 2143 4785 et
2196 4729 2275 4785 fa-

693 4846 782 4894 cta
808 4834 1096 4909 gubernat.
1122 4829 1396 4899 Scriptum
1429 4826 1628 4897 quippe
1649 4831 1732 4881 est
1761 4843 1773 4879 :
1802 4823 2085 4878 Dominum
2111 4821 2275 4878 Deum

693 4928 962 4996 adorabis,
989 4936 1039 4981 et
1062 4923 1144 4982 illi
1166 4922 1263 4980 soli
1284 4921 1474 4976 servies
1499 4918 1716 4993 (Matth.
1749 4934 1824 4984 tv,
1852 4915 1961 4988 lO).
2013 4916 2081 4972 Et
2113 4931 2276 4989 ange-

603 5076 609 5081 .
692 5023 778 5078 lus
807 5018 875 5077 ad
897 5018 1190 5075 Joannem:
1217 5012 1367 5079 Vide,
1395 5011 1589 5081 inquit,
1609 5027 1671 5064 ne
1696 5007 1902 5078 feceris,
1920 5006 2085 5062 Deum
2109 5007 2276 5062 adora

694 5116 880 5189 (Apoc.
917 5125 1033 5176 χιχ,
1058 5106 1167 5180 10).
1217 5106 1403 5176 Neque
1443 5104 1588 5159 enim
1631 5102 1805 5158 beatis
1850 5098 2153 5172 spiritibus,
2183 5112 2277 5154 ne-

692 5221 801 5279 que
840 5203 1040 5260 sanctis
1066 5200 1374 5256 hominibus
1419 5195 1627 5253 cultura
1656 5194 1792 5258 lucc,
1819 5199 1875 5246 et
1913 5192 2166 5257 servitus,
2195 5199 2276 5245 at-

694 5316 799 5371 que
821 5300 997 5357 honor
1024 5297 1127 5352 iste
1157 5293 1444 5357 debentur,
1474 5289 1581 5345 nisi
1607 5289 1697 5345 uni
1724 5287 1952 5344 Domino
1976 5286 2105 5343 Deo.
2136 5281 2275 5354 Qua-

692 5394 819 5450 liter
864 5392 1035 5446 Deum
1084 5388 1151 5445 de
1193 5387 1303 5443 Deo
1350 5384 1594 5447 credam,
1637 5380 1917 5452 superiora
1944 5381 2107 5437 verba
2146 5380 2278 5438 satis

695 5484 1012 5553 abundeque
1041 5482 1441 5538 demonstrant:
1474 5493 1615 5533 nunc
1638 5474 1872 5548 qualiter
1895 5474 1949 5529 in
1964 5469 2133 5530 Deum
2160 5488 2277 5531 cre-

691 5579 839 5641 dam,
872 5588 967 5629 ore
989 5571 1255 5628 catholico
1281 5570 1460 5626 dicere
1489 5568 1666 5638 cupio.
1700 5566 1975 5637 Scriptum
2006 5574 2089 5623 est
2116 5583 2128 5618 :
2153 5564 2279 5619 Cre-

693 5669 805 5725 didi
830 5676 1041 5740 propter
1062 5665 1201 5737 quod
1232 5663 1435 5720 locutus
1462 5678 1577 5717 sum
1603 5675 1620 5713 :
1653 5669 1701 5716 et
1748 5675 1841 5715 nos
1871 5658 2131 5714 credimus
2158 5675 2280 5731 pro-

688 5774 807 5833 pter
826 5762 1037 5834 quodet
1059 5758 1320 5831 loquimur
1346 5754 1399 5827 (1
1404 5755 1429 5809 Ι
1449 5753 1568 5810 Cor.
1595 5769 1671 5820 ιν,
1694 5751 1801 5821 15).
1831 5751 2007 5808 Credo
2032 5751 2085 5806 in
2113 5753 2279 5807 Deum

684 5856 1140 5926 omnipotentem,
1170 5850 1341 5906 Deum
1378 5848 1698 5923 ingenitum,
1735 5847 1827 5918 qui
1872 5854 2027 5903 ortus
2072 5860 2099 5901 a
2132 5846 2279 5902 nullo

2375 4648 2585 4705 naturis
2611 4647 2875 4714 existere,
2902 4656 2962 4704 et
2992 4649 3046 4705 in
3077 4649 3326 4720 utrisque
3345 4650 3650 4706 consistere
3676 4650 3735 4704 in
3766 4651 3971 4706 unitate

2374 4756 2640 4812 personae.
2687 4741 2746 4795 ln
2783 4741 2933 4796 hunc
2962 4739 3304 4808 Creatorem,
3348 4751 3409 4796 et
3432 4741 3854 4812 Redemptorcm
3884 4758 3976 4798 no-

2375 4845 2571 4901 strum,
2625 4836 2740 4906 qui,
2791 4839 2916 4890 cum
2963 4850 3071 4890 non
3118 4849 3391 4901 essemus,
3441 4834 3571 4892 fecit
3610 4851 3735 4902 nos,
3766 4844 3973 4893 etcum

2375 4928 2570 4999 perditi
2611 4928 2925 4993 fuissemus,
2957 4943 3058 4983 suo
3084 4944 3186 4983 nos
3214 4928 3446 4984 redemit
3474 4928 3759 5000 sanguine,
3791 4930 3967 4993 credo,

2375 5021 2501 5077 huic
2547 5034 2717 5090 genua
2767 5018 2955 5089 ﬁecto,
3024 5019 3295 5076 cervicem
3349 5019 3581 5087 inclino;
3641 5020 3789 5077 hunc
3833 5020 3967 5085 colo,

2374 5110 2555 5177 laudo,
2586 5119 2748 5180 atque
2781 5105 2969 5176 ridere,
3004 5110 3072 5165 de
3105 5108 3214 5165 ﬁde
3242 5125 3349 5165 non
3380 5110 3527 5177 ﬁcta,
3554 5118 3611 5166 et
3638 5113 3969 5169 conscientia

2374 5218 2528 5275 pura.
2575 5202 2732 5258 Hune
2776 5217 2902 5258 amo
2944 5212 3001 5258 et
3046 5217 3116 5259 ex
3165 5208 3280 5263 toto
3321 5202 3485 5259 corde
3529 5201 3968 5261 desidem:buic

2376 5294 2476 5352 ει)ιί
2514 5293 2731 5366 placere
2763 5294 2925 5365 cupio
2954 5311 2968 5347 :
2999 5292 3167 5363 hujus.
3193 5293 3311 5351 ﬁeri
3350 5293 3653 5350 membrum
3686 5307 3784 5364 per
3813 5291 3966 5350 ﬁdem

2376 5397 2585 5453 rectam
2627 5396 2682 5443 et
2716 5403 2886 5459 opera
2917 5387 3057 5443 bona
3086 5387 3219 5443 totis
3249 5385 3567 5458 praecordiis
3594 5394 3723 5457 opto
3762 5392 3818 5441 et
3853 5401 3966 5458 pre-

2376 5497 2493 5549 cor,
2524 5481 2570 5536 si
2606 5480 2726 5552 ipse
2755 5480 3027 5552 dignetur.
3062 5479 3267 5535 Verum
3310 5492 3433 5533 cum
3482 5475 3658 5533 fateor
3684 5490 3775 5532 me
3818 5486 3871 5534 et
3912 5477 3962 5533 in

2374 5572 2594 5629 Patrem
2629 5572 2878 5637 credere,
2912 5578 2968 5625 et
3010 5571 3065 5627 in
3099 5570 3314 5637 Filium,
3354 5567 3498 5623 facta
3538 5568 3960 5639 interpositione."

2378 5680 2485 5721 non
2521 5665 2734 5730 divido,
2767 5664 2913 5734 quod
2945 5664 3109 5731 absit,
3142 5662 3535 5727 substantiam,
3566 5661 3665 5717 sed
3696 5659 3960 5733 distinguo

2378 5770 2658 5828 personas,
2695 5757 2826 5826 quia
2862 5755 2969 5811 alia
3001 5764 3087 5812 est
3112 5770 3349 5827 persona
3376 5754 3578 5822 Patris,
3608 5764 3665 5811 et
3698 5752 3805 5809 alia
3829 5752 3958 5808 Filii.

2382 5844 2501 5903 Una
2549 5852 2732 5902 tamen
2769 5855 2854 5902 εει
2887 5854 3050 5917 atque
3096 5844 3409 5903 indiﬁ‘erens
3449 5844 3746 5903 credulitas
3780 5854 3961 5901 manus
