  <div class='ocr_page' id='page_1' title='image "/cluster/home/n/w/nwhite01/storage/ocr_20150623/101/umn.31951002477394h/548.png"; bbox 0 0 4090 6526; ppageno 0'>
   <div class='ocr_carea' id='block_1_1' title="bbox 286 477 426 543">
    <p class='ocr_par' dir='ltr' id='par_1_1' title="bbox 286 477 426 543">
     <span class='ocr_line' id='line_1_1' title="bbox 286 477 426 543; baseline -0.029 0"><span class='ocrx_word' id='word_1_1' title='bbox 286 477 426 543; x_wconf 75' lang='grc'>1069</span> 
     </span>
    </p>
   </div>
   <div class='ocr_carea' id='block_1_2' title="bbox 959 470 2875 537">
    <p class='ocr_par' dir='ltr' id='par_1_2' title="bbox 959 470 2875 537">
     <span class='ocr_line' id='line_1_2' title="bbox 959 470 2875 537; baseline -0.005 -1"><span class='ocrx_word' id='word_1_2' title='bbox 959 476 1112 537; x_wconf 83' lang='grc' dir='ltr'>ΟΡΡ.</span> <span class='ocrx_word' id='word_1_3' title='bbox 1154 476 1381 537; x_wconf 77' lang='lat' dir='ltr'><strong>DUBIA.</strong></span> <span class='ocrx_word' id='word_1_4' title='bbox 1425 508 1493 520; x_wconf 84' lang='lat'><strong>—-</strong></span> <span class='ocrx_word' id='word_1_5' title='bbox 1531 475 1758 535; x_wconf 79' lang='lat' dir='ltr'><strong>ALBINI</strong></span> <span class='ocrx_word' id='word_1_6' title='bbox 1799 470 2179 533; x_wconf 71' lang='lat' dir='ltr'><strong>CONFESSIO</strong></span> <span class='ocrx_word' id='word_1_7' title='bbox 2224 472 2425 531; x_wconf 74' lang='lat' dir='ltr'><strong>FIDE].</strong></span> <span class='ocrx_word' id='word_1_8' title='bbox 2465 503 2536 516; x_wconf 89' lang='lat'><strong><em>—</em></strong></span> <span class='ocrx_word' id='word_1_9' title='bbox 2570 472 2754 531; x_wconf 78' lang='lat' dir='ltr'><strong>PARS</strong></span> <span class='ocrx_word' id='word_1_10' title='bbox 2791 474 2875 532; x_wconf 82' lang='lat' dir='ltr'><strong>Ill.</strong></span> 
     </span>
    </p>
   </div>
   <div class='ocr_carea' id='block_1_3' title="bbox 3418 479 3560 536">
    <p class='ocr_par' dir='ltr' id='par_1_3' title="bbox 3418 479 3560 536">
     <span class='ocr_line' id='line_1_3' title="bbox 3418 479 3560 536; baseline 0.014 -2"><span class='ocrx_word' id='word_1_11' title='bbox 3418 479 3439 534; x_wconf 72' lang='grc' dir='ltr'><strong>Ι</strong></span> <span class='ocrx_word' id='word_1_12' title='bbox 3452 479 3560 536; x_wconf 86' lang='lat'><strong>070</strong></span> 
     </span>
    </p>
   </div>
   <div class='ocr_carea' id='block_1_4' title="bbox 281 572 3555 674">
    <p class='ocr_par' dir='ltr' id='par_1_4' title="bbox 281 572 3555 674">
     <span class='ocr_line' id='line_1_4' title="bbox 281 572 3555 674; baseline 0.002 -27"><span class='ocrx_word' id='word_1_13' title='bbox 281 612 443 665; x_wconf 60' lang='lat' dir='ltr'><strong>mea,</strong></span> <span class='ocrx_word' id='word_1_14' title='bbox 480 595 609 653; x_wconf 86' lang='lat' dir='ltr'><strong>licet</strong></span> <span class='ocrx_word' id='word_1_15' title='bbox 643 593 938 666; x_wconf 73' lang='lat' dir='ltr'><strong>separatim</strong></span> <span class='ocrx_word' id='word_1_16' title='bbox 971 594 1169 661; x_wconf 87' lang='lat' dir='ltr'><strong>dicam,</strong></span> <span class='ocrx_word' id='word_1_17' title='bbox 1212 594 1377 651; x_wconf 83' lang='lat' dir='ltr'><strong>credo</strong></span> <span class='ocrx_word' id='word_1_18' title='bbox 1410 602 1466 651; x_wconf 86' lang='lat' dir='ltr'><strong>et</strong></span> <span class='ocrx_word' id='word_1_19' title='bbox 1506 594 1702 674; x_wconf 77' lang='lat' dir='ltr'><strong>credo;</strong></span> <span class='ocrx_word' id='word_1_20' title='bbox 1741 590 1866 663; x_wconf 86' lang='lat' dir='ltr'><strong>quia</strong></span> <span class='ocrx_word' id='word_1_21' title='bbox 1895 595 1943 653; x_wconf 78' lang='grc' dir='ltr'><strong>Α</strong></span> <span class='ocrx_word' id='word_1_22' title='bbox 1972 598 2028 646; x_wconf 86' lang='grc' dir='ltr'><strong>ει</strong></span> <span class='ocrx_word' id='word_1_23' title='bbox 2052 590 2283 662; x_wconf 74' lang='lat' dir='ltr'><strong>Spiritus</strong></span> <span class='ocrx_word' id='word_1_24' title='bbox 2318 599 2541 647; x_wconf 84' lang='lat' dir='ltr'><strong>sanctus</strong></span> <span class='ocrx_word' id='word_1_25' title='bbox 2575 572 2840 662; x_wconf 68' lang='lat' dir='ltr'><strong>sapientia</strong></span> <span class='ocrx_word' id='word_1_26' title='bbox 2864 598 2919 647; x_wconf 90' lang='lat' dir='ltr'><strong>et</strong></span> <span class='ocrx_word' id='word_1_27' title='bbox 2940 590 3179 649; x_wconf 79' lang='lat' dir='ltr'><strong>cbaritas</strong></span> <span class='ocrx_word' id='word_1_28' title='bbox 3201 595 3302 652; x_wconf 86' lang='lat' dir='ltr'><strong>dici</strong></span> <span class='ocrx_word' id='word_1_29' title='bbox 3325 601 3555 669; x_wconf 75' lang='lat' dir='ltr'><strong>possint.</strong></span> 
     </span>
    </p>
   </div>
   <div class='ocr_carea' id='block_1_5' title="bbox 283 686 1865 761">
    <p class='ocr_par' dir='ltr' id='par_1_5' title="bbox 283 686 1865 761">
     <span class='ocr_line' id='line_1_5' title="bbox 283 686 1865 761; baseline -0.004 -13"><span class='ocrx_word' id='word_1_30' title='bbox 283 692 515 749; x_wconf 84' lang='lat' dir='ltr'><strong>indivisa</strong></span> <span class='ocrx_word' id='word_1_31' title='bbox 567 699 623 748; x_wconf 90' lang='lat' dir='ltr'><strong>et</strong></span> <span class='ocrx_word' id='word_1_32' title='bbox 675 689 1053 761; x_wconf 79' lang='lat' dir='ltr'><strong>inseparabilis</strong></span> <span class='ocrx_word' id='word_1_33' title='bbox 1095 700 1180 745; x_wconf 89' lang='lat' dir='ltr'><strong>est</strong></span> <span class='ocrx_word' id='word_1_34' title='bbox 1216 689 1397 745; x_wconf 90' lang='lat' dir='ltr'><strong>Patris</strong></span> <span class='ocrx_word' id='word_1_35' title='bbox 1430 698 1487 746; x_wconf 90' lang='lat' dir='ltr'><strong>et</strong></span> <span class='ocrx_word' id='word_1_36' title='bbox 1507 686 1628 744; x_wconf 82' lang='lat' dir='ltr'><strong>Filii</strong></span> <span class='ocrx_word' id='word_1_37' title='bbox 1657 687 1865 745; x_wconf 85' lang='lat' dir='ltr'><strong>Deitas.</strong></span> 
     </span>
    </p>
   </div>
   <div class='ocr_carea' id='block_1_6' title="bbox 283 780 1868 856">
    <p class='ocr_par' dir='ltr' id='par_1_6' title="bbox 283 780 1868 856">
     <span class='ocr_line' id='line_1_6' title="bbox 283 780 1868 856; baseline -0.004 -13"><span class='ocrx_word' id='word_1_38' title='bbox 283 783 494 843; x_wconf 87' lang='lat' dir='ltr'><strong>Idcirco</strong></span> <span class='ocrx_word' id='word_1_39' title='bbox 529 783 780 856; x_wconf 81' lang='lat' dir='ltr'><strong>quamvis</strong></span> <span class='ocrx_word' id='word_1_40' title='bbox 817 781 963 837; x_wconf 85' lang='lat' dir='ltr'><strong>solus</strong></span> <span class='ocrx_word' id='word_1_41' title='bbox 996 781 1066 837; x_wconf 88' lang='lat' dir='ltr'><strong>sit</strong></span> <span class='ocrx_word' id='word_1_42' title='bbox 1098 782 1299 838; x_wconf 88' lang='lat' dir='ltr'><strong>missus</strong></span> <span class='ocrx_word' id='word_1_43' title='bbox 1329 780 1603 847; x_wconf 86' lang='lat' dir='ltr'><strong>Christus,</strong></span> <span class='ocrx_word' id='word_1_44' title='bbox 1639 796 1747 836; x_wconf 90' lang='lat' dir='ltr'><strong>non</strong></span> <span class='ocrx_word' id='word_1_45' title='bbox 1780 788 1868 837; x_wconf 79' lang='lat' dir='ltr'><strong>ta-</strong></span> 
     </span>
    </p>
   </div>
   <div class='ocr_carea' id='block_1_7' title="bbox 284 870 1870 945">
    <p class='ocr_par' dir='ltr' id='par_1_7' title="bbox 284 870 1870 945">
     <span class='ocr_line' id='line_1_7' title="bbox 284 870 1870 945; baseline -0.006 -12"><span class='ocrx_word' id='word_1_46' title='bbox 284 891 410 933; x_wconf 90' lang='lat' dir='ltr'><strong>men</strong></span> <span class='ocrx_word' id='word_1_47' title='bbox 441 875 588 932; x_wconf 89' lang='lat' dir='ltr'><strong>solus</strong></span> <span class='ocrx_word' id='word_1_48' title='bbox 614 882 869 945; x_wconf 78' lang='lat' dir='ltr'><strong>operatus</strong></span> <span class='ocrx_word' id='word_1_49' title='bbox 894 881 977 927; x_wconf 87' lang='lat' dir='ltr'><strong>est</strong></span> <span class='ocrx_word' id='word_1_50' title='bbox 1013 871 1199 927; x_wconf 90' lang='lat' dir='ltr'><strong>mundi</strong></span> <span class='ocrx_word' id='word_1_51' title='bbox 1225 870 1477 927; x_wconf 84' lang='lat' dir='ltr'><strong>salutem.</strong></span> <span class='ocrx_word' id='word_1_52' title='bbox 1516 870 1700 927; x_wconf 76' lang='lat' dir='ltr'><strong>Missio</strong></span> <span class='ocrx_word' id='word_1_53' title='bbox 1725 870 1870 926; x_wconf 89' lang='lat' dir='ltr'><strong>enim</strong></span> 
     </span>
    </p>
   </div>
   <div class='ocr_carea' id='block_1_8' title="bbox 284 962 1871 1039">
    <p class='ocr_par' dir='ltr' id='par_1_8' title="bbox 284 962 1871 1039">
     <span class='ocr_line' id='line_1_8' title="bbox 284 962 1871 1039; baseline -0.006 -13"><span class='ocrx_word' id='word_1_54' title='bbox 284 968 403 1039; x_wconf 84' lang='lat' dir='ltr'><strong>ejus</strong></span> <span class='ocrx_word' id='word_1_55' title='bbox 431 975 515 1022; x_wconf 87' lang='lat' dir='ltr'><strong>est</strong></span> <span class='ocrx_word' id='word_1_56' title='bbox 546 964 881 1038; x_wconf 85' lang='lat' dir='ltr'><strong>personalis,</strong></span> <span class='ocrx_word' id='word_1_57' title='bbox 915 963 1162 1034; x_wconf 83' lang='lat' dir='ltr'><strong>operatio</strong></span> <span class='ocrx_word' id='word_1_58' title='bbox 1194 978 1326 1019; x_wconf 89' lang='lat' dir='ltr'><strong>vero</strong></span> <span class='ocrx_word' id='word_1_59' title='bbox 1363 962 1736 1019; x_wconf 82' lang='lat' dir='ltr'><strong>substantialis</strong></span> <span class='ocrx_word' id='word_1_60' title='bbox 1770 980 1783 1016; x_wconf 86' lang='lat'><strong>:</strong></span> <span class='ocrx_word' id='word_1_61' title='bbox 1815 969 1871 1016; x_wconf 93' lang='lat' dir='ltr'><strong>ct</strong></span> 
     </span>
    </p>
   </div>
   <div class='ocr_carea' id='block_1_9' title="bbox 284 1053 1869 1130">
    <p class='ocr_par' dir='ltr' id='par_1_9' title="bbox 284 1053 1869 1130">
     <span class='ocr_line' id='line_1_9' title="bbox 284 1053 1869 1130; baseline -0.006 -14"><span class='ocrx_word' id='word_1_62' title='bbox 284 1057 553 1130; x_wconf 86' lang='lat' dir='ltr'><strong>sicutjam</strong></span> <span class='ocrx_word' id='word_1_63' title='bbox 585 1073 747 1130; x_wconf 83' lang='lat' dir='ltr'><strong>supra</strong></span> <span class='ocrx_word' id='word_1_64' title='bbox 772 1056 973 1112; x_wconf 90' lang='lat' dir='ltr'><strong>dictum</strong></span> <span class='ocrx_word' id='word_1_65' title='bbox 1006 1062 1112 1121; x_wconf 86' lang='lat' dir='ltr'><strong>est,</strong></span> <span class='ocrx_word' id='word_1_66' title='bbox 1134 1054 1277 1125; x_wconf 91' lang='lat' dir='ltr'><strong>quod</strong></span> <span class='ocrx_word' id='word_1_67' title='bbox 1307 1053 1594 1125; x_wconf 90' lang='lat' dir='ltr'><strong>personale</strong></span> <span class='ocrx_word' id='word_1_68' title='bbox 1622 1062 1725 1118; x_wconf 89' lang='lat' dir='ltr'><strong>est,</strong></span> <span class='ocrx_word' id='word_1_69' title='bbox 1760 1068 1869 1108; x_wconf 89' lang='lat' dir='ltr'><strong>non</strong></span> 
     </span>
    </p>
   </div>
   <div class='ocr_carea' id='block_1_10' title="bbox 284 1147 1871 1223">
    <p class='ocr_par' dir='ltr' id='par_1_10' title="bbox 284 1147 1871 1223">
     <span class='ocr_line' id='line_1_10' title="bbox 284 1147 1871 1223; baseline -0.006 -10"><span class='ocrx_word' id='word_1_70' title='bbox 284 1155 651 1213; x_wconf 83' lang='lat' dir='ltr'><strong>communicat</strong></span> <span class='ocrx_word' id='word_1_71' title='bbox 683 1152 835 1208; x_wconf 83' lang='lat' dir='ltr'><strong>alteri</strong></span> <span class='ocrx_word' id='word_1_72' title='bbox 864 1164 1142 1223; x_wconf 77' lang='lat' dir='ltr'><strong>personae;</strong></span> <span class='ocrx_word' id='word_1_73' title='bbox 1182 1149 1325 1222; x_wconf 87' lang='lat' dir='ltr'><strong>quod</strong></span> <span class='ocrx_word' id='word_1_74' title='bbox 1352 1164 1483 1204; x_wconf 84' lang='lat' dir='ltr'><strong>vero</strong></span> <span class='ocrx_word' id='word_1_75' title='bbox 1517 1147 1871 1204; x_wconf 87' lang='lat' dir='ltr'><strong>substantiale</strong></span> 
     </span>
    </p>
   </div>
   <div class='ocr_carea' id='block_1_11' title="bbox 281 1238 1865 1314">
    <p class='ocr_par' dir='ltr' id='par_1_11' title="bbox 281 1238 1865 1314">
     <span class='ocr_line' id='line_1_11' title="bbox 281 1238 1865 1314; baseline -0.008 -9"><span class='ocrx_word' id='word_1_76' title='bbox 281 1257 398 1314; x_wconf 89' lang='lat' dir='ltr'><strong>est,</strong></span> <span class='ocrx_word' id='word_1_77' title='bbox 450 1244 762 1302; x_wconf 83' lang='lat' dir='ltr'><strong>indiﬁ&#39;erens</strong></span> <span class='ocrx_word' id='word_1_78' title='bbox 804 1252 860 1297; x_wconf 93' lang='lat' dir='ltr'><strong>et</strong></span> <span class='ocrx_word' id='word_1_79' title='bbox 898 1257 1188 1299; x_wconf 85' lang='lat' dir='ltr'><strong>commune</strong></span> <span class='ocrx_word' id='word_1_80' title='bbox 1228 1249 1315 1298; x_wconf 89' lang='lat' dir='ltr'><strong>est</strong></span> <span class='ocrx_word' id='word_1_81' title='bbox 1357 1241 1525 1296; x_wconf 86' lang='lat' dir='ltr'><strong>totius</strong></span> <span class='ocrx_word' id='word_1_82' title='bbox 1567 1238 1865 1296; x_wconf 87' lang='lat' dir='ltr'><strong>Trinitatis.</strong></span> 
     </span>
    </p>
   </div>
   <div class='ocr_carea' id='block_1_12' title="bbox 284 1333 1869 1407">
    <p class='ocr_par' dir='ltr' id='par_1_12' title="bbox 284 1333 1869 1407">
     <span class='ocr_line' id='line_1_12' title="bbox 284 1333 1869 1407; baseline -0.006 -11"><span class='ocrx_word' id='word_1_83' title='bbox 284 1339 401 1397; x_wconf 77' lang='lat' dir='ltr'><strong>Hoc</strong></span> <span class='ocrx_word' id='word_1_84' title='bbox 440 1346 623 1396; x_wconf 85' lang='lat' dir='ltr'><strong>autem</strong></span> <span class='ocrx_word' id='word_1_85' title='bbox 668 1335 1009 1403; x_wconf 82' lang='lat' dir='ltr'><strong>vocabulum,</strong></span> <span class='ocrx_word' id='word_1_86' title='bbox 1052 1335 1195 1407; x_wconf 89' lang='lat' dir='ltr'><strong>quod</strong></span> <span class='ocrx_word' id='word_1_87' title='bbox 1222 1333 1471 1391; x_wconf 86' lang='lat' dir='ltr'><strong>Christus</strong></span> <span class='ocrx_word' id='word_1_88' title='bbox 1508 1333 1724 1399; x_wconf 88' lang='lat' dir='ltr'><strong>dicitur,</strong></span> <span class='ocrx_word' id='word_1_89' title='bbox 1761 1347 1869 1388; x_wconf 92' lang='lat' dir='ltr'><strong>non</strong></span> 
     </span>
    </p>
   </div>
   <div class='ocr_carea' id='block_1_13' title="bbox 283 1424 1869 1498">
    <p class='ocr_par' dir='ltr' id='par_1_13' title="bbox 283 1424 1869 1498">
     <span class='ocr_line' id='line_1_13' title="bbox 283 1424 1869 1498; baseline -0.007 -8"><span class='ocrx_word' id='word_1_90' title='bbox 283 1433 516 1490; x_wconf 86' lang='lat' dir='ltr'><strong>habetur</strong></span> <span class='ocrx_word' id='word_1_91' title='bbox 548 1443 834 1486; x_wconf 90' lang='lat' dir='ltr'><strong>commune</strong></span> <span class='ocrx_word' id='word_1_92' title='bbox 867 1442 990 1483; x_wconf 90' lang='lat' dir='ltr'><strong>cum</strong></span> <span class='ocrx_word' id='word_1_93' title='bbox 1019 1424 1182 1483; x_wconf 87' lang='lat' dir='ltr'><strong>Patre</strong></span> <span class='ocrx_word' id='word_1_94' title='bbox 1211 1432 1267 1481; x_wconf 86' lang='lat' dir='ltr'><strong>et</strong></span> <span class='ocrx_word' id='word_1_95' title='bbox 1296 1424 1499 1498; x_wconf 88' lang='lat' dir='ltr'><strong>Spiritu</strong></span> <span class='ocrx_word' id='word_1_96' title='bbox 1533 1432 1741 1491; x_wconf 85' lang='lat' dir='ltr'><strong>sancto,</strong></span> <span class='ocrx_word' id='word_1_97' title='bbox 1774 1425 1869 1480; x_wconf 90' lang='lat' dir='ltr'><strong>sed</strong></span> 
     </span>
    </p>
   </div>
   <div class='ocr_carea' id='block_1_14' title="bbox 282 1512 1865 1593">
    <p class='ocr_par' dir='ltr' id='par_1_14' title="bbox 282 1512 1865 1593">
     <span class='ocr_line' id='line_1_14' title="bbox 282 1512 1865 1593; baseline -0.007 -12"><span class='ocrx_word' id='word_1_98' title='bbox 282 1523 452 1581; x_wconf 87' lang='lat' dir='ltr'><strong>solius</strong></span> <span class='ocrx_word' id='word_1_99' title='bbox 471 1512 564 1580; x_wconf 86' lang='lat' dir='ltr'><strong>est</strong></span> <span class='ocrx_word' id='word_1_100' title='bbox 585 1519 818 1593; x_wconf 87' lang='lat' dir='ltr'><strong>speciale</strong></span> <span class='ocrx_word' id='word_1_101' title='bbox 845 1533 969 1574; x_wconf 90' lang='lat' dir='ltr'><strong>cum</strong></span> <span class='ocrx_word' id='word_1_102' title='bbox 988 1517 1148 1585; x_wconf 88' lang='lat' dir='ltr'><strong>Filio,</strong></span> <span class='ocrx_word' id='word_1_103' title='bbox 1170 1525 1226 1572; x_wconf 90' lang='lat' dir='ltr'><strong>et</strong></span> <span class='ocrx_word' id='word_1_104' title='bbox 1248 1518 1353 1574; x_wconf 90' lang='lat' dir='ltr'><strong>hoc</strong></span> <span class='ocrx_word' id='word_1_105' title='bbox 1380 1524 1603 1589; x_wconf 86' lang='lat' dir='ltr'><strong>propter</strong></span> <span class='ocrx_word' id='word_1_106' title='bbox 1623 1530 1865 1573; x_wconf 89' lang='lat' dir='ltr'><strong>carnem.</strong></span> 
     </span>
    </p>
   </div>
   <div class='ocr_carea' id='block_1_15' title="bbox 284 1609 1865 1682">
    <p class='ocr_par' dir='ltr' id='par_1_15' title="bbox 284 1609 1865 1682">
     <span class='ocr_line' id='line_1_15' title="bbox 284 1609 1865 1682; baseline -0.007 -8"><span class='ocrx_word' id='word_1_107' title='bbox 284 1616 495 1674; x_wconf 88' lang='lat' dir='ltr'><strong>Unctus</strong></span> <span class='ocrx_word' id='word_1_108' title='bbox 527 1614 674 1670; x_wconf 88' lang='lat' dir='ltr'><strong>enim</strong></span> <span class='ocrx_word' id='word_1_109' title='bbox 714 1613 1118 1682; x_wconf 82' lang='lat' dir='ltr'><strong>interpretatur,</strong></span> <span class='ocrx_word' id='word_1_110' title='bbox 1155 1609 1252 1666; x_wconf 91' lang='lat' dir='ltr'><strong>sed</strong></span> <span class='ocrx_word' id='word_1_111' title='bbox 1284 1609 1341 1664; x_wconf 88' lang='lat' dir='ltr'><strong>in</strong></span> <span class='ocrx_word' id='word_1_112' title='bbox 1367 1618 1646 1681; x_wconf 89' lang='lat' dir='ltr'><strong>assumpta</strong></span> <span class='ocrx_word' id='word_1_113' title='bbox 1680 1622 1865 1673; x_wconf 88' lang='lat' dir='ltr'><strong>carne,</strong></span> 
     </span>
    </p>
   </div>
   <div class='ocr_carea' id='block_1_16' title="bbox 284 1699 1865 1771">
    <p class='ocr_par' dir='ltr' id='par_1_16' title="bbox 284 1699 1865 1771">
     <span class='ocr_line' id='line_1_16' title="bbox 284 1699 1865 1771; baseline -0.007 -6"><span class='ocrx_word' id='word_1_114' title='bbox 284 1723 395 1765; x_wconf 89' lang='lat' dir='ltr'><strong>non</strong></span> <span class='ocrx_word' id='word_1_115' title='bbox 426 1707 481 1763; x_wconf 89' lang='lat' dir='ltr'><strong>in</strong></span> <span class='ocrx_word' id='word_1_116' title='bbox 506 1703 832 1762; x_wconf 89' lang='lat' dir='ltr'><strong>assumeutis</strong></span> <span class='ocrx_word' id='word_1_117' title='bbox 853 1701 1018 1758; x_wconf 88' lang='lat' dir='ltr'><strong>Verbi</strong></span> <span class='ocrx_word' id='word_1_118' title='bbox 1043 1700 1344 1758; x_wconf 85' lang='lat' dir='ltr'><strong>divinitate.</strong></span> <span class='ocrx_word' id='word_1_119' title='bbox 1393 1699 1501 1757; x_wconf 88' lang='lat' dir='ltr'><strong>Sed</strong></span> <span class='ocrx_word' id='word_1_120' title='bbox 1534 1707 1717 1755; x_wconf 87' lang='lat' dir='ltr'><strong>tamen</strong></span> <span class='ocrx_word' id='word_1_121' title='bbox 1743 1701 1865 1771; x_wconf 91' lang='lat' dir='ltr'><strong>quia</strong></span> 
     </span>
    </p>
   </div>
   <div class='ocr_carea' id='block_1_17' title="bbox 283 1786 1869 1871">
    <p class='ocr_par' dir='ltr' id='par_1_17' title="bbox 283 1786 1869 1871">
     <span class='ocr_line' id='line_1_17' title="bbox 283 1786 1869 1871; baseline -0.006 -12"><span class='ocrx_word' id='word_1_122' title='bbox 283 1803 470 1860; x_wconf 89' lang='lat' dir='ltr'><strong>carnis</strong></span> <span class='ocrx_word' id='word_1_123' title='bbox 503 1810 559 1859; x_wconf 91' lang='lat' dir='ltr'><strong>et</strong></span> <span class='ocrx_word' id='word_1_124' title='bbox 580 1800 743 1859; x_wconf 82' lang='lat' dir='ltr'><strong>Verbi</strong></span> <span class='ocrx_word' id='word_1_125' title='bbox 773 1815 879 1855; x_wconf 89' lang='lat' dir='ltr'><strong>una</strong></span> <span class='ocrx_word' id='word_1_126' title='bbox 911 1805 994 1855; x_wconf 86' lang='lat' dir='ltr'><strong>est</strong></span> <span class='ocrx_word' id='word_1_127' title='bbox 1012 1813 1269 1871; x_wconf 88' lang='lat' dir='ltr'><strong>persona,</strong></span> <span class='ocrx_word' id='word_1_128' title='bbox 1296 1786 1547 1853; x_wconf 88' lang='lat' dir='ltr'><strong>Christus</strong></span> <span class='ocrx_word' id='word_1_129' title='bbox 1582 1802 1668 1852; x_wconf 90' lang='lat' dir='ltr'><strong>est</strong></span> <span class='ocrx_word' id='word_1_130' title='bbox 1700 1795 1869 1851; x_wconf 90' lang='lat' dir='ltr'><strong>etiam</strong></span> 
     </span>
    </p>
   </div>
   <div class='ocr_carea' id='block_1_18' title="bbox 283 1883 1871 1956">
    <p class='ocr_par' dir='ltr' id='par_1_18' title="bbox 283 1883 1871 1956">
     <span class='ocr_line' id='line_1_18' title="bbox 283 1883 1871 1956; baseline -0.009 -3"><span class='ocrx_word' id='word_1_131' title='bbox 283 1892 581 1953; x_wconf 85' lang='lat' dir='ltr'><strong>secundum</strong></span> <span class='ocrx_word' id='word_1_132' title='bbox 603 1906 842 1956; x_wconf 87' lang='lat' dir='ltr'><strong>carnem,</strong></span> <span class='ocrx_word' id='word_1_133' title='bbox 858 1887 1108 1946; x_wconf 86' lang='lat' dir='ltr'><strong>Christus</strong></span> <span class='ocrx_word' id='word_1_134' title='bbox 1123 1887 1417 1944; x_wconf 90' lang='lat' dir='ltr'><strong>secundum</strong></span> <span class='ocrx_word' id='word_1_135' title='bbox 1440 1885 1700 1953; x_wconf 85' lang='lat' dir='ltr'><strong>animam,</strong></span> <span class='ocrx_word' id='word_1_136' title='bbox 1713 1883 1871 1941; x_wconf 89' lang='lat' dir='ltr'><strong>Chri-</strong></span> 
     </span>
    </p>
   </div>
   <div class='ocr_carea' id='block_1_19' title="bbox 1971 680 3560 748">
    <p class='ocr_par' dir='ltr' id='par_1_19' title="bbox 1971 680 3560 748">
     <span class='ocr_line' id='line_1_19' title="bbox 1971 680 3560 748; baseline 0.005 -12"><span class='ocrx_word' id='word_1_137' title='bbox 1971 680 2236 742; x_wconf 62' lang='lat' dir='ltr'><strong>Veru&#39;stc</strong></span> <span class='ocrx_word' id='word_1_138' title='bbox 2261 691 2343 737; x_wconf 90' lang='lat' dir='ltr'><strong>est</strong></span> <span class='ocrx_word' id='word_1_139' title='bbox 2367 681 2607 737; x_wconf 88' lang='lat' dir='ltr'><strong>charitas</strong></span> <span class='ocrx_word' id='word_1_140' title='bbox 2636 690 2693 737; x_wconf 91' lang='lat' dir='ltr'><strong>et</strong></span> <span class='ocrx_word' id='word_1_141' title='bbox 2720 682 2981 739; x_wconf 87' lang='lat' dir='ltr'><strong>sanctitas</strong></span> <span class='ocrx_word' id='word_1_142' title='bbox 3008 692 3067 740; x_wconf 85' lang='lat' dir='ltr'><strong>et</strong></span> <span class='ocrx_word' id='word_1_143' title='bbox 3095 685 3276 744; x_wconf 89' lang='lat' dir='ltr'><strong>unitas</strong></span> <span class='ocrx_word' id='word_1_144' title='bbox 3296 685 3475 746; x_wconf 80' lang='lat' dir='ltr'><strong>Patris</strong></span> <span class='ocrx_word' id='word_1_145' title='bbox 3501 699 3560 748; x_wconf 91' lang='lat' dir='ltr'><strong>et</strong></span> 
     </span>
    </p>
   </div>
   <div class='ocr_carea' id='block_1_20' title="bbox 1968 772 3558 848">
    <p class='ocr_par' dir='ltr' id='par_1_20' title="bbox 1968 772 3558 848">
     <span class='ocr_line' id='line_1_20' title="bbox 1968 772 3558 848; baseline 0.006 -20"><span class='ocrx_word' id='word_1_146' title='bbox 1968 772 2120 842; x_wconf 84' lang='lat' dir='ltr'><strong>Filii,</strong></span> <span class='ocrx_word' id='word_1_147' title='bbox 2178 782 2234 829; x_wconf 90' lang='lat' dir='ltr'><strong>et</strong></span> <span class='ocrx_word' id='word_1_148' title='bbox 2267 773 2390 830; x_wconf 91' lang='lat' dir='ltr'><strong>ideo</strong></span> <span class='ocrx_word' id='word_1_149' title='bbox 2449 772 2666 847; x_wconf 87' lang='lat' dir='ltr'><strong>proprie</strong></span> <span class='ocrx_word' id='word_1_150' title='bbox 2701 782 3044 848; x_wconf 84' lang='lat' dir='ltr'><strong>nuncupatur</strong></span> <span class='ocrx_word' id='word_1_151' title='bbox 3079 777 3340 835; x_wconf 80' lang='lat' dir='ltr'><strong>vocabulo</strong></span> <span class='ocrx_word' id='word_1_152' title='bbox 3372 781 3558 838; x_wconf 85' lang='lat' dir='ltr'><strong>chari—</strong></span> 
     </span>
    </p>
   </div>
   <div class='ocr_carea' id='block_1_21' title="bbox 1968 864 3556 943">
    <p class='ocr_par' dir='ltr' id='par_1_21' title="bbox 1968 864 3556 943">
     <span class='ocr_line' id='line_1_21' title="bbox 1968 864 3556 943; baseline 0.004 -21"><span class='ocrx_word' id='word_1_153' title='bbox 1968 866 2115 922; x_wconf 87' lang='lat' dir='ltr'><strong>tatis.</strong></span> <span class='ocrx_word' id='word_1_154' title='bbox 2150 864 2209 920; x_wconf 92' lang='lat' dir='ltr'><strong>In</strong></span> <span class='ocrx_word' id='word_1_155' title='bbox 2237 864 2383 921; x_wconf 88' lang='lat' dir='ltr'><strong>hunc</strong></span> <span class='ocrx_word' id='word_1_156' title='bbox 2408 875 2656 921; x_wconf 88' lang='lat' dir='ltr'><strong>sanctum</strong></span> <span class='ocrx_word' id='word_1_157' title='bbox 2681 864 2945 938; x_wconf 88' lang='lat' dir='ltr'><strong>Spiritum</strong></span> <span class='ocrx_word' id='word_1_158' title='bbox 2972 866 3140 924; x_wconf 88' lang='lat' dir='ltr'><strong>Deum</strong></span> <span class='ocrx_word' id='word_1_159' title='bbox 3160 882 3347 927; x_wconf 88' lang='lat' dir='ltr'><strong>verum</strong></span> <span class='ocrx_word' id='word_1_160' title='bbox 3369 873 3556 943; x_wconf 85' lang='lat' dir='ltr'><strong>credo,</strong></span> 
     </span>
    </p>
   </div>
   <div class='ocr_carea' id='block_1_22' title="bbox 1968 959 3555 1029">
    <p class='ocr_par' dir='ltr' id='par_1_22' title="bbox 1968 959 3555 1029">
     <span class='ocr_line' id='line_1_22' title="bbox 1968 959 3555 1029; baseline 0.004 -12"><span class='ocrx_word' id='word_1_161' title='bbox 1968 961 2114 1017; x_wconf 86' lang='lat' dir='ltr'><strong>hunc</strong></span> <span class='ocrx_word' id='word_1_162' title='bbox 2142 960 2321 1019; x_wconf 90' lang='lat' dir='ltr'><strong>laudo.</strong></span> <span class='ocrx_word' id='word_1_163' title='bbox 2350 961 2632 1028; x_wconf 82' lang='lat' dir='ltr'><strong>benedice,</strong></span> <span class='ocrx_word' id='word_1_164' title='bbox 2668 960 2808 1028; x_wconf 90' lang='lat' dir='ltr'><strong>colo,</strong></span> <span class='ocrx_word' id='word_1_165' title='bbox 2849 969 2904 1018; x_wconf 89' lang='lat' dir='ltr'><strong>et</strong></span> <span class='ocrx_word' id='word_1_166' title='bbox 2936 959 3121 1029; x_wconf 83' lang='lat' dir='ltr'><strong>adoro,</strong></span> <span class='ocrx_word' id='word_1_167' title='bbox 3155 979 3343 1022; x_wconf 88' lang='lat' dir='ltr'><strong>verum</strong></span> <span class='ocrx_word' id='word_1_168' title='bbox 3373 966 3555 1025; x_wconf 86' lang='lat' dir='ltr'><strong>lumen</strong></span> 
     </span>
    </p>
   </div>
   <div class='ocr_carea' id='block_1_23' title="bbox 1967 1050 3557 1131">
    <p class='ocr_par' dir='ltr' id='par_1_23' title="bbox 1967 1050 3557 1131">
     <span class='ocr_line' id='line_1_23' title="bbox 1967 1050 3557 1131; baseline -0.004 -22"><span class='ocrx_word' id='word_1_169' title='bbox 1967 1063 2025 1109; x_wconf 89' lang='lat' dir='ltr'><strong>et</strong></span> <span class='ocrx_word' id='word_1_170' title='bbox 2047 1050 2532 1110; x_wconf 84' lang='lat' dir='ltr'><strong>sanctiﬁcationem</strong></span> <span class='ocrx_word' id='word_1_171' title='bbox 2575 1052 2898 1120; x_wconf 87' lang='lat' dir='ltr'><strong>animarum,</strong></span> <span class='ocrx_word' id='word_1_172' title='bbox 2923 1051 3020 1125; x_wconf 89' lang='lat' dir='ltr'><strong>qui</strong></span> <span class='ocrx_word' id='word_1_173' title='bbox 3048 1063 3134 1112; x_wconf 86' lang='lat' dir='ltr'><strong>est</strong></span> <span class='ocrx_word' id='word_1_174' title='bbox 3165 1061 3358 1131; x_wconf 80' lang='lat' dir='ltr'><strong>pignus</strong></span> <span class='ocrx_word' id='word_1_175' title='bbox 3383 1056 3557 1117; x_wconf 51' lang='lat' dir='ltr'><strong>mare-</strong></span> 
     </span>
    </p>
   </div>
   <div class='ocr_carea' id='block_1_24' title="bbox 1969 1134 3556 1219">
    <p class='ocr_par' dir='ltr' id='par_1_24' title="bbox 1969 1134 3556 1219">
     <span class='ocr_line' id='line_1_24' title="bbox 1969 1134 3556 1219; baseline 0.004 -20"><span class='ocrx_word' id='word_1_176' title='bbox 1969 1142 2154 1199; x_wconf 83' lang='lat' dir='ltr'><strong>ditatis</strong></span> <span class='ocrx_word' id='word_1_177' title='bbox 2176 1151 2377 1201; x_wconf 70' lang='lat' dir='ltr'><strong>nostra:</strong></span> <span class='ocrx_word' id='word_1_178' title='bbox 2400 1160 2414 1196; x_wconf 87' lang='lat'><strong>:</strong></span> <span class='ocrx_word' id='word_1_179' title='bbox 2440 1134 2533 1216; x_wconf 85' lang='lat' dir='ltr'><strong>qui</strong></span> <span class='ocrx_word' id='word_1_180' title='bbox 2560 1142 2826 1200; x_wconf 87' lang='lat' dir='ltr'><strong>illuminet</strong></span> <span class='ocrx_word' id='word_1_181' title='bbox 2846 1158 3063 1219; x_wconf 83' lang='lat' dir='ltr'><strong>semper</strong></span> <span class='ocrx_word' id='word_1_182' title='bbox 3083 1159 3296 1205; x_wconf 86' lang='lat' dir='ltr'><strong>mentes</strong></span> <span class='ocrx_word' id='word_1_183' title='bbox 3318 1161 3556 1217; x_wconf 85' lang='lat' dir='ltr'><strong>nostras,</strong></span> 
     </span>
    </p>
   </div>
   <div class='ocr_carea' id='block_1_25' title="bbox 1967 1237 3558 1313">
    <p class='ocr_par' dir='ltr' id='par_1_25' title="bbox 1967 1237 3558 1313">
     <span class='ocr_line' id='line_1_25' title="bbox 1967 1237 3558 1313; baseline 0.004 -20"><span class='ocrx_word' id='word_1_184' title='bbox 1967 1248 2024 1293; x_wconf 92' lang='lat' dir='ltr'><strong>et</strong></span> <span class='ocrx_word' id='word_1_185' title='bbox 2048 1237 2210 1294; x_wconf 86' lang='lat' dir='ltr'><strong>ducat</strong></span> <span class='ocrx_word' id='word_1_186' title='bbox 2242 1254 2342 1296; x_wconf 88' lang='lat' dir='ltr'><strong>nos</strong></span> <span class='ocrx_word' id='word_1_187' title='bbox 2380 1238 2435 1293; x_wconf 90' lang='lat' dir='ltr'><strong>in</strong></span> <span class='ocrx_word' id='word_1_188' title='bbox 2460 1242 2678 1294; x_wconf 86' lang='lat' dir='ltr'><strong>omnem</strong></span> <span class='ocrx_word' id='word_1_189' title='bbox 2701 1237 3010 1313; x_wconf 77' lang='lat' dir='ltr'><strong>veritatem,</strong></span> <span class='ocrx_word' id='word_1_190' title='bbox 3034 1250 3092 1296; x_wconf 90' lang='lat' dir='ltr'><strong>et</strong></span> <span class='ocrx_word' id='word_1_191' title='bbox 3123 1238 3290 1297; x_wconf 90' lang='lat' dir='ltr'><strong>faciat</strong></span> <span class='ocrx_word' id='word_1_192' title='bbox 3321 1240 3558 1305; x_wconf 66' lang='lat' dir='ltr'><strong>caelesti-</strong></span> 
     </span>
    </p>
   </div>
   <div class='ocr_carea' id='block_1_26' title="bbox 1968 1330 3556 1405">
    <p class='ocr_par' dir='ltr' id='par_1_26' title="bbox 1968 1330 3556 1405">
     <span class='ocr_line' id='line_1_26' title="bbox 1968 1330 3556 1405; baseline 0.003 -19"><span class='ocrx_word' id='word_1_193' title='bbox 1968 1330 2069 1387; x_wconf 90' lang='lat' dir='ltr'><strong>bus</strong></span> <span class='ocrx_word' id='word_1_194' title='bbox 2103 1330 2386 1398; x_wconf 65' lang='lat' dir='ltr'><strong>inhaerere,</strong></span> <span class='ocrx_word' id='word_1_195' title='bbox 2436 1340 2600 1403; x_wconf 87' lang='lat' dir='ltr'><strong>atque</strong></span> <span class='ocrx_word' id='word_1_196' title='bbox 2640 1339 2909 1403; x_wconf 68' lang='lat' dir='ltr'><strong>praeparet</strong></span> <span class='ocrx_word' id='word_1_197' title='bbox 2953 1330 3170 1405; x_wconf 87' lang='lat' dir='ltr'><strong>dignam</strong></span> <span class='ocrx_word' id='word_1_198' title='bbox 3218 1334 3556 1392; x_wconf 77' lang='lat' dir='ltr'><strong>mansionem</strong></span> 
     </span>
    </p>
   </div>
   <div class='ocr_carea' id='block_1_27' title="bbox 1969 1420 3559 1494">
    <p class='ocr_par' dir='ltr' id='par_1_27' title="bbox 1969 1420 3559 1494">
     <span class='ocr_line' id='line_1_27' title="bbox 1969 1420 3559 1494; baseline 0.004 -18"><span class='ocrx_word' id='word_1_199' title='bbox 1969 1420 2022 1476; x_wconf 92' lang='lat' dir='ltr'><strong>in</strong></span> <span class='ocrx_word' id='word_1_200' title='bbox 2045 1420 2299 1478; x_wconf 86' lang='lat' dir='ltr'><strong>cordibus</strong></span> <span class='ocrx_word' id='word_1_201' title='bbox 2322 1422 2525 1478; x_wconf 86' lang='lat' dir='ltr'><strong>nostris</strong></span> <span class='ocrx_word' id='word_1_202' title='bbox 2545 1421 2677 1490; x_wconf 88' lang='lat' dir='ltr'><strong>Deo,</strong></span> <span class='ocrx_word' id='word_1_203' title='bbox 2702 1423 2843 1479; x_wconf 87' lang='lat' dir='ltr'><strong>sicut</strong></span> <span class='ocrx_word' id='word_1_204' title='bbox 2864 1423 3114 1494; x_wconf 87' lang='lat' dir='ltr'><strong>promisit</strong></span> <span class='ocrx_word' id='word_1_205' title='bbox 3128 1422 3386 1482; x_wconf 89' lang='lat' dir='ltr'><strong>Dominus</strong></span> <span class='ocrx_word' id='word_1_206' title='bbox 3399 1424 3559 1484; x_wconf 87' lang='lat' dir='ltr'><strong>Jesus</strong></span> 
     </span>
    </p>
   </div>
   <div class='ocr_carea' id='block_1_28' title="bbox 1968 1510 3552 1585">
    <p class='ocr_par' dir='ltr' id='par_1_28' title="bbox 1968 1510 3552 1585">
     <span class='ocr_line' id='line_1_28' title="bbox 1968 1510 3552 1585; baseline 0.004 -18"><span class='ocrx_word' id='word_1_207' title='bbox 1968 1510 2218 1568; x_wconf 89' lang='lat' dir='ltr'><strong>Christus</strong></span> <span class='ocrx_word' id='word_1_208' title='bbox 2244 1510 2574 1583; x_wconf 82' lang='lat' dir='ltr'><strong>Redemptor</strong></span> <span class='ocrx_word' id='word_1_209' title='bbox 2600 1520 2787 1569; x_wconf 91' lang='lat' dir='ltr'><strong>noster</strong></span> <span class='ocrx_word' id='word_1_210' title='bbox 2815 1512 2884 1570; x_wconf 89' lang='lat' dir='ltr'><strong>de</strong></span> <span class='ocrx_word' id='word_1_211' title='bbox 2910 1513 3027 1585; x_wconf 91' lang='lat' dir='ltr'><strong>ipso</strong></span> <span class='ocrx_word' id='word_1_212' title='bbox 3045 1525 3232 1573; x_wconf 90' lang='lat' dir='ltr'><strong>sancto</strong></span> <span class='ocrx_word' id='word_1_213' title='bbox 3251 1516 3552 1576; x_wconf 85' lang='lat' dir='ltr'><strong>Paracleto.</strong></span> 
     </span>
    </p>
   </div>
   <div class='ocr_carea' id='block_1_29' title="bbox 2041 1603 3563 1679">
    <p class='ocr_par' dir='ltr' id='par_1_29' title="bbox 2041 1603 3563 1679">
     <span class='ocr_line' id='line_1_29' title="bbox 2041 1603 3563 1679; baseline 0.01 -22"><span class='ocrx_word' id='word_1_214' title='bbox 2041 1603 2228 1660; x_wconf 82' lang='lat' dir='ltr'><strong>XXIII.</strong></span> <span class='ocrx_word' id='word_1_215' title='bbox 2269 1604 2350 1660; x_wconf 83' lang='lat' dir='ltr'><strong>Ex</strong></span> <span class='ocrx_word' id='word_1_216' title='bbox 2398 1612 2513 1661; x_wconf 87' lang='lat' dir='ltr'><strong>toto</strong></span> <span class='ocrx_word' id='word_1_217' title='bbox 2556 1605 2721 1679; x_wconf 78' lang='lat' dir='ltr'><strong>igitur</strong></span> <span class='ocrx_word' id='word_1_218' title='bbox 2769 1608 2932 1664; x_wconf 89' lang='lat' dir='ltr'><strong>corde</strong></span> <span class='ocrx_word' id='word_1_219' title='bbox 2978 1624 3099 1667; x_wconf 89' lang='lat' dir='ltr'><strong>meo</strong></span> <span class='ocrx_word' id='word_1_220' title='bbox 3142 1619 3197 1668; x_wconf 88' lang='lat' dir='ltr'><strong>et</strong></span> <span class='ocrx_word' id='word_1_221' title='bbox 3244 1611 3563 1672; x_wconf 85' lang='lat' dir='ltr'><strong>dulcissimo</strong></span> 
     </span>
    </p>
   </div>
   <div class='ocr_carea' id='block_1_30' title="bbox 1969 1696 3558 1780">
    <p class='ocr_par' dir='ltr' id='par_1_30' title="bbox 1969 1696 3558 1780">
     <span class='ocr_line' id='line_1_30' title="bbox 1969 1696 3558 1780; baseline 0.009 -29"><span class='ocrx_word' id='word_1_222' title='bbox 1969 1712 2174 1763; x_wconf 86' lang='lat' dir='ltr'><strong>amore,</strong></span> <span class='ocrx_word' id='word_1_223' title='bbox 2200 1712 2308 1769; x_wconf 91' lang='lat' dir='ltr'><strong>quo</strong></span> <span class='ocrx_word' id='word_1_224' title='bbox 2343 1696 2545 1754; x_wconf 83' lang='lat' dir='ltr'><strong>refecta</strong></span> <span class='ocrx_word' id='word_1_225' title='bbox 2581 1706 2667 1755; x_wconf 91' lang='lat' dir='ltr'><strong>est</strong></span> <span class='ocrx_word' id='word_1_226' title='bbox 2695 1699 2875 1758; x_wconf 89' lang='lat' dir='ltr'><strong>anima</strong></span> <span class='ocrx_word' id='word_1_227' title='bbox 2906 1716 3027 1757; x_wconf 89' lang='lat' dir='ltr'><strong>mea</strong></span> <span class='ocrx_word' id='word_1_228' title='bbox 3056 1718 3218 1775; x_wconf 90' lang='lat' dir='ltr'><strong>super</strong></span> <span class='ocrx_word' id='word_1_229' title='bbox 3247 1706 3558 1780; x_wconf 77' lang='lat' dir='ltr'><strong>integritate</strong></span> 
     </span>
    </p>
   </div>
   <div class='ocr_carea' id='block_1_31' title="bbox 1968 1788 3556 1870">
    <p class='ocr_par' dir='ltr' id='par_1_31' title="bbox 1968 1788 3556 1870">
     <span class='ocr_line' id='line_1_31' title="bbox 1968 1788 3556 1870; baseline 0.009 -26"><span class='ocrx_word' id='word_1_230' title='bbox 1968 1788 2113 1856; x_wconf 90' lang='lat' dir='ltr'><strong>ﬁdei,</strong></span> <span class='ocrx_word' id='word_1_231' title='bbox 2142 1806 2239 1862; x_wconf 89' lang='lat' dir='ltr'><strong>per</strong></span> <span class='ocrx_word' id='word_1_232' title='bbox 2269 1791 2501 1862; x_wconf 76' lang='lat' dir='ltr'><strong>gratiam</strong></span> <span class='ocrx_word' id='word_1_233' title='bbox 2544 1790 2638 1848; x_wconf 69' lang='lat' dir='ltr'><strong>Dci</strong></span> <span class='ocrx_word' id='word_1_234' title='bbox 2686 1793 2870 1862; x_wconf 89' lang='lat' dir='ltr'><strong>credo,</strong></span> <span class='ocrx_word' id='word_1_235' title='bbox 2915 1796 3104 1866; x_wconf 87' lang='lat' dir='ltr'><strong>procul</strong></span> <span class='ocrx_word' id='word_1_236' title='bbox 3145 1797 3314 1870; x_wconf 88' lang='lat' dir='ltr'><strong>pulsis</strong></span> <span class='ocrx_word' id='word_1_237' title='bbox 3342 1801 3556 1859; x_wconf 85' lang='lat' dir='ltr'><strong>cunctis</strong></span> 
     </span>
    </p>
   </div>
   <div class='ocr_carea' id='block_1_32' title="bbox 1970 1883 3551 1958">
    <p class='ocr_par' dir='ltr' id='par_1_32' title="bbox 1970 1883 3551 1958">
     <span class='ocr_line' id='line_1_32' title="bbox 1970 1883 3551 1958; baseline 0.008 -21"><span class='ocrx_word' id='word_1_238' title='bbox 1970 1896 2219 1938; x_wconf 85' lang='lat' dir='ltr'><strong>errorum</strong></span> <span class='ocrx_word' id='word_1_239' title='bbox 2268 1883 2536 1949; x_wconf 87' lang='lat' dir='ltr'><strong>tenebris,</strong></span> <span class='ocrx_word' id='word_1_240' title='bbox 2587 1892 2643 1940; x_wconf 89' lang='lat' dir='ltr'><strong>et</strong></span> <span class='ocrx_word' id='word_1_241' title='bbox 2690 1900 2911 1958; x_wconf 87' lang='lat' dir='ltr'><strong>semper</strong></span> <span class='ocrx_word' id='word_1_242' title='bbox 2957 1889 3180 1947; x_wconf 86' lang='lat' dir='ltr'><strong>credere</strong></span> <span class='ocrx_word' id='word_1_243' title='bbox 3223 1906 3311 1949; x_wconf 89' lang='lat' dir='ltr'><strong>me</strong></span> <span class='ocrx_word' id='word_1_244' title='bbox 3360 1892 3551 1951; x_wconf 80' lang='lat' dir='ltr'><strong>fateor.</strong></span> 
     </span>
    </p>
   </div>
   <div class='ocr_carea' id='block_1_33' title="bbox 284 1959 3553 2055">
    <p class='ocr_par' dir='ltr' id='par_1_33' title="bbox 284 1959 3553 2055">
     <span class='ocr_line' id='line_1_33' title="bbox 284 1959 3553 2055; baseline -0 -12"><span class='ocrx_word' id='word_1_245' title='bbox 284 1995 402 2045; x_wconf 84' lang='lat' dir='ltr'><strong>stus</strong></span> <span class='ocrx_word' id='word_1_246' title='bbox 421 1984 714 2042; x_wconf 89' lang='lat' dir='ltr'><strong>secundum</strong></span> <span class='ocrx_word' id='word_1_247' title='bbox 745 1982 1105 2039; x_wconf 86' lang='lat' dir='ltr'><strong>divinitatem.</strong></span> <span class='ocrx_word' id='word_1_248' title='bbox 1142 1980 1298 2038; x_wconf 87' lang='lat' dir='ltr'><strong>Sicut</strong></span> <span class='ocrx_word' id='word_1_249' title='bbox 1337 1980 1568 2036; x_wconf 89' lang='lat' dir='ltr'><strong>dicimus</strong></span> <span class='ocrx_word' id='word_1_250' title='bbox 1591 1977 1868 2034; x_wconf 87' lang='lat' dir='ltr'><strong>Christum</strong></span> <span class='ocrx_word' id='word_1_251' title='bbox 1900 1959 1947 2022; x_wconf 77' lang='grc' dir='ltr'><strong>Β</strong></span> <span class='ocrx_word' id='word_1_252' title='bbox 1971 1972 2146 2030; x_wconf 84' lang='lat' dir='ltr'><strong>Credo</strong></span> <span class='ocrx_word' id='word_1_253' title='bbox 2181 1985 2330 2030; x_wconf 86' lang='lat' dir='ltr'><strong>certe</strong></span> <span class='ocrx_word' id='word_1_254' title='bbox 2360 1976 2415 2030; x_wconf 90' lang='lat' dir='ltr'><strong>in</strong></span> <span class='ocrx_word' id='word_1_255' title='bbox 2457 1991 2625 2033; x_wconf 90' lang='lat' dir='ltr'><strong>unum</strong></span> <span class='ocrx_word' id='word_1_256' title='bbox 2647 1977 2816 2034; x_wconf 89' lang='lat' dir='ltr'><strong>Deum</strong></span> <span class='ocrx_word' id='word_1_257' title='bbox 2845 1976 3065 2036; x_wconf 82' lang='lat' dir='ltr'><strong>Patrem</strong></span> <span class='ocrx_word' id='word_1_258' title='bbox 3106 1982 3553 2055; x_wconf 83' lang='lat' dir='ltr'><strong>omnipotentem,</strong></span> 
     </span>
    </p>
   </div>
   <div class='ocr_carea' id='block_1_34' title="bbox 284 2069 1869 2145">
    <p class='ocr_par' dir='ltr' id='par_1_34' title="bbox 284 2069 1869 2145">
     <span class='ocr_line' id='line_1_34' title="bbox 284 2069 1869 2145; baseline -0.008 -9"><span class='ocrx_word' id='word_1_259' title='bbox 284 2077 629 2136; x_wconf 85' lang='lat' dir='ltr'><strong>descendisse</strong></span> <span class='ocrx_word' id='word_1_260' title='bbox 660 2077 727 2133; x_wconf 87' lang='lat' dir='ltr'><strong>ad</strong></span> <span class='ocrx_word' id='word_1_261' title='bbox 753 2074 973 2141; x_wconf 80' lang='lat' dir='ltr'><strong>inferos,</strong></span> <span class='ocrx_word' id='word_1_262' title='bbox 1005 2073 1279 2131; x_wconf 88' lang='lat' dir='ltr'><strong>Christum</strong></span> <span class='ocrx_word' id='word_1_263' title='bbox 1318 2071 1558 2145; x_wconf 88' lang='lat' dir='ltr'><strong>jacuisse</strong></span> <span class='ocrx_word' id='word_1_264' title='bbox 1604 2072 1659 2127; x_wconf 92' lang='lat' dir='ltr'><strong>in</strong></span> <span class='ocrx_word' id='word_1_265' title='bbox 1685 2069 1869 2143; x_wconf 88' lang='lat' dir='ltr'><strong>sepul-</strong></span> 
     </span>
    </p>
   </div>
   <div class='ocr_carea' id='block_1_35' title="bbox 284 2162 1868 2241">
    <p class='ocr_par' dir='ltr' id='par_1_35' title="bbox 284 2162 1868 2241">
     <span class='ocr_line' id='line_1_35' title="bbox 284 2162 1868 2241; baseline -0.006 -12"><span class='ocrx_word' id='word_1_266' title='bbox 284 2186 408 2229; x_wconf 83' lang='lat' dir='ltr'><strong>cro:</strong></span> <span class='ocrx_word' id='word_1_267' title='bbox 436 2178 492 2227; x_wconf 92' lang='lat' dir='ltr'><strong>et</strong></span> <span class='ocrx_word' id='word_1_268' title='bbox 518 2171 596 2225; x_wconf 90' lang='lat' dir='ltr'><strong>ait</strong></span> <span class='ocrx_word' id='word_1_269' title='bbox 616 2167 906 2241; x_wconf 86' lang='lat' dir='ltr'><strong>Apostolus</strong></span> <span class='ocrx_word' id='word_1_270' title='bbox 939 2182 954 2223; x_wconf 88' lang='lat'><strong>:</strong></span> <span class='ocrx_word' id='word_1_271' title='bbox 984 2166 1108 2222; x_wconf 86' lang='lat' dir='ltr'><strong>Non</strong></span> <span class='ocrx_word' id='word_1_272' title='bbox 1132 2176 1387 2222; x_wconf 83' lang='lat' dir='ltr'><strong>tentemua</strong></span> <span class='ocrx_word' id='word_1_273' title='bbox 1408 2162 1701 2231; x_wconf 80' lang='lat' dir='ltr'><strong>Christum,</strong></span> <span class='ocrx_word' id='word_1_274' title='bbox 1734 2165 1868 2220; x_wconf 78' lang='lat' dir='ltr'><strong>sicut</strong></span> 
     </span>
    </p>
   </div>
   <div class='ocr_carea' id='block_1_36' title="bbox 283 2254 1871 2334">
    <p class='ocr_par' dir='ltr' id='par_1_36' title="bbox 283 2254 1871 2334">
     <span class='ocr_line' id='line_1_36' title="bbox 283 2254 1871 2334; baseline -0.005 -15"><span class='ocrx_word' id='word_1_275' title='bbox 283 2260 502 2334; x_wconf 78' lang='lat' dir='ltr'><strong>quidam</strong></span> <span class='ocrx_word' id='word_1_276' title='bbox 532 2276 714 2316; x_wconf 85' lang='lat' dir='ltr'><strong>eorum</strong></span> <span class='ocrx_word' id='word_1_277' title='bbox 749 2257 801 2331; x_wconf 85' lang='grc' dir='ltr'><strong>(Ι</strong></span> <span class='ocrx_word' id='word_1_278' title='bbox 829 2256 951 2314; x_wconf 88' lang='lat' dir='ltr'><strong>Cor.</strong></span> <span class='ocrx_word' id='word_1_279' title='bbox 977 2274 1032 2325; x_wconf 70' lang='grc' dir='ltr'><strong>ι,</strong></span> <span class='ocrx_word' id='word_1_280' title='bbox 1062 2256 1173 2332; x_wconf 78' lang='grc'><strong>19).</strong></span> <span class='ocrx_word' id='word_1_281' title='bbox 1239 2256 1465 2326; x_wconf 82' lang='lat' dir='ltr'><strong>Quando</strong></span> <span class='ocrx_word' id='word_1_282' title='bbox 1508 2271 1607 2329; x_wconf 86' lang='lat' dir='ltr'><strong>per</strong></span> <span class='ocrx_word' id='word_1_283' title='bbox 1644 2254 1871 2327; x_wconf 81' lang='lat' dir='ltr'><strong>Moysen</strong></span> 
     </span>
    </p>
   </div>
   <div class='ocr_carea' id='block_1_37' title="bbox 285 2345 1869 2423">
    <p class='ocr_par' dir='ltr' id='par_1_37' title="bbox 285 2345 1869 2423">
     <span class='ocr_line' id='line_1_37' title="bbox 285 2345 1869 2423; baseline -0.005 -11"><span class='ocrx_word' id='word_1_284' title='bbox 285 2352 466 2412; x_wconf 87' lang='lat' dir='ltr'><strong>educti</strong></span> <span class='ocrx_word' id='word_1_285' title='bbox 517 2360 681 2418; x_wconf 88' lang='lat' dir='ltr'><strong>sunt,</strong></span> <span class='ocrx_word' id='word_1_286' title='bbox 725 2366 833 2423; x_wconf 88' lang='lat' dir='ltr'><strong>quo</strong></span> <span class='ocrx_word' id='word_1_287' title='bbox 877 2359 1122 2423; x_wconf 89' lang='lat' dir='ltr'><strong>tempore</strong></span> <span class='ocrx_word' id='word_1_288' title='bbox 1184 2350 1419 2406; x_wconf 88' lang='lat' dir='ltr'><strong>nondum</strong></span> <span class='ocrx_word' id='word_1_289' title='bbox 1455 2357 1576 2404; x_wconf 89' lang='lat' dir='ltr'><strong>erat</strong></span> <span class='ocrx_word' id='word_1_290' title='bbox 1615 2345 1869 2406; x_wconf 82' lang='lat' dir='ltr'><strong>Christus</strong></span> 
     </span>
    </p>
   </div>
   <div class='ocr_carea' id='block_1_38' title="bbox 282 2438 1865 2514">
    <p class='ocr_par' dir='ltr' id='par_1_38' title="bbox 282 2438 1865 2514">
     <span class='ocr_line' id='line_1_38' title="bbox 282 2438 1865 2514; baseline -0.005 -12"><span class='ocrx_word' id='word_1_291' title='bbox 282 2445 389 2502; x_wconf 87' lang='lat' dir='ltr'><strong>nisi</strong></span> <span class='ocrx_word' id='word_1_292' title='bbox 416 2444 713 2501; x_wconf 87' lang='lat' dir='ltr'><strong>secundum</strong></span> <span class='ocrx_word' id='word_1_293' title='bbox 742 2444 1129 2514; x_wconf 86' lang='lat' dir='ltr'><strong>sempiternam</strong></span> <span class='ocrx_word' id='word_1_294' title='bbox 1164 2442 1452 2498; x_wconf 88' lang='lat' dir='ltr'><strong>Deitatem.</strong></span> <span class='ocrx_word' id='word_1_295' title='bbox 1486 2458 1504 2492; x_wconf 76' lang='grc' dir='ltr'><strong>ι</strong></span> <span class='ocrx_word' id='word_1_296' title='bbox 1539 2440 1646 2497; x_wconf 84' lang='grc' dir='ltr'>Εοε</span> <span class='ocrx_word' id='word_1_297' title='bbox 1682 2438 1865 2512; x_wconf 91' lang='lat' dir='ltr'><strong>igitur,</strong></span> 
     </span>
    </p>
   </div>
   <div class='ocr_carea' id='block_1_39' title="bbox 282 2534 1866 2610">
    <p class='ocr_par' dir='ltr' id='par_1_39' title="bbox 282 2534 1866 2610">
     <span class='ocr_line' id='line_1_39' title="bbox 282 2534 1866 2610; baseline -0.002 -17"><span class='ocrx_word' id='word_1_298' title='bbox 282 2538 378 2610; x_wconf 88' lang='lat' dir='ltr'><strong>qui</strong></span> <span class='ocrx_word' id='word_1_299' title='bbox 399 2537 607 2603; x_wconf 88' lang='lat' dir='ltr'><strong>dicunt,</strong></span> <span class='ocrx_word' id='word_1_300' title='bbox 639 2544 759 2592; x_wconf 91' lang='lat' dir='ltr'><strong>erat</strong></span> <span class='ocrx_word' id='word_1_301' title='bbox 786 2536 1003 2607; x_wconf 86' lang='lat' dir='ltr'><strong>quando</strong></span> <span class='ocrx_word' id='word_1_302' title='bbox 1032 2551 1142 2592; x_wconf 91' lang='lat' dir='ltr'><strong>non</strong></span> <span class='ocrx_word' id='word_1_303' title='bbox 1167 2543 1305 2603; x_wconf 90' lang='lat' dir='ltr'><strong>erat,</strong></span> <span class='ocrx_word' id='word_1_304' title='bbox 1339 2543 1394 2591; x_wconf 93' lang='lat' dir='ltr'><strong>et</strong></span> <span class='ocrx_word' id='word_1_305' title='bbox 1418 2534 1735 2607; x_wconf 84' lang='lat' dir='ltr'><strong>priusquam</strong></span> <span class='ocrx_word' id='word_1_306' title='bbox 1766 2548 1866 2590; x_wconf 85' lang='lat' dir='ltr'><strong>na-</strong></span> 
     </span>
    </p>
   </div>
   <div class='ocr_carea' id='block_1_40' title="bbox 281 2624 1870 2699">
    <p class='ocr_par' dir='ltr' id='par_1_40' title="bbox 281 2624 1870 2699">
     <span class='ocr_line' id='line_1_40' title="bbox 281 2624 1870 2699; baseline -0.004 -11"><span class='ocrx_word' id='word_1_307' title='bbox 281 2639 530 2688; x_wconf 78' lang='lat' dir='ltr'><strong>sceretur</strong></span> <span class='ocrx_word' id='word_1_308' title='bbox 580 2643 688 2684; x_wconf 90' lang='lat' dir='ltr'><strong>non</strong></span> <span class='ocrx_word' id='word_1_309' title='bbox 725 2636 845 2684; x_wconf 91' lang='lat' dir='ltr'><strong>crat</strong></span> <span class='ocrx_word' id='word_1_310' title='bbox 871 2646 884 2683; x_wconf 93' lang='lat'>:</span> <span class='ocrx_word' id='word_1_311' title='bbox 909 2634 965 2683; x_wconf 89' lang='lat' dir='ltr'><strong>et</strong></span> <span class='ocrx_word' id='word_1_312' title='bbox 995 2627 1121 2699; x_wconf 89' lang='lat' dir='ltr'><strong>quia</strong></span> <span class='ocrx_word' id='word_1_313' title='bbox 1148 2642 1217 2682; x_wconf 77' lang='lat' dir='ltr'><strong>ex</strong></span> <span class='ocrx_word' id='word_1_314' title='bbox 1247 2625 1407 2683; x_wconf 88' lang='lat' dir='ltr'><strong>nullis</strong></span> <span class='ocrx_word' id='word_1_315' title='bbox 1448 2624 1870 2683; x_wconf 85' lang='lat' dir='ltr'><strong>subsistentibus</strong></span> 
     </span>
    </p>
   </div>
   <div class='ocr_carea' id='block_1_41' title="bbox 283 2716 1869 2789">
    <p class='ocr_par' dir='ltr' id='par_1_41' title="bbox 283 2716 1869 2789">
     <span class='ocr_line' id='line_1_41' title="bbox 283 2716 1869 2789; baseline -0.003 -13"><span class='ocrx_word' id='word_1_316' title='bbox 283 2719 459 2777; x_wconf 83' lang='lat' dir='ltr'><strong>factus</strong></span> <span class='ocrx_word' id='word_1_317' title='bbox 488 2729 593 2786; x_wconf 91' lang='lat' dir='ltr'><strong>est,</strong></span> <span class='ocrx_word' id='word_1_318' title='bbox 622 2728 716 2774; x_wconf 91' lang='lat' dir='ltr'><strong>aut</strong></span> <span class='ocrx_word' id='word_1_319' title='bbox 737 2734 805 2783; x_wconf 75' lang='lat' dir='ltr'><strong>ex</strong></span> <span class='ocrx_word' id='word_1_320' title='bbox 834 2718 940 2777; x_wconf 87' lang='lat' dir='ltr'><strong>alia</strong></span> <span class='ocrx_word' id='word_1_321' title='bbox 974 2717 1279 2789; x_wconf 84' lang='lat' dir='ltr'><strong>substantia</strong></span> <span class='ocrx_word' id='word_1_322' title='bbox 1305 2717 1391 2773; x_wconf 84' lang='lat' dir='ltr'><strong>vel</strong></span> <span class='ocrx_word' id='word_1_323' title='bbox 1423 2717 1654 2774; x_wconf 83' lang='lat' dir='ltr'><strong>essentia</strong></span> <span class='ocrx_word' id='word_1_324' title='bbox 1682 2716 1869 2772; x_wconf 91' lang='lat' dir='ltr'><strong>dicunt</strong></span> 
     </span>
    </p>
   </div>
   <div class='ocr_carea' id='block_1_42' title="bbox 283 2804 1865 2880">
    <p class='ocr_par' dir='ltr' id='par_1_42' title="bbox 283 2804 1865 2880">
     <span class='ocr_line' id='line_1_42' title="bbox 283 2804 1865 2880; baseline -0.006 -11"><span class='ocrx_word' id='word_1_325' title='bbox 283 2827 424 2880; x_wconf 89' lang='lat' dir='ltr'><strong>esse,</strong></span> <span class='ocrx_word' id='word_1_326' title='bbox 450 2819 546 2868; x_wconf 91' lang='lat' dir='ltr'><strong>aut</strong></span> <span class='ocrx_word' id='word_1_327' title='bbox 565 2810 976 2868; x_wconf 86' lang='lat' dir='ltr'><strong>convertibilem</strong></span> <span class='ocrx_word' id='word_1_328' title='bbox 998 2818 1054 2866; x_wconf 91' lang='lat' dir='ltr'><strong>et</strong></span> <span class='ocrx_word' id='word_1_329' title='bbox 1073 2808 1507 2866; x_wconf 88' lang='lat' dir='ltr'><strong>commutabilem</strong></span> <span class='ocrx_word' id='word_1_330' title='bbox 1533 2806 1626 2863; x_wconf 88' lang='lat' dir='ltr'><strong>Dei</strong></span> <span class='ocrx_word' id='word_1_331' title='bbox 1648 2804 1865 2873; x_wconf 88' lang='lat' dir='ltr'><strong>Filium,</strong></span> 
     </span>
    </p>
   </div>
   <div class='ocr_carea' id='block_1_43' title="bbox 283 2895 1868 2975">
    <p class='ocr_par' dir='ltr' id='par_1_43' title="bbox 283 2895 1868 2975">
     <span class='ocr_line' id='line_1_43' title="bbox 283 2895 1868 2975; baseline -0.002 -15"><span class='ocrx_word' id='word_1_332' title='bbox 283 2904 683 2961; x_wconf 87' lang='lat' dir='ltr'><strong>anathematizo</strong></span> <span class='ocrx_word' id='word_1_333' title='bbox 711 2910 768 2961; x_wconf 91' lang='lat' dir='ltr'><strong>et</strong></span> <span class='ocrx_word' id='word_1_334' title='bbox 799 2895 1016 2975; x_wconf 85' lang='lat' dir='ltr'><strong>penitus</strong></span> <span class='ocrx_word' id='word_1_335' title='bbox 1051 2916 1267 2974; x_wconf 91' lang='lat' dir='ltr'><strong>respuo.</strong></span> <span class='ocrx_word' id='word_1_336' title='bbox 1306 2900 1415 2957; x_wconf 83' lang='lat' dir='ltr'><strong>Hos</strong></span> <span class='ocrx_word' id='word_1_337' title='bbox 1451 2916 1686 2973; x_wconf 86' lang='lat' dir='ltr'><strong>namque</strong></span> <span class='ocrx_word' id='word_1_338' title='bbox 1732 2916 1868 2957; x_wconf 87' lang='lat' dir='ltr'><strong>con-</strong></span> 
     </span>
    </p>
   </div>
   <div class='ocr_carea' id='block_1_44' title="bbox 286 2992 1870 3066">
    <p class='ocr_par' dir='ltr' id='par_1_44' title="bbox 286 2992 1870 3066">
     <span class='ocr_line' id='line_1_44' title="bbox 286 2992 1870 3066; baseline -0.001 -14"><span class='ocrx_word' id='word_1_339' title='bbox 286 2996 506 3054; x_wconf 89' lang='lat' dir='ltr'><strong>demnat</strong></span> <span class='ocrx_word' id='word_1_340' title='bbox 550 2995 821 3053; x_wconf 85' lang='lat' dir='ltr'><strong>catholica</strong></span> <span class='ocrx_word' id='word_1_341' title='bbox 862 3003 918 3051; x_wconf 90' lang='lat' dir='ltr'><strong>et</strong></span> <span class='ocrx_word' id='word_1_342' title='bbox 954 2994 1244 3066; x_wconf 83' lang='lat' dir='ltr'><strong>apostolica</strong></span> <span class='ocrx_word' id='word_1_343' title='bbox 1279 2992 1539 3060; x_wconf 84' lang='lat' dir='ltr'><strong>Ecclesia,</strong></span> <span class='ocrx_word' id='word_1_344' title='bbox 1587 3008 1618 3047; x_wconf 91' lang='lat' dir='ltr'><strong>a</strong></span> <span class='ocrx_word' id='word_1_345' title='bbox 1654 3008 1751 3049; x_wconf 91' lang='lat' dir='ltr'><strong>sua</strong></span> <span class='ocrx_word' id='word_1_346' title='bbox 1782 3008 1870 3050; x_wconf 87' lang='lat' dir='ltr'><strong>se-</strong></span> 
     </span>
    </p>
   </div>
   <div class='ocr_carea' id='block_1_45' title="bbox 288 3088 887 3160">
    <p class='ocr_par' dir='ltr' id='par_1_45' title="bbox 288 3088 887 3160">
     <span class='ocr_line' id='line_1_45' title="bbox 288 3088 887 3160; baseline -0.002 -16"><span class='ocrx_word' id='word_1_347' title='bbox 288 3104 516 3160; x_wconf 83' lang='lat' dir='ltr'><strong>gregans</strong></span> <span class='ocrx_word' id='word_1_348' title='bbox 557 3088 836 3145; x_wconf 84' lang='lat' dir='ltr'><strong>societate.</strong></span> <span class='ocrx_word' id='word_1_349' title='bbox 869 3107 887 3143; x_wconf 82' lang='grc' dir='ltr'><strong>ι</strong></span> 
     </span>
    </p>
   </div>
   <div class='ocr_carea' id='block_1_46' title="bbox 357 3180 1864 3254">
    <p class='ocr_par' dir='ltr' id='par_1_46' title="bbox 357 3180 1864 3254">
     <span class='ocr_line' id='line_1_46' title="bbox 357 3180 1864 3254; baseline 0.001 -17"><span class='ocrx_word' id='word_1_350' title='bbox 357 3181 521 3238; x_wconf 75' lang='lat' dir='ltr'><strong>XXII.</strong></span> <span class='ocrx_word' id='word_1_351' title='bbox 561 3182 735 3240; x_wconf 89' lang='lat' dir='ltr'><strong>Credo</strong></span> <span class='ocrx_word' id='word_1_352' title='bbox 766 3183 820 3239; x_wconf 91' lang='lat' dir='ltr'><strong>in</strong></span> <span class='ocrx_word' id='word_1_353' title='bbox 851 3181 1113 3254; x_wconf 88' lang='lat' dir='ltr'><strong>Spiritum</strong></span> <span class='ocrx_word' id='word_1_354' title='bbox 1148 3190 1394 3237; x_wconf 89' lang='lat' dir='ltr'><strong>sanetum</strong></span> <span class='ocrx_word' id='word_1_355' title='bbox 1432 3180 1682 3237; x_wconf 87' lang='lat' dir='ltr'><strong>similiter</strong></span> <span class='ocrx_word' id='word_1_356' title='bbox 1718 3187 1779 3236; x_wconf 92' lang='lat' dir='ltr'><strong>ut</strong></span> <span class='ocrx_word' id='word_1_357' title='bbox 1811 3181 1864 3238; x_wconf 87' lang='lat' dir='ltr'><strong>in</strong></span> 
     </span>
    </p>
   </div>
   <div class='ocr_carea' id='block_1_47' title="bbox 292 3271 1866 3344">
    <p class='ocr_par' dir='ltr' id='par_1_47' title="bbox 292 3271 1866 3344">
     <span class='ocr_line' id='line_1_47' title="bbox 292 3271 1866 3344; baseline -0.001 -14"><span class='ocrx_word' id='word_1_358' title='bbox 292 3273 504 3331; x_wconf 83' lang='lat' dir='ltr'><strong>Patrem</strong></span> <span class='ocrx_word' id='word_1_359' title='bbox 531 3283 587 3331; x_wconf 91' lang='lat' dir='ltr'><strong>et</strong></span> <span class='ocrx_word' id='word_1_360' title='bbox 622 3274 848 3340; x_wconf 88' lang='lat' dir='ltr'><strong>Filium,</strong></span> <span class='ocrx_word' id='word_1_361' title='bbox 897 3274 1024 3344; x_wconf 86' lang='lat' dir='ltr'><strong>quia</strong></span> <span class='ocrx_word' id='word_1_362' title='bbox 1065 3272 1209 3329; x_wconf 88' lang='lat' dir='ltr'><strong>Deus</strong></span> <span class='ocrx_word' id='word_1_363' title='bbox 1242 3279 1328 3328; x_wconf 84' lang='lat' dir='ltr'><strong>est</strong></span> <span class='ocrx_word' id='word_1_364' title='bbox 1354 3271 1592 3341; x_wconf 90' lang='lat' dir='ltr'><strong>Spiritus</strong></span> <span class='ocrx_word' id='word_1_365' title='bbox 1645 3280 1866 3329; x_wconf 85' lang='lat' dir='ltr'><strong>sanctus</strong></span> 
     </span>
    </p>
   </div>
   <div class='ocr_carea' id='block_1_48' title="bbox 288 3365 1868 3428">
    <p class='ocr_par' dir='ltr' id='par_1_48' title="bbox 288 3365 1868 3428">
     <span class='ocr_line' id='line_1_48' title="bbox 288 3365 1868 3428; baseline -0.002 -3"><span class='ocrx_word' id='word_1_366' title='bbox 288 3378 348 3425; x_wconf 90' lang='lat' dir='ltr'><strong>ut</strong></span> <span class='ocrx_word' id='word_1_367' title='bbox 392 3367 556 3428; x_wconf 86' lang='lat' dir='ltr'><strong>Pater</strong></span> <span class='ocrx_word' id='word_1_368' title='bbox 608 3377 665 3426; x_wconf 90' lang='lat' dir='ltr'><strong>et</strong></span> <span class='ocrx_word' id='word_1_369' title='bbox 711 3367 899 3425; x_wconf 87' lang='lat' dir='ltr'><strong>Filius.</strong></span> <span class='ocrx_word' id='word_1_370' title='bbox 939 3366 997 3423; x_wconf 94' lang='lat' dir='ltr'><strong>In</strong></span> <span class='ocrx_word' id='word_1_371' title='bbox 1032 3365 1236 3422; x_wconf 90' lang='lat' dir='ltr'><strong>nullum</strong></span> <span class='ocrx_word' id='word_1_372' title='bbox 1280 3366 1448 3423; x_wconf 88' lang='lat' dir='ltr'><strong>alium</strong></span> <span class='ocrx_word' id='word_1_373' title='bbox 1491 3365 1714 3422; x_wconf 87' lang='lat' dir='ltr'><strong>credere</strong></span> <span class='ocrx_word' id='word_1_374' title='bbox 1767 3380 1868 3422; x_wconf 90' lang='lat' dir='ltr'><strong>nos</strong></span> 
     </span>
    </p>
   </div>
   <div class='ocr_carea' id='block_1_49' title="bbox 287 3456 1872 3533">
    <p class='ocr_par' dir='ltr' id='par_1_49' title="bbox 287 3456 1872 3533">
     <span class='ocr_line' id='line_1_49' title="bbox 287 3456 1872 3533; baseline -0.003 -15"><span class='ocrx_word' id='word_1_375' title='bbox 287 3469 519 3533; x_wconf 85' lang='lat' dir='ltr'><strong>oportet,</strong></span> <span class='ocrx_word' id='word_1_376' title='bbox 552 3460 658 3517; x_wconf 87' lang='lat' dir='ltr'><strong>nisi</strong></span> <span class='ocrx_word' id='word_1_377' title='bbox 690 3460 744 3515; x_wconf 90' lang='lat' dir='ltr'><strong>in</strong></span> <span class='ocrx_word' id='word_1_378' title='bbox 778 3459 968 3515; x_wconf 89' lang='lat' dir='ltr'><strong>Deum.</strong></span> <span class='ocrx_word' id='word_1_379' title='bbox 1020 3457 1173 3514; x_wconf 86' lang='lat' dir='ltr'><strong>Sicut</strong></span> <span class='ocrx_word' id='word_1_380' title='bbox 1199 3458 1347 3514; x_wconf 84' lang='lat' dir='ltr'><strong>enim</strong></span> <span class='ocrx_word' id='word_1_381' title='bbox 1372 3471 1480 3514; x_wconf 86' lang='lat' dir='ltr'><strong>non</strong></span> <span class='ocrx_word' id='word_1_382' title='bbox 1510 3465 1690 3528; x_wconf 85' lang='lat' dir='ltr'><strong>potest</strong></span> <span class='ocrx_word' id='word_1_383' title='bbox 1726 3456 1872 3513; x_wconf 84' lang='lat' dir='ltr'><strong>aliud</strong></span> 
     </span>
    </p>
   </div>
   <div class='ocr_carea' id='block_1_50' title="bbox 287 3548 1872 3625">
    <p class='ocr_par' dir='ltr' id='par_1_50' title="bbox 287 3548 1872 3625">
     <span class='ocr_line' id='line_1_50' title="bbox 287 3548 1872 3625; baseline -0.003 -16"><span class='ocrx_word' id='word_1_384' title='bbox 287 3567 409 3609; x_wconf 86' lang='lat' dir='ltr'><strong>esse</strong></span> <span class='ocrx_word' id='word_1_385' title='bbox 431 3567 718 3625; x_wconf 86' lang='lat' dir='ltr'><strong>generans,</strong></span> <span class='ocrx_word' id='word_1_386' title='bbox 764 3562 820 3606; x_wconf 89' lang='lat' dir='ltr'><strong>et</strong></span> <span class='ocrx_word' id='word_1_387' title='bbox 843 3550 988 3606; x_wconf 89' lang='lat' dir='ltr'><strong>aliud</strong></span> <span class='ocrx_word' id='word_1_388' title='bbox 1015 3549 1249 3622; x_wconf 86' lang='lat' dir='ltr'><strong>genitus,</strong></span> <span class='ocrx_word' id='word_1_389' title='bbox 1282 3548 1378 3605; x_wconf 87' lang='lat' dir='ltr'><strong>sed</strong></span> <span class='ocrx_word' id='word_1_390' title='bbox 1407 3549 1513 3605; x_wconf 89' lang='lat' dir='ltr'><strong>hoc</strong></span> <span class='ocrx_word' id='word_1_391' title='bbox 1543 3557 1630 3606; x_wconf 89' lang='lat' dir='ltr'><strong>est</strong></span> <span class='ocrx_word' id='word_1_392' title='bbox 1658 3548 1872 3620; x_wconf 87' lang='lat' dir='ltr'><strong>genitus</strong></span> 
     </span>
    </p>
   </div>
   <div class='ocr_carea' id='block_1_51' title="bbox 287 3640 1871 3715">
    <p class='ocr_par' dir='ltr' id='par_1_51' title="bbox 287 3640 1871 3715">
     <span class='ocr_line' id='line_1_51' title="bbox 287 3640 1871 3715; baseline -0.001 -18"><span class='ocrx_word' id='word_1_393' title='bbox 287 3643 431 3714; x_wconf 90' lang='lat' dir='ltr'><strong>quod</strong></span> <span class='ocrx_word' id='word_1_394' title='bbox 452 3656 720 3715; x_wconf 88' lang='lat' dir='ltr'><strong>generans</strong></span> <span class='ocrx_word' id='word_1_395' title='bbox 742 3641 911 3707; x_wconf 86' lang='lat' dir='ltr'><strong>Deus;</strong></span> <span class='ocrx_word' id='word_1_396' title='bbox 942 3640 1023 3696; x_wconf 89' lang='lat' dir='ltr'><strong>sic</strong></span> <span class='ocrx_word' id='word_1_397' title='bbox 1041 3640 1184 3697; x_wconf 90' lang='lat' dir='ltr'><strong>aliud</strong></span> <span class='ocrx_word' id='word_1_398' title='bbox 1207 3655 1313 3697; x_wconf 87' lang='lat' dir='ltr'><strong>non</strong></span> <span class='ocrx_word' id='word_1_399' title='bbox 1333 3647 1515 3712; x_wconf 85' lang='lat' dir='ltr'><strong>potest</strong></span> <span class='ocrx_word' id='word_1_400' title='bbox 1536 3655 1657 3696; x_wconf 88' lang='lat' dir='ltr'><strong>esse</strong></span> <span class='ocrx_word' id='word_1_401' title='bbox 1677 3652 1871 3712; x_wconf 88' lang='lat' dir='ltr'><strong>proce-</strong></span> 
     </span>
    </p>
   </div>
   <div class='ocr_carea' id='block_1_52' title="bbox 286 3730 1875 3806">
    <p class='ocr_par' dir='ltr' id='par_1_52' title="bbox 286 3730 1875 3806">
     <span class='ocr_line' id='line_1_52' title="bbox 286 3730 1875 3806; baseline -0.002 -16"><span class='ocrx_word' id='word_1_402' title='bbox 286 3733 423 3791; x_wconf 87' lang='lat' dir='ltr'><strong>dens</strong></span> <span class='ocrx_word' id='word_1_403' title='bbox 443 3732 700 3806; x_wconf 85' lang='lat' dir='ltr'><strong>Spiritus,</strong></span> <span class='ocrx_word' id='word_1_404' title='bbox 721 3743 779 3789; x_wconf 91' lang='lat' dir='ltr'><strong>et</strong></span> <span class='ocrx_word' id='word_1_405' title='bbox 798 3732 943 3789; x_wconf 81' lang='lat' dir='ltr'><strong>aliud</strong></span> <span class='ocrx_word' id='word_1_406' title='bbox 968 3731 1102 3805; x_wconf 90' lang='lat' dir='ltr'><strong>ipse,</strong></span> <span class='ocrx_word' id='word_1_407' title='bbox 1139 3747 1170 3788; x_wconf 92' lang='lat' dir='ltr'><strong>a</strong></span> <span class='ocrx_word' id='word_1_408' title='bbox 1193 3747 1302 3804; x_wconf 87' lang='lat' dir='ltr'><strong>quo</strong></span> <span class='ocrx_word' id='word_1_409' title='bbox 1321 3730 1580 3805; x_wconf 86' lang='lat' dir='ltr'><strong>procedit.</strong></span> <span class='ocrx_word' id='word_1_410' title='bbox 1630 3730 1738 3788; x_wconf 88' lang='lat' dir='ltr'><strong>Sed</strong></span> <span class='ocrx_word' id='word_1_411' title='bbox 1769 3732 1875 3787; x_wconf 89' lang='lat' dir='ltr'><strong>hoc</strong></span> 
     </span>
    </p>
   </div>
   <div class='ocr_carea' id='block_1_53' title="bbox 286 3825 1871 3899">
    <p class='ocr_par' dir='ltr' id='par_1_53' title="bbox 286 3825 1871 3899">
     <span class='ocr_line' id='line_1_53' title="bbox 286 3825 1871 3899; baseline -0.001 -18"><span class='ocrx_word' id='word_1_412' title='bbox 286 3827 431 3899; x_wconf 87' lang='lat' dir='ltr'><strong>quod</strong></span> <span class='ocrx_word' id='word_1_413' title='bbox 467 3826 583 3898; x_wconf 85' lang='lat' dir='ltr'><strong>ipse</strong></span> <span class='ocrx_word' id='word_1_414' title='bbox 618 3834 732 3893; x_wconf 86' lang='lat' dir='ltr'><strong>est,</strong></span> <span class='ocrx_word' id='word_1_415' title='bbox 769 3826 873 3883; x_wconf 91' lang='lat' dir='ltr'><strong>hoc</strong></span> <span class='ocrx_word' id='word_1_416' title='bbox 914 3826 1080 3881; x_wconf 88' lang='lat' dir='ltr'><strong>etiam</strong></span> <span class='ocrx_word' id='word_1_417' title='bbox 1120 3825 1189 3880; x_wconf 91' lang='lat' dir='ltr'><strong>ab</strong></span> <span class='ocrx_word' id='word_1_418' title='bbox 1229 3841 1294 3881; x_wconf 93' lang='lat' dir='ltr'><strong>eo</strong></span> <span class='ocrx_word' id='word_1_419' title='bbox 1330 3826 1574 3897; x_wconf 88' lang='lat' dir='ltr'><strong>procedit</strong></span> <span class='ocrx_word' id='word_1_420' title='bbox 1600 3867 1616 3892; x_wconf 90' lang='lat'><strong>,</strong></span> <span class='ocrx_word' id='word_1_421' title='bbox 1670 3826 1721 3881; x_wconf 87' lang='lat' dir='ltr'><strong>id</strong></span> <span class='ocrx_word' id='word_1_422' title='bbox 1764 3832 1871 3892; x_wconf 87' lang='lat' dir='ltr'><strong>est,</strong></span> 
     </span>
    </p>
   </div>
   <div class='ocr_carea' id='block_1_54' title="bbox 287 3917 1875 3990">
    <p class='ocr_par' dir='ltr' id='par_1_54' title="bbox 287 3917 1875 3990">
     <span class='ocr_line' id='line_1_54' title="bbox 287 3917 1875 3990; baseline 0.003 -15"><span class='ocrx_word' id='word_1_423' title='bbox 287 3920 432 3985; x_wconf 82' lang='lat' dir='ltr'><strong>Deus</strong></span> <span class='ocrx_word' id='word_1_424' title='bbox 460 3920 527 3975; x_wconf 89' lang='lat' dir='ltr'><strong>de</strong></span> <span class='ocrx_word' id='word_1_425' title='bbox 549 3918 661 3975; x_wconf 88' lang='lat' dir='ltr'><strong>Deo</strong></span> <span class='ocrx_word' id='word_1_426' title='bbox 689 3918 952 3985; x_wconf 87' lang='lat' dir='ltr'><strong>nascitur,</strong></span> <span class='ocrx_word' id='word_1_427' title='bbox 974 3918 1041 3975; x_wconf 83' lang='lat' dir='ltr'><strong>de</strong></span> <span class='ocrx_word' id='word_1_428' title='bbox 1060 3917 1170 3973; x_wconf 89' lang='lat' dir='ltr'><strong>Deo</strong></span> <span class='ocrx_word' id='word_1_429' title='bbox 1193 3918 1336 3974; x_wconf 86' lang='lat' dir='ltr'><strong>Deus</strong></span> <span class='ocrx_word' id='word_1_430' title='bbox 1363 3920 1623 3990; x_wconf 86' lang='lat' dir='ltr'><strong>procedit.</strong></span> <span class='ocrx_word' id='word_1_431' title='bbox 1656 3920 1726 3977; x_wconf 85' lang='lat' dir='ltr'><strong>Et</strong></span> <span class='ocrx_word' id='word_1_432' title='bbox 1754 3922 1875 3980; x_wconf 89' lang='lat' dir='ltr'><strong>ideo</strong></span> 
     </span>
    </p>
   </div>
   <div class='ocr_carea' id='block_1_55' title="bbox 288 4008 1875 4083">
    <p class='ocr_par' dir='ltr' id='par_1_55' title="bbox 288 4008 1875 4083">
     <span class='ocr_line' id='line_1_55' title="bbox 288 4008 1875 4083; baseline 0.001 -14"><span class='ocrx_word' id='word_1_433' title='bbox 288 4027 396 4069; x_wconf 86' lang='lat' dir='ltr'><strong>non</strong></span> <span class='ocrx_word' id='word_1_434' title='bbox 428 4011 553 4077; x_wconf 86' lang='lat' dir='ltr'><strong>alia,</strong></span> <span class='ocrx_word' id='word_1_435' title='bbox 589 4025 697 4066; x_wconf 89' lang='lat' dir='ltr'><strong>non</strong></span> <span class='ocrx_word' id='word_1_436' title='bbox 721 4010 955 4077; x_wconf 87' lang='lat' dir='ltr'><strong>diversa,</strong></span> <span class='ocrx_word' id='word_1_437' title='bbox 989 4008 1086 4066; x_wconf 87' lang='lat' dir='ltr'><strong>sed</strong></span> <span class='ocrx_word' id='word_1_438' title='bbox 1106 4025 1213 4065; x_wconf 88' lang='lat' dir='ltr'><strong>una</strong></span> <span class='ocrx_word' id='word_1_439' title='bbox 1241 4010 1540 4083; x_wconf 88' lang='lat' dir='ltr'><strong>eademque</strong></span> <span class='ocrx_word' id='word_1_440' title='bbox 1576 4008 1680 4068; x_wconf 91' lang='lat' dir='ltr'><strong>ﬁde</strong></span> <span class='ocrx_word' id='word_1_441' title='bbox 1709 4015 1875 4071; x_wconf 88' lang='lat' dir='ltr'><strong>credo</strong></span> 
     </span>
    </p>
   </div>
   <div class='ocr_carea' id='block_1_56' title="bbox 289 4102 1872 4176">
    <p class='ocr_par' dir='ltr' id='par_1_56' title="bbox 289 4102 1872 4176">
     <span class='ocr_line' id='line_1_56' title="bbox 289 4102 1872 4176; baseline 0.002 -14"><span class='ocrx_word' id='word_1_442' title='bbox 289 4113 348 4162; x_wconf 88' lang='lat' dir='ltr'><strong>et</strong></span> <span class='ocrx_word' id='word_1_443' title='bbox 389 4105 444 4161; x_wconf 91' lang='lat' dir='ltr'><strong>in</strong></span> <span class='ocrx_word' id='word_1_444' title='bbox 475 4102 734 4176; x_wconf 85' lang='lat' dir='ltr'><strong>Spiritum</strong></span> <span class='ocrx_word' id='word_1_445' title='bbox 768 4112 1043 4169; x_wconf 89' lang='lat' dir='ltr'><strong>sanctum,</strong></span> <span class='ocrx_word' id='word_1_446' title='bbox 1073 4102 1361 4158; x_wconf 87' lang='lat' dir='ltr'><strong>Dominum</strong></span> <span class='ocrx_word' id='word_1_447' title='bbox 1398 4113 1453 4159; x_wconf 91' lang='lat' dir='ltr'><strong>et</strong></span> <span class='ocrx_word' id='word_1_448' title='bbox 1488 4105 1872 4176; x_wconf 88' lang='lat' dir='ltr'><strong>viviﬁcantem,</strong></span> 
     </span>
    </p>
   </div>
   <div class='ocr_carea' id='block_1_57' title="bbox 290 4192 1877 4267">
    <p class='ocr_par' dir='ltr' id='par_1_57' title="bbox 290 4192 1877 4267">
     <span class='ocr_line' id='line_1_57' title="bbox 290 4192 1877 4267; baseline 0.004 -18"><span class='ocrx_word' id='word_1_449' title='bbox 290 4197 383 4267; x_wconf 88' lang='lat' dir='ltr'><strong>qui</strong></span> <span class='ocrx_word' id='word_1_450' title='bbox 404 4211 473 4254; x_wconf 79' lang='lat' dir='ltr'><strong>ex</strong></span> <span class='ocrx_word' id='word_1_451' title='bbox 498 4193 653 4251; x_wconf 88' lang='lat' dir='ltr'><strong>Patre</strong></span> <span class='ocrx_word' id='word_1_452' title='bbox 675 4192 917 4265; x_wconf 86' lang='lat' dir='ltr'><strong>Filioque</strong></span> <span class='ocrx_word' id='word_1_453' title='bbox 938 4194 1201 4265; x_wconf 89' lang='lat' dir='ltr'><strong>procedit,</strong></span> <span class='ocrx_word' id='word_1_454' title='bbox 1226 4194 1317 4266; x_wconf 90' lang='lat' dir='ltr'><strong>qui</strong></span> <span class='ocrx_word' id='word_1_455' title='bbox 1344 4211 1467 4252; x_wconf 90' lang='lat' dir='ltr'><strong>cum</strong></span> <span class='ocrx_word' id='word_1_456' title='bbox 1486 4194 1647 4254; x_wconf 85' lang='lat' dir='ltr'><strong>Patre</strong></span> <span class='ocrx_word' id='word_1_457' title='bbox 1665 4207 1719 4254; x_wconf 92' lang='lat' dir='ltr'><strong>et</strong></span> <span class='ocrx_word' id='word_1_458' title='bbox 1740 4198 1877 4255; x_wconf 92' lang='lat' dir='ltr'><strong>Filio</strong></span> 
     </span>
    </p>
   </div>
   <div class='ocr_carea' id='block_1_58' title="bbox 290 4284 1879 4362">
    <p class='ocr_par' dir='ltr' id='par_1_58' title="bbox 290 4284 1879 4362">
     <span class='ocr_line' id='line_1_58' title="bbox 290 4284 1879 4362; baseline 0.001 -18"><span class='ocrx_word' id='word_1_459' title='bbox 290 4287 452 4344; x_wconf 89' lang='lat' dir='ltr'><strong>simul</strong></span> <span class='ocrx_word' id='word_1_460' title='bbox 474 4287 734 4344; x_wconf 89' lang='lat' dir='ltr'><strong>adoratur</strong></span> <span class='ocrx_word' id='word_1_461' title='bbox 756 4293 812 4341; x_wconf 87' lang='lat' dir='ltr'><strong>et</strong></span> <span class='ocrx_word' id='word_1_462' title='bbox 832 4284 1287 4357; x_wconf 85' lang='lat' dir='ltr'><strong>congloriﬁcatur,</strong></span> <span class='ocrx_word' id='word_1_463' title='bbox 1322 4286 1414 4359; x_wconf 89' lang='lat' dir='ltr'><strong>qui</strong></span> <span class='ocrx_word' id='word_1_464' title='bbox 1445 4286 1654 4344; x_wconf 89' lang='lat' dir='ltr'><strong>locutus</strong></span> <span class='ocrx_word' id='word_1_465' title='bbox 1674 4298 1759 4345; x_wconf 89' lang='lat' dir='ltr'><strong>est</strong></span> <span class='ocrx_word' id='word_1_466' title='bbox 1779 4306 1879 4362; x_wconf 90' lang='lat' dir='ltr'><strong>per</strong></span> 
     </span>
    </p>
   </div>
   <div class='ocr_carea' id='block_1_59' title="bbox 292 4375 1879 4454">
    <p class='ocr_par' dir='ltr' id='par_1_59' title="bbox 292 4375 1879 4454">
     <span class='ocr_line' id='line_1_59' title="bbox 292 4375 1879 4454; baseline 0.003 -20"><span class='ocrx_word' id='word_1_467' title='bbox 292 4380 617 4451; x_wconf 86' lang='lat' dir='ltr'><strong>prophetas;</strong></span> <span class='ocrx_word' id='word_1_468' title='bbox 654 4378 747 4450; x_wconf 90' lang='lat' dir='ltr'><strong>qui</strong></span> <span class='ocrx_word' id='word_1_469' title='bbox 789 4377 843 4432; x_wconf 92' lang='lat' dir='ltr'><strong>in</strong></span> <span class='ocrx_word' id='word_1_470' title='bbox 883 4375 1145 4433; x_wconf 68' lang='lat' dir='ltr'><strong>columbae</strong></span> <span class='ocrx_word' id='word_1_471' title='bbox 1180 4378 1361 4449; x_wconf 89' lang='lat' dir='ltr'><strong>specie</strong></span> <span class='ocrx_word' id='word_1_472' title='bbox 1406 4379 1684 4438; x_wconf 87' lang='lat' dir='ltr'><strong>descendit</strong></span> <span class='ocrx_word' id='word_1_473' title='bbox 1716 4398 1879 4454; x_wconf 89' lang='lat' dir='ltr'><strong>super</strong></span> 
     </span>
    </p>
   </div>
   <div class='ocr_carea' id='block_1_60' title="bbox 293 4465 1880 4545">
    <p class='ocr_par' dir='ltr' id='par_1_60' title="bbox 293 4465 1880 4545">
     <span class='ocr_line' id='line_1_60' title="bbox 293 4465 1880 4545; baseline 0.002 -17"><span class='ocrx_word' id='word_1_474' title='bbox 293 4471 579 4528; x_wconf 87' lang='lat' dir='ltr'><strong>Dominum</strong></span> <span class='ocrx_word' id='word_1_475' title='bbox 622 4466 809 4525; x_wconf 83' lang='lat' dir='ltr'><strong>Jesum</strong></span> <span class='ocrx_word' id='word_1_476' title='bbox 853 4465 1161 4534; x_wconf 85' lang='lat' dir='ltr'><strong>Christum;</strong></span> <span class='ocrx_word' id='word_1_477' title='bbox 1202 4468 1297 4539; x_wconf 93' lang='lat' dir='ltr'><strong>qui</strong></span> <span class='ocrx_word' id='word_1_478' title='bbox 1342 4468 1396 4525; x_wconf 90' lang='lat' dir='ltr'><strong>in</strong></span> <span class='ocrx_word' id='word_1_479' title='bbox 1446 4469 1569 4543; x_wconf 87' lang='lat' dir='ltr'><strong>igne</strong></span> <span class='ocrx_word' id='word_1_480' title='bbox 1600 4470 1880 4545; x_wconf 88' lang='lat' dir='ltr'><strong>discipulis</strong></span> 
     </span>
    </p>
   </div>
   <div class='ocr_carea' id='block_1_61' title="bbox 292 4560 1879 4635">
    <p class='ocr_par' dir='ltr' id='par_1_61' title="bbox 292 4560 1879 4635">
     <span class='ocr_line' id='line_1_61' title="bbox 292 4560 1879 4635; baseline 0.003 -16"><span class='ocrx_word' id='word_1_481' title='bbox 292 4561 560 4635; x_wconf 87' lang='lat' dir='ltr'><strong>apparuit,</strong></span> <span class='ocrx_word' id='word_1_482' title='bbox 588 4561 829 4617; x_wconf 88' lang='lat' dir='ltr'><strong>tribuens</strong></span> <span class='ocrx_word' id='word_1_483' title='bbox 858 4560 939 4616; x_wconf 90' lang='lat' dir='ltr'><strong>eis</strong></span> <span class='ocrx_word' id='word_1_484' title='bbox 963 4560 1353 4617; x_wconf 85' lang='lat' dir='ltr'><strong>charismatum</strong></span> <span class='ocrx_word' id='word_1_485' title='bbox 1381 4562 1519 4619; x_wconf 91' lang='lat' dir='ltr'><strong>dona</strong></span> <span class='ocrx_word' id='word_1_486' title='bbox 1547 4571 1604 4619; x_wconf 91' lang='lat' dir='ltr'><strong>et</strong></span> <span class='ocrx_word' id='word_1_487' title='bbox 1636 4566 1879 4623; x_wconf 89' lang='lat' dir='ltr'><strong>omnium</strong></span> 
     </span>
    </p>
   </div>
   <div class='ocr_carea' id='block_1_62' title="bbox 293 4650 1878 4728">
    <p class='ocr_par' dir='ltr' id='par_1_62' title="bbox 293 4650 1878 4728">
     <span class='ocr_line' id='line_1_62' title="bbox 293 4650 1878 4728; baseline -0.004 -19"><span class='ocrx_word' id='word_1_488' title='bbox 293 4653 600 4727; x_wconf 85' lang='lat' dir='ltr'><strong>linguarum</strong></span> <span class='ocrx_word' id='word_1_489' title='bbox 623 4652 924 4709; x_wconf 84' lang='lat' dir='ltr'><strong>scientiam.</strong></span> <span class='ocrx_word' id='word_1_490' title='bbox 963 4650 1064 4718; x_wconf 87' lang='lat' dir='ltr'><strong>Qui</strong></span> <span class='ocrx_word' id='word_1_491' title='bbox 1089 4650 1329 4709; x_wconf 87' lang='lat' dir='ltr'><strong>viviﬁcat</strong></span> <span class='ocrx_word' id='word_1_492' title='bbox 1360 4655 1564 4722; x_wconf 90' lang='lat' dir='ltr'><strong>omnia,</strong></span> <span class='ocrx_word' id='word_1_493' title='bbox 1596 4656 1690 4728; x_wconf 88' lang='lat' dir='ltr'><strong>qui</strong></span> <span class='ocrx_word' id='word_1_494' title='bbox 1725 4673 1878 4716; x_wconf 70' lang='lat' dir='ltr'><strong>seru-</strong></span> 
     </span>
    </p>
   </div>
   <div class='ocr_carea' id='block_1_63' title="bbox 292 4740 1876 4821">
    <p class='ocr_par' dir='ltr' id='par_1_63' title="bbox 292 4740 1876 4821">
     <span class='ocr_line' id='line_1_63' title="bbox 292 4740 1876 4821; baseline 0.004 -20"><span class='ocrx_word' id='word_1_495' title='bbox 292 4754 441 4801; x_wconf 90' lang='lat' dir='ltr'><strong>tatur</strong></span> <span class='ocrx_word' id='word_1_496' title='bbox 468 4743 726 4816; x_wconf 85' lang='lat' dir='ltr'><strong>mysteria</strong></span> <span class='ocrx_word' id='word_1_497' title='bbox 769 4740 936 4809; x_wconf 89' lang='lat' dir='ltr'><strong>solus,</strong></span> <span class='ocrx_word' id='word_1_498' title='bbox 978 4752 1032 4799; x_wconf 91' lang='lat' dir='ltr'><strong>et</strong></span> <span class='ocrx_word' id='word_1_499' title='bbox 1057 4742 1322 4815; x_wconf 80' lang='lat' dir='ltr'><strong>profunda</strong></span> <span class='ocrx_word' id='word_1_500' title='bbox 1347 4744 1443 4801; x_wconf 86' lang='lat' dir='ltr'><strong>Dei</strong></span> <span class='ocrx_word' id='word_1_501' title='bbox 1470 4765 1483 4801; x_wconf 89' lang='lat'><strong>:</strong></span> <span class='ocrx_word' id='word_1_502' title='bbox 1508 4748 1600 4818; x_wconf 91' lang='lat' dir='ltr'><strong>qui</strong></span> <span class='ocrx_word' id='word_1_503' title='bbox 1633 4756 1876 4821; x_wconf 81' lang='lat' dir='ltr'><strong>tempore</strong></span> 
     </span>
    </p>
   </div>
   <div class='ocr_carea' id='block_1_64' title="bbox 292 4834 1872 4910">
    <p class='ocr_par' dir='ltr' id='par_1_64' title="bbox 292 4834 1872 4910">
     <span class='ocr_line' id='line_1_64' title="bbox 292 4834 1872 4910; baseline 0.003 -18"><span class='ocrx_word' id='word_1_504' title='bbox 292 4836 544 4910; x_wconf 85' lang='lat' dir='ltr'><strong>baptismi</strong></span> <span class='ocrx_word' id='word_1_505' title='bbox 582 4836 791 4893; x_wconf 89' lang='lat' dir='ltr'><strong>animas</strong></span> <span class='ocrx_word' id='word_1_506' title='bbox 818 4834 1157 4893; x_wconf 83' lang='lat' dir='ltr'><strong>credentium</strong></span> <span class='ocrx_word' id='word_1_507' title='bbox 1200 4844 1258 4892; x_wconf 86' lang='lat' dir='ltr'><strong>et</strong></span> <span class='ocrx_word' id='word_1_508' title='bbox 1285 4851 1513 4909; x_wconf 90' lang='lat' dir='ltr'><strong>corpora</strong></span> <span class='ocrx_word' id='word_1_509' title='bbox 1552 4840 1872 4897; x_wconf 86' lang='lat' dir='ltr'><strong>sanctiﬁcat.</strong></span> 
     </span>
    </p>
   </div>
   <div class='ocr_carea' id='block_1_65' title="bbox 292 4926 1872 5001">
    <p class='ocr_par' dir='ltr' id='par_1_65' title="bbox 292 4926 1872 5001">
     <span class='ocr_line' id='line_1_65' title="bbox 292 4926 1872 5001; baseline 0.001 -14"><span class='ocrx_word' id='word_1_510' title='bbox 292 4929 395 4987; x_wconf 76' lang='lat' dir='ltr'><strong>llic</strong></span> <span class='ocrx_word' id='word_1_511' title='bbox 416 4943 557 4987; x_wconf 91' lang='lat' dir='ltr'><strong>unus</strong></span> <span class='ocrx_word' id='word_1_512' title='bbox 580 4927 799 5000; x_wconf 88' lang='lat' dir='ltr'><strong>quidem</strong></span> <span class='ocrx_word' id='word_1_513' title='bbox 819 4934 923 4993; x_wconf 87' lang='lat' dir='ltr'><strong>est,</strong></span> <span class='ocrx_word' id='word_1_514' title='bbox 950 4927 1044 4983; x_wconf 86' lang='lat' dir='ltr'><strong>sed</strong></span> <span class='ocrx_word' id='word_1_515' title='bbox 1072 4926 1345 4999; x_wconf 80' lang='lat' dir='ltr'><strong>multiplex</strong></span> <span class='ocrx_word' id='word_1_516' title='bbox 1374 4928 1427 4983; x_wconf 88' lang='lat' dir='ltr'><strong>in</strong></span> <span class='ocrx_word' id='word_1_517' title='bbox 1450 4931 1872 5001; x_wconf 88' lang='lat' dir='ltr'><strong>operationibus.</strong></span> 
     </span>
    </p>
   </div>
   <div class='ocr_carea' id='block_1_66' title="bbox 295 5020 1876 5097">
    <p class='ocr_par' dir='ltr' id='par_1_66' title="bbox 295 5020 1876 5097">
     <span class='ocr_line' id='line_1_66' title="bbox 295 5020 1876 5097; baseline 0.002 -16"><span class='ocrx_word' id='word_1_518' title='bbox 295 5024 414 5097; x_wconf 86' lang='lat' dir='ltr'><strong>Ipse</strong></span> <span class='ocrx_word' id='word_1_519' title='bbox 438 5021 629 5078; x_wconf 84' lang='lat' dir='ltr'><strong>dividit</strong></span> <span class='ocrx_word' id='word_1_520' title='bbox 655 5020 953 5094; x_wconf 73' lang='lat' dir='ltr'><strong>gratiarum</strong></span> <span class='ocrx_word' id='word_1_521' title='bbox 982 5020 1121 5076; x_wconf 89' lang='lat' dir='ltr'><strong>dona</strong></span> <span class='ocrx_word' id='word_1_522' title='bbox 1148 5020 1373 5094; x_wconf 81' lang='lat' dir='ltr'><strong>singulis</strong></span> <span class='ocrx_word' id='word_1_523' title='bbox 1395 5035 1554 5094; x_wconf 88' lang='lat' dir='ltr'><strong>prout</strong></span> <span class='ocrx_word' id='word_1_524' title='bbox 1577 5024 1688 5080; x_wconf 87' lang='lat' dir='ltr'><strong>vult</strong></span> <span class='ocrx_word' id='word_1_525' title='bbox 1718 5045 1730 5080; x_wconf 95' lang='lat'>:</span> <span class='ocrx_word' id='word_1_526' title='bbox 1757 5027 1876 5084; x_wconf 91' lang='lat' dir='ltr'><strong>sine</strong></span> 
     </span>
    </p>
   </div>
   <div class='ocr_carea' id='block_1_67' title="bbox 294 5112 1879 5188">
    <p class='ocr_par' dir='ltr' id='par_1_67' title="bbox 294 5112 1879 5188">
     <span class='ocr_line' id='line_1_67' title="bbox 294 5112 1879 5188; baseline 0.003 -16"><span class='ocrx_word' id='word_1_527' title='bbox 294 5129 403 5188; x_wconf 91' lang='lat' dir='ltr'><strong>quo</strong></span> <span class='ocrx_word' id='word_1_528' title='bbox 435 5127 529 5171; x_wconf 90' lang='lat' dir='ltr'><strong>cor</strong></span> <span class='ocrx_word' id='word_1_529' title='bbox 552 5114 825 5185; x_wconf 87' lang='lat' dir='ltr'><strong>stupidum</strong></span> <span class='ocrx_word' id='word_1_530' title='bbox 849 5120 936 5170; x_wconf 87' lang='lat' dir='ltr'><strong>est</strong></span> <span class='ocrx_word' id='word_1_531' title='bbox 971 5119 1027 5169; x_wconf 88' lang='lat' dir='ltr'><strong>et</strong></span> <span class='ocrx_word' id='word_1_532' title='bbox 1052 5112 1308 5179; x_wconf 88' lang='lat' dir='ltr'><strong>stultum;</strong></span> <span class='ocrx_word' id='word_1_533' title='bbox 1340 5114 1459 5171; x_wconf 86' lang='lat' dir='ltr'><strong>sine</strong></span> <span class='ocrx_word' id='word_1_534' title='bbox 1491 5115 1645 5186; x_wconf 89' lang='lat' dir='ltr'><strong>cujus</strong></span> <span class='ocrx_word' id='word_1_535' title='bbox 1674 5118 1879 5177; x_wconf 85' lang='lat' dir='ltr'><strong>virtute.</strong></span> 
     </span>
    </p>
   </div>
   <div class='ocr_carea' id='block_1_68' title="bbox 295 5205 1876 5281">
    <p class='ocr_par' dir='ltr' id='par_1_68' title="bbox 295 5205 1876 5281">
     <span class='ocr_line' id='line_1_68' title="bbox 295 5205 1876 5281; baseline 0.002 -16"><span class='ocrx_word' id='word_1_536' title='bbox 295 5207 438 5265; x_wconf 85' lang='lat' dir='ltr'><strong>nulla</strong></span> <span class='ocrx_word' id='word_1_537' title='bbox 466 5213 713 5265; x_wconf 88' lang='lat' dir='ltr'><strong>creatura</strong></span> <span class='ocrx_word' id='word_1_538' title='bbox 744 5214 921 5276; x_wconf 83' lang='lat' dir='ltr'><strong>potest</strong></span> <span class='ocrx_word' id='word_1_539' title='bbox 951 5206 1020 5263; x_wconf 85' lang='lat' dir='ltr'><strong>ad</strong></span> <span class='ocrx_word' id='word_1_540' title='bbox 1052 5205 1407 5262; x_wconf 74' lang='lat' dir='ltr'><strong>aeternitatem</strong></span> <span class='ocrx_word' id='word_1_541' title='bbox 1441 5208 1666 5263; x_wconf 85' lang='lat' dir='ltr'><strong>venire:</strong></span> <span class='ocrx_word' id='word_1_542' title='bbox 1692 5210 1787 5281; x_wconf 89' lang='lat' dir='ltr'><strong>qui</strong></span> <span class='ocrx_word' id='word_1_543' title='bbox 1822 5220 1876 5268; x_wconf 90' lang='lat' dir='ltr'><strong>et</strong></span> 
     </span>
    </p>
   </div>
   <div class='ocr_carea' id='block_1_69' title="bbox 296 5297 1878 5370">
    <p class='ocr_par' dir='ltr' id='par_1_69' title="bbox 296 5297 1878 5370">
     <span class='ocr_line' id='line_1_69' title="bbox 296 5297 1878 5370; baseline 0.004 -15"><span class='ocrx_word' id='word_1_544' title='bbox 296 5300 578 5356; x_wconf 87' lang='lat' dir='ltr'><strong>universas</strong></span> <span class='ocrx_word' id='word_1_545' title='bbox 615 5298 874 5356; x_wconf 62' lang='lat' dir='ltr'><strong>calorum</strong></span> <span class='ocrx_word' id='word_1_546' title='bbox 906 5302 1208 5370; x_wconf 86' lang='lat' dir='ltr'><strong>potestates</strong></span> <span class='ocrx_word' id='word_1_547' title='bbox 1240 5313 1338 5356; x_wconf 88' lang='lat' dir='ltr'><strong>sua</strong></span> <span class='ocrx_word' id='word_1_548' title='bbox 1363 5297 1641 5369; x_wconf 85' lang='lat' dir='ltr'><strong>Majestate</strong></span> <span class='ocrx_word' id='word_1_549' title='bbox 1677 5306 1878 5362; x_wconf 87' lang='lat' dir='ltr'><strong>sancti-</strong></span> 
     </span>
    </p>
   </div>
   <div class='ocr_carea' id='block_1_70' title="bbox 298 5390 1876 5465">
    <p class='ocr_par' dir='ltr' id='par_1_70' title="bbox 298 5390 1876 5465">
     <span class='ocr_line' id='line_1_70' title="bbox 298 5390 1876 5465; baseline 0.003 -17"><span class='ocrx_word' id='word_1_550' title='bbox 298 5391 442 5448; x_wconf 89' lang='lat' dir='ltr'><strong>ﬁcat.</strong></span> <span class='ocrx_word' id='word_1_551' title='bbox 477 5390 733 5447; x_wconf 80' lang='lat' dir='ltr'><strong>Mirabilis</strong></span> <span class='ocrx_word' id='word_1_552' title='bbox 757 5390 961 5455; x_wconf 85' lang='lat' dir='ltr'><strong>doctor,</strong></span> <span class='ocrx_word' id='word_1_553' title='bbox 1003 5398 1059 5447; x_wconf 87' lang='lat' dir='ltr'><strong>et</strong></span> <span class='ocrx_word' id='word_1_554' title='bbox 1091 5398 1280 5464; x_wconf 86' lang='lat' dir='ltr'><strong>potens</strong></span> <span class='ocrx_word' id='word_1_555' title='bbox 1312 5390 1528 5459; x_wconf 78' lang='lat' dir='ltr'><strong>artifex,</strong></span> <span class='ocrx_word' id='word_1_556' title='bbox 1562 5395 1657 5465; x_wconf 91' lang='lat' dir='ltr'><strong>qui</strong></span> <span class='ocrx_word' id='word_1_557' title='bbox 1699 5395 1754 5453; x_wconf 88' lang='lat' dir='ltr'><strong>in</strong></span> <span class='ocrx_word' id='word_1_558' title='bbox 1796 5394 1876 5453; x_wconf 84' lang='lat' dir='ltr'><strong>fa-</strong></span> 
     </span>
    </p>
   </div>
   <div class='ocr_carea' id='block_1_71' title="bbox 298 5481 1873 5556">
    <p class='ocr_par' dir='ltr' id='par_1_71' title="bbox 298 5481 1873 5556">
     <span class='ocr_line' id='line_1_71' title="bbox 298 5481 1873 5556; baseline 0.003 -16"><span class='ocrx_word' id='word_1_559' title='bbox 298 5484 490 5542; x_wconf 87' lang='lat' dir='ltr'><strong>ciendo</strong></span> <span class='ocrx_word' id='word_1_560' title='bbox 543 5484 743 5540; x_wconf 86' lang='lat' dir='ltr'><strong>nullam</strong></span> <span class='ocrx_word' id='word_1_561' title='bbox 794 5497 1004 5541; x_wconf 87' lang='lat' dir='ltr'><strong>moram</strong></span> <span class='ocrx_word' id='word_1_562' title='bbox 1050 5481 1180 5555; x_wconf 86' lang='lat' dir='ltr'><strong>agit,</strong></span> <span class='ocrx_word' id='word_1_563' title='bbox 1224 5483 1317 5554; x_wconf 89' lang='lat' dir='ltr'><strong>qui</strong></span> <span class='ocrx_word' id='word_1_564' title='bbox 1370 5483 1533 5541; x_wconf 88' lang='lat' dir='ltr'><strong>corda</strong></span> <span class='ocrx_word' id='word_1_565' title='bbox 1577 5486 1873 5556; x_wconf 88' lang='lat' dir='ltr'><strong>molliﬁcat,</strong></span> 
     </span>
    </p>
   </div>
   <div class='ocr_carea' id='block_1_72' title="bbox 296 5573 1874 5650">
    <p class='ocr_par' dir='ltr' id='par_1_72' title="bbox 296 5573 1874 5650">
     <span class='ocr_line' id='line_1_72' title="bbox 296 5573 1874 5650; baseline 0.003 -17"><span class='ocrx_word' id='word_1_566' title='bbox 296 5585 355 5634; x_wconf 86' lang='lat' dir='ltr'><strong>et</strong></span> <span class='ocrx_word' id='word_1_567' title='bbox 382 5574 629 5648; x_wconf 86' lang='lat' dir='ltr'><strong>producit</strong></span> <span class='ocrx_word' id='word_1_568' title='bbox 670 5574 1059 5648; x_wconf 79' lang='lat' dir='ltr'><strong>pceuitentibus</strong></span> <span class='ocrx_word' id='word_1_569' title='bbox 1094 5573 1382 5647; x_wconf 77' lang='lat' dir='ltr'><strong>lacrymas,</strong></span> <span class='ocrx_word' id='word_1_570' title='bbox 1408 5578 1499 5648; x_wconf 89' lang='lat' dir='ltr'><strong>qui</strong></span> <span class='ocrx_word' id='word_1_571' title='bbox 1525 5588 1874 5650; x_wconf 89' lang='lat' dir='ltr'><strong>peccatorum</strong></span> 
     </span>
    </p>
   </div>
   <div class='ocr_carea' id='block_1_73' title="bbox 300 5666 1873 5741">
    <p class='ocr_par' dir='ltr' id='par_1_73' title="bbox 300 5666 1873 5741">
     <span class='ocr_line' id='line_1_73' title="bbox 300 5666 1873 5741; baseline 0.002 -16"><span class='ocrx_word' id='word_1_572' title='bbox 300 5667 395 5725; x_wconf 87' lang='lat' dir='ltr'><strong>dat</strong></span> <span class='ocrx_word' id='word_1_573' title='bbox 423 5666 817 5733; x_wconf 86' lang='lat' dir='ltr'><strong>remissionem,</strong></span> <span class='ocrx_word' id='word_1_574' title='bbox 860 5666 912 5723; x_wconf 90' lang='lat' dir='ltr'><strong>in</strong></span> <span class='ocrx_word' id='word_1_575' title='bbox 941 5682 1122 5737; x_wconf 90' lang='lat' dir='ltr'><strong>quem,</strong></span> <span class='ocrx_word' id='word_1_576' title='bbox 1149 5668 1193 5724; x_wconf 89' lang='lat' dir='ltr'><strong>si</strong></span> <span class='ocrx_word' id='word_1_577' title='bbox 1236 5669 1358 5740; x_wconf 88' lang='lat' dir='ltr'><strong>quis</strong></span> <span class='ocrx_word' id='word_1_578' title='bbox 1399 5670 1873 5741; x_wconf 86' lang='lat' dir='ltr'><strong>blasphemaverit,</strong></span> 
     </span>
    </p>
   </div>
   <div class='ocr_carea' id='block_1_74' title="bbox 301 5760 1876 5831">
    <p class='ocr_par' dir='ltr' id='par_1_74' title="bbox 301 5760 1876 5831">
     <span class='ocr_line' id='line_1_74' title="bbox 301 5760 1876 5831; baseline 0.005 -16"><span class='ocrx_word' id='word_1_579' title='bbox 301 5774 409 5815; x_wconf 86' lang='lat' dir='ltr'><strong>non</strong></span> <span class='ocrx_word' id='word_1_580' title='bbox 439 5760 602 5818; x_wconf 88' lang='lat' dir='ltr'><strong>habet</strong></span> <span class='ocrx_word' id='word_1_581' title='bbox 630 5760 1025 5826; x_wconf 88' lang='lat' dir='ltr'><strong>remissionem,</strong></span> <span class='ocrx_word' id='word_1_582' title='bbox 1064 5761 1219 5831; x_wconf 80' lang='lat' dir='ltr'><strong>juxta</strong></span> <span class='ocrx_word' id='word_1_583' title='bbox 1252 5761 1461 5819; x_wconf 90' lang='lat' dir='ltr'><strong>Domini</strong></span> <span class='ocrx_word' id='word_1_584' title='bbox 1499 5764 1722 5822; x_wconf 88' lang='lat' dir='ltr'><strong>dictum.</strong></span> <span class='ocrx_word' id='word_1_585' title='bbox 1778 5765 1876 5823; x_wconf 86' lang='lat' dir='ltr'><strong>Hic</strong></span> 
     </span>
    </p>
   </div>
   <div class='ocr_carea' id='block_1_75' title="bbox 300 5850 1876 5926">
    <p class='ocr_par' dir='ltr' id='par_1_75' title="bbox 300 5850 1876 5926">
     <span class='ocr_line' id='line_1_75' title="bbox 300 5850 1876 5926; baseline 0.003 -12"><span class='ocrx_word' id='word_1_586' title='bbox 300 5850 535 5926; x_wconf 75' lang='lat' dir='ltr'><strong>Spiritus</strong></span> <span class='ocrx_word' id='word_1_587' title='bbox 583 5865 800 5911; x_wconf 86' lang='lat' dir='ltr'><strong>sanctus</strong></span> <span class='ocrx_word' id='word_1_588' title='bbox 830 5853 1071 5911; x_wconf 79' lang='lat' dir='ltr'><strong>Charitas</strong></span> <span class='ocrx_word' id='word_1_589' title='bbox 1093 5854 1320 5923; x_wconf 86' lang='lat' dir='ltr'><strong>dicitur;</strong></span> <span class='ocrx_word' id='word_1_590' title='bbox 1360 5856 1501 5912; x_wconf 80' lang='lat' dir='ltr'><strong>sicut</strong></span> <span class='ocrx_word' id='word_1_591' title='bbox 1527 5859 1745 5915; x_wconf 91' lang='lat' dir='ltr'><strong>unicum</strong></span> <span class='ocrx_word' id='word_1_592' title='bbox 1778 5858 1876 5917; x_wconf 86' lang='lat' dir='ltr'><strong>Dei</strong></span> 
     </span>
    </p>
   </div>
   <div class='ocr_carea' id='block_1_76' title="bbox 305 5943 1877 6019">
    <p class='ocr_par' dir='ltr' id='par_1_76' title="bbox 305 5943 1877 6019">
     <span class='ocr_line' id='line_1_76' title="bbox 305 5943 1877 6019; baseline 0.005 -18"><span class='ocrx_word' id='word_1_593' title='bbox 305 5943 535 6003; x_wconf 81' lang='lat' dir='ltr'><strong>Verbum</strong></span> <span class='ocrx_word' id='word_1_594' title='bbox 559 5945 821 6018; x_wconf 86' lang='lat' dir='ltr'><strong>sapientia</strong></span> <span class='ocrx_word' id='word_1_595' title='bbox 849 5946 1178 6014; x_wconf 88' lang='lat' dir='ltr'><strong>nominatur,</strong></span> <span class='ocrx_word' id='word_1_596' title='bbox 1198 5948 1444 6019; x_wconf 88' lang='lat' dir='ltr'><strong>quamvis</strong></span> <span class='ocrx_word' id='word_1_597' title='bbox 1456 5947 1619 6008; x_wconf 84' lang='lat' dir='ltr'><strong>Pater</strong></span> <span class='ocrx_word' id='word_1_598' title='bbox 1639 5958 1691 6008; x_wconf 88' lang='lat' dir='ltr'><strong>et</strong></span> <span class='ocrx_word' id='word_1_599' title='bbox 1709 5949 1877 6009; x_wconf 81' lang='lat' dir='ltr'><strong>Filius</strong></span> 
     </span>
    </p>
   </div>
   <div class='ocr_carea' id='block_1_77' title="bbox 1967 2066 3556 2148">
    <p class='ocr_par' dir='ltr' id='par_1_77' title="bbox 1967 2066 3556 2148">
     <span class='ocr_line' id='line_1_77' title="bbox 1967 2066 3556 2148; baseline 0.006 -25"><span class='ocrx_word' id='word_1_600' title='bbox 1967 2074 2024 2123; x_wconf 89' lang='lat' dir='ltr'><strong>et</strong></span> <span class='ocrx_word' id='word_1_601' title='bbox 2056 2066 2112 2122; x_wconf 89' lang='lat' dir='ltr'><strong>in</strong></span> <span class='ocrx_word' id='word_1_602' title='bbox 2143 2081 2313 2122; x_wconf 90' lang='lat' dir='ltr'><strong>unum</strong></span> <span class='ocrx_word' id='word_1_603' title='bbox 2349 2066 2635 2124; x_wconf 89' lang='lat' dir='ltr'><strong>Dominum</strong></span> <span class='ocrx_word' id='word_1_604' title='bbox 2672 2066 2860 2125; x_wconf 82' lang='lat' dir='ltr'><strong>Jesum</strong></span> <span class='ocrx_word' id='word_1_605' title='bbox 2884 2068 3161 2129; x_wconf 89' lang='lat' dir='ltr'><strong>Christum</strong></span> <span class='ocrx_word' id='word_1_606' title='bbox 3203 2073 3399 2132; x_wconf 88' lang='lat' dir='ltr'><strong>Filium</strong></span> <span class='ocrx_word' id='word_1_607' title='bbox 3436 2076 3556 2148; x_wconf 89' lang='lat' dir='ltr'><strong>ejus</strong></span> 
     </span>
    </p>
   </div>
   <div class='ocr_carea' id='block_1_78' title="bbox 1968 2158 3553 2232">
    <p class='ocr_par' dir='ltr' id='par_1_78' title="bbox 1968 2158 3553 2232">
     <span class='ocr_line' id='line_1_78' title="bbox 1968 2158 3553 2232; baseline 0.009 -18"><span class='ocrx_word' id='word_1_608' title='bbox 1968 2159 2137 2214; x_wconf 89' lang='lat' dir='ltr'><strong>Deum</strong></span> <span class='ocrx_word' id='word_1_609' title='bbox 2167 2158 2614 2232; x_wconf 88' lang='lat' dir='ltr'><strong>omnipotentem,</strong></span> <span class='ocrx_word' id='word_1_610' title='bbox 2644 2169 2700 2217; x_wconf 91' lang='lat' dir='ltr'><strong>et</strong></span> <span class='ocrx_word' id='word_1_611' title='bbox 2743 2162 2798 2219; x_wconf 91' lang='lat' dir='ltr'><strong>in</strong></span> <span class='ocrx_word' id='word_1_612' title='bbox 2823 2177 2992 2220; x_wconf 89' lang='lat' dir='ltr'><strong>unum</strong></span> <span class='ocrx_word' id='word_1_613' title='bbox 3019 2174 3269 2223; x_wconf 88' lang='lat' dir='ltr'><strong>sanctum</strong></span> <span class='ocrx_word' id='word_1_614' title='bbox 3296 2166 3553 2228; x_wconf 84' lang='lat' dir='ltr'><strong>Paracle-</strong></span> 
     </span>
    </p>
   </div>
   <div class='ocr_carea' id='block_1_79' title="bbox 1969 2250 3577 2334">
    <p class='ocr_par' dir='ltr' id='par_1_79' title="bbox 1969 2250 3577 2334">
     <span class='ocr_line' id='line_1_79' title="bbox 1969 2250 3577 2334; baseline 0.007 -27"><span class='ocrx_word' id='word_1_615' title='bbox 1969 2260 2107 2319; x_wconf 90' lang='lat' dir='ltr'><strong>tum,</strong></span> <span class='ocrx_word' id='word_1_616' title='bbox 2139 2251 2360 2318; x_wconf 91' lang='lat' dir='ltr'><strong>donum,</strong></span> <span class='ocrx_word' id='word_1_617' title='bbox 2396 2262 2453 2309; x_wconf 92' lang='lat' dir='ltr'><strong>et</strong></span> <span class='ocrx_word' id='word_1_618' title='bbox 2476 2250 2739 2326; x_wconf 90' lang='lat' dir='ltr'><strong>Spiritum</strong></span> <span class='ocrx_word' id='word_1_619' title='bbox 2770 2256 3074 2327; x_wconf 86' lang='lat' dir='ltr'><strong>amborum,</strong></span> <span class='ocrx_word' id='word_1_620' title='bbox 3102 2257 3273 2316; x_wconf 90' lang='lat' dir='ltr'><strong>Deum</strong></span> <span class='ocrx_word' id='word_1_621' title='bbox 3305 2261 3577 2334; x_wconf 89' lang='lat' dir='ltr'><strong>omnipo-.</strong></span> 
     </span>
    </p>
   </div>
   <div class='ocr_carea' id='block_1_80' title="bbox 1969 2343 3551 2423">
    <p class='ocr_par' dir='ltr' id='par_1_80' title="bbox 1969 2343 3551 2423">
     <span class='ocr_line' id='line_1_80' title="bbox 1969 2343 3551 2423; baseline 0.008 -24"><span class='ocrx_word' id='word_1_622' title='bbox 1969 2351 2191 2399; x_wconf 89' lang='lat' dir='ltr'><strong>tentem.</strong></span> <span class='ocrx_word' id='word_1_623' title='bbox 2228 2343 2287 2399; x_wconf 91' lang='lat' dir='ltr'><strong>In</strong></span> <span class='ocrx_word' id='word_1_624' title='bbox 2311 2345 2453 2401; x_wconf 87' lang='lat' dir='ltr'><strong>hanc</strong></span> <span class='ocrx_word' id='word_1_625' title='bbox 2488 2352 2734 2402; x_wconf 88' lang='lat' dir='ltr'><strong>sanctam</strong></span> <span class='ocrx_word' id='word_1_626' title='bbox 2762 2356 2819 2403; x_wconf 90' lang='lat' dir='ltr'><strong>et</strong></span> <span class='ocrx_word' id='word_1_627' title='bbox 2851 2348 3183 2421; x_wconf 85' lang='lat' dir='ltr'><strong>individuam</strong></span> <span class='ocrx_word' id='word_1_628' title='bbox 3207 2351 3551 2423; x_wconf 89' lang='lat' dir='ltr'><strong>Trinitatem,</strong></span> 
     </span>
    </p>
   </div>
   <div class='ocr_carea' id='block_1_81' title="bbox 1967 2436 3558 2515">
    <p class='ocr_par' dir='ltr' id='par_1_81' title="bbox 1967 2436 3558 2515">
     <span class='ocr_line' id='line_1_81' title="bbox 1967 2436 3558 2515; baseline 0.013 -27"><span class='ocrx_word' id='word_1_629' title='bbox 1967 2448 2089 2505; x_wconf 69' lang='lat' dir='ltr'><strong>qua:</strong></span> <span class='ocrx_word' id='word_1_630' title='bbox 2110 2446 2194 2491; x_wconf 89' lang='lat' dir='ltr'><strong>est</strong></span> <span class='ocrx_word' id='word_1_631' title='bbox 2222 2436 2397 2494; x_wconf 90' lang='lat' dir='ltr'><strong>virtus</strong></span> <span class='ocrx_word' id='word_1_632' title='bbox 2423 2453 2528 2493; x_wconf 89' lang='lat' dir='ltr'><strong>una</strong></span> <span class='ocrx_word' id='word_1_633' title='bbox 2559 2446 2615 2494; x_wconf 92' lang='lat' dir='ltr'><strong>et</strong></span> <span class='ocrx_word' id='word_1_634' title='bbox 2645 2439 2936 2499; x_wconf 86' lang='lat' dir='ltr'><strong>indiscreta</strong></span> <span class='ocrx_word' id='word_1_635' title='bbox 2959 2441 3234 2515; x_wconf 71' lang='lat' dir='ltr'><strong>Majestas,</strong></span> <span class='ocrx_word' id='word_1_636' title='bbox 3264 2446 3558 2508; x_wconf 80' lang='lat' dir='ltr'><strong>elﬁcaciter</strong></span> 
     </span>
    </p>
   </div>
   <div class='ocr_carea' id='block_1_82' title="bbox 1968 2528 3556 2609">
    <p class='ocr_par' dir='ltr' id='par_1_82' title="bbox 1968 2528 3556 2609">
     <span class='ocr_line' id='line_1_82' title="bbox 1968 2528 3556 2609; baseline 0.012 -26"><span class='ocrx_word' id='word_1_637' title='bbox 1968 2535 2024 2584; x_wconf 90' lang='lat' dir='ltr'><strong>et</strong></span> <span class='ocrx_word' id='word_1_638' title='bbox 2053 2528 2421 2587; x_wconf 82' lang='lat' dir='ltr'><strong>desideranter</strong></span> <span class='ocrx_word' id='word_1_639' title='bbox 2452 2532 2637 2589; x_wconf 91' lang='lat' dir='ltr'><strong>credo.</strong></span> <span class='ocrx_word' id='word_1_640' title='bbox 2687 2532 2838 2592; x_wconf 85' lang='lat' dir='ltr'><strong>Hauc</strong></span> <span class='ocrx_word' id='word_1_641' title='bbox 2883 2533 3043 2594; x_wconf 89' lang='lat' dir='ltr'><strong>labiis</strong></span> <span class='ocrx_word' id='word_1_642' title='bbox 3082 2538 3365 2609; x_wconf 87' lang='lat' dir='ltr'><strong>conﬁteor,</strong></span> <span class='ocrx_word' id='word_1_643' title='bbox 3411 2542 3556 2601; x_wconf 84' lang='lat' dir='ltr'><strong>hanc</strong></span> 
     </span>
    </p>
   </div>
   <div class='ocr_carea' id='block_1_83' title="bbox 1968 2617 3547 2704">
    <p class='ocr_par' dir='ltr' id='par_1_83' title="bbox 1968 2617 3547 2704">
     <span class='ocr_line' id='line_1_83' title="bbox 1968 2617 3547 2704; baseline 0.012 -30"><span class='ocrx_word' id='word_1_644' title='bbox 1968 2617 2137 2686; x_wconf 87' lang='lat' dir='ltr'><strong>omni,</strong></span> <span class='ocrx_word' id='word_1_645' title='bbox 2161 2633 2269 2689; x_wconf 88' lang='lat' dir='ltr'><strong>qua</strong></span> <span class='ocrx_word' id='word_1_646' title='bbox 2308 2621 2484 2688; x_wconf 88' lang='lat' dir='ltr'><strong>valeo,</strong></span> <span class='ocrx_word' id='word_1_647' title='bbox 2526 2621 2727 2680; x_wconf 85' lang='lat' dir='ltr'><strong>virtute</strong></span> <span class='ocrx_word' id='word_1_648' title='bbox 2757 2624 2878 2681; x_wconf 90' lang='lat' dir='ltr'><strong>colo</strong></span> <span class='ocrx_word' id='word_1_649' title='bbox 2910 2635 2967 2683; x_wconf 91' lang='lat' dir='ltr'><strong>et</strong></span> <span class='ocrx_word' id='word_1_650' title='bbox 3012 2625 3191 2696; x_wconf 90' lang='lat' dir='ltr'><strong>laudo,</strong></span> <span class='ocrx_word' id='word_1_651' title='bbox 3239 2632 3547 2704; x_wconf 88' lang='lat' dir='ltr'><strong>magniﬁco,</strong></span> 
     </span>
    </p>
   </div>
   <div class='ocr_carea' id='block_1_84' title="bbox 1969 2711 3553 2789">
    <p class='ocr_par' dir='ltr' id='par_1_84' title="bbox 1969 2711 3553 2789">
     <span class='ocr_line' id='line_1_84' title="bbox 1969 2711 3553 2789; baseline 0.009 -20"><span class='ocrx_word' id='word_1_652' title='bbox 1969 2711 2191 2780; x_wconf 87' lang='lat' dir='ltr'><strong>invoco,</strong></span> <span class='ocrx_word' id='word_1_653' title='bbox 2229 2711 2521 2781; x_wconf 87' lang='lat' dir='ltr'><strong>benedico,</strong></span> <span class='ocrx_word' id='word_1_654' title='bbox 2553 2728 2651 2772; x_wconf 90' lang='lat' dir='ltr'><strong>oro</strong></span> <span class='ocrx_word' id='word_1_655' title='bbox 2683 2725 2844 2789; x_wconf 78' lang='lat' dir='ltr'><strong>atque</strong></span> <span class='ocrx_word' id='word_1_656' title='bbox 2875 2718 3062 2778; x_wconf 87' lang='lat' dir='ltr'><strong>adoro.</strong></span> <span class='ocrx_word' id='word_1_657' title='bbox 3128 2719 3264 2780; x_wconf 85' lang='lat' dir='ltr'><strong>Huic</strong></span> <span class='ocrx_word' id='word_1_658' title='bbox 3298 2739 3458 2783; x_wconf 88' lang='lat' dir='ltr'><strong>servo</strong></span> <span class='ocrx_word' id='word_1_659' title='bbox 3491 2726 3553 2784; x_wconf 90' lang='lat' dir='ltr'><strong>ﬁ-</strong></span> 
     </span>
    </p>
   </div>
   <div class='ocr_carea' id='block_1_85' title="bbox 1970 2803 3553 2885">
    <p class='ocr_par' dir='ltr' id='par_1_85' title="bbox 1970 2803 3553 2885">
     <span class='ocr_line' id='line_1_85' title="bbox 1970 2803 3553 2885; baseline 0.01 -24"><span class='ocrx_word' id='word_1_660' title='bbox 1970 2804 2114 2871; x_wconf 90' lang='lat' dir='ltr'><strong>dem,</strong></span> <span class='ocrx_word' id='word_1_661' title='bbox 2139 2803 2267 2861; x_wconf 88' lang='lat' dir='ltr'><strong>huic</strong></span> <span class='ocrx_word' id='word_1_662' title='bbox 2285 2819 2373 2861; x_wconf 88' lang='lat' dir='ltr'><strong>me</strong></span> <span class='ocrx_word' id='word_1_663' title='bbox 2396 2813 2505 2862; x_wconf 87' lang='lat' dir='ltr'><strong>tota</strong></span> <span class='ocrx_word' id='word_1_664' title='bbox 2531 2807 2816 2866; x_wconf 87' lang='lat' dir='ltr'><strong>devotione</strong></span> <span class='ocrx_word' id='word_1_665' title='bbox 2839 2812 3142 2882; x_wconf 90' lang='lat' dir='ltr'><strong>committo,</strong></span> <span class='ocrx_word' id='word_1_666' title='bbox 3182 2814 3322 2885; x_wconf 87' lang='lat' dir='ltr'><strong>vivo,</strong></span> <span class='ocrx_word' id='word_1_667' title='bbox 3346 2827 3404 2876; x_wconf 90' lang='lat' dir='ltr'><strong>et</strong></span> <span class='ocrx_word' id='word_1_668' title='bbox 3422 2833 3553 2876; x_wconf 89' lang='lat' dir='ltr'><strong>vero</strong></span> 
     </span>
    </p>
   </div>
   <div class='ocr_carea' id='block_1_86' title="bbox 1970 2895 3552 2976">
    <p class='ocr_par' dir='ltr' id='par_1_86' title="bbox 1970 2895 3552 2976">
     <span class='ocr_line' id='line_1_86' title="bbox 1970 2895 3552 2976; baseline 0.011 -24"><span class='ocrx_word' id='word_1_669' title='bbox 1970 2902 2027 2952; x_wconf 92' lang='lat' dir='ltr'><strong>et</strong></span> <span class='ocrx_word' id='word_1_670' title='bbox 2057 2895 2414 2967; x_wconf 90' lang='lat' dir='ltr'><strong>omnipotenti</strong></span> <span class='ocrx_word' id='word_1_671' title='bbox 2447 2898 2577 2955; x_wconf 89' lang='lat' dir='ltr'><strong>Deo.</strong></span> <span class='ocrx_word' id='word_1_672' title='bbox 2606 2896 2741 2957; x_wconf 91' lang='lat' dir='ltr'><strong>Cum</strong></span> <span class='ocrx_word' id='word_1_673' title='bbox 2777 2903 2923 2959; x_wconf 90' lang='lat' dir='ltr'><strong>enim</strong></span> <span class='ocrx_word' id='word_1_674' title='bbox 2960 2903 3084 2962; x_wconf 88' lang='lat' dir='ltr'><strong>dico</strong></span> <span class='ocrx_word' id='word_1_675' title='bbox 3124 2906 3319 2976; x_wconf 88' lang='lat' dir='ltr'><strong>Deum,</strong></span> <span class='ocrx_word' id='word_1_676' title='bbox 3354 2926 3552 2969; x_wconf 89' lang='lat' dir='ltr'><strong>nomen</strong></span> 
     </span>
    </p>
   </div>
   <div class='ocr_carea' id='block_1_87' title="bbox 1969 2987 3558 3071">
    <p class='ocr_par' dir='ltr' id='par_1_87' title="bbox 1969 2987 3558 3071">
     <span class='ocr_line' id='line_1_87' title="bbox 1969 2987 3558 3071; baseline 0.012 -28"><span class='ocrx_word' id='word_1_677' title='bbox 1969 2987 2234 3047; x_wconf 89' lang='lat' dir='ltr'><strong>conﬁteor</strong></span> <span class='ocrx_word' id='word_1_678' title='bbox 2260 2992 2531 3059; x_wconf 63' lang='lat' dir='ltr'><strong>essentia,</strong></span> <span class='ocrx_word' id='word_1_679' title='bbox 2566 2994 2692 3065; x_wconf 90' lang='lat' dir='ltr'><strong>quia</strong></span> <span class='ocrx_word' id='word_1_680' title='bbox 2728 3010 2925 3053; x_wconf 90' lang='lat' dir='ltr'><strong>nomen</strong></span> <span class='ocrx_word' id='word_1_681' title='bbox 2967 3005 3051 3055; x_wconf 86' lang='lat' dir='ltr'><strong>est</strong></span> <span class='ocrx_word' id='word_1_682' title='bbox 3089 3003 3358 3071; x_wconf 73' lang='lat' dir='ltr'><strong>essentite,</strong></span> <span class='ocrx_word' id='word_1_683' title='bbox 3390 3005 3558 3063; x_wconf 89' lang='lat' dir='ltr'><strong>totius</strong></span> 
     </span>
    </p>
   </div>
   <div class='ocr_carea' id='block_1_88' title="bbox 1968 3078 3553 3169">
    <p class='ocr_par' dir='ltr' id='par_1_88' title="bbox 1968 3078 3553 3169">
     <span class='ocr_line' id='line_1_88' title="bbox 1968 3078 3553 3169; baseline 0.012 -35"><span class='ocrx_word' id='word_1_684' title='bbox 1968 3078 2217 3136; x_wconf 83' lang='lat' dir='ltr'><strong>videlicet</strong></span> <span class='ocrx_word' id='word_1_685' title='bbox 2250 3081 2530 3140; x_wconf 89' lang='lat' dir='ltr'><strong>Trinitatis</strong></span> <span class='ocrx_word' id='word_1_686' title='bbox 2561 3092 2799 3154; x_wconf 73' lang='lat' dir='ltr'><strong>naturae,</strong></span> <span class='ocrx_word' id='word_1_687' title='bbox 2840 3103 2949 3145; x_wconf 88' lang='lat' dir='ltr'><strong>non</strong></span> <span class='ocrx_word' id='word_1_688' title='bbox 2991 3090 3152 3150; x_wconf 89' lang='lat' dir='ltr'><strong>unius</strong></span> <span class='ocrx_word' id='word_1_689' title='bbox 3181 3099 3391 3151; x_wconf 88' lang='lat' dir='ltr'><strong>tantum</strong></span> <span class='ocrx_word' id='word_1_690' title='bbox 3424 3111 3553 3169; x_wconf 89' lang='lat' dir='ltr'><strong>per-</strong></span> 
     </span>
    </p>
   </div>
   <div class='ocr_carea' id='block_1_89' title="bbox 1968 3172 3554 3260">
    <p class='ocr_par' dir='ltr' id='par_1_89' title="bbox 1968 3172 3554 3260">
     <span class='ocr_line' id='line_1_89' title="bbox 1968 3172 3554 3260; baseline 0.013 -31"><span class='ocrx_word' id='word_1_691' title='bbox 1968 3187 2133 3229; x_wconf 75' lang='lat' dir='ltr'><strong>sonae.</strong></span> <span class='ocrx_word' id='word_1_692' title='bbox 2177 3172 2312 3231; x_wconf 89' lang='lat' dir='ltr'><strong>Cum</strong></span> <span class='ocrx_word' id='word_1_693' title='bbox 2339 3185 2520 3233; x_wconf 89' lang='lat' dir='ltr'><strong>autem</strong></span> <span class='ocrx_word' id='word_1_694' title='bbox 2552 3177 2804 3254; x_wconf 87' lang='lat' dir='ltr'><strong>adjungo,</strong></span> <span class='ocrx_word' id='word_1_695' title='bbox 2833 3182 2918 3240; x_wconf 82' lang='lat' dir='ltr'><strong>vel</strong></span> <span class='ocrx_word' id='word_1_696' title='bbox 2939 3182 3177 3254; x_wconf 88' lang='lat' dir='ltr'><strong>Patrem,</strong></span> <span class='ocrx_word' id='word_1_697' title='bbox 3212 3188 3300 3246; x_wconf 86' lang='lat' dir='ltr'><strong>vel</strong></span> <span class='ocrx_word' id='word_1_698' title='bbox 3331 3188 3554 3260; x_wconf 87' lang='lat' dir='ltr'><strong>Filium,</strong></span> 
     </span>
    </p>
   </div>
   <div class='ocr_carea' id='block_1_90' title="bbox 1966 3262 3550 3353">
    <p class='ocr_par' dir='ltr' id='par_1_90' title="bbox 1966 3262 3550 3353">
     <span class='ocr_line' id='line_1_90' title="bbox 1966 3262 3550 3353; baseline 0.014 -34"><span class='ocrx_word' id='word_1_699' title='bbox 1966 3262 2054 3321; x_wconf 88' lang='lat' dir='ltr'><strong>vel</strong></span> <span class='ocrx_word' id='word_1_700' title='bbox 2083 3263 2344 3337; x_wconf 89' lang='lat' dir='ltr'><strong>Spiritum</strong></span> <span class='ocrx_word' id='word_1_701' title='bbox 2366 3278 2633 3339; x_wconf 88' lang='lat' dir='ltr'><strong>sanctum,</strong></span> <span class='ocrx_word' id='word_1_702' title='bbox 2659 3272 2950 3344; x_wconf 86' lang='lat' dir='ltr'><strong>specialem</strong></span> <span class='ocrx_word' id='word_1_703' title='bbox 2975 3276 3232 3336; x_wconf 90' lang='lat' dir='ltr'><strong>denuntio</strong></span> <span class='ocrx_word' id='word_1_704' title='bbox 3261 3295 3550 3353; x_wconf 88' lang='lat' dir='ltr'><strong>personam</strong></span> 
     </span>
    </p>
   </div>
   <div class='ocr_carea' id='block_1_91' title="bbox 1970 3358 3553 3443">
    <p class='ocr_par' dir='ltr' id='par_1_91' title="bbox 1970 3358 3553 3443">
     <span class='ocr_line' id='line_1_91' title="bbox 1970 3358 3553 3443; baseline 0.014 -32"><span class='ocrx_word' id='word_1_705' title='bbox 1970 3358 2323 3431; x_wconf 83' lang='lat' dir='ltr'><strong>singulorum.</strong></span> <span class='ocrx_word' id='word_1_706' title='bbox 2364 3358 2499 3417; x_wconf 83' lang='lat' dir='ltr'><strong>Nam</strong></span> <span class='ocrx_word' id='word_1_707' title='bbox 2544 3379 2668 3420; x_wconf 92' lang='lat' dir='ltr'><strong>cum</strong></span> <span class='ocrx_word' id='word_1_708' title='bbox 2708 3364 2821 3423; x_wconf 88' lang='lat' dir='ltr'><strong>Deo</strong></span> <span class='ocrx_word' id='word_1_709' title='bbox 2864 3366 3157 3441; x_wconf 90' lang='lat' dir='ltr'><strong>loquimur,</strong></span> <span class='ocrx_word' id='word_1_710' title='bbox 3191 3371 3281 3428; x_wconf 87' lang='lat' dir='ltr'><strong>illa</strong></span> <span class='ocrx_word' id='word_1_711' title='bbox 3310 3375 3553 3443; x_wconf 83' lang='lat' dir='ltr'><strong>nomina,</strong></span> 
     </span>
    </p>
   </div>
   <div class='ocr_carea' id='block_1_92' title="bbox 1971 3452 3566 3537">
    <p class='ocr_par' dir='ltr' id='par_1_92' title="bbox 1971 3452 3566 3537">
     <span class='ocr_line' id='line_1_92' title="bbox 1971 3452 3566 3537; baseline 0.013 -31"><span class='ocrx_word' id='word_1_712' title='bbox 1971 3465 2093 3523; x_wconf 66' lang='lat' dir='ltr'><strong>qua:</strong></span> <span class='ocrx_word' id='word_1_713' title='bbox 2133 3452 2202 3509; x_wconf 87' lang='lat' dir='ltr'><strong>ad</strong></span> <span class='ocrx_word' id='word_1_714' title='bbox 2244 3453 2605 3511; x_wconf 88' lang='lat' dir='ltr'><strong>substantiam</strong></span> <span class='ocrx_word' id='word_1_715' title='bbox 2650 3455 2767 3527; x_wconf 90' lang='lat' dir='ltr'><strong>ejus</strong></span> <span class='ocrx_word' id='word_1_716' title='bbox 2808 3460 3118 3532; x_wconf 89' lang='lat' dir='ltr'><strong>pertinent,</strong></span> <span class='ocrx_word' id='word_1_717' title='bbox 3167 3466 3393 3537; x_wconf 71' lang='lat' dir='ltr'><strong>mqualia</strong></span> <span class='ocrx_word' id='word_1_718' title='bbox 3434 3478 3566 3527; x_wconf 87' lang='lat' dir='ltr'><strong>sunt</strong></span> 
     </span>
    </p>
   </div>
   <div class='ocr_carea' id='block_1_93' title="bbox 1971 3548 3559 3629">
    <p class='ocr_par' dir='ltr' id='par_1_93' title="bbox 1971 3548 3559 3629">
     <span class='ocr_line' id='line_1_93' title="bbox 1971 3548 3559 3629; baseline 0.013 -27"><span class='ocrx_word' id='word_1_719' title='bbox 1971 3553 2026 3602; x_wconf 86' lang='lat' dir='ltr'><strong>et</strong></span> <span class='ocrx_word' id='word_1_720' title='bbox 2052 3549 2360 3604; x_wconf 90' lang='lat' dir='ltr'><strong>communia</strong></span> <span class='ocrx_word' id='word_1_721' title='bbox 2401 3548 2549 3606; x_wconf 88' lang='lat' dir='ltr'><strong>Patri</strong></span> <span class='ocrx_word' id='word_1_722' title='bbox 2591 3561 2647 3608; x_wconf 91' lang='lat' dir='ltr'><strong>et</strong></span> <span class='ocrx_word' id='word_1_723' title='bbox 2684 3550 2821 3610; x_wconf 81' lang='lat' dir='ltr'><strong>Filio</strong></span> <span class='ocrx_word' id='word_1_724' title='bbox 2854 3565 2910 3611; x_wconf 90' lang='lat' dir='ltr'><strong>et</strong></span> <span class='ocrx_word' id='word_1_725' title='bbox 2928 3554 3157 3629; x_wconf 88' lang='lat' dir='ltr'><strong>Spiritui</strong></span> <span class='ocrx_word' id='word_1_726' title='bbox 3209 3571 3417 3620; x_wconf 87' lang='lat' dir='ltr'><strong>sancto.</strong></span> <span class='ocrx_word' id='word_1_727' title='bbox 3464 3563 3559 3621; x_wconf 86' lang='lat' dir='ltr'><strong>Illa</strong></span> 
     </span>
    </p>
   </div>
   <div class='ocr_carea' id='block_1_94' title="bbox 1971 3645 3563 3725">
    <p class='ocr_par' dir='ltr' id='par_1_94' title="bbox 1971 3645 3563 3725">
     <span class='ocr_line' id='line_1_94' title="bbox 1971 3645 3563 3725; baseline 0.015 -33"><span class='ocrx_word' id='word_1_728' title='bbox 1971 3652 2122 3705; x_wconf 88' lang='lat' dir='ltr'><strong>vero,</strong></span> <span class='ocrx_word' id='word_1_729' title='bbox 2148 3655 2270 3711; x_wconf 67' lang='lat' dir='ltr'><strong>quae</strong></span> <span class='ocrx_word' id='word_1_730' title='bbox 2296 3655 2557 3713; x_wconf 87' lang='lat' dir='ltr'><strong>personas</strong></span> <span class='ocrx_word' id='word_1_731' title='bbox 2588 3645 2890 3723; x_wconf 89' lang='lat' dir='ltr'><strong>designant,</strong></span> <span class='ocrx_word' id='word_1_732' title='bbox 2932 3651 3157 3709; x_wconf 84' lang='lat' dir='ltr'><strong>relativa</strong></span> <span class='ocrx_word' id='word_1_733' title='bbox 3196 3655 3466 3725; x_wconf 89' lang='lat' dir='ltr'><strong>dicuntur,</strong></span> <span class='ocrx_word' id='word_1_734' title='bbox 3504 3669 3563 3716; x_wconf 89' lang='lat' dir='ltr'><strong>et</strong></span> 
     </span>
    </p>
   </div>
   <div class='ocr_carea' id='block_1_95' title="bbox 1970 3730 3560 3814">
    <p class='ocr_par' dir='ltr' id='par_1_95' title="bbox 1970 3730 3560 3814">
     <span class='ocr_line' id='line_1_95' title="bbox 1970 3730 3560 3814; baseline 0.015 -31"><span class='ocrx_word' id='word_1_735' title='bbox 1970 3730 2330 3801; x_wconf 86' lang='lat' dir='ltr'><strong>proprietates</strong></span> <span class='ocrx_word' id='word_1_736' title='bbox 2395 3733 2639 3793; x_wconf 83' lang='lat' dir='ltr'><strong>iudicant</strong></span> <span class='ocrx_word' id='word_1_737' title='bbox 2696 3748 2903 3798; x_wconf 90' lang='lat' dir='ltr'><strong>tantum</strong></span> <span class='ocrx_word' id='word_1_738' title='bbox 2959 3757 3332 3814; x_wconf 87' lang='lat' dir='ltr'><strong>personarum.</strong></span> <span class='ocrx_word' id='word_1_739' title='bbox 3406 3748 3560 3807; x_wconf 89' lang='lat' dir='ltr'><strong>Ilanc</strong></span> 
     </span>
    </p>
   </div>
   <div class='ocr_carea' id='block_1_96' title="bbox 1972 3829 3559 3900">
    <p class='ocr_par' dir='ltr' id='par_1_96' title="bbox 1972 3829 3559 3900">
     <span class='ocr_line' id='line_1_96' title="bbox 1972 3829 3559 3900; baseline 0.014 -24"><span class='ocrx_word' id='word_1_740' title='bbox 1972 3829 2233 3893; x_wconf 61' lang='lat' dir='ltr'><strong>praeterea</strong></span> <span class='ocrx_word' id='word_1_741' title='bbox 2268 3839 2455 3881; x_wconf 88' lang='lat' dir='ltr'><strong>veram</strong></span> <span class='ocrx_word' id='word_1_742' title='bbox 2494 3837 2548 3884; x_wconf 91' lang='lat' dir='ltr'><strong>et</strong></span> <span class='ocrx_word' id='word_1_743' title='bbox 2573 3831 2895 3892; x_wconf 85' lang='lat' dir='ltr'><strong>catholicam</strong></span> <span class='ocrx_word' id='word_1_744' title='bbox 2929 3850 3053 3893; x_wconf 87' lang='lat' dir='ltr'><strong>esse</strong></span> <span class='ocrx_word' id='word_1_745' title='bbox 3088 3838 3349 3896; x_wconf 88' lang='lat' dir='ltr'><strong>conﬁteor</strong></span> <span class='ocrx_word' id='word_1_746' title='bbox 3373 3839 3559 3900; x_wconf 89' lang='lat' dir='ltr'><strong>ﬁdem.</strong></span> 
     </span>
    </p>
   </div>
   <div class='ocr_carea' id='block_1_97' title="bbox 1974 3913 3564 4000">
    <p class='ocr_par' dir='ltr' id='par_1_97' title="bbox 1974 3913 3564 4000">
     <span class='ocr_line' id='line_1_97' title="bbox 1974 3913 3564 4000; baseline 0.017 -31"><span class='ocrx_word' id='word_1_747' title='bbox 1974 3913 2101 3972; x_wconf 73' lang='lat' dir='ltr'><strong>Ilaec</strong></span> <span class='ocrx_word' id='word_1_748' title='bbox 2123 3926 2209 3973; x_wconf 86' lang='lat' dir='ltr'><strong>est</strong></span> <span class='ocrx_word' id='word_1_749' title='bbox 2234 3933 2374 3986; x_wconf 88' lang='lat' dir='ltr'><strong>mea,</strong></span> <span class='ocrx_word' id='word_1_750' title='bbox 2402 3937 2501 3993; x_wconf 93' lang='lat' dir='ltr'><strong>pro</strong></span> <span class='ocrx_word' id='word_1_751' title='bbox 2523 3939 2628 3994; x_wconf 88' lang='lat' dir='ltr'><strong>qua</strong></span> <span class='ocrx_word' id='word_1_752' title='bbox 2670 3928 2808 3983; x_wconf 92' lang='lat' dir='ltr'><strong>mori</strong></span> <span class='ocrx_word' id='word_1_753' title='bbox 2835 3937 3057 4000; x_wconf 83' lang='lat' dir='ltr'><strong>paratus</strong></span> <span class='ocrx_word' id='word_1_754' title='bbox 3088 3946 3225 3990; x_wconf 88' lang='lat' dir='ltr'><strong>sum.</strong></span> <span class='ocrx_word' id='word_1_755' title='bbox 3257 3934 3409 3994; x_wconf 79' lang='lat' dir='ltr'><strong>lianc</strong></span> <span class='ocrx_word' id='word_1_756' title='bbox 3436 3936 3564 3996; x_wconf 87' lang='lat' dir='ltr'><strong>ﬁdei</strong></span> 
     </span>
    </p>
   </div>
   <div class='ocr_carea' id='block_1_98' title="bbox 1974 4010 3558 4097">
    <p class='ocr_par' dir='ltr' id='par_1_98' title="bbox 1974 4010 3558 4097">
     <span class='ocr_line' id='line_1_98' title="bbox 1974 4010 3558 4097; baseline 0.016 -33"><span class='ocrx_word' id='word_1_757' title='bbox 1974 4010 2215 4082; x_wconf 88' lang='lat' dir='ltr'><strong>regulam</strong></span> <span class='ocrx_word' id='word_1_758' title='bbox 2260 4028 2293 4070; x_wconf 74' lang='grc' dir='ltr'><strong>ιι</strong></span> <span class='ocrx_word' id='word_1_759' title='bbox 2323 4013 2551 4073; x_wconf 88' lang='lat' dir='ltr'><strong>Domino</strong></span> <span class='ocrx_word' id='word_1_760' title='bbox 2579 4016 2823 4090; x_wconf 78' lang='lat' dir='ltr'><strong>Apostoli</strong></span> <span class='ocrx_word' id='word_1_761' title='bbox 2860 4036 3208 4097; x_wconf 86' lang='lat' dir='ltr'><strong>acceperunt,</strong></span> <span class='ocrx_word' id='word_1_762' title='bbox 3257 4037 3316 4086; x_wconf 93' lang='lat' dir='ltr'><strong>ut</strong></span> <span class='ocrx_word' id='word_1_763' title='bbox 3362 4030 3415 4087; x_wconf 91' lang='lat' dir='ltr'><strong>in</strong></span> <span class='ocrx_word' id='word_1_764' title='bbox 3455 4048 3558 4090; x_wconf 89' lang='lat' dir='ltr'><strong>uo-</strong></span> 
     </span>
    </p>
   </div>
   <div class='ocr_carea' id='block_1_99' title="bbox 1973 4103 3563 4184">
    <p class='ocr_par' dir='ltr' id='par_1_99' title="bbox 1973 4103 3563 4184">
     <span class='ocr_line' id='line_1_99' title="bbox 1973 4103 3563 4184; baseline 0.013 -25"><span class='ocrx_word' id='word_1_765' title='bbox 1973 4103 2121 4161; x_wconf 91' lang='lat' dir='ltr'><strong>miue</strong></span> <span class='ocrx_word' id='word_1_766' title='bbox 2144 4103 2323 4163; x_wconf 88' lang='lat' dir='ltr'><strong>Patris</strong></span> <span class='ocrx_word' id='word_1_767' title='bbox 2354 4116 2410 4163; x_wconf 90' lang='lat' dir='ltr'><strong>ct</strong></span> <span class='ocrx_word' id='word_1_768' title='bbox 2444 4108 2565 4167; x_wconf 86' lang='lat' dir='ltr'><strong>Filii</strong></span> <span class='ocrx_word' id='word_1_769' title='bbox 2593 4121 2650 4168; x_wconf 91' lang='lat' dir='ltr'><strong>et</strong></span> <span class='ocrx_word' id='word_1_770' title='bbox 2675 4111 2911 4184; x_wconf 88' lang='lat' dir='ltr'><strong>Spiritus</strong></span> <span class='ocrx_word' id='word_1_771' title='bbox 2946 4119 3122 4176; x_wconf 88' lang='lat' dir='ltr'><strong>sancti</strong></span> <span class='ocrx_word' id='word_1_772' title='bbox 3150 4121 3436 4178; x_wconf 86' lang='lat' dir='ltr'><strong>credentes</strong></span> <span class='ocrx_word' id='word_1_773' title='bbox 3464 4123 3563 4180; x_wconf 84' lang='lat' dir='ltr'><strong>ba-</strong></span> 
     </span>
    </p>
   </div>
   <div class='ocr_carea' id='block_1_100' title="bbox 1973 4198 3567 4280">
    <p class='ocr_par' dir='ltr' id='par_1_100' title="bbox 1973 4198 3567 4280">
     <span class='ocr_line' id='line_1_100' title="bbox 1973 4198 3567 4280; baseline 0.016 -30"><span class='ocrx_word' id='word_1_774' title='bbox 1973 4198 2264 4267; x_wconf 81' lang='lat' dir='ltr'><strong>ptizarent.</strong></span> <span class='ocrx_word' id='word_1_775' title='bbox 2311 4199 2418 4256; x_wconf 89' lang='lat' dir='ltr'><strong>Per</strong></span> <span class='ocrx_word' id='word_1_776' title='bbox 2444 4203 2588 4260; x_wconf 90' lang='lat' dir='ltr'><strong>hanc</strong></span> <span class='ocrx_word' id='word_1_777' title='bbox 2616 4204 2799 4274; x_wconf 88' lang='lat' dir='ltr'><strong>ﬁdem,</strong></span> <span class='ocrx_word' id='word_1_778' title='bbox 2846 4208 2939 4280; x_wconf 91' lang='lat' dir='ltr'><strong>qui</strong></span> <span class='ocrx_word' id='word_1_779' title='bbox 2981 4226 3198 4270; x_wconf 86' lang='lat' dir='ltr'><strong>eramus</strong></span> <span class='ocrx_word' id='word_1_780' title='bbox 3242 4214 3335 4273; x_wconf 89' lang='lat' dir='ltr'><strong>ﬁlii</strong></span> <span class='ocrx_word' id='word_1_781' title='bbox 3374 4221 3567 4276; x_wconf 89' lang='lat' dir='ltr'><strong>mortis</strong></span> 
     </span>
    </p>
   </div>
   <div class='ocr_carea' id='block_1_101' title="bbox 1976 4290 3565 4370">
    <p class='ocr_par' dir='ltr' id='par_1_101' title="bbox 1976 4290 3565 4370">
     <span class='ocr_line' id='line_1_101' title="bbox 1976 4290 3565 4370; baseline 0.016 -25"><span class='ocrx_word' id='word_1_782' title='bbox 1976 4298 2032 4345; x_wconf 91' lang='lat' dir='ltr'><strong>et</strong></span> <span class='ocrx_word' id='word_1_783' title='bbox 2046 4290 2261 4359; x_wconf 87' lang='lat' dir='ltr'><strong>diaboli,</strong></span> <span class='ocrx_word' id='word_1_784' title='bbox 2280 4291 2456 4351; x_wconf 86' lang='lat' dir='ltr'><strong>eﬁ‘ecti</strong></span> <span class='ocrx_word' id='word_1_785' title='bbox 2494 4310 2680 4355; x_wconf 86' lang='lat' dir='ltr'><strong>sumus</strong></span> <span class='ocrx_word' id='word_1_786' title='bbox 2707 4298 2801 4356; x_wconf 87' lang='lat' dir='ltr'><strong>ﬁlii</strong></span> <span class='ocrx_word' id='word_1_787' title='bbox 2828 4301 2944 4368; x_wconf 90' lang='lat' dir='ltr'><strong>Dei,</strong></span> <span class='ocrx_word' id='word_1_788' title='bbox 2969 4302 3104 4363; x_wconf 87' lang='lat' dir='ltr'><strong>lueis</strong></span> <span class='ocrx_word' id='word_1_789' title='bbox 3131 4314 3185 4365; x_wconf 90' lang='lat' dir='ltr'><strong>et</strong></span> <span class='ocrx_word' id='word_1_790' title='bbox 3210 4313 3565 4370; x_wconf 83' lang='lat' dir='ltr'><strong>resurrectio-</strong></span> 
     </span>
    </p>
   </div>
   <div class='ocr_carea' id='block_1_102' title="bbox 1977 4379 3566 4471">
    <p class='ocr_par' dir='ltr' id='par_1_102' title="bbox 1977 4379 3566 4471">
     <span class='ocr_line' id='line_1_102' title="bbox 1977 4379 3566 4471; baseline 0.018 -38"><span class='ocrx_word' id='word_1_791' title='bbox 1977 4379 2084 4436; x_wconf 90' lang='lat' dir='ltr'><strong>nis.</strong></span> <span class='ocrx_word' id='word_1_792' title='bbox 2110 4379 2215 4437; x_wconf 93' lang='lat' dir='ltr'><strong>Per</strong></span> <span class='ocrx_word' id='word_1_793' title='bbox 2240 4382 2381 4440; x_wconf 88' lang='lat' dir='ltr'><strong>hanc</strong></span> <span class='ocrx_word' id='word_1_794' title='bbox 2409 4386 2671 4459; x_wconf 89' lang='lat' dir='ltr'><strong>eripimur</strong></span> <span class='ocrx_word' id='word_1_795' title='bbox 2698 4391 2764 4448; x_wconf 90' lang='lat' dir='ltr'><strong>de</strong></span> <span class='ocrx_word' id='word_1_796' title='bbox 2790 4400 3057 4465; x_wconf 87' lang='lat' dir='ltr'><strong>potestate</strong></span> <span class='ocrx_word' id='word_1_797' title='bbox 3084 4399 3428 4459; x_wconf 84' lang='lat' dir='ltr'><strong>tenebrarum</strong></span> <span class='ocrx_word' id='word_1_798' title='bbox 3449 4447 3464 4471; x_wconf 94' lang='lat'><strong>,</strong></span> <span class='ocrx_word' id='word_1_799' title='bbox 3508 4416 3566 4461; x_wconf 89' lang='lat' dir='ltr'><strong>ct</strong></span> 
     </span>
    </p>
   </div>
   <div class='ocr_carea' id='block_1_103' title="bbox 1979 4472 3565 4565">
    <p class='ocr_par' dir='ltr' id='par_1_103' title="bbox 1979 4472 3565 4565">
     <span class='ocr_line' id='line_1_103' title="bbox 1979 4472 3565 4565; baseline 0.018 -40"><span class='ocrx_word' id='word_1_800' title='bbox 1979 4472 2359 4565; x_wconf 77' lang='lat' dir='ltr'><strong>transierimur</strong></span> <span class='ocrx_word' id='word_1_801' title='bbox 2381 4477 2435 4532; x_wconf 88' lang='lat' dir='ltr'><strong>in</strong></span> <span class='ocrx_word' id='word_1_802' title='bbox 2458 4494 2680 4552; x_wconf 88' lang='lat' dir='ltr'><strong>regnum</strong></span> <span class='ocrx_word' id='word_1_803' title='bbox 2696 4480 2816 4539; x_wconf 85' lang='lat' dir='ltr'><strong>Filii</strong></span> <span class='ocrx_word' id='word_1_804' title='bbox 2854 4484 3135 4546; x_wconf 85' lang='lat' dir='ltr'><strong>charitatis</strong></span> <span class='ocrx_word' id='word_1_805' title='bbox 3164 4490 3280 4548; x_wconf 90' lang='lat' dir='ltr'><strong>Dei.</strong></span> <span class='ocrx_word' id='word_1_806' title='bbox 3321 4491 3378 4549; x_wconf 88' lang='lat' dir='ltr'><strong>In</strong></span> <span class='ocrx_word' id='word_1_807' title='bbox 3405 4492 3565 4565; x_wconf 82' lang='lat' dir='ltr'><strong>hujus</strong></span> 
     </span>
    </p>
   </div>
   <div class='ocr_carea' id='block_1_104' title="bbox 1979 4562 3559 4648">
    <p class='ocr_par' dir='ltr' id='par_1_104' title="bbox 1979 4562 3559 4648">
     <span class='ocr_line' id='line_1_104' title="bbox 1979 4562 3559 4648; baseline 0.017 -29"><span class='ocrx_word' id='word_1_808' title='bbox 1979 4562 2103 4621; x_wconf 88' lang='lat' dir='ltr'><strong>ﬁdei</strong></span> <span class='ocrx_word' id='word_1_809' title='bbox 2147 4565 2485 4638; x_wconf 85' lang='lat' dir='ltr'><strong>professione</strong></span> <span class='ocrx_word' id='word_1_810' title='bbox 2511 4570 2674 4645; x_wconf 68' lang='grc' dir='ltr'><strong>ωδ</strong></span> <span class='ocrx_word' id='word_1_811' title='bbox 2709 4587 2765 4632; x_wconf 88' lang='grc' dir='ltr'><strong>ει</strong></span> <span class='ocrx_word' id='word_1_812' title='bbox 2799 4576 3031 4648; x_wconf 87' lang='lat' dir='ltr'><strong>virtute,</strong></span> <span class='ocrx_word' id='word_1_813' title='bbox 3078 4581 3144 4639; x_wconf 89' lang='lat' dir='ltr'><strong>de</strong></span> <span class='ocrx_word' id='word_1_814' title='bbox 3193 4583 3280 4642; x_wconf 91' lang='lat' dir='ltr'><strong>die</strong></span> <span class='ocrx_word' id='word_1_815' title='bbox 3323 4586 3379 4643; x_wconf 88' lang='lat' dir='ltr'><strong>in</strong></span> <span class='ocrx_word' id='word_1_816' title='bbox 3412 4562 3559 4646; x_wconf 81' lang='lat' dir='ltr'><strong>diem</strong></span> 
     </span>
    </p>
   </div>
   <div class='ocr_carea' id='block_1_105' title="bbox 1906 4656 3560 4762">
    <p class='ocr_par' dir='ltr' id='par_1_105' title="bbox 1906 4656 3560 4762">
     <span class='ocr_line' id='line_1_105' title="bbox 1906 4656 3560 4762; baseline 0.015 -48"><span class='ocrx_word' id='word_1_817' title='bbox 1906 4702 1957 4762; x_wconf 62' lang='grc' dir='ltr'><strong><em>Β</em></strong></span> <span class='ocrx_word' id='word_1_818' title='bbox 1979 4656 2244 4730; x_wconf 89' lang='lat' dir='ltr'><strong>proﬁcere</strong></span> <span class='ocrx_word' id='word_1_819' title='bbox 2266 4671 2417 4733; x_wconf 90' lang='lat' dir='ltr'><strong>opto,</strong></span> <span class='ocrx_word' id='word_1_820' title='bbox 2437 4674 2630 4737; x_wconf 89' lang='lat' dir='ltr'><strong>petens</strong></span> <span class='ocrx_word' id='word_1_821' title='bbox 2655 4683 2685 4724; x_wconf 86' lang='lat' dir='ltr'><strong>a</strong></span> <span class='ocrx_word' id='word_1_822' title='bbox 2711 4668 2939 4730; x_wconf 89' lang='lat' dir='ltr'><strong>Domino</strong></span> <span class='ocrx_word' id='word_1_823' title='bbox 2959 4690 3081 4732; x_wconf 91' lang='lat' dir='ltr'><strong>cum</strong></span> <span class='ocrx_word' id='word_1_824' title='bbox 3108 4676 3237 4750; x_wconf 88' lang='lat' dir='ltr'><strong>ipsis</strong></span> <span class='ocrx_word' id='word_1_825' title='bbox 3260 4680 3517 4752; x_wconf 87' lang='lat' dir='ltr'><strong>apostolis</strong></span> <span class='ocrx_word' id='word_1_826' title='bbox 3546 4703 3560 4738; x_wconf 89' lang='lat'>:</span> 
     </span>
    </p>
   </div>
   <div class='ocr_carea' id='block_1_106' title="bbox 1981 4760 3565 4848">
    <p class='ocr_par' dir='ltr' id='par_1_106' title="bbox 1981 4760 3565 4848">
     <span class='ocr_line' id='line_1_106' title="bbox 1981 4760 3565 4848; baseline 0.015 -33"><span class='ocrx_word' id='word_1_827' title='bbox 1981 4760 2200 4835; x_wconf 76' lang='lat' dir='ltr'><strong>Adauge</strong></span> <span class='ocrx_word' id='word_1_828' title='bbox 2218 4764 2347 4821; x_wconf 76' lang='lat' dir='ltr'><strong>mihi</strong></span> <span class='ocrx_word' id='word_1_829' title='bbox 2367 4764 2527 4837; x_wconf 80' lang='lat' dir='ltr'><strong>ﬁdem</strong></span> <span class='ocrx_word' id='word_1_830' title='bbox 2571 4767 2722 4842; x_wconf 85' lang='lat' dir='ltr'><strong>(Luc.</strong></span> <span class='ocrx_word' id='word_1_831' title='bbox 2752 4786 2887 4840; x_wconf 81' lang='lat' dir='ltr'><strong>xvn,</strong></span> <span class='ocrx_word' id='word_1_832' title='bbox 2915 4774 2991 4848; x_wconf 86' lang='lat'><strong>5).</strong></span> <span class='ocrx_word' id='word_1_833' title='bbox 3028 4775 3180 4835; x_wconf 81' lang='lat' dir='ltr'><strong>Hanc</strong></span> <span class='ocrx_word' id='word_1_834' title='bbox 3197 4767 3565 4838; x_wconf 84' lang='lat' dir='ltr'><strong>Christianam</strong></span> 
     </span>
    </p>
   </div>
   <div class='ocr_carea' id='block_1_107' title="bbox 1982 4850 3560 4940">
    <p class='ocr_par' dir='ltr' id='par_1_107' title="bbox 1982 4850 3560 4940">
     <span class='ocr_line' id='line_1_107' title="bbox 1982 4850 3560 4940; baseline 0.016 -35"><span class='ocrx_word' id='word_1_835' title='bbox 1982 4850 2142 4908; x_wconf 89' lang='lat' dir='ltr'><strong>ﬁdem</strong></span> <span class='ocrx_word' id='word_1_836' title='bbox 2167 4851 2301 4911; x_wconf 83' lang='lat' dir='ltr'><strong>Novi</strong></span> <span class='ocrx_word' id='word_1_837' title='bbox 2335 4871 2400 4912; x_wconf 90' lang='lat' dir='ltr'><strong>ac</strong></span> <span class='ocrx_word' id='word_1_838' title='bbox 2426 4857 2640 4915; x_wconf 87' lang='lat' dir='ltr'><strong>Veteris</strong></span> <span class='ocrx_word' id='word_1_839' title='bbox 2667 4861 2998 4922; x_wconf 87' lang='lat' dir='ltr'><strong>Testamenti</strong></span> <span class='ocrx_word' id='word_1_840' title='bbox 3025 4870 3212 4940; x_wconf 75' lang='lat' dir='ltr'><strong>pandit</strong></span> <span class='ocrx_word' id='word_1_841' title='bbox 3236 4873 3560 4932; x_wconf 87' lang='lat' dir='ltr'><strong>auctoritas:</strong></span> 
     </span>
    </p>
   </div>
   <div class='ocr_carea' id='block_1_108' title="bbox 1985 4948 3569 5025">
    <p class='ocr_par' dir='ltr' id='par_1_108' title="bbox 1985 4948 3569 5025">
     <span class='ocr_line' id='line_1_108' title="bbox 1985 4948 3569 5025; baseline 0.016 -26"><span class='ocrx_word' id='word_1_842' title='bbox 1985 4953 2040 5001; x_wconf 85' lang='lat' dir='ltr'><strong>et</strong></span> <span class='ocrx_word' id='word_1_843' title='bbox 2096 4948 2342 5017; x_wconf 89' lang='lat' dir='ltr'><strong>quamvis</strong></span> <span class='ocrx_word' id='word_1_844' title='bbox 2397 4964 2595 5007; x_wconf 89' lang='lat' dir='ltr'><strong>nomen</strong></span> <span class='ocrx_word' id='word_1_845' title='bbox 2653 4955 2830 5025; x_wconf 89' lang='lat' dir='ltr'><strong>ipsum</strong></span> <span class='ocrx_word' id='word_1_846' title='bbox 2878 4956 3076 5016; x_wconf 88' lang='lat' dir='ltr'><strong>Christi</strong></span> <span class='ocrx_word' id='word_1_847' title='bbox 3114 4972 3273 5020; x_wconf 91' lang='lat' dir='ltr'><strong>vetus</strong></span> <span class='ocrx_word' id='word_1_848' title='bbox 3321 4965 3462 5023; x_wconf 88' lang='lat' dir='ltr'><strong>intra</strong></span> <span class='ocrx_word' id='word_1_849' title='bbox 3503 4982 3569 5025; x_wconf 85' lang='lat' dir='ltr'><strong>se.</strong></span> 
     </span>
    </p>
   </div>
   <div class='ocr_carea' id='block_1_109' title="bbox 1981 5039 3565 5133">
    <p class='ocr_par' dir='ltr' id='par_1_109' title="bbox 1981 5039 3565 5133">
     <span class='ocr_line' id='line_1_109' title="bbox 1981 5039 3565 5133; baseline 0.016 -42"><span class='ocrx_word' id='word_1_850' title='bbox 1981 5039 2309 5095; x_wconf 87' lang='lat' dir='ltr'><strong>continuerit</strong></span> <span class='ocrx_word' id='word_1_851' title='bbox 2341 5041 2781 5114; x_wconf 89' lang='lat' dir='ltr'><strong>instrumentum,</strong></span> <span class='ocrx_word' id='word_1_852' title='bbox 2809 5065 3041 5122; x_wconf 86' lang='lat' dir='ltr'><strong>eumque</strong></span> <span class='ocrx_word' id='word_1_853' title='bbox 3072 5067 3285 5129; x_wconf 88' lang='lat' dir='ltr'><strong>semper</strong></span> <span class='ocrx_word' id='word_1_854' title='bbox 3318 5058 3565 5133; x_wconf 81' lang='lat' dir='ltr'><strong>designa-</strong></span> 
     </span>
    </p>
   </div>
   <div class='ocr_carea' id='block_1_110' title="bbox 1980 5130 3567 5227">
    <p class='ocr_par' dir='ltr' id='par_1_110' title="bbox 1980 5130 3567 5227">
     <span class='ocr_line' id='line_1_110' title="bbox 1980 5130 3567 5227; baseline 0.017 -43"><span class='ocrx_word' id='word_1_855' title='bbox 1980 5130 2119 5187; x_wconf 87' lang='lat' dir='ltr'><strong>verit</strong></span> <span class='ocrx_word' id='word_1_856' title='bbox 2147 5131 2477 5203; x_wconf 86' lang='lat' dir='ltr'><strong>adfuturum,</strong></span> <span class='ocrx_word' id='word_1_857' title='bbox 2500 5152 2659 5209; x_wconf 90' lang='lat' dir='ltr'><strong>quem</strong></span> <span class='ocrx_word' id='word_1_858' title='bbox 2689 5130 2957 5200; x_wconf 83' lang='lat' dir='ltr'><strong>credimus</strong></span> <span class='ocrx_word' id='word_1_859' title='bbox 2982 5159 3081 5216; x_wconf 89' lang='lat' dir='ltr'><strong>per</strong></span> <span class='ocrx_word' id='word_1_860' title='bbox 3099 5159 3319 5220; x_wconf 88' lang='lat' dir='ltr'><strong>partum</strong></span> <span class='ocrx_word' id='word_1_861' title='bbox 3339 5130 3567 5227; x_wconf 75' lang='lat' dir='ltr'><strong>virginis</strong></span> 
     </span>
    </p>
   </div>
   <div class='ocr_carea' id='block_1_111' title="bbox 1969 5219 3566 5317">
    <p class='ocr_par' dir='ltr' id='par_1_111' title="bbox 1969 5219 3566 5317">
     <span class='ocr_line' id='line_1_111' title="bbox 1969 5219 3566 5317; baseline 0.018 -41"><span class='ocrx_word' id='word_1_862' title='bbox 1969 5219 2081 5291; x_wconf 86' lang='lat' dir='ltr'><strong>jam</strong></span> <span class='ocrx_word' id='word_1_863' title='bbox 2112 5224 2343 5293; x_wconf 87' lang='lat' dir='ltr'><strong>venisse,</strong></span> <span class='ocrx_word' id='word_1_864' title='bbox 2373 5233 2554 5285; x_wconf 86' lang='lat' dir='ltr'><strong>tamen</strong></span> <span class='ocrx_word' id='word_1_865' title='bbox 2583 5231 2637 5286; x_wconf 91' lang='lat' dir='ltr'><strong>in</strong></span> <span class='ocrx_word' id='word_1_866' title='bbox 2671 5233 2857 5290; x_wconf 88' lang='lat' dir='ltr'><strong>orbem</strong></span> <span class='ocrx_word' id='word_1_867' title='bbox 2889 5219 3153 5294; x_wconf 83' lang='lat' dir='ltr'><strong>terrarum</strong></span> <span class='ocrx_word' id='word_1_868' title='bbox 3177 5219 3455 5317; x_wconf 22' lang='lat' dir='ltr'><strong>&#39;abipsius&#39;</strong></span> <span class='ocrx_word' id='word_1_869' title='bbox 3469 5260 3566 5303; x_wconf 86' lang='lat' dir='ltr'><strong>no-</strong></span> 
     </span>
    </p>
   </div>
   <div class='ocr_carea' id='block_1_112' title="bbox 1975 5313 3559 5401">
    <p class='ocr_par' dir='ltr' id='par_1_112' title="bbox 1975 5313 3559 5401">
     <span class='ocr_line' id='line_1_112' title="bbox 1975 5313 3559 5401; baseline 0.016 -32"><span class='ocrx_word' id='word_1_870' title='bbox 1975 5315 2073 5369; x_wconf 85' lang='lat' dir='ltr'><strong>stri</strong></span> <span class='ocrx_word' id='word_1_871' title='bbox 2122 5313 2420 5375; x_wconf 83' lang='lat' dir='ltr'><strong>Salvatoris</strong></span> <span class='ocrx_word' id='word_1_872' title='bbox 2459 5320 2691 5379; x_wconf 88' lang='lat' dir='ltr'><strong>mirabili</strong></span> <span class='ocrx_word' id='word_1_873' title='bbox 2736 5338 2986 5385; x_wconf 86' lang='lat' dir='ltr'><strong>manasse</strong></span> <span class='ocrx_word' id='word_1_874' title='bbox 3010 5313 3273 5401; x_wconf 80' lang='lat' dir='ltr'><strong>pmbatur</strong></span> <span class='ocrx_word' id='word_1_875' title='bbox 3303 5337 3559 5396; x_wconf 87' lang='lat' dir='ltr'><strong>adventu.</strong></span> 
     </span>
    </p>
   </div>
   <div class='ocr_carea' id='block_1_113' title="bbox 2052 5403 3565 5496">
    <p class='ocr_par' dir='ltr' id='par_1_113' title="bbox 2052 5403 3565 5496">
     <span class='ocr_line' id='line_1_113' title="bbox 2052 5403 3565 5496; baseline 0.019 -37"><span class='ocrx_word' id='word_1_876' title='bbox 2052 5403 2239 5461; x_wconf 76' lang='lat' dir='ltr'><strong>XXIV.</strong></span> <span class='ocrx_word' id='word_1_877' title='bbox 2280 5405 2408 5465; x_wconf 66' lang='lat' dir='ltr'><strong>Haec</strong></span> <span class='ocrx_word' id='word_1_878' title='bbox 2441 5419 2623 5469; x_wconf 86' lang='lat' dir='ltr'><strong>autem</strong></span> <span class='ocrx_word' id='word_1_879' title='bbox 2675 5414 2864 5489; x_wconf 82' lang='lat' dir='ltr'><strong>religio</strong></span> <span class='ocrx_word' id='word_1_880' title='bbox 2911 5429 3096 5477; x_wconf 86' lang='lat' dir='ltr'><strong>nostra</strong></span> <span class='ocrx_word' id='word_1_881' title='bbox 3123 5463 3139 5489; x_wconf 93' lang='lat'><strong>,</strong></span> <span class='ocrx_word' id='word_1_882' title='bbox 3167 5438 3289 5496; x_wconf 77' lang='lat' dir='ltr'><strong>qua:</strong></span> <span class='ocrx_word' id='word_1_883' title='bbox 3337 5440 3565 5488; x_wconf 87' lang='lat' dir='ltr'><strong>vocatur</strong></span> 
     </span>
    </p>
   </div>
   <div class='ocr_carea' id='block_1_114' title="bbox 1978 5492 3560 5587">
    <p class='ocr_par' dir='ltr' id='par_1_114' title="bbox 1978 5492 3560 5587">
     <span class='ocr_line' id='line_1_114' title="bbox 1978 5492 3560 5587; baseline 0.019 -38"><span class='ocrx_word' id='word_1_884' title='bbox 1978 5492 2284 5555; x_wconf 87' lang='lat' dir='ltr'><strong>Christiana</strong></span> <span class='ocrx_word' id='word_1_885' title='bbox 2312 5508 2476 5571; x_wconf 88' lang='lat' dir='ltr'><strong>atque</strong></span> <span class='ocrx_word' id='word_1_886' title='bbox 2502 5505 2791 5575; x_wconf 78' lang='lat' dir='ltr'><strong>catholica,</strong></span> <span class='ocrx_word' id='word_1_887' title='bbox 2821 5508 2907 5566; x_wconf 89' lang='lat' dir='ltr'><strong>his</strong></span> <span class='ocrx_word' id='word_1_888' title='bbox 2926 5492 3560 5587; x_wconf 51' lang='lat' dir='ltr'><strong>fundamehtisﬁhristo,</strong></span> 
     </span>
    </p>
   </div>
   <div class='ocr_carea' id='block_1_115' title="bbox 1978 5587 3564 5675">
    <p class='ocr_par' dir='ltr' id='par_1_115' title="bbox 1978 5587 3564 5675">
     <span class='ocr_line' id='line_1_115' title="bbox 1978 5587 3564 5675; baseline 0.019 -36"><span class='ocrx_word' id='word_1_889' title='bbox 1978 5594 2042 5639; x_wconf 91' lang='lat' dir='ltr'><strong>ut</strong></span> <span class='ocrx_word' id='word_1_890' title='bbox 2069 5587 2360 5656; x_wconf 84' lang='lat' dir='ltr'><strong>credimus,</strong></span> <span class='ocrx_word' id='word_1_891' title='bbox 2374 5593 2667 5663; x_wconf 87' lang='lat' dir='ltr'><strong>revelante,</strong></span> <span class='ocrx_word' id='word_1_892' title='bbox 2693 5598 3063 5674; x_wconf 86' lang='lat' dir='ltr'><strong>principaliter</strong></span> <span class='ocrx_word' id='word_1_893' title='bbox 3081 5607 3291 5675; x_wconf 87' lang='lat' dir='ltr'><strong>nititur,</strong></span> <span class='ocrx_word' id='word_1_894' title='bbox 3308 5625 3564 5671; x_wconf 78' lang='lat' dir='ltr'><strong>asserens</strong></span> 
     </span>
    </p>
   </div>
   <div class='ocr_carea' id='block_1_116' title="bbox 1982 5682 3561 5772">
    <p class='ocr_par' dir='ltr' id='par_1_116' title="bbox 1982 5682 3561 5772">
     <span class='ocr_line' id='line_1_116' title="bbox 1982 5682 3561 5772; baseline 0.021 -41"><span class='ocrx_word' id='word_1_895' title='bbox 1982 5691 2046 5732; x_wconf 75' lang='lat' dir='ltr'><strong>ex</strong></span> <span class='ocrx_word' id='word_1_896' title='bbox 2075 5687 2281 5738; x_wconf 74' lang='lat' dir='ltr'><strong>aeterno</strong></span> <span class='ocrx_word' id='word_1_897' title='bbox 2302 5682 2539 5742; x_wconf 87' lang='lat' dir='ltr'><strong>divinam</strong></span> <span class='ocrx_word' id='word_1_898' title='bbox 2560 5687 2740 5747; x_wconf 84' lang='lat' dir='ltr'><strong>Patris</strong></span> <span class='ocrx_word' id='word_1_899' title='bbox 2785 5702 2842 5749; x_wconf 91' lang='lat' dir='ltr'><strong>et</strong></span> <span class='ocrx_word' id='word_1_900' title='bbox 2870 5693 2990 5752; x_wconf 89' lang='lat' dir='ltr'><strong>Filii</strong></span> <span class='ocrx_word' id='word_1_901' title='bbox 3017 5707 3071 5752; x_wconf 90' lang='lat' dir='ltr'><strong>et</strong></span> <span class='ocrx_word' id='word_1_902' title='bbox 3101 5698 3336 5772; x_wconf 88' lang='lat' dir='ltr'><strong>Spiritus</strong></span> <span class='ocrx_word' id='word_1_903' title='bbox 3383 5709 3561 5764; x_wconf 86' lang='lat' dir='ltr'><strong>sancti</strong></span> 
     </span>
    </p>
   </div>
   <div class='ocr_carea' id='block_1_117' title="bbox 1982 5770 3560 5855">
    <p class='ocr_par' dir='ltr' id='par_1_117' title="bbox 1982 5770 3560 5855">
     <span class='ocr_line' id='line_1_117' title="bbox 1982 5770 3560 5855; baseline 0.017 -28"><span class='ocrx_word' id='word_1_904' title='bbox 1982 5770 2253 5828; x_wconf 78' lang='lat' dir='ltr'><strong>exstitisse</strong></span> <span class='ocrx_word' id='word_1_905' title='bbox 2273 5774 2654 5835; x_wconf 89' lang='lat' dir='ltr'><strong>substantiam.</strong></span> <span class='ocrx_word' id='word_1_906' title='bbox 2687 5779 2900 5842; x_wconf 88' lang='lat' dir='ltr'><strong>Patrem</strong></span> <span class='ocrx_word' id='word_1_907' title='bbox 2923 5803 2954 5842; x_wconf 89' lang='lat' dir='ltr'><strong>a</strong></span> <span class='ocrx_word' id='word_1_908' title='bbox 2975 5770 3363 5855; x_wconf 23' lang='lat' dir='ltr'><strong>nullo,vFilium</strong></span> <span class='ocrx_word' id='word_1_909' title='bbox 3384 5811 3415 5852; x_wconf 88' lang='lat' dir='ltr'><strong>a</strong></span> <span class='ocrx_word' id='word_1_910' title='bbox 3433 5843 3437 5847; x_wconf 94' lang='lat'><strong>.</strong></span> <span class='ocrx_word' id='word_1_911' title='bbox 3453 5796 3560 5853; x_wconf 90' lang='lat' dir='ltr'><strong>Pa-</strong></span> 
     </span>
    </p>
   </div>
   <div class='ocr_carea' id='block_1_118' title="bbox 1982 5860 3556 5954">
    <p class='ocr_par' dir='ltr' id='par_1_118' title="bbox 1982 5860 3556 5954">
     <span class='ocr_line' id='line_1_118' title="bbox 1982 5860 3556 5954; baseline 0.02 -40"><span class='ocrx_word' id='word_1_912' title='bbox 1982 5869 2088 5954; x_wconf 72' lang='lat' dir='ltr'><strong>tre,</strong></span> <span class='ocrx_word' id='word_1_913' title='bbox 2114 5860 2371 5934; x_wconf 90' lang='lat' dir='ltr'><strong>Spiritum</strong></span> <span class='ocrx_word' id='word_1_914' title='bbox 2402 5879 2646 5928; x_wconf 88' lang='lat' dir='ltr'><strong>sanctum</strong></span> <span class='ocrx_word' id='word_1_915' title='bbox 2674 5889 2704 5928; x_wconf 88' lang='lat' dir='ltr'><strong>a</strong></span> <span class='ocrx_word' id='word_1_916' title='bbox 2731 5874 2890 5933; x_wconf 88' lang='lat' dir='ltr'><strong>Patre</strong></span> <span class='ocrx_word' id='word_1_917' title='bbox 2912 5889 2965 5936; x_wconf 88' lang='lat' dir='ltr'><strong>et</strong></span> <span class='ocrx_word' id='word_1_918' title='bbox 2992 5880 3129 5938; x_wconf 80' lang='lat' dir='ltr'><strong>Filio</strong></span> <span class='ocrx_word' id='word_1_919' title='bbox 3157 5886 3556 5954; x_wconf 85' lang='lat' dir='ltr'><strong>procedentem.</strong></span> 
     </span>
    </p>
   </div>
   <div class='ocr_carea' id='block_1_119' title="bbox 1982 5952 3563 6047">
    <p class='ocr_par' dir='ltr' id='par_1_119' title="bbox 1982 5952 3563 6047">
     <span class='ocr_line' id='line_1_119' title="bbox 1982 5952 3563 6047; baseline 0.02 -38"><span class='ocrx_word' id='word_1_920' title='bbox 1982 5952 2083 6022; x_wconf 86' lang='lat' dir='ltr'><strong>Qui</strong></span> <span class='ocrx_word' id='word_1_921' title='bbox 2113 5956 2188 6014; x_wconf 88' lang='lat' dir='ltr'><strong>sit</strong></span> <span class='ocrx_word' id='word_1_922' title='bbox 2210 5965 2390 6018; x_wconf 85' lang='lat' dir='ltr'><strong>tamen</strong></span> <span class='ocrx_word' id='word_1_923' title='bbox 2419 5962 2611 6023; x_wconf 85' lang='lat' dir='ltr'><strong>modus</strong></span> <span class='ocrx_word' id='word_1_924' title='bbox 2628 5972 2988 6040; x_wconf 83' lang='lat' dir='ltr'><strong>processionis</strong></span> <span class='ocrx_word' id='word_1_925' title='bbox 3014 5952 3335 6047; x_wconf 78' lang='lat' dir='ltr'><strong>istiusmodi,</strong></span> <span class='ocrx_word' id='word_1_926' title='bbox 3359 5980 3433 6038; x_wconf 88' lang='lat' dir='ltr'><strong>ita</strong></span> <span class='ocrx_word' id='word_1_927' title='bbox 3454 5996 3563 6040; x_wconf 82' lang='lat' dir='ltr'><strong>non</strong></span> 
     </span>
    </p>
   </div>
  </div>
