4090 6486
552 392 680 447 1071

1364 391 1425 445 Β.
1467 390 1528 447 F.
1574 389 1797 447 ALBlNl
1838 388 1968 446 ’ὀὶ-ἐϋ
2010 384 2287 446 Αῐαιδι
2342 387 2625 449 ΟΡΕΒΕΜ
2663 390 2842 448 PARS
2884 388 3009 447 Vill.

3695 390 3856 446 1072

548 519 835 575 possumus
862 502 1134 558 evidenter
1155 502 1357 567 dicere,
1397 508 1539 559 sicut
1581 504 1984 576 generationem
2014 502 2134 557 Filii
2167 505 2214 563 Α
2241 506 2546 561 stituendus
2576 504 2801 561 ulterius
2837 507 2890 560 in
2922 505 3065 561 illam
3096 506 3390 579 angelicam
3415 505 3754 580 dignitatem,
3776 515 3852 563 ut

549 616 657 656 nou
683 607 863 670 potest
891 597 1157 653 humanus
1184 597 1397 652 animus
1446 597 1740 653 mstimare.
1789 596 1917 651 llzcc
1959 600 2141 653 autem

550 700 613 746 ut
640 688 953 753 credantur,
982 694 1136 742 vetus
1166 701 1229 741 ac
1249 700 1386 742 nova
1414 684 1673 742 informat
1702 686 1989 742 instructio
2012 725 2029 751 ,
2076 685 2143 740 de

548 797 657 853 qua
688 778 833 834 velut
859 792 983 834 arce
1008 776 1284 851 religionis
1304 786 1506 833 nostra:
1542 777 1694 835 multi
1724 777 1937 833 diversa
1967 786 2021 831 et
2045 776 2144 833 hu-

554 871 807 935 maniter,
836 878 1019 940 atque,
1050 878 1108 926 ut
1134 869 1210 925 ita
1249 868 1452 935 dicam,
1479 868 1770 925 carnaliter
1806 868 2104 925 Sentientcs
2123 906 2139 929 ,

548 962 777 1021 adversa
803 961 965 1017 locuti
995 969 1140 1016 sunt.
1167 959 1324 1017 Unde
1362 958 1607 1016 nonnulli
1637 973 1826 1015 eorum
1853 973 1956 1014 nec
1975 956 2144 1015 Vetus

553 1055 823 1124 recipiunt
873 1053 1307 1116 Testamentum,
1354 1066 1531 1124 neque
1557 1052 1612 1107 in
1672 1050 1886 1123 integro
1909 1047 2139 1106 Novum.

552 1147 863 1204 Christiana
909 1146 1044 1202 ﬁdes
1068 1155 1359 1216 utrumque
1391 1144 1603 1217 recipit,
1625 1145 1856 1201 credens
1886 1142 2065 1199 Patris
2086 1151 2146 1198 ct

549 1239 677 1294 Filii
704 1248 762 1295 et
781 1236 1019 1308 Spiritus
1048 1239 1223 1293 sancti
1250 1250 1412 1294 unam
1459 1246 1711 1292 naturam
1735 1243 1790 1293 et
1820 1245 1932 1291 tres
1952 1249 2142 1306 perso-

556 1351 675 1401 nas,
699 1334 972 1392 sedunnm
989 1334 1160 1390 Deum
1179 1342 1236 1388 et
1265 1347 1430 1387 unum
1455 1331 1779 1403 principium
1807 1348 1817 1381 :
1850 1329 1903 1387 in
1926 1326 2143 1385 Christo

554 1428 785 1486 Domino
813 1436 999 1485 nostro
1025 1427 1170 1486 Jesu.
1192 1427 1285 1497 qui
1305 1436 1389 1484 est
1410 1442 1572 1482 verus
1598 1425 1761 1490 Deus,
1788 1431 1843 1480 et
1868 1421 2142 1493 perfectus

554 1524 716 1577 homo
745 1522 877 1575 duas
904 1520 1239 1576 substantias
1266 1525 1325 1574 et
1347 1533 1508 1574 unam
1553 1532 1864 1589 personam.
1893 1514 2036 1588 Ergo
2057 1513 2140 1571 dis

547 1616 673 1670 vina
705 1630 769 1669 ex
800 1623 1003 1669 atteruo
1032 1621 1225 1667 natura
1253 1651 1268 1675 ,
1330 1621 1384 1666 et
1424 1612 1477 1665 in
1507 1617 1769 1665 aeternum
1799 1609 1919 1664 sine
1956 1606 2138 1676 aliqua

550 1703 918 1761 mutabilitate
944 1702 1265 1774 perdurans,
1293 1702 1397 1757 sibi
1450 1708 1662 1756 tantum
1707 1698 1929 1758 conscia
1947 1696 2138 1754 volun-

2245 596 2506 668 Origenes
2531 595 2765 662 delirat;
2806 596 2900 653 sed
2929 598 3349 668 prmcipitamius
3395 614 3517 656 cum
3574 607 3688 655 toto
3735 614 3855 654 suo

2244 702 2473 759 corpore
2505 696 2631 759 post
2684 687 2947 761 judicium
3002 690 3056 745 in
3090 688 3266 760 ignem
3306 700 3645 762 perpetuum.
3678 690 3843 747 utibi

2244 781 2299 837 in
2324 789 2588 838 internum
2620 779 2759 836 male
2786 780 2973 837 vivens
3008 782 3274 837 moriatur
3316 781 3432 837 sine
3462 780 3586 837 ﬁne.
3613 782 3853 853 Absque

2243 871 2356 928 sola
2388 872 2553 941 igitur
2578 872 2868 937 Trinitate,
2890 887 3054 943 quam
3108 872 3279 929 solam
3308 887 3474 928 unum
3504 872 3851 944 principium

2243 962 2439 1029 fateor,
2468 975 2524 1019 et
2549 965 2733 1029 credo,
2760 979 2921 1019 omne
2941 964 3084 1035 quod
3107 964 3159 1019 in
3189 964 3363 1029 cmlis,
3388 972 3554 1030 terra,
3586 964 3856 1036 marique

2242 1064 2350 1124 est,
2372 1057 2572 1128 agitur,
2595 1056 2681 1111 vel
2705 1065 2973 1123 movetur,
2996 1065 3300 1112 creaturam
3323 1070 3443 1113 esse
3473 1055 3610 1112 dico.
3637 1055 3849 1111 Malum

2243 1163 2376 1221 ergo
2401 1149 2488 1205 vel
2513 1148 2776 1207 malitiam
2803 1163 2833 1205 a
2862 1148 2973 1205 Deo
2998 1165 3104 1205 non
3132 1164 3254 1206 esse
3291 1159 3500 1215 creata,
3530 1149 3626 1205 sed
3655 1165 3687 1204 a
3711 1150 3851 1205 dia-

2243 1240 2366 1298 bolo
2393 1239 2611 1301 inventa
2634 1240 2816 1297 credo.
2840 1237 3094 1295 Omnium
3134 1248 3513 1296 creaturarum
3533 1240 3649 1297 sive
3676 1240 3856 1311 spiri-

2243 1330 2467 1389 tualium
2502 1330 2620 1390 sive
2640 1329 3008 1402 corporalium
3051 1331 3248 1387 bonam
3295 1331 3559 1387 conﬁteor
3583 1331 3855 1389 substan-

2242 1426 2374 1482 tiam
2398 1434 2453 1482 et
2479 1424 2603 1481 mali
2626 1425 2829 1481 nullam
2858 1440 2981 1483 esse
3009 1434 3282 1482 naturam.
3324 1425 3400 1480 Ex
3434 1433 3653 1480 auctore
3684 1424 3846 1487 mali,

2243 1517 2518 1574 concurrit
2542 1515 2757 1577 malitia
2790 1517 2844 1574 in
2872 1523 3119 1575 caeteros.
3152 1515 3305 1575 Unde
3327 1515 3461 1572 nihil
3500 1525 3585 1572 est
3640 1524 3850 1572 natura

2242 1608 2601 1677 immutabile,
2630 1608 2736 1667 nisi
2782 1609 2930 1666 solos
2953 1608 3134 1673 Deus.
3189 1609 3281 1682 qui
3326 1624 3433 1664 non
3460 1614 3638 1679 potest
3688 1606 3848 1662 aliud

2243 1700 2374 1774 quid
2404 1716 2527 1761 esse
2554 1702 2658 1759 nisi
2687 1702 2882 1772 bonus,
2911 1701 3006 1773 qui
3031 1700 3403 1759 universitatis
3427 1700 3676 1757 conditor
3700 1698 3848 1754 nihil

549 1807 681 1861 tate,
712 1804 902 1868 sponte
925 1795 1186 1851 mundum
1210 1793 1383 1850 voluit
1432 1794 1722 1858 fabricare,
1756 1805 1990 1862 eumque
2013 1803 2138 1847 cum
2177 1864 2199 1868 _
2245 1808 2353 1851 non
2380 1793 2584 1852 bonum
2610 1791 2759 1852 fecit.
2787 1791 2936 1852 Bona
2969 1801 3055 1853 est
3080 1807 3210 1865 ergo
3235 1807 3365 1851 caro
3393 1798 3603 1857 nostra,
3622 1800 3681 1845 ut
3711 1800 3849 1862 pote

560 1864 784 1944 omnino
836 1901 945 1945 non
976 1895 1142 1955 esset,
1171 1884 1325 1952 fecit,
1352 1893 1411 1940 ut
1449 1893 1595 1940 esset
1628 1902 1641 1938 :
1673 1898 1774 1940 nec
1798 1882 1865 1937 de
1888 1894 1987 1939 sua
2015 1880 2144 1939 sub-
2175 1864 2221 1930 Β
2246 1905 2279 1947 a
2306 1889 2449 1946 bono
2474 1897 2530 1946 et
2554 1886 2673 1945 solo
2695 1885 2810 1946 Deo
2844 1887 3080 1952 condita,
3109 1864 3165 1946 ct
3215 1901 3325 1944 non
3374 1897 3460 1945 cst
3506 1885 3647 1942 maia
3674 1926 3690 1949 ,
3741 1899 3848 1942 nec

558 1982 759 2038 stantia
781 1978 1026 2053 protulit,
1048 1992 1120 2035 ne
1163 1977 1380 2034 divinus
1423 1985 1616 2032 natura
1647 1975 1964 2033 crederetur
1984 2014 2000 2039 ,
2045 1970 2146 2030 sed

554 2076 789 2145 primum
816 2073 1114 2147 angelicam
1168 2080 1418 2127 naturam
1453 2081 1511 2128 et
1543 2068 1830 2126 informem
1857 2066 2143 2125 materiam

550 2182 767 2224 creasse
817 2165 1177 2239 perhibetur,
1237 2163 1382 2220 sicut
1442 2163 1706 2235 scriptum
1753 2169 1842 2221 est
1896 2160 1953 2218 in
2000 2159 2146 2217 libro

548 2259 650 2315 Job
678 2280 690 2316 :
735 2259 857 2331 Ipse
884 2267 960 2314 est
995 2256 1315 2330 principium
1342 2256 1548 2313 viarum
1582 2251 1683 2310 Dei
1725 2251 1868 2327 (Job.
1894 2270 1987 2322 ιι,
2017 2251 2142 2323 ιι),

550 2361 607 2407 ut
635 2366 741 2408 nOu
768 2360 911 2407 esset
934 2350 1113 2407 otiosa
1139 2346 1236 2405 Dei
1260 2345 1501 2412 bonitas,
1527 2347 1621 2403 sed
1670 2345 1919 2412 haberet,
1949 2345 2006 2401 in
2028 2343 2148 2417 qni-

549 2446 650 2502 bus
678 2459 773 2515 per
797 2442 966 2497 multa
1002 2448 1129 2498 ante
1155 2440 1334 2511 spatia
1365 2435 1668 2496 bonitatem
1715 2452 1869 2493 suam
1895 2435 2145 2494 ostende-

550 2546 655 2592 ret.
693 2534 803 2590 Ncc
828 2533 973 2590 cnim
996 2531 1294 2603 putandum
1316 2537 1419 2597 est,
1439 2538 1499 2584 ut
1519 2530 1636 2585 haec
1675 2526 1894 2585 aliunde
1922 2526 2146 2585 molitus

549 2636 714 2695 esset,
733 2641 831 2682 nec
845 2635 1102 2695 tanquam
1116 2623 1417 2680 exstitisset
1436 2621 1656 2691 aliquid,
1676 2622 1820 2692 quod
1832 2619 1949 2690 ejus
1962 2618 2145 2676 volun-

552 2730 715 2777 tatem
732 2720 1018 2775 existentia
1048 2717 1282 2790 propria:
1295 2726 1501 2771 natura!
1518 2714 1767 2785 jus-aret;
1789 2725 1950 2785 atque
1976 2723 2139 2780 esset,

550 2823 606 2870 et
632 2813 775 2885 quod
802 2827 975 2883 neque
1004 2813 1070 2867 ab
1098 2812 1215 2883 ipso
1243 2809 1445 2870 factum
1472 2817 1640 2876 esset,
1669 2817 1725 2865 et
1765 2816 1944 2864 tamen
1976 2815 2141 2874 esset,

551 2908 695 2976 quod
721 2907 860 2961 absit
906 2904 975 2960 ab
1007 2903 1278 2959 intellectu
1329 2901 1565 2958 ﬁdelium
1592 2942 1607 2966 ,
1662 2910 1716 2954 et
1736 2899 1880 2955 Deus
1908 2908 2140 2956 avertat.

623 2998 790 3055 XXV.
829 2997 907 3053 Ex
947 2997 1033 3053 his
1059 2996 1221 3066 igitur
1247 3012 1366 3066 quzc
1392 3004 1573 3051 creata
1602 2992 1843 3061 fuerunt,
1874 2993 1926 3049 id
1951 3003 2143 3060 est,cx

550 3093 639 3153 illa
665 3090 883 3148 informi
906 3090 1132 3144 materia
1163 3088 1252 3146 hic
1280 3086 1511 3144 visibilis
1534 3087 1788 3154 mundus,
1812 3100 1937 3142 cum
1966 3085 2142 3142 omni-

552 3188 668 3243 bus.
700 3198 822 3254 quae
847 3183 901 3240 in
926 3198 993 3238 eo
1013 3190 1178 3247 sunt,
1222 3189 1277 3239 et
1306 3179 1479 3236 factus
1514 3180 1757 3236 creditur
1778 3188 1834 3238 et
1873 3186 2099 3235 ornatus
2125 3219 2139 3245 ,

552 3276 645 3331 sed
674 3274 839 3331 verbo
855 3272 1031 3330 cmlos
1053 3272 1327 3344 produxit,
1349 3281 1407 3329 et
1451 3282 1646 3329 cuncta
1670 3271 1880 3329 creavit
1903 3313 1920 3337 ,
1969 3271 2043 3328 ita
2081 3281 2143 3329 ut

546 3366 672 3422 cmii
706 3365 966 3429 cmlestia,
1003 3372 1058 3422 et
1086 3374 1245 3420 terra:
1266 3373 1485 3419 terrena
1521 3371 1892 3433 componeret,
1921 3363 2142 3437 dispen-

551 3473 677 3511 sans
729 3457 924 3525 cuique
980 3452 1124 3526 quod
1171 3463 1493 3511 suumerat.
1525 3453 1729 3511 Verum
1777 3455 1915 3513 tales
1968 3454 2142 3512 creati

551 3561 678 3608 sunt
709 3550 901 3621 angeli,
937 3558 993 3604 ut
1025 3550 1069 3603 si
1087 3547 1305 3612 vellent,
1340 3547 1392 3602 in
1420 3546 2140 3616 beatitudinepcrsisterent.

552 3646 613 3701 Si
642 3655 823 3700 autem
851 3642 1055 3700 nollent
1085 3641 1246 3697 etiam
1284 3639 1391 3695 labi
1416 3640 1734 3709 potuissent.
1765 3637 1919 3696 Unde
1966 3646 2022 3693 et
2042 3638 2143 3693 Sa.

553 3752 643 3796 tau
682 3753 805 3792 eum
834 3735 1157 3807 sequacibus
1182 3733 1484 3806 legionibus
1523 3732 1759 3789 cecidit:
1794 3732 1888 3788 sed
1911 3732 2142 3787 virtutes

550 3828 826 3901 angelicae,
858 3843 977 3898 qua:
1015 3827 1069 3881 in
1114 3826 1297 3881 divino
1344 3837 1530 3879 amore
1570 3821 1689 3879 fixa:
1734 3821 2095 3895 perstiterunt
2127 3864 2140 3889 ,

553 3920 717 3990 lapsis
739 3918 1171 3987 superbientibus
1209 3914 1413 3986 angelis
1446 3914 1549 3967 hoc
1571 3912 1622 3967 in
1658 3926 1882 3971 munere
1906 3911 2143 3968 retribu-

553 4012 718 4069 tionis
744 4016 1090 4079 acceperunt,
1122 4016 1181 4061 ut
1204 4006 1400 4062 cadere
1419 4004 1641 4060 omnino
1673 4017 1775 4063 nec
1804 4002 2144 4069 vellentmec

550 4104 780 4174 possint,
806 4102 1067 4157 habentes
1096 4114 1124 4153 a
1156 4097 1534 4154 Deovirtutem
1558 4096 2138 4157 incommutabilitatis.

550 4193 811 4251 Diabolus
830 4193 1012 4263 itaque
1041 4208 1143 4247 non
1167 4190 1241 4245 ita
1264 4190 1442 4246 factus
1466 4199 1572 4256 est,
1602 4198 1663 4246 ut
1706 4189 1953 4247 diabolus
1975 4198 2137 4255 esset,

2168 3232 2217 3300 C

2247 1979 2374 2038 mali
2402 1993 2705 2045 causa,nee
2730 1994 2794 2035 ex
2823 1980 2967 2038 bono
2988 1979 3240 2050 maloque
3269 1988 3569 2051 compacta,
3596 1978 3695 2036 sed
3714 1991 3843 2034 cum

2246 2073 2318 2129 sit
2344 2071 2626 2130 creatione
2654 2069 3062 2137 bona,a.rbiMO
3088 2072 3284 2130 animm
3304 2069 3535 2128 eiiicitnr
3561 2069 3645 2125 rei
3672 2070 3839 2135 bona,

2244 2166 2330 2225 vel
2360 2165 2536 2233 mala;
2567 2164 2685 2237 ipsa
2711 2175 2812 2231 est,
2843 2180 2965 2237 quae
2990 2166 3157 2223 stabit
3178 2173 3307 2225 ante
3331 2163 3567 2223 tribunal
3611 2162 3843 2221 Christi.

2318 2257 2507 2318 XXVI.
2546 2257 2726 2317 Credo
2780 2265 3030 2316 sanctam
3080 2255 3377 2315 Ecclesiam
3408 2297 3423 2323 ,
3483 2255 3845 2327 apostolicam

2248 2362 2410 2427 atque
2432 2351 2819 2419 universalem,
2843 2359 2900 2408 et
2930 2352 3288 2410 orthodoxam
3313 2392 3327 2413 .
3376 2365 3497 2422 qua!
3547 2365 3647 2406 nos
3692 2351 3847 2406 hanc

2245 2461 2435 2506 sanam
2448 2444 2633 2503 docuit
2653 2442 2978 2501 doctrinam.
3002 2438 3121 2500 Non
3149 2440 3203 2497 in
3226 2440 3372 2498 illam
3394 2440 3559 2497 credo
3580 2448 3838 2507 tanquam

2246 2541 2301 2598 in
2327 2539 2517 2607 Deum,
2546 2537 2643 2596 sed
2669 2552 2791 2596 eam
2822 2537 2877 2593 in
2904 2536 3044 2601 Deo,
3091 2541 3149 2591 et
3176 2534 3346 2593 Deum
3381 2536 3435 2589 in
3460 2548 3524 2590 ea
3565 2548 3677 2588 esse
3702 2547 3839 2586 cou-

2245 2636 2433 2701 llteor;
2470 2648 2579 2689 non
2609 2632 2766 2704 quasi
2804 2631 2920 2701 ipsa
2951 2628 3227 2686 contineat
3254 2628 3423 2683 Deum
3448 2672 3461 2693 ,
3514 2625 3607 2683 sed
3654 2627 3840 2697 potius

2245 2728 2362 2799 ipsa
2386 2725 2695 2782 continetur
2715 2737 2745 2777 a
2791 2721 2923 2778 Deo.
2954 2720 3082 2779 Haec
3124 2722 3313 2777 domus
3352 2720 3470 2784 Dei,
3495 2720 3613 2775 haec
3639 2733 3842 2789 sponsa

2244 2818 2467 2877 Christi.
2526 2814 2675 2874 lianc
2721 2815 2844 2872 diu)
2881 2822 3197 2871 sanctorum
3246 2813 3490 2869 omnium
3539 2826 3844 2885 congrega-

2246 2914 2466 2970 tionem.
2500 2912 2559 2967 ln
2586 2913 2689 2969 hac
2716 2911 3066 2967 continentur
3099 2925 3289 2969 omnes
3314 2907 3464 2977 justi.
3494 2917 3549 2964 et
3569 2909 3661 2979 qui
3687 2918 3841 2972 sunt,

2244 3015 2300 3062 et
2325 3006 2417 3078 qui
2442 3003 2768 3069 fuerunt,ct
2816 3005 3116 3076 quierunt.
3171 3001 3363 3058 Adhuc
3406 3000 3530 3058 dico
3584 2998 3844 3070 amplius.

2244 3094 2422 3152 Etiam
2451 3110 2642 3151 omnes
2670 3094 2952 3151 beatorum
2973 3091 3260 3166 spirituum
3289 3091 3510 3149 ordines
3532 3089 3587 3149 in
3610 3090 3714 3147 hac
3735 3104 3846 3145 una

2247 3188 2693 3249 confrederantur
2746 3185 2989 3245 Ecclesia
3016 3227 3033 3251 ,
3092 3184 3351 3259 Apostolo
3415 3201 3514 3241 nos
3564 3183 3789 3240 docente
3827 3200 3842 3239 :

2249 3283 2387 3351 Quia
2414 3284 2469 3337 in
2494 3279 2702 3337 Christo
2733 3277 3070 3335 reconciliata
3100 3285 3223 3333 sunt
3248 3276 3427 3331 omnia
3450 3316 3464 3338 ,
3516 3290 3620 3328 non
3646 3272 3844 3337 solum,

2244 3376 2437 3449 quain
2465 3385 2605 3429 terra
2646 3383 2805 3434 sunt,
2861 3387 3039 3427 rerum
3068 3371 3225 3428 etiam
3262 3386 3380 3442 que
3427 3371 3482 3423 in
3528 3368 3671 3424 edis
3715 3379 3846 3424 sunt

2246 3465 2469 3533 (Colca.
2500 3479 2543 3533 ι,
2564 3463 2677 3536 20).
2712 3462 2840 3520 Haec
2884 3464 3257 3538 omniapcra
3284 3462 3482 3525 unitas,
3510 3460 3712 3517 dicitur
3754 3463 3845 3517 ci-

2245 3559 2387 3615 vitas
2416 3556 2532 3615 Dei.
2558 3555 2662 3614 Hic
2709 3555 2861 3612 locus
2889 3564 3014 3619 est,
3064 3554 3117 3609 in
3159 3568 3268 3625 quo
3312 3552 3578 3610 conflatur
3617 3568 3839 3609 aurum.

2247 3650 2399 3708 lianc
2423 3664 2588 3705 unam
2615 3646 2913 3706 Ecclesiam
2932 3644 3259 3703 catholicam
3280 3654 3336 3701 et
3360 3659 3575 3700 sursum
3600 3652 3657 3701 et
3674 3643 3841 3698 deor-

2245 3756 2365 3798 sum
2396 3740 2595 3812 ubique
2616 3736 2866 3796 diﬂ‘usam
2909 3738 2965 3793 in
2992 3752 3158 3792 unam
3198 3734 3549 3808 colligendam
3602 3735 3843 3792 beatitu-

2245 3833 2427 3888 dinem
2450 3831 2635 3896 credo,
2664 3830 2832 3895 idest,
2857 3838 3030 3884 totam
3058 3827 3219 3885 simul
3248 3827 3303 3883 in
3326 3826 3470 3883 creto
3492 3835 3848 3898 regnaturus

2242 3937 2370 3979 cum
2400 3922 2642 3987 Christo,
2666 3921 2762 3992 qui
2791 3928 2955 3992 caput
2975 3929 3059 3975 est
3079 3919 3253 3992 ipsius
3273 3916 3551 3983 Ecclesiae,
3576 3918 3701 3990 quia
3722 3919 3838 3990 ipsa

2243 4021 2328 4071 est
2356 4028 2556 4084 corpus
2582 4013 2719 4083 ejus.
2761 4009 2935 4080 liuius
2954 4025 3189 4081 namque
3238 4010 3485 4082 corporis
3514 4008 3688 4065 factus
3716 4024 3838 4066 sum

2243 4119 2342 4178 per
2368 4104 2601 4177 gratiam
2629 4103 2724 4160 Dei
2750 4103 3074 4166 membrum,
3109 4102 3232 4158 licet
3254 4102 3538 4174 parvulum
3588 4113 3644 4157 et
3686 4100 3838 4158 inﬁr-

2244 4210 2413 4252 mum.
2432 4192 2601 4264 liuius
2627 4195 2966 4251 consortium
2992 4207 3048 4251 et
3067 4194 3173 4251 ﬁde
3197 4205 3253 4251 et
3272 4210 3437 4267 opere
3461 4194 3692 4251 ﬁrmiter
3713 4196 3836 4251 reti-

547 4292 678 4360 quia
711 4290 853 4344 Deus
881 4284 1081 4341 malum
1117 4300 1225 4340 non
1259 4283 1405 4345 fecit,
1435 4283 1531 4342 sed
1582 4297 1708 4341 cum
1761 4291 1908 4342 esset
1955 4298 1989 4339 a
2027 4281 2141 4341 Deo
2244 4301 2378 4343 nere
2404 4299 2581 4358 usque
2594 4286 2652 4343 in
2683 4285 2867 4352 ﬁnem,
2897 4295 2956 4341 et
2978 4296 3106 4359 opto
3130 4288 3291 4344 nimis
3314 4294 3414 4341 eta
3443 4285 3558 4343 Deo
3584 4284 3791 4358 postulo
3812 4327 3829 4351 ,

555 4378 731 4435 factus
753 4377 974 4448 angelus
1002 4376 1198 4439 bonus,
1223 4389 1322 4447 per
1370 4374 1559 4430 vitium
1586 4372 1854 4446 superbiae
1878 4388 1909 4430 a
1934 4388 1997 4431 se
2023 4373 2142 4446 ipso
2243 4378 2336 4451 qui
2361 4379 2518 4437 dator
2566 4391 2651 4437 est
2682 4379 2923 4438 omnium
2965 4379 3247 4438 bonorum.
3296 4379 3440 4453 Ergo
3484 4381 3543 4437 in
3584 4381 3688 4437 hac
3730 4395 3835 4437 una

553 4477 731 4531 factus
758 4482 841 4530 est
866 4471 1131 4529 diabolus.
1162 4469 1264 4540 Qui
1305 4484 1431 4526 cum
1473 4470 1591 4528 suis
1636 4469 1992 4542 complicibus
2042 4482 2143 4541 per
2243 4474 2489 4535 Ecclesia
2506 4485 2695 4532 sancta
2716 4483 2892 4532 matre
2916 4483 3102 4533 nostra
3142 4475 3441 4541 catholica,
3490 4491 3611 4547 quas
3641 4475 3693 4533 in
3728 4484 3844 4534 toto

555 4568 718 4621 istum
743 4574 969 4637 vagatur
983 4577 1189 4629 aerem,
1217 4561 1480 4623 insidians
1500 4561 1660 4619 saluti
1682 4559 1942 4620 ﬁdeliora.
1968 4560 2143 4621 intec-
2172 4608 2222 4637 η
2245 4566 2378 4624 orbo
2415 4566 2603 4625 laudat
2628 4565 2799 4625 neum
2825 4609 2843 4634 ,
2899 4581 2986 4624 me
3035 4577 3352 4625 sanctorum
3398 4567 3839 4625 communionem

554 4672 654 4714 nas
675 4667 881 4711 tantum
919 4654 1275 4727 cogitationes
1296 4654 1511 4721 animm,
1534 4652 1859 4728 quibusdam
1902 4651 2136 4715 forinse-
2171 4651 2220 4672 ν
2242 4666 2662 4717 consueuturum
2688 4671 2813 4715 esse
2840 4657 3026 4726 credo,
3049 4672 3159 4715 non
3186 4658 3243 4714 in
3268 4657 3404 4714 meis
3441 4657 3653 4714 meritis
3681 4699 3697 4724 ,
3742 4660 3841 4716 sed

552 4764 653 4805 rus
701 4747 1105 4817 reprehendere
1132 4745 1371 4811 indiciis,
1394 4742 1700 4818 prasertim
1745 4758 1813 4801 ex
1850 4744 1982 4817 ipsis
2010 4758 2141 4805 con-
2244 4749 2301 4805 in
2334 4747 2540 4808 Christi
2569 4763 2835 4822 sanguine
2862 4757 2919 4804 ct
2959 4748 3121 4821 huius
3150 4749 3340 4805 matris
3369 4747 3626 4805 Ecclesia
3665 4750 3844 4820 preci-

554 4842 925 4913 sparsionihus
949 4840 1275 4904 animarum,
1296 4854 1416 4910 qum
1446 4840 1499 4895 in
1527 4838 1771 4902 moribus
1801 4840 2138 4910 Singulorum
2242 4842 2343 4898 bus
2378 4843 2698 4914 meritisque
2724 4841 3023 4898 conﬁdens.
3054 4841 3374 4917 Summ
3400 4851 3455 4897 et
3477 4842 3594 4897 aliae
3612 4843 3843 4914 pseudo-

553 4934 935 4997 inveniuntur,
966 4947 1072 4987 non
1104 4938 1281 4986 autem
1312 4930 1455 4985 scire
1475 4943 1597 4985 eum
1625 4939 1775 5000 puto.
1811 4927 1969 4986 Solus
1991 4929 2137 4987 enim
2240 4933 2486 4988 ecclesia:
2511 4933 2824 4989 daamonicis
2853 4931 3093 5004 decepta:
3119 4932 3384 4989 doctrinis
3414 4949 3518 4988 non
3548 4941 3842 5004 sequentes

557 5025 702 5081 Deus
722 5032 931 5079 secreta
945 5022 1125 5079 cordis
1162 5020 1329 5076 novit.
1350 5019 1519 5081 Malas
1540 5021 1896 5091 cogitationes
1921 5020 2139 5090 quidem
2242 5022 2540 5090 Christum,
2566 5041 2798 5096 quarum
2831 5032 2886 5080 et
2912 5022 3121 5082 scelera
3139 5034 3197 5081 et
3220 5024 3440 5082 nomina
3466 5024 3631 5095 pudet
3657 5038 3744 5080 me
3772 5039 3841 5083 ac

556 5132 659 5172 non
691 5129 905 5184 semper
940 5128 1008 5169 ex
1038 5112 1155 5184 ejus
1180 5112 1436 5168 instinctu
1465 5110 1714 5177 excitari,
1738 5111 1835 5170 sed
1870 5112 2139 5173 interdum
2242 5115 2546 5186 pigctinter
2566 5129 2719 5171 sacra
2738 5114 2900 5169 verba
2916 5112 3277 5173 confessionis
3304 5113 3428 5170 ﬁdei
3457 5130 3592 5170 mea:
3611 5112 3839 5171 referre.

554 5225 619 5264 ex
650 5209 818 5265 nostri
846 5205 1058 5264 arbitrii
1087 5215 1233 5261 motu
1269 5207 1449 5271 nasci,
1493 5206 1661 5261 bonas
1711 5212 1891 5265 autem
1928 5219 2145 5276 semper
2241 5208 2388 5266 Nihil
2413 5206 2546 5265 mihi
2583 5226 2707 5264 cum
2740 5208 2843 5263 illis
2866 5222 3172 5273 commune,
3194 5207 3409 5271 cunctis
3431 5207 3513 5262 eis
3547 5206 3839 5263 anathema

558 5300 712 5362 δῦρο
731 5301 982 5365 dicimus,
1000 5299 1243 5358 diabolus
1265 5300 1409 5355 enim
1435 5305 1719 5368 suggestor
1743 5296 2011 5360 malorum
2034 5306 2141 5362 est.
2244 5303 2398 5367 dico;
2452 5318 2559 5364 non
2601 5302 2734 5358 mihi
2788 5301 3069 5374 contingat
3119 5316 3245 5357 cum
3281 5298 3383 5356 illis
3411 5297 3495 5354 vel
3550 5298 3839 5371 paciﬁcum

558 5409 664 5450 non
698 5394 955 5464 impulsor
981 5410 993 5445 :
1026 5390 1458 5448 substantialiter
1479 5405 1610 5447 vero
1628 5404 1751 5443 enirn
1777 5388 1923 5447 illabi
1947 5390 2143 5449 animo:
2246 5393 2534 5464 aliquando
2558 5392 2755 5448 habere
2781 5406 3106 5451 sermonem.
3136 5391 3194 5451 Si
3242 5393 3391 5447 locus
3426 5401 3480 5446 et
3510 5400 3719 5464 tempus
3750 5406 3840 5461 po-

558 5499 665 5541 noo
693 5483 982 5547 erudiatus,
1012 5480 1106 5538 sed
1147 5481 1504 5553 applicatione
1528 5490 1579 5533 et
1603 5480 1955 5550 oppressione
1980 5478 2140 5539 uniri.
2242 5488 2483 5561 posce,“
2514 5487 2767 5559 persequi
2798 5487 2915 5542 ina,-
2947 5496 3002 5541 ει
3050 5500 3153 5558 pro
3182 5486 3326 5542 ποίη
3359 5493 3416 5541 ει
3450 5499 3609 5556 posse
3628 5525 3646 5549 ,
3692 5483 3839 5555 (ιυοά

562 5573 719 5632 δοιυ-
748 5589 977 5647 namque
1023 5584 1237 5628 creator
1258 5582 1452 5629 natura
1502 5570 1835 5633 subsistens.
1886 5573 2139 5643 incorpo-
2245 5577 2378 5636 mihi
2398 5575 2542 5631 Deus
2572 5575 2725 5633 dabit
2778 5587 2835 5631 et
2864 5575 2980 5641 dat,
3022 5576 3165 5631 sicut
3197 5576 3380 5632 hostes
3405 5574 3611 5633 Christi
3666 5576 3837 5645 impu-

559 5682 704 5731 ηαδ,
734 5663 992 5737 rapaliilis
1012 5673 1095 5721 est
1119 5679 1229 5718 stuc
1257 5664 1505 5733 facturae.
1535 5664 1662 5722 Fuit
1686 5680 1818 5735 ergo
1844 5663 2027 5735 refuga
2056 5665 2141 5720 illc
2244 5682 2411 5738 gnare
2439 5680 2718 5737 nunquam
2749 5666 3016 5723 desinam.
3066 5664 3264 5722 Divisa:
3295 5666 3442 5724 enim
3491 5676 3615 5722 sunt
3660 5680 3690 5719 a
3716 5679 3836 5721 cur-

562 5757 852 5827 aliquamlo
886 5757 938 5810 in
962 5753 1205 5811 contuitu
1224 5752 1499 5810 Creatoris
1527 5752 1697 5824 gloria
1723 5764 1777 5811 et
1805 5753 2011 5814 honore
2035 5758 2138 5813 cir-
2245 5775 2376 5827 pore
2397 5759 2616 5817 Christi.
2645 5757 2752 5815 illa:
2781 5757 2998 5830 quidem
3044 5774 3294 5814 errorum
3325 5770 3482 5815 nocte
3538 5757 3833 5811 tenebrosae

548 5854 863 5913 .s'uanztlIlS,
893 5848 985 5904 sed
1012 5862 1136 5903 mox
1182 5856 1240 5902 ut
1268 5847 1460 5916 elatus,
1494 5848 1667 5921 patuit
1693 5863 1883 5915 ruune,
1917 5864 2024 5906 non
2060 5865 2141 5907 re-
2244 5848 2384 5905 ultra
2421 5858 2471 5905 et
2500 5848 2657 5915 infra,
2684 5864 2845 5919 quam
2877 5859 2934 5905 ut
2958 5848 3513 5920 oporteat,trahuutm
3550 5864 3580 5903 a
3603 5844 3828 5913 diabolo,
