4090 6552
231 470 366 529 i073

901 456 1051 515 OPP.
1093 452 1320 510 DL’BIA.
1362 479 1432 491 —-
1471 445 1698 504 ALBINI
1736 444 1812 502 CC

1910 440 2120 500 ‘ESSIO
2158 437 2360 495 “DEI.
2401 465 2470 475 —-
2509 432 2690 490 PARS
2729 432 2813 487 ill.

3354 429 3487 484 11176

230 587 476 660 magistro
512 595 719 638 eorum.
775 576 946 632 Mater
985 587 1116 630 vero
1167 568 1407 627 Ecclesia
1458 564 1694 622 medium
1725 573 1802 620 te-
1831 572 1878 631 Α
1908 570 2017 660 tam
2051 569 2208 660 suam
2235 552 2461 609 Domino
2489 558 2826 660 protegenti.
2847 544 2917 602 ab
2947 546 3093 660 anuli
3128 544 3343 660 capitali
3391 547 3494 660 eri:

230 689 335 740 net.
366 675 509 748 quod
535 686 673 728 verte
706 668 920 726 virtutis
955 665 1230 739 proprium
1257 669 1362 717 est.

297 766 502 825 XXVII.
541 764 671 822 llaec
689 762 907 834 quidem
942 767 1116 814 mater
1140 754 1400 820 Ecclesia,
1437 761 1559 823 qum
1605 749 1804 805 dicitur

230 861 511 927 catholica,
536 873 633 930 per
654 857 842 912 orbem
874 853 929 908 in
966 866 1072 906 una
1108 849 1404 918 eademque
1437 843 1539 899 lide
1570 838 1760 897 diffusa
1787 873 1801 904 ,

231 952 396 1010 tribus
432 949 606 1007 modis
650 944 910 1017 probatur
938 942 1191 997 existere.
1230 935 1501 1008 Quidquid
1532 935 1586 988 in
1618 946 1682 987 ea
1728 938 1808 985 te-

231 1054 400 1107 netur.
432 1051 524 1098 aut
549 1038 846 1095 auctoritas
877 1043 960 1090 est
978 1030 1381 1105 Scripturarum
1413 1068 1428 1092 ,
1473 1031 1567 1082 aut
1588 1021 1808 1081 traditio

231 1135 563 1200 universalis,
600 1141 692 1188 aut
711 1138 859 1189 certe
887 1128 1103 1200 propria
1127 1134 1185 1182 et
1232 1120 1576 1196 partlcularis
1608 1119 1809 1175 instru-

229 1231 351 1292 ctio,
376 1227 472 1283 sed
512 1223 838 1280 auctoritate
882 1224 993 1274 tota
1048 1214 1466 1286 constringitur,
1514 1205 1805 1266 universali

230 1315 512 1373 traditione
537 1311 804 1383 majorum
827 1306 1178 1364 nihilominus
1204 1312 1317 1359 tota
1343 1319 1358 1368 ;
1410 1300 1639 1372 privatis
1679 1304 1808 1352 vero

227 1402 694 1464 constitutionibus
749 1407 804 1454 et
857 1397 1116 1470 propriis
1149 1391 1620 1449 informationibus
1673 1402 1809 1445 unas

227 1510 449 1568 queque
472 1493 552 1550 vel
582 1508 679 1563 pro
710 1491 957 1546 locorum
993 1488 1272 1550 varietate,
1302 1484 1387 1540 vel
1424 1487 1583 1555 prout
1612 1476 1809 1550 cuique

229 1591 361 1645 bene
384 1587 560 1642 visum
618 1590 720 1646 est,
749 1579 995 1638 subsistit
1023 1588 1078 1636 et
1133 1577 1354 1650 regitur.
1388 1570 1808 1628 Consuetudinis

229 1682 419 1752 quippe
444 1685 571 1733 sunt
595 1678 822 1732 diversae
843 1715 858 1739 ,
911 1671 1007 1727 sed
1042 1678 1150 1726 una
1203 1668 1502 1737 eademque
1523 1675 1607 1720 est
1640 1664 1695 1719 in
1740 1671 1803 1718 ea

228 1771 344 1827 ﬁdei
373 1768 687 1826 orthodoxte
716 1763 1012 1837 integritas.
1030 1761 1173 1817 Intra
1202 1759 1343 1815 hanc
1359 1765 1603 1815 sanctam
1624 1754 1807 1812 Eccle-

225 1863 378 1926 siam,
406 1858 494 1914 ubi
526 1865 664 1913 unus
696 1856 837 1911 Deus
869 1854 971 1910 rite
993 1851 1207 1916 colitur,
1241 1859 1299 1908 et
1349 1859 1459 1904 una
1513 1855 1599 1904 est
1647 1845 1801 1902 fides.

1902 650 2049 706 mine
2084 649 2376 704 immunem
2432 648 2736 699 servarunt.
2766 638 2898 695 Dico
2943 636 3111 694 etiam
3153 634 3272 706 plus
3295 677 3312 701 ,
3346 637 3495 706 quod

1905 740 2009 794 illis
2043 734 2454 792 ercellentiores
2479 731 2594 787 ﬁeri
2620 738 2848 802 possunt
2890 729 2943 784 in
2986 726 3174 799 gloria.
3229 725 3353 781 Hinc
3407 734 3496 783 est

1902 828 2122 903 quidem
2152 829 2219 883 de
2262 827 2450 894 sanis;
2483 824 2550 879 de
2587 822 2816 878 inﬁmis
2845 836 2974 877 vero
3007 819 3110 875 hoc
3154 820 3348 884 sentio,
3377 833 3475 890 spe

1905 937 2035 977 rans
2061 917 2444 990 dcjustissima
2475 914 2810 989 pietateDei,
2834 912 2975 984 quod
3007 911 3052 967 si
3085 915 3208 984 quis
3229 928 3414 967 eorum
3441 912 3494 967 in

1905 1014 2099 1070 ultimo
2127 1013 2250 1068 vitae
2269 1009 2464 1082 spiritu
2484 1007 2847 1065 admissorum
2875 1006 3158 1079 pmniteat,
3194 1015 3249 1062 et
3273 1015 3493 1076 peccata

1905 1118 2000 1162 sua
2014 1103 2224 1176 publica
2240 1101 2610 1161 satisfactione
2622 1099 3044 1165 lamentationis,
3063 1109 3246 1154 coram
3261 1100 3492 1163 cunctis.

1905 1199 1999 1268 qui
2025 1196 2097 1253 ibi
2145 1196 2377 1260 adstant.
2409 1193 2642 1267 prodat,
2697 1190 3016 1266 ptenitentia
3066 1190 3183 1262 ejus
3230 1189 3490 1259 recipitur

1904 1289 2091 1360 procul
2121 1287 2284 1345 dubio
2305 1288 2484 1343 abillo
2523 1287 2613 1357 qui
2656 1302 2746 1341 cor
2776 1284 3056 1340 contritum
3087 1293 3136 1338 et
3159 1281 3494 1360 humiliation

1905 1397 2012 1436 non
2045 1381 2243 1451 spernit
2281 1375 2453 1450 (Prol.
2483 1394 2535 1432 ι.
2562 1377 2673 1446 l9).
2705 1387 2751 1431 et
2780 1386 3001 1430 mortem
3023 1389 3128 1428 non
3157 1374 3265 1429 vult
3310 1387 3492 1442 perca-

1903 1483 2079 1530 ϐοτη
2114 1471 2331 1543 (Exerit.
2363 1469 2583 1541 111,“),
2607 1469 2774 1526 etiam
2819 1464 2939 1540 μὴ,
2969 1465 3206 1538 etiamsi]
3241 1466 3499 1520 continuo

1904 1563 2014 1617 vita
2035 1559 2346 1626 exceditnr;
2391 1559 2730 1633 propositum
2759 1559 2902 1614 enim
2938 1557 3033 1614 Dei
3063 1597 3081 1622 ,
3129 1569 3234 1626 quo
3260 1555 3501 1610 decrevit

1903 1654 2118 1710 salvere
2164 1653 2310 1725 quod
2353 1654 2610 1724 perierat,
2639 1660 2748 1708 stat
2779 1649 3071 1707 immobile.
3129 1650 3398 1706 Caeterum
3454 1649 3503 1704 si

1899 1760 2065 1818 quem
2095 1754 2276 1802 movet
2307 1747 2450 1816 quod
2476 1745 2737 1817 scriptum
2771 1752 2856 1801 est
2878 1788 2894 1809 .
2943 1745 3069 1815 quia
3102 1743 3242 1799 Deus
3297 1744 3503 1798 nullum

1903 1843 2108 1898 crimen
2137 1840 2221 1897 vel
2241 1849 2522 1913 peccatum
2560 1837 2654 1914 [Γ.
2699 1838 2840 1895 deest
2876 1837 3128 1910 inultum]
3163 1837 3313 1892 abire
3357 1838 3506 1906 pati—

232 1969 250 2002 ο
293 1963 318 1991 ι
344 1949 521 2006 linum
571 1954 764 2003 tenens
799 1943 1065 2000 conﬁteor
1089 1942 1383 2014 baptisma,
1433 1946 1598 2009 quam
1624 1937 1814 1994 iisdem
1847 1929 1890 1990 Β
1917 1939 2048 1986 tur:
2083 1930 2128 1986 si
2165 1931 2328 1987 homo
2375 1946 2484 1986 non
2529 1931 2702 2002 punit.
2763 1928 2906 1984 Deus
2955 1938 3103 1984 certe
3163 1928 3331 1999 punit.
3379 1927 3496 1980 Res

226 2042 545 2100 sacramenti
563 2040 741 2096 verbis
770 2039 821 2093 in
847 2035 1160 2101 infantibus,
1187 2031 1383 2107 quibus
1405 2033 1571 2088 etiam
1598 2033 1652 2086 in
1689 2046 1808 2086 ma-

225 2134 453 2204 ioribus.
484 2148 605 2188 esse
632 2129 1014 2188 celebrandum
1049 2130 1238 2192 dico,»
1277 2138 1438 2198 atQue
1472 2126 1659 2180 dicens
1686 2138 1808 2178 ωη-

227 2226 402 2282 ﬁrmo.
430 2223 552 2284 illos
586 2223 803 2294 quidem
838 2220 1210 2276 tantummodo
1256 2219 1562 2289 baptizatos
1585 2229 1808 2280 assero,

224 2319 312 2390 qni
345 2321 397 2373 in
437 2318 652 2372 nomine
687 2313 891 2376 Patris,
947 2323 1002 2369 et
1053 2311 1193 2376 Filii,
1222 2322 1278 2368 et
1303 2309 1538 2381 Spiritus
1588 2307 1766 2364 sancti
1790 2346 1807 2373 ,

219 2407 374 2479 juxta
395 2407 638 2480 regulam
665 2420 696 2460 a
723 2405 950 2461 Domino
995 2404 1230 2475 positam
1262 2402 1415 2456 tincti
1449 2407 1593 2455 sunt.
1620 2399 1678 2454 in
1704 2413 1808 2468 qua

226 2498 633 2571 regeneratione
680 2496 1052 2552 remissionem
1077 2493 1317 2549 omnium
1353 2499 1723 2562 peccatorum,
1755 2497 1813 2543 et

221 2586 562 2660 originalium
588 2597 642 2642 et
666 2587 960 2642 actualium
989 2586 1108 2640 dari
1133 2625 1148 2650 ,
1196 2592 1249 2639 et
1281 2581 1492 2638 animas
1545 2578 1815 2652 simulque

223 2695 448 2752 corpora
478 2679 871 2750 baptizatornm
901 2675 1230 2734 sanctiﬁcari
1253 2689 1345 2747 per
1391 2672 1655 2745 Spiritum
1687 2681 1813 2728 sau-

223 2780 369 2827 ctum
395 2771 559 2829 credo
586 2791 596 2826 :
627 2785 785 2842 quem
818 2771 1113 2843 accipimus
1135 2787 1203 2825 ex
1225 2778 1351 2825 tunc
1374 2769 1568 2840 pignus
1590 2766 1816 2823 haeredi-

227 2865 354 2920 tatis
385 2872 608 2930 nostrae,
631 2874 688 2919 et
730 2877 827 2936 per
852 2876 1012 2934 quem
1035 2853 1350 2918 ditlunditur
1374 2861 1612 2917 charitas
1637 2860 1733 2915 Dei
1759 2861 1814 2914 in

222 2955 474 3011 cordibus
500 2957 721 3011 nostris.
757 2954 900 3012 Deus
954 2963 1136 3013 sacrat
1189 2970 1404 3026 aquam,
1443 2962 1500 3008 et
1531 2952 1808 3023 baptizat,

227 3049 319 3118 qui
357 3049 483 3102 talia
513 3056 642 3103 tunc
689 3051 743 3104 in
775 3049 934 3104 nobis
966 3056 1245 3119 operatur,
1273 3046 1400 3102 licet
1424 3046 1662 3104 humana
1691 3059 1812 3116 my-

227 3141 393 3196 steria
419 3140 549 3196 foris
583 3141 884 3196 videantur.
915 3140 1224 3212 Baptizatos
1258 3150 1461 3205 autem,
1493 3139 1540 3194 si
1571 3147 1694 3208 post
1717 3152 1812 3193 ac-

227 3241 438 3302 ceptam
468 3231 716 3304 baptismi
760 3232 993 3304 gratiam
1024 3231 1160 3304 lapsi
1188 3230 1390 3288 iuerint
1414 3271 1428 3296 ,
1486 3230 1811 3302 rebaptizari

225 3323 443 3388 debere,
475 3338 812 3394 nequaquam
858 3323 1110 3388 dicimus,
1159 3332 1228 3378 ne
1276 3322 1543 3381 introeath
1574 3322 1658 3378 vel
1690 3336 1818 3379 con—

227 3415 393 3469 ["5510
427 3423 629 3470 sanctae
688 3413 966 3470 Trinitatis
1008 3411 1349 3479 annulletur;
1383 3413 1478 3468 sed
1501 3411 1699 3469 salvari
1722 3426 1816 3467 eos

225 3522 385 3576 ινσεκο
411 3506 685 3562 credimus
704 3519 801 3577 per
825 3505 1220 3577 ptenitentiam,
1256 3518 1378 3575 quae
1406 3505 1590 3562 multis
1643 3505 1816 3561 modis

228 3608 405 3667 ,τμιιιιι-
436 3598 489 3651 in
520 3606 693 3652 matre
716 3597 978 3661 Ecclesia,
1015 3609 1137 3668 quae
1178 3597 1373 3652 delrius
1405 3596 1500 3653 Dei
1528 3606 1632 3662 est,
1660 3606 1814 3652 extra

222 3700 390 3759 quam
425 3687 626 3744 nullam
661 3689 885 3744 credere
933 3688 1015 3744 fas
1053 3696 1137 3745 est
1185 3690 1578 3755 remissionem.
1614 3690 1814 3747 nullam

218 3785 528 3856 justitiam:
563 3786 816 3855 quoniam
862 3793 1016 3839 extra
1074 3783 1220 3839 illam
1255 3784 1487 3856 positis,
1531 3793 1586 3840 et
1631 3800 1815 3841 sacra-

223 3882 410 3929 menta
437 3874 823 3938 ecclesiastica,
848 3883 904 3929 et
930 3873 1190 3945 (ιυιάφιὶὐ
1222 3873 1348 3928 boni
1371 3874 1454 3944 agi
1483 3881 1680 3944 potest,
1708 3889 1814 3929 non

226 3964 547 4033 proveniunt
579 3963 645 4019 ad
672 3965 918 4028 salutem,
957 3963 1050 4019 sed
1073 3966 1252 4034 potius
1273 3965 1339 4018 ad
1370 3964 1684 4035 perniciem.
1705 3963 1814 4020 Ex-

226 4062 311 4108 tra
348 4054 489 4110 hanc
517 4054 663 4110 enim
715 4054 851 4110 mori
891 4055 1119 4110 diversis
1162 4053 1415 4110 crucibus
1473 4053 1657 4111 carnis
1693 4055 1816 4126 quis

223 4151 428 4214 potest,
444 4144 538 4199 sed
563 4143 674 4199 Deo
694 4152 948 4215 acceptus
965 4159 1088 4201 esse
1113 4160 1218 4200 non
1245 4155 1439 4217 pateat.
1471 4145 1598 4203 llaec
1619 4149 1818 4220 quippe

223 4242 315 4288 est
339 4231 512 4298 locus,
546 4233 599 4287 in
626 4248 733 4304 quo
764 4232 1027 4289 moliatur
1051 4247 1269 4291 aurum.

301 4320 532 4379 XXVIII.
576 4321 688 4381 Hoc
747 4323 912 4381 etiam
959 4324 1256 4380 semiudum
1288 4320 1448 4383 ﬁdem
1493 4328 1817 4388 catholicam

228 4424 416 4481 teneo,
438 4415 582 4486 quod
604 4424 794 4473 omnes
811 4417 1079 4472 veraciter
1097 4416 1357 4489 baptizati
1380 4417 1491 4476 Deo
1521 4422 1819 4478 auxiliante

227 4512 289 4560 et
311 4511 658 4577 cooperante,
684 4521 804 4576 quae
825 4509 891 4562 ad
915 4509 1141 4564 salutem
1163 4511 1356 4566 anim
1374 4512 1668 4582 pertinent,
1692 4527 1820 4584 pos-

227 4595 345 4652 sint
368 4605 425 4651 et
443 4596 692 4664 debeant,
717 4597 763 4654 si
793 4598 1022 4655 ﬁdeliter
1046 4599 1295 4658 laberare
1324 4604 1608 4671 voluerint,
1645 4605 1818 4662 adim-

229 4683 401 4755 plere.
425 4684 646 4756 Aliqnos
674 4702 805 4744 vero
830 4689 895 4743 ad
922 4688 1120 4746 malum
1157 4692 1336 4748 divina
1381 4701 1649 4766 potestate
1673 4712 1815 4769 pra:-

1909 2021 2211 2094 pondemus
2261 2023 2389 2093 quia
2431 2029 2516 2076 eat
2573 2021 2918 2093 purgatorius
2972 2020 3111 2092 ignis
3137 2062 3151 2084 ,
3203 2019 3294 2073 ubi
3342 2033 3505 2074 mun-

1910 2114 2026 2170 dari
2078 2122 2370 2186 poterunt,
2406 2122 2464 2169 et
2511 2115 2590 2170 sic
2640 2111 2851 2184 purgati
2898 2112 3194 2185 jungentnr
3249 2111 3351 2167 illis
3415 2113 3505 2181 qui

1911 2203 1980 2259 ad
2028 2205 2309 2260 dexteram
2354 2206 2589 2276 ponendi
2638 2212 2816 2260 erunt.
2867 2202 3111 2272 Qualitas
3139 2212 3194 2258 et
3225 2201 3509 2273 quantitas

1908 2309 2192 2366 poenarum
2240 2310 2343 2367 pro
2398 2295 2740 2367 poenitentia,
2775 2310 2895 2368 quas
2953 2295 3160 2367 agenda
3210 2293 3388 2350 fuerat
3439 2295 3494 2348 in

1909 2387 2042 2451 vita,
2070 2386 2124 2440 in
2150 2385 2244 2441 Dei
2278 2393 2362 2442 est
2391 2385 2654 2452 arbitrio,
2707 2385 2798 2456 qui
2845 2383 3177 2457 proﬂuentes
3230 2383 3502 2455 lacrymas

1910 2476 2131 2531 contriti
2153 2475 2334 2530 cordis
2364 2473 2623 2546 suscepit.
2659 2472 2800 2548 Ergo
2827 2472 2964 2530 bene
2995 2472 3282 2547 agentibus
3329 2471 3502 2545 bapti-

1913 2567 2052 2623 satis
2075 2567 2177 2623 lter
2198 2580 2317 2622 esse
2343 2565 2561 2623 salutis:
2590 2565 2793 2622 nullum
2820 2576 3001 2623 autem
3030 2565 3504 2630 catechumenum.

1910 2661 2158 2733 quamvis
2188 2660 2242 2715 in
2263 2658 2423 2715 bonis
2465 2657 2722 2731 Operibus
2751 2656 3084 2724 defunctum,
3111 2659 3276 2712 vitam
3305 2656 3507 2713 habere

1909 2765 2173 2809 aeternam
2205 2751 2467 2817 dicimus;
2513 2759 2742 2822 excepto
2784 2750 3049 2822 martyrio
3073 2790 3088 2815 ,
3125 2747 3216 2804 ubi
3254 2755 3362 2804 tota
3412 2745 3505 2802 ba-

1910 2845 2095 2918 ptismi
2122 2853 2462 2901 sacramenta
2493 2843 2851 2916 complentur.
2893 2844 3166 2914 Sanguine
3191 2843 3367 2906 enim,
3419 2841 3505 2897 vel

1911 2937 2055 3008 igne,
2083 2935 2168 2991 vel
2189 2936 2366 3007 pmnis
2396 2934 2515 2990 aliis
2538 2933 2888 3006 baptisantur
2911 2931 3268 2990 confessorcs.

1984 3042 2174 3103 XXIX.
2214 3045 2390 3102 Credo
2415 3045 2596 3102 carnis
2624 3047 3099 3112 resurrectionem,
3126 3060 3235 3101 non
3263 3046 3458 3101 animae
3479 3085 3494 3108 ,

1908 3151 2032 3209 qua:
2055 3136 2186 3193 licet
2215 3151 2246 3193 a
2271 3151 2371 3193 sua
2392 3138 2522 3200 vita,
2553 3152 2672 3208 quae
2704 3137 2847 3193 Deus
2874 3145 2981 3200 est,
3015 3137 3300 3194 deseratur
3323 3175 3344 3202 ,
3396 3134 3510 3194 hoc

1916 3238 2003 3286 est
2029 3231 2148 3301 ejus
2173 3229 2333 3293 mori,
2355 3236 2536 3300 potest
2581 3230 2724 3285 enim
2761 3229 2898 3286 bene
2935 3230 3002 3285 ab
3055 3228 3160 3287 hac
3187 3237 3359 3286 morte
3411 3245 3513 3302 per

1838 3291 1891 3357 θ
1915 3321 2298 3392 pcenitentiam
2340 3334 2646 3393 resurgere,
2678 3329 2857 3379 tamen
2878 3321 3308 3379 substantialiter
3352 3291 3506 3385 vivit.

1916 3421 1975 3470 et
1994 3429 2099 3470 non
2126 3415 2351 3470 moritur
2374 3429 2610 3484 unquam
2637 3455 2650 3478 ,
2696 3422 2750 3468 et
2776 3415 2896 3470 ideo
2919 3415 3238 3472 substantiae
3267 3430 3378 3470 sua:
3401 3431 3508 3472 non

1917 3513 2039 3574 eget
2070 3505 2488 3561 resurrectione.
2547 3503 2604 3558 in
2635 3504 2751 3560 sola
2803 3505 2984 3574 itaque
3019 3516 3181 3560 carne
3209 3507 3375 3561 credo
3421 3521 3527 3560 me-

1919 3607 2226 3668 resurgere,
2255 3599 2309 3652 in
2347 3612 2458 3668 quo
2482 3596 2668 3668 procul
2699 3597 2862 3653 dubio
2907 3597 3204 3652 moriturus
3227 3614 3367 3654 sum.
3400 3596 3521 3654 Re"

1917 3697 2104 3758 surget
2127 3697 2273 3743 certe
2305 3702 2451 3751 caro,
2483 3688 2579 3744 sed
2603 3689 2677 3742 ita
2701 3687 3024 3744 immortalis
3051 3697 3216 3761 atque
3243 3691 3502 3762 spiritua-

1915 3780 2002 3846 lis,
2030 3786 2090 3835 ut
2114 3779 2367 3849 deinceps
2397 3780 2534 3835 mori
2585 3797 2693 3835 non
2721 3783 2911 3850 possit.
2971 3781 3091 3836 Erit
3141 3781 3383 3848 ejusdem
3413 3799 3495 3839 ne

1917 3879 2076 3936 turne,
2102 3870 2194 3925 sed
2226 3870 2450 3925 alterius
2489 3870 2787 3940 qualitatis,
2819 3873 2944 3942 quia
2977 3872 3270 3927 seminatur
3316 3889 3510 3941 corpus

1916 3958 2166 4025 animale,
2181 3971 2355 4030 surget
2375 3974 2561 4032 corpus
2578 3961 2917 4034 apiritualeﬂ
2940 3961 3062 4017 Cor.
3087 3978 3178 4026 xv,
3197 3963 3308 4032 44).
3338 3965 3365 4004 b
3387 3963 3504 4019 Om~

1916 4049 2064 4103 n‘um
2093 4049 2370 4106 hominum
2395 4052 2537 4107 sicut
2564 4058 2620 4107 et
2665 4066 2842 4108 meam
2866 4051 3131 4109 conﬁteor
3155 4053 3512 4112 resurrectio-

1917 4153 2062 4208 nem,
2092 4141 2186 4198 sed
2223 4157 2388 4198 unam
2412 4149 2468 4198 et
2495 4143 2680 4207 semel,
2712 4141 2872 4198 simul
2919 4157 3110 4200 omnes
3136 4157 3502 4218 resurgemus.

1916 4234 2036 4292 Non
2060 4235 2293 4307 primam
2319 4234 2591 4305 iustorum
2621 4244 2674 4290 et
2702 4235 2994 4292 secundam
3036 4235 3323 4309 impiorum
3343 4278 3358 4302 ,
3411 4239 3506 4294 sed

1918 4339 2079 4384 unam
2105 4327 2370 4384 omnium.
2400 4345 2423 4382 ›
2455 4325 2570 4383 Non
2596 4327 2739 4383 aliud
2768 4343 2968 4385 novum
2993 4343 3191 4400 corpus
3214 4342 3312 4400 pre
3343 4343 3507 4386 carne

1918 4420 2022 4476 hac
2046 4425 2504 4483 resurrecturum,
2530 4418 2625 4474 sed
2653 4420 2792 4474 hanc
2818 4420 2991 4489 ipsam
3011 4420 3156 4476 nullo
3186 4424 3407 4476 omnino
3455 4426 3512 4479 ei

1920 4509 2004 4564 vel
2028 4510 2272 4565 membro
2295 4518 2593 4582 amputato,
2617 4511 2701 4566 vel
2731 4510 2907 4582 aliqua
2958 4511 3198 4583 corporis
3223 4525 3379 4584 parte
3414 4515 3506 4570 de»-

1920 4594 2082 4656 fecta.
2115 4619 2135 4650 ι
2178 4599 2311 4655 Tam
2331 4599 2635 4670 iustorum.
2685 4614 2848 4671 quam
2900 4599 3217 4672 ittjustorum
3248 4618 3375 4660 caro
3423 4603 3504 4659 in-

1920 4693 2284 4764 co‘rruptibilis
2310 4702 2589 4764 resurget,
2631 4702 2693 4748 ut
2720 4693 2804 4750 vel
2828 4705 3019 4764 prunas
3060 4691 3286 4750 sufferre
3333 4695 3502 4766 possit

229 4775 534 4832 destinatos
557 4794 678 4833 esse
701 4795 806 4835 non
839 4780 1010 4836 solum
1056 4795 1164 4838 non
1187 4785 1350 4840 credo
1373 4828 1388 4851 ,
1441 4788 1534 4843 sed
1574 4790 1740 4846 etiam
1771 4792 1816 4847 si
1919 4798 2018 4857 pro
2042 4787 2299 4857 peccatis,
2330 4786 2414 4840 vel
2449 4784 2502 4840 in
2534 4785 2705 4859 gloria
2758 4794 2960 4842 aeterna
2990 4801 3212 4844 manere
3242 4798 3341 4859 pro
3389 4803 3503 4844 me-

229 4877 383 4934 sunt,
413 4870 504 4939 qui
539 4879 746 4927 tantum
771 4872 893 4926 mali
910 4874 1131 4929 credere
1152 4874 1336 4940 velint,
1364 4890 1488 4933 cum
1508 4880 1656 4937 omni
1680 4883 1820 4937 dcte-
1921 4875 2059 4930 τὲῑὶει
2100 4893 2122 4926 ν
2157 4873 2342 4930 υῑτὶυε
2370 4889 2531 4930 Serus
2558 4872 2788 4932 formam
2818 4891 2924 4932 ηοη
2953 4877 3265 4933 mutandam
3301 4877 3498 4945 mdo.

232 4961 470 5016 statione
501 4960 786 5017 anathema
815 4961 920 5019 illis
939 4963 1078 5020 dico.
1109 4963 1253 5022 Deus
1291 4968 1434 5025 enim
1464 4978 1522 5027 et
1544 4970 1742 5038 bonus,
1764 4981 1820 5029 et
1918 4965 2016 5021 sed
2061 4965 2234 5021 virum
2264 4964 2318 5020 in
2354 4964 2526 5022 foma
2562 4966 2694 5029 viri.
2739 4975 2794 5024 et
2834 4965 3087 5023 feminam
3116 4969 3169 5024 in
3205 4965 3377 5024 forma
3424 4969 3501 5026 fo-

233 5052 382 5121 pius,
412 5063 467 5106 et
498 5052 838 5122 omnipotens
900 5063 1000 5110 est.
1036 5056 1176 5127 Ergo
1214 5056 1263 5112 si
1298 5058 1422 5114 mali
1465 5073 1668 5126 sumus,
1707 5077 1813 5120 non
1921 5058 2082 5113 minae
2105 5071 2405 5127 resurgere.
2445 5058 2694 5115 Conditio
2718 5060 2976 5125 cessabit,
3007 5075 3111 5117 non
3159 5063 3364 5133 species
3404 5079 3501 5118 na-

234 5140 399 5205 illius,
432 5142 527 5196 sed
547 5147 733 5197 nostra
764 5148 846 5198 est
864 5143 1042 5214 culpa,
1070 5154 1125 5199 et
1150 5146 1368 5213 diaboli,
1389 5148 1544 5220 cujus
1565 5149 1814 5208 nefandis
1917 5147 2125 5210 turalis,
2155 5148 2295 5204 sicut
2330 5149 2590 5220 scriptum
2618 5160 2702 5204 est
2727 5170 2738 5204 :
2775 5150 2957 5223 Neque
2985 5154 3194 5215 nubent.
3218 5167 3380 5222 neque
3397 5171 3498 5210 nu-

231 5232 478 5286 mnsiliis
502 5232 915 5303 acquiescimus.
939 5233 1045 5291 Sed
1061 5237 1206 5293 illam
1218 5246 1477 5310 praeterea
1493 5257 1676 5298 veram
1697 5242 1817 5300 dico

232 5322 636 5395 paenitentiam.
661 5338 784 5393 qua
807 5324 1042 5382 admissa
1063 5325 1240 5394 deﬂet,
1274 5336 1329 5384 et
1359 5331 1690 5400 ptenttenda,
1721 5347 1816 5389 ne-

234 5424 350 5481 que
379 5410 489 5476 illa,
518 5427 693 5480 neque.
724 5415 804 5468 eis
835 5416 1048 5481 similia,
1071 5433 1170 5489 pro
1192 5421 1385 5489 quibus
1429 5421 1817 5494 pmnitudinem

235 5503 406 5577 gerit,
433 5503 682 5573 deinceps
721 5504 972 5561 admittit.
1029 5507 1191 5564 Pauci
1223 5511 1588 5578 inveniuntur,
1617 5514 1709 5585 qui
1737 5525 1816 5570 ta'.

237 5593 370 5652 liter
390 5595 638 5652 studeant
669 5597 949 5668 pcenitere.
980 5597 1096 5657 Non
1125 5612 1302 5659 autem
1339 5605 1524 5661 dubito
1553 5607 1688 5664 bene
1707 5624 1819 5681 pm-

240 5695 480 5742 nttentes
500 5687 565 5742 ad
602 5687 809 5744 illorum
841 5699 1192 5758 perventuros
1226 5693 1571 5764 consortium,
1600 5701 1692 5771 qui
1742 5703 1819 5758 vi-

322 5882 346 5908 s
390 5867 463 5922 Et
487 5865 683 5936 Pelagii
709 5866 1072 5924 Confessione.

1917 5241 2103 5295 bentur
2130 5235 2344 5312 (Matth.
2377 5257 2512 5308 xm,
2536 5241 2645 5311 30).
2673 5242 2790 5298 Non
2819 5244 2964 5299 enim
2992 5261 3118 5300 vera
3146 5254 3289 5301 esset
3315 5255 3497 5301 resur-

1919 5329 2107 5394 rectio,
2136 5331 2182 5385 si
2210 5330 2263 5386 id
2308 5329 2450 5401 quod
2477 5332 2711 5397 cecidit,
2765 5348 2870 5389 non
2925 5344 3253 5405 resurgeret.
3289 5354 3305 5384 α
3345 5334 3497 5404 Quod

1920 5430 2099 5476 autem
2125 5420 2285 5494 407
2309 5421 2539 5476 dicimus
2568 5423 2621 5476 in
2642 5423 2908 5493 symbolo,
2942 5427 2994 5479 in
3025 5427 3258 5481 adventu
3283 5426 3494 5483 Domini

1922 5511 2073 5567 vivos
2099 5525 2164 5566 ac
2191 5520 2432 5567 mortuos
2463 5511 2804 5581 judicandos,
2837 5530 2943 5569 non
2961 5515 3140 5585 justos
3167 5533 3230 5573 ac
3249 5527 3506 5589 peceatov

1925 5617 2030 5666 res,
2056 5609 2116 5657 ut
2142 5600 2359 5672 quidam
2392 5600 2605 5664 volunt;
2634 5602 2726 5657 sed
2762 5603 2909 5660 vivos
2947 5621 3069 5672 eos,
3127 5607 3218 5678 qui
3248 5611 3297 5662 ζα
3329 5622 3497 5662 carne

1923 5693 2228 5752 inveniendi
2250 5700 2394 5760 sunt,
2417 5694 2705 5764 signiﬁcari
2745 5699 2913 5767 magis
2971 5713 3126 5755 reor:
3169 5701 3256 5770 qui
3299 5700 3367 5755 ad
3392 5702 3492 5758 hoc

1996 5875 2021 5914 l’
2073 5874 2271 5938 Genu,
2296 5875 2359 5931 de
2387 5871 2523 5928 Eccl.
2559 5871 2764 5944 Dogrn.,
2798 5884 2914 5946 cap.
2955 5873 2986 5927 6
