  <div class='ocr_page' id='page_1' title='image "/cluster/home/n/w/nwhite01/storage/ocr_20150623/101/umn.31951002477394h/551.png"; bbox 0 0 4090 6494; ppageno 0'>
   <div class='ocr_carea' id='block_1_1' title="bbox 3604 336 3743 393">
    <p class='ocr_par' dir='ltr' id='par_1_1' title="bbox 3604 336 3743 393">
     <span class='ocr_line' id='line_1_1' title="bbox 3604 336 3743 393; baseline -0.007 0"><span class='ocrx_word' id='word_1_1' title='bbox 3604 336 3743 393; x_wconf 75' lang='grc'><strong>1076</strong></span> 
     </span>
    </p>
   </div>
   <div class='ocr_carea' id='block_1_2' title="bbox 475 343 2949 417">
    <p class='ocr_par' dir='ltr' id='par_1_2' title="bbox 475 343 2949 417">
     <span class='ocr_line' id='line_1_2' title="bbox 475 343 2949 417; baseline -0.008 0"><span class='ocrx_word' id='word_1_2' title='bbox 475 357 617 417; x_wconf 74' lang='lat' dir='ltr'><strong>M75</strong></span> <span class='ocrx_word' id='word_1_3' title='bbox 1326 350 1389 407; x_wconf 84' lang='grc' dir='ltr'><strong>Β.</strong></span> <span class='ocrx_word' id='word_1_4' title='bbox 1428 352 1492 409; x_wconf 88' lang='lat' dir='ltr'><strong>F.</strong></span> <span class='ocrx_word' id='word_1_5' title='bbox 1528 349 1749 408; x_wconf 79' lang='lat' dir='ltr'><strong>ALBlNl</strong></span> <span class='ocrx_word' id='word_1_6' title='bbox 1789 348 1921 407; x_wconf 84' lang='lat' dir='ltr'><strong>SEU</strong></span> <span class='ocrx_word' id='word_1_7' title='bbox 1960 345 2238 405; x_wconf 81' lang='lat' dir='ltr'><strong>ALCUlNl</strong></span> <span class='ocrx_word' id='word_1_8' title='bbox 2275 345 2560 406; x_wconf 76' lang='lat' dir='ltr'><strong>OPERUM</strong></span> <span class='ocrx_word' id='word_1_9' title='bbox 2599 344 2779 403; x_wconf 77' lang='lat' dir='ltr'><strong>PARS</strong></span> <span class='ocrx_word' id='word_1_10' title='bbox 2818 343 2949 401; x_wconf 66' lang='lat' dir='ltr'><strong>\‘lll.</strong></span> 
     </span>
    </p>
   </div>
   <div class='ocr_carea' id='block_1_3' title="bbox 476 455 3748 535">
    <p class='ocr_par' dir='ltr' id='par_1_3' title="bbox 476 455 3748 535">
     <span class='ocr_line' id='line_1_3' title="bbox 476 455 3748 535; baseline -0.007 -4"><span class='ocrx_word' id='word_1_11' title='bbox 476 469 728 530; x_wconf 82' lang='lat' dir='ltr'><strong>morituri</strong></span> <span class='ocrx_word' id='word_1_12' title='bbox 753 468 1067 535; x_wconf 87' lang='lat' dir='ltr'><strong>creduntur,</strong></span> <span class='ocrx_word' id='word_1_13' title='bbox 1090 472 1149 522; x_wconf 93' lang='lat' dir='ltr'><strong>ut</strong></span> <span class='ocrx_word' id='word_1_14' title='bbox 1172 465 1418 523; x_wconf 88' lang='lat' dir='ltr'><strong>suscitati</strong></span> <span class='ocrx_word' id='word_1_15' title='bbox 1469 465 1727 523; x_wconf 90' lang='lat' dir='ltr'><strong>continuo</strong></span> <span class='ocrx_word' id='word_1_16' title='bbox 1769 479 1895 522; x_wconf 89' lang='lat' dir='ltr'><strong>cum</strong></span> <span class='ocrx_word' id='word_1_17' title='bbox 1934 470 2060 519; x_wconf 85' lang='lat' dir='ltr'><strong>ante</strong></span> <span class='ocrx_word' id='word_1_18' title='bbox 2089 465 2138 526; x_wconf 76' lang='grc' dir='ltr'><strong>Α</strong></span> <span class='ocrx_word' id='word_1_19' title='bbox 2164 469 2327 533; x_wconf 87' lang='lat' dir='ltr'><strong>atque</strong></span> <span class='ocrx_word' id='word_1_20' title='bbox 2352 460 2603 528; x_wconf 85' lang='lat' dir='ltr'><strong>obscura,</strong></span> <span class='ocrx_word' id='word_1_21' title='bbox 2635 475 2756 531; x_wconf 71' lang='lat' dir='ltr'><strong>quae</strong></span> <span class='ocrx_word' id='word_1_22' title='bbox 2781 474 2813 517; x_wconf 88' lang='lat' dir='ltr'><strong>a</strong></span> <span class='ocrx_word' id='word_1_23' title='bbox 2848 458 3064 514; x_wconf 88' lang='lat' dir='ltr'><strong>nemine</strong></span> <span class='ocrx_word' id='word_1_24' title='bbox 3092 456 3288 528; x_wconf 83' lang='lat' dir='ltr'><strong>legitur</strong></span> <span class='ocrx_word' id='word_1_25' title='bbox 3308 455 3573 519; x_wconf 79' lang='lat' dir='ltr'><strong>absoluta,</strong></span> <span class='ocrx_word' id='word_1_26' title='bbox 3601 455 3748 509; x_wconf 82' lang='lat' dir='ltr'><strong>sicut</strong></span> 
     </span>
    </p>
   </div>
   <div class='ocr_carea' id='block_1_4' title="bbox 478 545 3753 633">
    <p class='ocr_par' dir='ltr' id='par_1_4' title="bbox 478 545 3753 633">
     <span class='ocr_line' id='line_1_4' title="bbox 478 545 3753 633; baseline -0.006 -11"><span class='ocrx_word' id='word_1_27' title='bbox 478 564 711 622; x_wconf 86' lang='lat' dir='ltr'><strong>tnortuis</strong></span> <span class='ocrx_word' id='word_1_28' title='bbox 729 560 1040 633; x_wconf 71' lang='lat' dir='ltr'><strong>iudicentur</strong></span> <span class='ocrx_word' id='word_1_29' title='bbox 1065 572 1112 614; x_wconf 72' lang='grc' dir='ltr'><strong>α.</strong></span> <span class='ocrx_word' id='word_1_30' title='bbox 1153 579 1172 614; x_wconf 72' lang='grc' dir='ltr'><strong>ι</strong></span> <span class='ocrx_word' id='word_1_31' title='bbox 1212 558 1450 615; x_wconf 82' lang='lat' dir='ltr'><strong>Fuerunt</strong></span> <span class='ocrx_word' id='word_1_32' title='bbox 1503 556 1727 629; x_wconf 89' lang='lat' dir='ltr'><strong>quidam</strong></span> <span class='ocrx_word' id='word_1_33' title='bbox 1768 553 2021 611; x_wconf 78' lang='lat' dir='ltr'><strong>catholici</strong></span> <span class='ocrx_word' id='word_1_34' title='bbox 2047 595 2063 622; x_wconf 90' lang='lat'><strong>,</strong></span> <span class='ocrx_word' id='word_1_35' title='bbox 2168 559 2399 623; x_wconf 80' lang='lat' dir='ltr'><strong>oportet,</strong></span> <span class='ocrx_word' id='word_1_36' title='bbox 2429 560 2612 607; x_wconf 90' lang='lat' dir='ltr'><strong>tamen</strong></span> <span class='ocrx_word' id='word_1_37' title='bbox 2639 566 2761 606; x_wconf 87' lang='lat' dir='ltr'><strong>eam</strong></span> <span class='ocrx_word' id='word_1_38' title='bbox 2791 551 2857 605; x_wconf 85' lang='lat' dir='ltr'><strong>ad</strong></span> <span class='ocrx_word' id='word_1_39' title='bbox 2886 549 3175 622; x_wconf 82' lang='lat' dir='ltr'><strong>imaginem</strong></span> <span class='ocrx_word' id='word_1_40' title='bbox 3203 548 3295 604; x_wconf 85' lang='lat' dir='ltr'><strong>Dei</strong></span> <span class='ocrx_word' id='word_1_41' title='bbox 3325 555 3585 613; x_wconf 75' lang='lat' dir='ltr'><strong>creatam,</strong></span> <span class='ocrx_word' id='word_1_42' title='bbox 3612 545 3753 603; x_wconf 88' lang='lat' dir='ltr'><strong>libe-</strong></span> 
     </span>
    </p>
   </div>
   <div class='ocr_carea' id='block_1_5' title="bbox 479 638 3754 727">
    <p class='ocr_par' dir='ltr' id='par_1_5' title="bbox 479 638 3754 727">
     <span class='ocr_line' id='line_1_5' title="bbox 479 638 3754 727; baseline -0.006 -16"><span class='ocrx_word' id='word_1_43' title='bbox 479 656 576 727; x_wconf 85' lang='lat' dir='ltr'><strong>qui</strong></span> <span class='ocrx_word' id='word_1_44' title='bbox 611 670 726 723; x_wconf 88' lang='lat' dir='ltr'><strong>eos,</strong></span> <span class='ocrx_word' id='word_1_45' title='bbox 748 653 929 711; x_wconf 87' lang='lat' dir='ltr'><strong>anima</strong></span> <span class='ocrx_word' id='word_1_46' title='bbox 954 653 1009 708; x_wconf 91' lang='lat' dir='ltr'><strong>in</strong></span> <span class='ocrx_word' id='word_1_47' title='bbox 1034 666 1262 723; x_wconf 89' lang='lat' dir='ltr'><strong>corpore</strong></span> <span class='ocrx_word' id='word_1_48' title='bbox 1297 658 1572 716; x_wconf 86' lang='lat' dir='ltr'><strong>manente,</strong></span> <span class='ocrx_word' id='word_1_49' title='bbox 1593 649 1953 705; x_wconf 88' lang='lat' dir='ltr'><strong>immutandos</strong></span> <span class='ocrx_word' id='word_1_50' title='bbox 2000 646 2069 703; x_wconf 88' lang='lat' dir='ltr'><strong>ad</strong></span> <span class='ocrx_word' id='word_1_51' title='bbox 2171 656 2230 697; x_wconf 91' lang='lat' dir='ltr'><strong>re</strong></span> <span class='ocrx_word' id='word_1_52' title='bbox 2255 641 2500 698; x_wconf 85' lang='lat' dir='ltr'><strong>conﬁteri</strong></span> <span class='ocrx_word' id='word_1_53' title='bbox 2533 656 2821 714; x_wconf 84' lang='lat' dir='ltr'><strong>possumus</strong></span> <span class='ocrx_word' id='word_1_54' title='bbox 2855 660 2868 696; x_wconf 93' lang='lat'><strong>:</strong></span> <span class='ocrx_word' id='word_1_55' title='bbox 2906 640 3197 713; x_wconf 77' lang='lat' dir='ltr'><strong>imaginem</strong></span> <span class='ocrx_word' id='word_1_56' title='bbox 3224 639 3279 695; x_wconf 92' lang='lat' dir='ltr'><strong>in</strong></span> <span class='ocrx_word' id='word_1_57' title='bbox 3303 639 3621 704; x_wconf 64' lang='lat' dir='ltr'><strong>aeternitate,</strong></span> <span class='ocrx_word' id='word_1_58' title='bbox 3675 638 3754 692; x_wconf 86' lang='lat' dir='ltr'><strong>si-</strong></span> 
     </span>
    </p>
   </div>
   <div class='ocr_carea' id='block_1_6' title="bbox 481 729 3753 817">
    <p class='ocr_par' dir='ltr' id='par_1_6' title="bbox 481 729 3753 817">
     <span class='ocr_line' id='line_1_6' title="bbox 481 729 3753 817; baseline -0.006 -13"><span class='ocrx_word' id='word_1_59' title='bbox 481 744 1037 817; x_wconf 86' lang='lat' dir='ltr'><strong>ineorruptionem,et</strong></span> <span class='ocrx_word' id='word_1_60' title='bbox 1057 744 1162 799; x_wconf 92' lang='lat' dir='ltr'><strong>hoc</strong></span> <span class='ocrx_word' id='word_1_61' title='bbox 1181 741 1262 800; x_wconf 92' lang='lat' dir='ltr'><strong>eis</strong></span> <span class='ocrx_word' id='word_1_62' title='bbox 1286 740 1523 813; x_wconf 89' lang='lat' dir='ltr'><strong>reputari</strong></span> <span class='ocrx_word' id='word_1_63' title='bbox 1549 754 1650 811; x_wconf 91' lang='lat' dir='ltr'><strong>pro</strong></span> <span class='ocrx_word' id='word_1_64' title='bbox 1674 737 2072 795; x_wconf 88' lang='lat' dir='ltr'><strong>resurrectione</strong></span> <span class='ocrx_word' id='word_1_65' title='bbox 2173 731 2526 789; x_wconf 88' lang='lat' dir='ltr'><strong>militudinem</strong></span> <span class='ocrx_word' id='word_1_66' title='bbox 2554 733 2610 789; x_wconf 92' lang='lat' dir='ltr'><strong>in</strong></span> <span class='ocrx_word' id='word_1_67' title='bbox 2640 733 2880 789; x_wconf 87' lang='lat' dir='ltr'><strong>moribus</strong></span> <span class='ocrx_word' id='word_1_68' title='bbox 2908 732 3159 789; x_wconf 85' lang='lat' dir='ltr'><strong>inveniri.</strong></span> <span class='ocrx_word' id='word_1_69' title='bbox 3189 730 3400 787; x_wconf 79' lang='lat' dir='ltr'><strong>Sufficit</strong></span> <span class='ocrx_word' id='word_1_70' title='bbox 3430 730 3484 787; x_wconf 88' lang='lat' dir='ltr'><strong>in</strong></span> <span class='ocrx_word' id='word_1_71' title='bbox 3510 729 3753 787; x_wconf 78' lang='lat' dir='ltr'><strong>Ecclesia</strong></span> 
     </span>
    </p>
   </div>
   <div class='ocr_carea' id='block_1_7' title="bbox 482 830 2075 908">
    <p class='ocr_par' dir='ltr' id='par_1_7' title="bbox 482 830 2075 908">
     <span class='ocr_line' id='line_1_7' title="bbox 482 830 2075 908; baseline -0.007 -14"><span class='ocrx_word' id='word_1_72' title='bbox 482 854 556 895; x_wconf 73' lang='lat' dir='ltr'><strong>ex</strong></span> <span class='ocrx_word' id='word_1_73' title='bbox 580 832 840 903; x_wconf 82' lang='lat' dir='ltr'><strong>mortuis,</strong></span> <span class='ocrx_word' id='word_1_74' title='bbox 888 835 1035 908; x_wconf 91' lang='lat' dir='ltr'><strong>quod</strong></span> <span class='ocrx_word' id='word_1_75' title='bbox 1072 834 1461 891; x_wconf 84' lang='lat' dir='ltr'><strong>mortalitatem</strong></span> <span class='ocrx_word' id='word_1_76' title='bbox 1508 833 1781 905; x_wconf 82' lang='lat' dir='ltr'><strong>deponant</strong></span> <span class='ocrx_word' id='word_1_77' title='bbox 1829 830 2075 886; x_wconf 85' lang='lat' dir='ltr'><strong>immuta-</strong></span> 
     </span>
    </p>
   </div>
   <div class='ocr_carea' id='block_1_8' title="bbox 487 921 2076 997">
    <p class='ocr_par' dir='ltr' id='par_1_8' title="bbox 487 921 2076 997">
     <span class='ocr_line' id='line_1_8' title="bbox 487 921 2076 997; baseline -0.004 -13"><span class='ocrx_word' id='word_1_78' title='bbox 487 929 660 997; x_wconf 85' lang='lat' dir='ltr'><strong>tione,</strong></span> <span class='ocrx_word' id='word_1_79' title='bbox 681 942 789 983; x_wconf 92' lang='lat' dir='ltr'><strong>non</strong></span> <span class='ocrx_word' id='word_1_80' title='bbox 819 926 1404 993; x_wconf 87' lang='lat' dir='ltr'><strong>morte,crediderunt;</strong></span> <span class='ocrx_word' id='word_1_81' title='bbox 1438 940 1539 980; x_wconf 88' lang='lat' dir='ltr'><strong>nos</strong></span> <span class='ocrx_word' id='word_1_82' title='bbox 1578 931 1759 979; x_wconf 87' lang='lat' dir='ltr'><strong>autem</strong></span> <span class='ocrx_word' id='word_1_83' title='bbox 1803 921 2076 978; x_wconf 86' lang='lat' dir='ltr'><strong>credimus</strong></span> 
     </span>
    </p>
   </div>
   <div class='ocr_carea' id='block_1_9' title="bbox 486 1013 2073 1089">
    <p class='ocr_par' dir='ltr' id='par_1_9' title="bbox 486 1013 2073 1089">
     <span class='ocr_line' id='line_1_9' title="bbox 486 1013 2073 1089; baseline -0.004 -14"><span class='ocrx_word' id='word_1_84' title='bbox 486 1034 700 1086; x_wconf 89' lang='lat' dir='ltr'><strong>omnes,</strong></span> <span class='ocrx_word' id='word_1_85' title='bbox 726 1017 819 1089; x_wconf 85' lang='lat' dir='ltr'><strong>qui</strong></span> <span class='ocrx_word' id='word_1_86' title='bbox 847 1018 903 1073; x_wconf 90' lang='lat' dir='ltr'><strong>in</strong></span> <span class='ocrx_word' id='word_1_87' title='bbox 926 1033 1094 1074; x_wconf 89' lang='lat' dir='ltr'><strong>carne</strong></span> <span class='ocrx_word' id='word_1_88' title='bbox 1120 1017 1329 1083; x_wconf 91' lang='lat' dir='ltr'><strong>vivunt,</strong></span> <span class='ocrx_word' id='word_1_89' title='bbox 1358 1014 1547 1089; x_wconf 82' lang='lat' dir='ltr'><strong>procul</strong></span> <span class='ocrx_word' id='word_1_90' title='bbox 1571 1014 1734 1071; x_wconf 89' lang='lat' dir='ltr'><strong>dubio</strong></span> <span class='ocrx_word' id='word_1_91' title='bbox 1760 1013 2073 1069; x_wconf 89' lang='lat' dir='ltr'><strong>morituros.</strong></span> 
     </span>
    </p>
   </div>
   <div class='ocr_carea' id='block_1_10' title="bbox 490 1108 2079 1183">
    <p class='ocr_par' dir='ltr' id='par_1_10' title="bbox 490 1108 2079 1183">
     <span class='ocr_line' id='line_1_10' title="bbox 490 1108 2079 1183; baseline -0.006 -13"><span class='ocrx_word' id='word_1_92' title='bbox 490 1112 634 1170; x_wconf 83' lang='lat' dir='ltr'><strong>Nulli</strong></span> <span class='ocrx_word' id='word_1_93' title='bbox 656 1113 804 1171; x_wconf 86' lang='lat' dir='ltr'><strong>enim</strong></span> <span class='ocrx_word' id='word_1_94' title='bbox 826 1113 1125 1178; x_wconf 85' lang='lat' dir='ltr'><strong>hominum,</strong></span> <span class='ocrx_word' id='word_1_95' title='bbox 1153 1127 1184 1167; x_wconf 91' lang='lat' dir='ltr'><strong>a</strong></span> <span class='ocrx_word' id='word_1_96' title='bbox 1215 1111 1391 1183; x_wconf 89' lang='lat' dir='ltr'><strong>prima</strong></span> <span class='ocrx_word' id='word_1_97' title='bbox 1424 1123 1597 1181; x_wconf 89' lang='lat' dir='ltr'><strong>usque</strong></span> <span class='ocrx_word' id='word_1_98' title='bbox 1646 1108 1716 1164; x_wconf 91' lang='lat' dir='ltr'><strong>ad</strong></span> <span class='ocrx_word' id='word_1_99' title='bbox 1744 1108 1884 1164; x_wconf 89' lang='lat' dir='ltr'><strong>hanc</strong></span> <span class='ocrx_word' id='word_1_100' title='bbox 1909 1147 1924 1173; x_wconf 90' lang='lat'><strong>,</strong></span> <span class='ocrx_word' id='word_1_101' title='bbox 1972 1122 2079 1178; x_wconf 86' lang='lat' dir='ltr'><strong>qua</strong></span> 
     </span>
    </p>
   </div>
   <div class='ocr_carea' id='block_1_11' title="bbox 489 1200 2079 1276">
    <p class='ocr_par' dir='ltr' id='par_1_11' title="bbox 489 1200 2079 1276">
     <span class='ocr_line' id='line_1_11' title="bbox 489 1200 2079 1276; baseline -0.006 -13"><span class='ocrx_word' id='word_1_102' title='bbox 489 1208 747 1276; x_wconf 88' lang='lat' dir='ltr'><strong>vivimus,</strong></span> <span class='ocrx_word' id='word_1_103' title='bbox 784 1216 1023 1274; x_wconf 77' lang='lat' dir='ltr'><strong>:etatem,</strong></span> <span class='ocrx_word' id='word_1_104' title='bbox 1057 1218 1375 1264; x_wconf 89' lang='lat' dir='ltr'><strong>concessum</strong></span> <span class='ocrx_word' id='word_1_105' title='bbox 1419 1212 1506 1260; x_wconf 87' lang='lat' dir='ltr'><strong>est</strong></span> <span class='ocrx_word' id='word_1_106' title='bbox 1550 1217 1659 1258; x_wconf 87' lang='lat' dir='ltr'><strong>non</strong></span> <span class='ocrx_word' id='word_1_107' title='bbox 1686 1201 1843 1257; x_wconf 87' lang='lat' dir='ltr'><strong>mori.</strong></span> <span class='ocrx_word' id='word_1_108' title='bbox 1893 1200 2079 1255; x_wconf 87' lang='lat' dir='ltr'><strong>Enoch</strong></span> 
     </span>
    </p>
   </div>
   <div class='ocr_carea' id='block_1_12' title="bbox 492 1290 2085 1364">
    <p class='ocr_par' dir='ltr' id='par_1_12' title="bbox 492 1290 2085 1364">
     <span class='ocr_line' id='line_1_12' title="bbox 492 1290 2085 1364; baseline -0.006 -7"><span class='ocrx_word' id='word_1_109' title='bbox 492 1311 550 1357; x_wconf 86' lang='lat' dir='ltr'><strong>et</strong></span> <span class='ocrx_word' id='word_1_110' title='bbox 586 1300 755 1356; x_wconf 73' lang='lat' dir='ltr'><strong>Heliae</strong></span> <span class='ocrx_word' id='word_1_111' title='bbox 783 1297 1031 1355; x_wconf 80' lang='lat' dir='ltr'><strong>differtur</strong></span> <span class='ocrx_word' id='word_1_112' title='bbox 1051 1312 1217 1364; x_wconf 87' lang='lat' dir='ltr'><strong>mors,</strong></span> <span class='ocrx_word' id='word_1_113' title='bbox 1249 1296 1345 1352; x_wconf 88' lang='lat' dir='ltr'><strong>sed</strong></span> <span class='ocrx_word' id='word_1_114' title='bbox 1365 1311 1470 1352; x_wconf 91' lang='lat' dir='ltr'><strong>non</strong></span> <span class='ocrx_word' id='word_1_115' title='bbox 1496 1292 1757 1350; x_wconf 91' lang='lat' dir='ltr'><strong>aufertur.</strong></span> <span class='ocrx_word' id='word_1_116' title='bbox 1783 1291 1875 1348; x_wconf 87' lang='lat' dir='ltr'><strong>Sic</strong></span> <span class='ocrx_word' id='word_1_117' title='bbox 1902 1300 1958 1346; x_wconf 92' lang='lat' dir='ltr'><strong>et</strong></span> <span class='ocrx_word' id='word_1_118' title='bbox 1978 1290 2085 1347; x_wconf 91' lang='lat' dir='ltr'><strong>illis</strong></span> 
     </span>
    </p>
   </div>
   <div class='ocr_carea' id='block_1_13' title="bbox 497 1384 2087 1456">
    <p class='ocr_par' dir='ltr' id='par_1_13' title="bbox 497 1384 2087 1456">
     <span class='ocr_line' id='line_1_13' title="bbox 497 1384 2087 1456; baseline -0.006 -8"><span class='ocrx_word' id='word_1_119' title='bbox 497 1394 728 1449; x_wconf 83' lang='lat' dir='ltr'><strong>dicimus</strong></span> <span class='ocrx_word' id='word_1_120' title='bbox 772 1392 1008 1456; x_wconf 75' lang='lat' dir='ltr'><strong>evenire,</strong></span> <span class='ocrx_word' id='word_1_121' title='bbox 1038 1397 1098 1445; x_wconf 91' lang='lat' dir='ltr'><strong>ut</strong></span> <span class='ocrx_word' id='word_1_122' title='bbox 1138 1404 1284 1446; x_wconf 88' lang='lat' dir='ltr'><strong>mors</strong></span> <span class='ocrx_word' id='word_1_123' title='bbox 1307 1388 1364 1443; x_wconf 90' lang='lat' dir='ltr'><strong>in</strong></span> <span class='ocrx_word' id='word_1_124' title='bbox 1405 1386 1579 1441; x_wconf 79' lang='lat' dir='ltr'><strong>Adam</strong></span> <span class='ocrx_word' id='word_1_125' title='bbox 1621 1384 1779 1451; x_wconf 89' lang='lat' dir='ltr'><strong>data,</strong></span> <span class='ocrx_word' id='word_1_126' title='bbox 1834 1384 2087 1441; x_wconf 88' lang='lat' dir='ltr'><strong>omnibus</strong></span> 
     </span>
    </p>
   </div>
   <div class='ocr_carea' id='block_1_14' title="bbox 497 1476 2089 1555">
    <p class='ocr_par' dir='ltr' id='par_1_14' title="bbox 497 1476 2089 1555">
     <span class='ocr_line' id='line_1_14' title="bbox 497 1476 2089 1555; baseline -0.007 -16"><span class='ocrx_word' id='word_1_127' title='bbox 497 1483 616 1555; x_wconf 86' lang='lat' dir='ltr'><strong>ejus</strong></span> <span class='ocrx_word' id='word_1_128' title='bbox 650 1482 774 1540; x_wconf 81' lang='lat' dir='ltr'><strong>ﬁliis</strong></span> <span class='ocrx_word' id='word_1_129' title='bbox 808 1482 1134 1539; x_wconf 86' lang='lat' dir='ltr'><strong>dominetur.</strong></span> <span class='ocrx_word' id='word_1_130' title='bbox 1171 1479 1374 1537; x_wconf 89' lang='lat' dir='ltr'><strong>Omnes</strong></span> <span class='ocrx_word' id='word_1_131' title='bbox 1405 1495 1538 1551; x_wconf 86' lang='lat' dir='ltr'><strong>ergo</strong></span> <span class='ocrx_word' id='word_1_132' title='bbox 1569 1476 1709 1533; x_wconf 87' lang='lat' dir='ltr'><strong>mori</strong></span> <span class='ocrx_word' id='word_1_133' title='bbox 1729 1516 1745 1543; x_wconf 93' lang='lat'><strong>,</strong></span> <span class='ocrx_word' id='word_1_134' title='bbox 1792 1488 2089 1546; x_wconf 85' lang='lat' dir='ltr'><strong>omnesque</strong></span> 
     </span>
    </p>
   </div>
   <div class='ocr_carea' id='block_1_15' title="bbox 502 1568 2088 1649">
    <p class='ocr_par' dir='ltr' id='par_1_15' title="bbox 502 1568 2088 1649">
     <span class='ocr_line' id='line_1_15' title="bbox 502 1568 2088 1649; baseline -0.007 -16"><span class='ocrx_word' id='word_1_135' title='bbox 502 1590 791 1649; x_wconf 74' lang='lat' dir='ltr'><strong>resurgere</strong></span> <span class='ocrx_word' id='word_1_136' title='bbox 827 1574 1008 1640; x_wconf 86' lang='lat' dir='ltr'><strong>credo,</strong></span> <span class='ocrx_word' id='word_1_137' title='bbox 1038 1573 1117 1628; x_wconf 86' lang='lat' dir='ltr'><strong>ita</strong></span> <span class='ocrx_word' id='word_1_138' title='bbox 1154 1581 1217 1629; x_wconf 90' lang='lat' dir='ltr'><strong>ut</strong></span> <span class='ocrx_word' id='word_1_139' title='bbox 1247 1570 1427 1628; x_wconf 91' lang='lat' dir='ltr'><strong>dicam</strong></span> <span class='ocrx_word' id='word_1_140' title='bbox 1457 1584 1558 1626; x_wconf 88' lang='lat' dir='ltr'><strong>nos</strong></span> <span class='ocrx_word' id='word_1_141' title='bbox 1604 1568 1661 1624; x_wconf 89' lang='lat' dir='ltr'><strong>in</strong></span> <span class='ocrx_word' id='word_1_142' title='bbox 1707 1569 1898 1625; x_wconf 86' lang='lat' dir='ltr'><strong>eadem</strong></span> <span class='ocrx_word' id='word_1_143' title='bbox 1923 1609 1937 1635; x_wconf 91' lang='lat'><strong>,</strong></span> <span class='ocrx_word' id='word_1_144' title='bbox 1980 1582 2088 1638; x_wconf 85' lang='lat' dir='ltr'><strong>qua</strong></span> 
     </span>
    </p>
   </div>
   <div class='ocr_carea' id='block_1_16' title="bbox 2174 822 3752 896">
    <p class='ocr_par' dir='ltr' id='par_1_16' title="bbox 2174 822 3752 896">
     <span class='ocr_line' id='line_1_16' title="bbox 2174 822 3752 896; baseline -0.002 -13"><span class='ocrx_word' id='word_1_145' title='bbox 2174 826 2416 893; x_wconf 88' lang='lat' dir='ltr'><strong>credere,</strong></span> <span class='ocrx_word' id='word_1_146' title='bbox 2454 828 2691 883; x_wconf 88' lang='lat' dir='ltr'><strong>animam</strong></span> <span class='ocrx_word' id='word_1_147' title='bbox 2732 837 2788 883; x_wconf 89' lang='lat' dir='ltr'><strong>et</strong></span> <span class='ocrx_word' id='word_1_148' title='bbox 2830 842 2861 882; x_wconf 89' lang='lat' dir='ltr'><strong>a</strong></span> <span class='ocrx_word' id='word_1_149' title='bbox 2907 826 3019 882; x_wconf 90' lang='lat' dir='ltr'><strong>Deo</strong></span> <span class='ocrx_word' id='word_1_150' title='bbox 3051 826 3244 892; x_wconf 89' lang='lat' dir='ltr'><strong>creari,</strong></span> <span class='ocrx_word' id='word_1_151' title='bbox 3274 832 3330 881; x_wconf 88' lang='lat' dir='ltr'><strong>et</strong></span> <span class='ocrx_word' id='word_1_152' title='bbox 3376 824 3445 879; x_wconf 92' lang='lat' dir='ltr'><strong>ab</strong></span> <span class='ocrx_word' id='word_1_153' title='bbox 3473 824 3590 896; x_wconf 85' lang='lat' dir='ltr'><strong>ipso</strong></span> <span class='ocrx_word' id='word_1_154' title='bbox 3610 822 3752 880; x_wconf 87' lang='lat' dir='ltr'><strong>darl.</strong></span> 
     </span>
    </p>
   </div>
   <div class='ocr_carea' id='block_1_17' title="bbox 2177 911 3757 986">
    <p class='ocr_par' dir='ltr' id='par_1_17' title="bbox 2177 911 3757 986">
     <span class='ocr_line' id='line_1_17' title="bbox 2177 911 3757 986; baseline -0.001 -17"><span class='ocrx_word' id='word_1_155' title='bbox 2177 912 2283 969; x_wconf 90' lang='lat' dir='ltr'><strong>Sed</strong></span> <span class='ocrx_word' id='word_1_156' title='bbox 2308 912 2430 985; x_wconf 90' lang='lat' dir='ltr'><strong>quis</strong></span> <span class='ocrx_word' id='word_1_157' title='bbox 2460 912 2597 971; x_wconf 87' lang='lat' dir='ltr'><strong>alius</strong></span> <span class='ocrx_word' id='word_1_158' title='bbox 2624 929 2821 986; x_wconf 85' lang='lat' dir='ltr'><strong>corpus</strong></span> <span class='ocrx_word' id='word_1_159' title='bbox 2858 913 2913 968; x_wconf 90' lang='lat' dir='ltr'><strong>in</strong></span> <span class='ocrx_word' id='word_1_160' title='bbox 2941 922 3098 968; x_wconf 83' lang='lat' dir='ltr'><strong>utero</strong></span> <span class='ocrx_word' id='word_1_161' title='bbox 3124 913 3316 968; x_wconf 85' lang='lat' dir='ltr'><strong>matris</strong></span> <span class='ocrx_word' id='word_1_162' title='bbox 3351 911 3569 979; x_wconf 80' lang='lat' dir='ltr'><strong>format,</strong></span> <span class='ocrx_word' id='word_1_163' title='bbox 3599 920 3655 967; x_wconf 90' lang='lat' dir='ltr'><strong>ct</strong></span> <span class='ocrx_word' id='word_1_164' title='bbox 3679 912 3757 967; x_wconf 88' lang='lat' dir='ltr'><strong>ita</strong></span> 
     </span>
    </p>
   </div>
   <div class='ocr_carea' id='block_1_18' title="bbox 2177 1005 3762 1081">
    <p class='ocr_par' dir='ltr' id='par_1_18' title="bbox 2177 1005 3762 1081">
     <span class='ocr_line' id='line_1_18' title="bbox 2177 1005 3762 1081; baseline 0.001 -18"><span class='ocrx_word' id='word_1_165' title='bbox 2177 1024 2275 1080; x_wconf 88' lang='lat' dir='ltr'><strong>per</strong></span> <span class='ocrx_word' id='word_1_166' title='bbox 2319 1007 2563 1065; x_wconf 87' lang='lat' dir='ltr'><strong>membra</strong></span> <span class='ocrx_word' id='word_1_167' title='bbox 2610 1008 2918 1081; x_wconf 89' lang='lat' dir='ltr'><strong>componit?</strong></span> <span class='ocrx_word' id='word_1_168' title='bbox 2944 1006 3059 1065; x_wconf 85' lang='lat' dir='ltr'><strong>Hoc</strong></span> <span class='ocrx_word' id='word_1_169' title='bbox 3085 1018 3268 1064; x_wconf 90' lang='lat' dir='ltr'><strong>autem</strong></span> <span class='ocrx_word' id='word_1_170' title='bbox 3286 1007 3476 1064; x_wconf 88' lang='lat' dir='ltr'><strong>beatus</strong></span> <span class='ocrx_word' id='word_1_171' title='bbox 3496 1005 3597 1063; x_wconf 86' lang='lat' dir='ltr'><strong>Job</strong></span> <span class='ocrx_word' id='word_1_172' title='bbox 3624 1007 3762 1064; x_wconf 83' lang='lat' dir='ltr'><strong>satis</strong></span> 
     </span>
    </p>
   </div>
   <div class='ocr_carea' id='block_1_19' title="bbox 2179 1097 3763 1171">
    <p class='ocr_par' dir='ltr' id='par_1_19' title="bbox 2179 1097 3763 1171">
     <span class='ocr_line' id='line_1_19' title="bbox 2179 1097 3763 1171; baseline -0.001 -17"><span class='ocrx_word' id='word_1_173' title='bbox 2179 1098 2426 1171; x_wconf 83' lang='lat' dir='ltr'><strong>exponit,</strong></span> <span class='ocrx_word' id='word_1_174' title='bbox 2476 1100 2568 1171; x_wconf 89' lang='lat' dir='ltr'><strong>qui</strong></span> <span class='ocrx_word' id='word_1_175' title='bbox 2599 1100 2759 1156; x_wconf 88' lang='lat' dir='ltr'><strong>dicit:</strong></span> <span class='ocrx_word' id='word_1_176' title='bbox 2792 1097 2983 1156; x_wconf 82' lang='lat' dir='ltr'><strong>Nonne</strong></span> <span class='ocrx_word' id='word_1_177' title='bbox 3020 1100 3156 1156; x_wconf 81' lang='lat' dir='ltr'><strong>sicut</strong></span> <span class='ocrx_word' id='word_1_178' title='bbox 3195 1099 3279 1154; x_wconf 89' lang='lat' dir='ltr'><strong>lac</strong></span> <span class='ocrx_word' id='word_1_179' title='bbox 3320 1098 3550 1155; x_wconf 76' lang='lat' dir='ltr'><strong>mulsisu’</strong></span> <span class='ocrx_word' id='word_1_180' title='bbox 3578 1116 3683 1165; x_wconf 78' lang='lat' dir='ltr'><strong>me,</strong></span> <span class='ocrx_word' id='word_1_181' title='bbox 3711 1107 3763 1154; x_wconf 84' lang='lat' dir='ltr'><strong>et</strong></span> 
     </span>
    </p>
   </div>
   <div class='ocr_carea' id='block_1_20' title="bbox 2180 1189 3765 1264">
    <p class='ocr_par' dir='ltr' id='par_1_20' title="bbox 2180 1189 3765 1264">
     <span class='ocr_line' id='line_1_20' title="bbox 2180 1189 3765 1264; baseline -0.001 -17"><span class='ocrx_word' id='word_1_182' title='bbox 2180 1194 2315 1247; x_wconf 78' lang='lat' dir='ltr'><strong>sicut</strong></span> <span class='ocrx_word' id='word_1_183' title='bbox 2331 1209 2542 1249; x_wconf 84' lang='lat' dir='ltr'><strong>caseum</strong></span> <span class='ocrx_word' id='word_1_184' title='bbox 2560 1191 2876 1264; x_wconf 79' lang='lat' dir='ltr'><strong>coagulasli,</strong></span> <span class='ocrx_word' id='word_1_185' title='bbox 2897 1190 3030 1264; x_wconf 83' lang='lat' dir='ltr'><strong>pelle</strong></span> <span class='ocrx_word' id='word_1_186' title='bbox 3054 1200 3102 1246; x_wconf 85' lang='lat' dir='ltr'><strong>et</strong></span> <span class='ocrx_word' id='word_1_187' title='bbox 3126 1191 3371 1246; x_wconf 76' lang='lat' dir='ltr'><strong>carnibus</strong></span> <span class='ocrx_word' id='word_1_188' title='bbox 3396 1189 3539 1263; x_wconf 83' lang='lat' dir='ltr'><strong>(Job.</strong></span> <span class='ocrx_word' id='word_1_189' title='bbox 3564 1205 3621 1256; x_wconf 75' lang='grc' dir='ltr'><strong>ι,</strong></span> <span class='ocrx_word' id='word_1_190' title='bbox 3646 1190 3765 1262; x_wconf 77' lang='lat' dir='ltr'><strong>i0),</strong></span> 
     </span>
    </p>
   </div>
   <div class='ocr_carea' id='block_1_21' title="bbox 2182 1281 3768 1342">
    <p class='ocr_par' dir='ltr' id='par_1_21' title="bbox 2182 1281 3768 1342">
     <span class='ocr_line' id='line_1_21' title="bbox 2182 1281 3768 1342; baseline -0.001 -2"><span class='ocrx_word' id='word_1_191' title='bbox 2182 1292 2239 1340; x_wconf 91' lang='lat' dir='ltr'><strong>et</strong></span> <span class='ocrx_word' id='word_1_192' title='bbox 2277 1293 2494 1340; x_wconf 54' lang='lat' dir='ltr'><strong>extera.</strong></span> <span class='ocrx_word' id='word_1_193' title='bbox 2533 1304 2552 1336; x_wconf 77' lang='grc' dir='ltr'><strong>ι</strong></span> <span class='ocrx_word' id='word_1_194' title='bbox 2588 1282 2815 1342; x_wconf 74' lang='lat' dir='ltr'><strong>fSolum</strong></span> <span class='ocrx_word' id='word_1_195' title='bbox 2836 1284 3112 1339; x_wconf 89' lang='lat' dir='ltr'><strong>hominem</strong></span> <span class='ocrx_word' id='word_1_196' title='bbox 3146 1283 3374 1340; x_wconf 87' lang='lat' dir='ltr'><strong>dicimus</strong></span> <span class='ocrx_word' id='word_1_197' title='bbox 3405 1281 3607 1338; x_wconf 89' lang='lat' dir='ltr'><strong>habere</strong></span> <span class='ocrx_word' id='word_1_198' title='bbox 3649 1282 3768 1339; x_wconf 83' lang='lat' dir='ltr'><strong>ani-</strong></span> 
     </span>
    </p>
   </div>
   <div class='ocr_carea' id='block_1_22' title="bbox 2186 1373 3771 1447">
    <p class='ocr_par' dir='ltr' id='par_1_22' title="bbox 2186 1373 3771 1447">
     <span class='ocr_line' id='line_1_22' title="bbox 2186 1373 3771 1447; baseline -0.003 -14"><span class='ocrx_word' id='word_1_199' title='bbox 2186 1390 2332 1433; x_wconf 88' lang='lat' dir='ltr'><strong>mam</strong></span> <span class='ocrx_word' id='word_1_200' title='bbox 2376 1376 2788 1440; x_wconf 87' lang='lat' dir='ltr'><strong>substantivam.</strong></span> <span class='ocrx_word' id='word_1_201' title='bbox 2847 1390 2969 1447; x_wconf 66' lang='lat' dir='ltr'><strong>quae</strong></span> <span class='ocrx_word' id='word_1_202' title='bbox 2993 1384 3048 1432; x_wconf 89' lang='lat' dir='ltr'><strong>et</strong></span> <span class='ocrx_word' id='word_1_203' title='bbox 3074 1382 3239 1431; x_wconf 81' lang='lat' dir='ltr'><strong>exuta</strong></span> <span class='ocrx_word' id='word_1_204' title='bbox 3258 1388 3486 1445; x_wconf 87' lang='lat' dir='ltr'><strong>corpore</strong></span> <span class='ocrx_word' id='word_1_205' title='bbox 3521 1373 3672 1441; x_wconf 89' lang='lat' dir='ltr'><strong>vivit,</strong></span> <span class='ocrx_word' id='word_1_206' title='bbox 3711 1382 3771 1429; x_wconf 90' lang='lat' dir='ltr'><strong>et</strong></span> 
     </span>
    </p>
   </div>
   <div class='ocr_carea' id='block_1_23' title="bbox 2188 1467 3771 1541">
    <p class='ocr_par' dir='ltr' id='par_1_23' title="bbox 2188 1467 3771 1541">
     <span class='ocr_line' id='line_1_23' title="bbox 2188 1467 3771 1541; baseline -0.001 -16"><span class='ocrx_word' id='word_1_207' title='bbox 2188 1484 2380 1525; x_wconf 88' lang='lat' dir='ltr'><strong>sensus</strong></span> <span class='ocrx_word' id='word_1_208' title='bbox 2399 1482 2526 1526; x_wconf 87' lang='lat' dir='ltr'><strong>suos</strong></span> <span class='ocrx_word' id='word_1_209' title='bbox 2568 1477 2731 1539; x_wconf 89' lang='lat' dir='ltr'><strong>atquc</strong></span> <span class='ocrx_word' id='word_1_210' title='bbox 2766 1468 2978 1541; x_wconf 91' lang='lat' dir='ltr'><strong>ingenia</strong></span> <span class='ocrx_word' id='word_1_211' title='bbox 3006 1474 3132 1540; x_wconf 85' lang='lat' dir='ltr'><strong>post</strong></span> <span class='ocrx_word' id='word_1_212' title='bbox 3162 1475 3391 1525; x_wconf 86' lang='lat' dir='ltr'><strong>mortem</strong></span> <span class='ocrx_word' id='word_1_213' title='bbox 3413 1467 3659 1524; x_wconf 85' lang='lat' dir='ltr'><strong>vivacius</strong></span> <span class='ocrx_word' id='word_1_214' title='bbox 3688 1476 3771 1523; x_wconf 89' lang='lat' dir='ltr'><strong>te-</strong></span> 
     </span>
    </p>
   </div>
   <div class='ocr_carea' id='block_1_24' title="bbox 2191 1560 3767 1629">
    <p class='ocr_par' dir='ltr' id='par_1_24' title="bbox 2191 1560 3767 1629">
     <span class='ocr_line' id='line_1_24' title="bbox 2191 1560 3767 1629; baseline -0.001 -11"><span class='ocrx_word' id='word_1_215' title='bbox 2191 1569 2301 1618; x_wconf 89' lang='lat' dir='ltr'><strong>net.</strong></span> <span class='ocrx_word' id='word_1_216' title='bbox 2337 1563 2365 1605; x_wconf 73' lang='grc'>⁸</span> <span class='ocrx_word' id='word_1_217' title='bbox 2390 1560 2720 1618; x_wconf 83' lang='lat' dir='ltr'><strong>Animalium</strong></span> <span class='ocrx_word' id='word_1_218' title='bbox 2745 1576 2877 1618; x_wconf 90' lang='lat' dir='ltr'><strong>vero</strong></span> <span class='ocrx_word' id='word_1_219' title='bbox 2896 1561 3090 1618; x_wconf 66' lang='lat' dir='ltr'><strong>animae</strong></span> <span class='ocrx_word' id='word_1_220' title='bbox 3111 1576 3221 1619; x_wconf 89' lang='lat' dir='ltr'><strong>non</strong></span> <span class='ocrx_word' id='word_1_221' title='bbox 3243 1568 3370 1618; x_wconf 91' lang='lat' dir='ltr'><strong>sunt</strong></span> <span class='ocrx_word' id='word_1_222' title='bbox 3390 1560 3767 1629; x_wconf 65' lang='lat' dir='ltr'><strong>substantive,</strong></span> 
     </span>
    </p>
   </div>
   <div class='ocr_carea' id='block_1_25' title="bbox 501 1654 3776 1751">
    <p class='ocr_par' dir='ltr' id='par_1_25' title="bbox 501 1654 3776 1751">
     <span class='ocr_line' id='line_1_25' title="bbox 501 1654 3776 1751; baseline -0.003 -27"><span class='ocrx_word' id='word_1_223' title='bbox 501 1666 955 1733; x_wconf 84' lang='lat' dir='ltr'><strong>sumus,veritate</strong></span> <span class='ocrx_word' id='word_1_224' title='bbox 977 1662 1342 1720; x_wconf 85' lang='lat' dir='ltr'><strong>membrorum</strong></span> <span class='ocrx_word' id='word_1_225' title='bbox 1362 1676 1485 1720; x_wconf 87' lang='lat' dir='ltr'><strong>esse</strong></span> <span class='ocrx_word' id='word_1_226' title='bbox 1514 1661 1860 1733; x_wconf 88' lang='lat' dir='ltr'><strong>reparandos,</strong></span> <span class='ocrx_word' id='word_1_227' title='bbox 1885 1658 2095 1751; x_wconf 58' lang='lat' dir='ltr'><strong>quales</strong></span> <span class='ocrx_word' id='word_1_228' title='bbox 2191 1656 2317 1726; x_wconf 84' lang='lat' dir='ltr'><strong>quia</strong></span> <span class='ocrx_word' id='word_1_229' title='bbox 2342 1670 2467 1710; x_wconf 90' lang='lat' dir='ltr'><strong>cum</strong></span> <span class='ocrx_word' id='word_1_230' title='bbox 2510 1668 2677 1711; x_wconf 87' lang='lat' dir='ltr'><strong>carne</strong></span> <span class='ocrx_word' id='word_1_231' title='bbox 2705 1654 3031 1721; x_wconf 88' lang='lat' dir='ltr'><strong>moriuntur,</strong></span> <span class='ocrx_word' id='word_1_232' title='bbox 3062 1663 3120 1712; x_wconf 92' lang='lat' dir='ltr'><strong>et</strong></span> <span class='ocrx_word' id='word_1_233' title='bbox 3146 1656 3269 1712; x_wconf 87' lang='lat' dir='ltr'><strong>ideo</strong></span> <span class='ocrx_word' id='word_1_234' title='bbox 3312 1670 3414 1712; x_wconf 81' lang='lat' dir='ltr'><strong>nec</strong></span> <span class='ocrx_word' id='word_1_235' title='bbox 3442 1656 3651 1712; x_wconf 81' lang='lat' dir='ltr'><strong>ratione</strong></span> <span class='ocrx_word' id='word_1_236' title='bbox 3686 1670 3776 1713; x_wconf 83' lang='lat' dir='ltr'><strong>re-</strong></span> 
     </span>
    </p>
   </div>
   <div class='ocr_carea' id='block_1_26' title="bbox 505 1747 3778 1830">
    <p class='ocr_par' dir='ltr' id='par_1_26' title="bbox 505 1747 3778 1830">
     <span class='ocr_line' id='line_1_26' title="bbox 505 1747 3778 1830; baseline -0.002 -17"><span class='ocrx_word' id='word_1_237' title='bbox 505 1771 615 1830; x_wconf 85' lang='lat' dir='ltr'><strong>que</strong></span> <span class='ocrx_word' id='word_1_238' title='bbox 642 1756 811 1814; x_wconf 82' lang='lat' dir='ltr'><strong>semel</strong></span> <span class='ocrx_word' id='word_1_239' title='bbox 838 1765 960 1829; x_wconf 87' lang='lat' dir='ltr'><strong>post</strong></span> <span class='ocrx_word' id='word_1_240' title='bbox 985 1755 1437 1813; x_wconf 85' lang='lat' dir='ltr'><strong>resurrectionem</strong></span> <span class='ocrx_word' id='word_1_241' title='bbox 1487 1754 1747 1810; x_wconf 75' lang='lat' dir='ltr'><strong>fuerimus</strong></span> <span class='ocrx_word' id='word_1_242' title='bbox 1790 1747 1964 1808; x_wconf 76' lang='lat' dir='ltr'><strong>etfeeti</strong></span> <span class='ocrx_word' id='word_1_243' title='bbox 1988 1791 2004 1817; x_wconf 94' lang='lat'><strong>,</strong></span> <span class='ocrx_word' id='word_1_244' title='bbox 2036 1750 2093 1806; x_wconf 88' lang='lat' dir='ltr'><strong>in</strong></span> <span class='ocrx_word' id='word_1_245' title='bbox 2195 1759 2411 1819; x_wconf 88' lang='lat' dir='ltr'><strong>guntur,</strong></span> <span class='ocrx_word' id='word_1_246' title='bbox 2436 1755 2498 1803; x_wconf 92' lang='lat' dir='ltr'><strong>ut</strong></span> <span class='ocrx_word' id='word_1_247' title='bbox 2533 1748 2753 1819; x_wconf 89' lang='lat' dir='ltr'><strong>quidam</strong></span> <span class='ocrx_word' id='word_1_248' title='bbox 2780 1756 3129 1819; x_wconf 90' lang='lat' dir='ltr'><strong>putaverunt,</strong></span> <span class='ocrx_word' id='word_1_249' title='bbox 3152 1748 3245 1805; x_wconf 87' lang='lat' dir='ltr'><strong>sed</strong></span> <span class='ocrx_word' id='word_1_250' title='bbox 3270 1747 3338 1805; x_wconf 91' lang='lat' dir='ltr'><strong>ad</strong></span> <span class='ocrx_word' id='word_1_251' title='bbox 3364 1749 3543 1805; x_wconf 89' lang='lat' dir='ltr'><strong>omnia</strong></span> <span class='ocrx_word' id='word_1_252' title='bbox 3568 1758 3778 1806; x_wconf 65' lang='lat' dir='ltr'><strong>natura</strong></span> 
     </span>
    </p>
   </div>
   <div class='ocr_carea' id='block_1_27' title="bbox 510 1840 3779 1924">
    <p class='ocr_par' dir='ltr' id='par_1_27' title="bbox 510 1840 3779 1924">
     <span class='ocr_line' id='line_1_27' title="bbox 510 1840 3779 1924; baseline -0.002 -17"><span class='ocrx_word' id='word_1_253' title='bbox 510 1858 828 1924; x_wconf 85' lang='lat' dir='ltr'><strong>perpetuum</strong></span> <span class='ocrx_word' id='word_1_254' title='bbox 873 1864 1277 1921; x_wconf 85' lang='lat' dir='ltr'><strong>permansuros.</strong></span> <span class='ocrx_word' id='word_1_255' title='bbox 1325 1849 1434 1906; x_wconf 84' lang='lat' dir='ltr'><strong>Sed</strong></span> <span class='ocrx_word' id='word_1_256' title='bbox 1472 1856 1815 1922; x_wconf 87' lang='lat' dir='ltr'><strong>putrescente</strong></span> <span class='ocrx_word' id='word_1_257' title='bbox 1842 1848 1896 1903; x_wconf 91' lang='lat' dir='ltr'><strong>in</strong></span> <span class='ocrx_word' id='word_1_258' title='bbox 1950 1856 2097 1903; x_wconf 87' lang='lat' dir='ltr'><strong>terra</strong></span> <span class='ocrx_word' id='word_1_259' title='bbox 2129 1840 2173 1902; x_wconf 85' lang='grc' dir='ltr'><strong>Β</strong></span> <span class='ocrx_word' id='word_1_260' title='bbox 2200 1842 2548 1897; x_wconf 81' lang='lat' dir='ltr'><strong>incitamento</strong></span> <span class='ocrx_word' id='word_1_261' title='bbox 2595 1840 2879 1897; x_wconf 88' lang='lat' dir='ltr'><strong>ducuntur.</strong></span> <span class='ocrx_word' id='word_1_262' title='bbox 2922 1860 2942 1895; x_wconf 69' lang='grc' dir='ltr'><strong>ι</strong></span> <span class='ocrx_word' id='word_1_263' title='bbox 2992 1840 3216 1898; x_wconf 87' lang='lat' dir='ltr'><strong>Duabus</strong></span> <span class='ocrx_word' id='word_1_264' title='bbox 3262 1841 3426 1915; x_wconf 79' lang='lat' dir='ltr'><strong>igitur</strong></span> <span class='ocrx_word' id='word_1_265' title='bbox 3457 1842 3779 1900; x_wconf 77' lang='lat' dir='ltr'><strong>substantiis</strong></span> 
     </span>
    </p>
   </div>
   <div class='ocr_carea' id='block_1_28' title="bbox 509 1928 3774 2016">
    <p class='ocr_par' dir='ltr' id='par_1_28' title="bbox 509 1928 3774 2016">
     <span class='ocr_line' id='line_1_28' title="bbox 509 1928 3774 2016; baseline -0.001 -25"><span class='ocrx_word' id='word_1_266' title='bbox 509 1957 757 2016; x_wconf 79' lang='lat' dir='ltr'><strong>corpore,</strong></span> <span class='ocrx_word' id='word_1_267' title='bbox 792 1942 1029 1998; x_wconf 72' lang='lat' dir='ltr'><strong>animam</strong></span> <span class='ocrx_word' id='word_1_268' title='bbox 1055 1942 1223 1998; x_wconf 75' lang='lat' dir='ltr'><strong>autin</strong></span> <span class='ocrx_word' id='word_1_269' title='bbox 1248 1941 1370 1998; x_wconf 74' lang='lat' dir='ltr'><strong>loco</strong></span> <span class='ocrx_word' id='word_1_270' title='bbox 1411 1939 1548 1997; x_wconf 80' lang='lat' dir='ltr'><strong>lucis</strong></span> <span class='ocrx_word' id='word_1_271' title='bbox 1583 1949 1678 1997; x_wconf 76' lang='lat' dir='ltr'><strong>aut</strong></span> <span class='ocrx_word' id='word_1_272' title='bbox 1718 1938 1968 2012; x_wconf 66' lang='lat' dir='ltr'><strong>caliginis</strong></span> <span class='ocrx_word' id='word_1_273' title='bbox 2019 1954 2103 1995; x_wconf 74' lang='lat' dir='ltr'><strong>re.</strong></span> <span class='ocrx_word' id='word_1_274' title='bbox 2198 1938 2413 1985; x_wconf 86' lang='lat' dir='ltr'><strong>co..stat</strong></span> <span class='ocrx_word' id='word_1_275' title='bbox 2441 1930 2622 1997; x_wconf 91' lang='lat' dir='ltr'><strong>homo,</strong></span> <span class='ocrx_word' id='word_1_276' title='bbox 2655 1928 2791 1986; x_wconf 88' lang='lat' dir='ltr'><strong>alter</strong></span> <span class='ocrx_word' id='word_1_277' title='bbox 2813 1930 3046 1988; x_wconf 88' lang='lat' dir='ltr'><strong>mundus</strong></span> <span class='ocrx_word' id='word_1_278' title='bbox 3089 1931 3146 1989; x_wconf 89' lang='lat' dir='ltr'><strong>in</strong></span> <span class='ocrx_word' id='word_1_279' title='bbox 3199 1932 3374 1999; x_wconf 89' lang='lat' dir='ltr'><strong>brevi,</strong></span> <span class='ocrx_word' id='word_1_280' title='bbox 3406 1931 3612 1988; x_wconf 88' lang='lat' dir='ltr'><strong>habens</strong></span> <span class='ocrx_word' id='word_1_281' title='bbox 3661 1933 3774 1989; x_wconf 82' lang='lat' dir='ltr'><strong>ani-</strong></span> 
     </span>
    </p>
   </div>
   <div class='ocr_carea' id='block_1_29' title="bbox 509 2020 3781 2104">
    <p class='ocr_par' dir='ltr' id='par_1_29' title="bbox 509 2020 3781 2104">
     <span class='ocr_line' id='line_1_29' title="bbox 509 2020 3781 2104; baseline -0 -13"><span class='ocrx_word' id='word_1_282' title='bbox 509 2032 721 2097; x_wconf 78' lang='lat' dir='ltr'><strong>servari</strong></span> <span class='ocrx_word' id='word_1_283' title='bbox 740 2033 959 2089; x_wconf 88' lang='lat' dir='ltr'><strong>interim</strong></span> <span class='ocrx_word' id='word_1_284' title='bbox 981 2049 1087 2090; x_wconf 86' lang='lat' dir='ltr'><strong>non</strong></span> <span class='ocrx_word' id='word_1_285' title='bbox 1104 2032 1309 2100; x_wconf 86' lang='lat' dir='ltr'><strong>dubito,</strong></span> <span class='ocrx_word' id='word_1_286' title='bbox 1326 2031 1809 2104; x_wconf 87' lang='lat' dir='ltr'><strong>eamqucprotinus</strong></span> <span class='ocrx_word' id='word_1_287' title='bbox 1836 2032 1891 2087; x_wconf 90' lang='lat' dir='ltr'><strong>in</strong></span> <span class='ocrx_word' id='word_1_288' title='bbox 1904 2045 2101 2103; x_wconf 89' lang='lat' dir='ltr'><strong>corpus</strong></span> <span class='ocrx_word' id='word_1_289' title='bbox 2199 2036 2343 2076; x_wconf 67' lang='lat' dir='ltr'><strong>mam</strong></span> <span class='ocrx_word' id='word_1_290' title='bbox 2367 2027 2426 2078; x_wconf 69' lang='grc' dir='ltr'><strong>θι</strong></span> <span class='ocrx_word' id='word_1_291' title='bbox 2466 2036 2680 2094; x_wconf 70' lang='grc' dir='ltr'><strong>οοτρυε.</strong></span> <span class='ocrx_word' id='word_1_292' title='bbox 2719 2020 2928 2094; x_wconf 73' lang='lat' dir='ltr'><strong>Corpus</strong></span> <span class='ocrx_word' id='word_1_293' title='bbox 2964 2023 3185 2095; x_wconf 72' lang='lat' dir='ltr'><strong>(Illide</strong></span> <span class='ocrx_word' id='word_1_294' title='bbox 3221 2039 3350 2081; x_wconf 66' lang='grc' dir='ltr'><strong>θυοδ</strong></span> <span class='ocrx_word' id='word_1_295' title='bbox 3377 2023 3541 2080; x_wconf 60' lang='lat' dir='ltr'><strong>habet</strong></span> <span class='ocrx_word' id='word_1_296' title='bbox 3564 2039 3781 2090; x_wconf 68' lang='lat' dir='ltr'><strong>sensus.</strong></span> 
     </span>
    </p>
   </div>
   <div class='ocr_carea' id='block_1_30' title="bbox 508 2123 2100 2207">
    <p class='ocr_par' dir='ltr' id='par_1_30' title="bbox 508 2123 2100 2207">
     <span class='ocr_line' id='line_1_30' title="bbox 508 2123 2100 2207; baseline -0.004 -23"><span class='ocrx_word' id='word_1_297' title='bbox 508 2126 891 2186; x_wconf 78' lang='lat' dir='ltr'><strong>resuscitatum</strong></span> <span class='ocrx_word' id='word_1_298' title='bbox 911 2124 1106 2191; x_wconf 88' lang='lat' dir='ltr'><strong>redire,</strong></span> <span class='ocrx_word' id='word_1_299' title='bbox 1134 2133 1194 2207; x_wconf 91' lang='lat' dir='ltr'><strong>ut</strong></span> <span class='ocrx_word' id='word_1_300' title='bbox 1234 2126 1393 2182; x_wconf 82' lang='lat' dir='ltr'><strong>simul</strong></span> <span class='ocrx_word' id='word_1_301' title='bbox 1421 2124 1763 2197; x_wconf 85' lang='lat' dir='ltr'><strong>perfruamur</strong></span> <span class='ocrx_word' id='word_1_302' title='bbox 1809 2123 1895 2180; x_wconf 88' lang='lat' dir='ltr'><strong>vel</strong></span> <span class='ocrx_word' id='word_1_303' title='bbox 1936 2138 2100 2195; x_wconf 74' lang='lat' dir='ltr'><strong>poena</strong></span> 
     </span>
    </p>
   </div>
   <div class='ocr_carea' id='block_1_31' title="bbox 508 2211 2101 2291">
    <p class='ocr_par' dir='ltr' id='par_1_31' title="bbox 508 2211 2101 2291">
     <span class='ocr_line' id='line_1_31' title="bbox 508 2211 2101 2291; baseline -0.005 -16"><span class='ocrx_word' id='word_1_304' title='bbox 508 2216 594 2275; x_wconf 87' lang='lat' dir='ltr'><strong>vel</strong></span> <span class='ocrx_word' id='word_1_305' title='bbox 619 2217 810 2291; x_wconf 88' lang='lat' dir='ltr'><strong>gloria.</strong></span> <span class='ocrx_word' id='word_1_306' title='bbox 847 2218 876 2258; x_wconf 70' lang='grc' dir='ltr'>δ</span> <span class='ocrx_word' id='word_1_307' title='bbox 910 2216 1041 2274; x_wconf 84' lang='lat' dir='ltr'><strong>Post</strong></span> <span class='ocrx_word' id='word_1_308' title='bbox 1066 2216 1523 2272; x_wconf 84' lang='lat' dir='ltr'><strong>resurrectionem</strong></span> <span class='ocrx_word' id='word_1_309' title='bbox 1550 2223 1733 2270; x_wconf 87' lang='lat' dir='ltr'><strong>autem</strong></span> <span class='ocrx_word' id='word_1_310' title='bbox 1764 2222 1817 2268; x_wconf 89' lang='lat' dir='ltr'><strong>et</strong></span> <span class='ocrx_word' id='word_1_311' title='bbox 1839 2211 2101 2283; x_wconf 84' lang='lat' dir='ltr'><strong>judicium</strong></span> 
     </span>
    </p>
   </div>
   <div class='ocr_carea' id='block_1_32' title="bbox 511 2304 2104 2382">
    <p class='ocr_par' dir='ltr' id='par_1_32' title="bbox 511 2304 2104 2382">
     <span class='ocr_line' id='line_1_32' title="bbox 511 2304 2104 2382; baseline -0.004 -16"><span class='ocrx_word' id='word_1_312' title='bbox 511 2310 706 2382; x_wconf 86' lang='lat' dir='ltr'><strong>impios</strong></span> <span class='ocrx_word' id='word_1_313' title='bbox 740 2308 987 2365; x_wconf 86' lang='lat' dir='ltr'><strong>homines</strong></span> <span class='ocrx_word' id='word_1_314' title='bbox 1038 2307 1197 2380; x_wconf 88' lang='lat' dir='ltr'><strong>quasi</strong></span> <span class='ocrx_word' id='word_1_315' title='bbox 1243 2304 1420 2378; x_wconf 66' lang='lat' dir='ltr'><strong>poenis</strong></span> <span class='ocrx_word' id='word_1_316' title='bbox 1448 2312 1707 2377; x_wconf 85' lang='lat' dir='ltr'><strong>purgatos</strong></span> <span class='ocrx_word' id='word_1_317' title='bbox 1752 2304 2104 2360; x_wconf 89' lang='lat' dir='ltr'><strong>miseratione</strong></span> 
     </span>
    </p>
   </div>
   <div class='ocr_carea' id='block_1_33' title="bbox 505 2393 2103 2470">
    <p class='ocr_par' dir='ltr' id='par_1_33' title="bbox 505 2393 2103 2470">
     <span class='ocr_line' id='line_1_33' title="bbox 505 2393 2103 2470; baseline -0.003 -15"><span class='ocrx_word' id='word_1_318' title='bbox 505 2397 731 2470; x_wconf 66' lang='lat' dir='ltr'><strong>iudicis,</strong></span> <span class='ocrx_word' id='word_1_319' title='bbox 754 2409 810 2456; x_wconf 89' lang='lat' dir='ltr'><strong>et</strong></span> <span class='ocrx_word' id='word_1_320' title='bbox 830 2406 1144 2455; x_wconf 88' lang='lat' dir='ltr'><strong>sanctorum</strong></span> <span class='ocrx_word' id='word_1_321' title='bbox 1196 2395 1480 2469; x_wconf 90' lang='lat' dir='ltr'><strong>precibus,</strong></span> <span class='ocrx_word' id='word_1_322' title='bbox 1524 2403 1743 2452; x_wconf 66' lang='lat' dir='ltr'><strong>aeternae</strong></span> <span class='ocrx_word' id='word_1_323' title='bbox 1798 2393 1981 2466; x_wconf 68' lang='lat' dir='ltr'><strong>gloriae</strong></span> <span class='ocrx_word' id='word_1_324' title='bbox 2013 2408 2103 2450; x_wconf 85' lang='lat' dir='ltr'><strong>so-</strong></span> 
     </span>
    </p>
   </div>
   <div class='ocr_carea' id='block_1_34' title="bbox 512 2486 2105 2563">
    <p class='ocr_par' dir='ltr' id='par_1_34' title="bbox 512 2486 2105 2563">
     <span class='ocr_line' id='line_1_34' title="bbox 512 2486 2105 2563; baseline -0.003 -14"><span class='ocrx_word' id='word_1_325' title='bbox 512 2492 674 2560; x_wconf 84' lang='lat' dir='ltr'><strong>ciari,</strong></span> <span class='ocrx_word' id='word_1_326' title='bbox 710 2499 773 2548; x_wconf 90' lang='lat' dir='ltr'><strong>ut</strong></span> <span class='ocrx_word' id='word_1_327' title='bbox 807 2490 959 2549; x_wconf 89' lang='lat' dir='ltr'><strong>stulti</strong></span> <span class='ocrx_word' id='word_1_328' title='bbox 999 2497 1208 2563; x_wconf 85' lang='lat' dir='ltr'><strong>putant,</strong></span> <span class='ocrx_word' id='word_1_329' title='bbox 1242 2488 1419 2556; x_wconf 88' lang='lat' dir='ltr'><strong>absit,</strong></span> <span class='ocrx_word' id='word_1_330' title='bbox 1481 2497 1541 2545; x_wconf 91' lang='lat' dir='ltr'><strong>ut</strong></span> <span class='ocrx_word' id='word_1_331' title='bbox 1560 2488 1769 2555; x_wconf 88' lang='lat' dir='ltr'><strong>dicam,</strong></span> <span class='ocrx_word' id='word_1_332' title='bbox 1819 2486 1917 2544; x_wconf 88' lang='lat' dir='ltr'><strong>sed</strong></span> <span class='ocrx_word' id='word_1_333' title='bbox 1939 2488 2105 2544; x_wconf 88' lang='lat' dir='ltr'><strong>credo</strong></span> 
     </span>
    </p>
   </div>
   <div class='ocr_carea' id='block_1_35' title="bbox 517 2579 2104 2655">
    <p class='ocr_par' dir='ltr' id='par_1_35' title="bbox 517 2579 2104 2655">
     <span class='ocr_line' id='line_1_35' title="bbox 517 2579 2104 2655; baseline -0.003 -15"><span class='ocrx_word' id='word_1_334' title='bbox 517 2584 738 2641; x_wconf 81' lang='lat' dir='ltr'><strong>veritati</strong></span> <span class='ocrx_word' id='word_1_335' title='bbox 770 2582 971 2641; x_wconf 88' lang='lat' dir='ltr'><strong>dicenti</strong></span> <span class='ocrx_word' id='word_1_336' title='bbox 1001 2600 1016 2638; x_wconf 89' lang='lat'><strong>:</strong></span> <span class='ocrx_word' id='word_1_337' title='bbox 1047 2581 1206 2638; x_wconf 76' lang='lat' dir='ltr'><strong>Ibunt</strong></span> <span class='ocrx_word' id='word_1_338' title='bbox 1247 2581 1393 2655; x_wconf 87' lang='lat' dir='ltr'><strong>impii</strong></span> <span class='ocrx_word' id='word_1_339' title='bbox 1416 2580 1472 2637; x_wconf 77' lang='lat' dir='ltr'><strong>in</strong></span> <span class='ocrx_word' id='word_1_340' title='bbox 1509 2579 1822 2655; x_wconf 77' lang='lat' dir='ltr'><strong>supplicium</strong></span> <span class='ocrx_word' id='word_1_341' title='bbox 1851 2590 2104 2638; x_wconf 71' lang='lat' dir='ltr'><strong>amitam</strong></span> 
     </span>
    </p>
   </div>
   <div class='ocr_carea' id='block_1_36' title="bbox 520 2674 1030 2750">
    <p class='ocr_par' dir='ltr' id='par_1_36' title="bbox 520 2674 1030 2750">
     <span class='ocr_line' id='line_1_36' title="bbox 520 2674 1030 2750; baseline 0 -19"><span class='ocrx_word' id='word_1_342' title='bbox 520 2675 738 2746; x_wconf 67' lang='lat' dir='ltr'><strong>(Matth.</strong></span> <span class='ocrx_word' id='word_1_343' title='bbox 761 2692 889 2745; x_wconf 76' lang='lat' dir='ltr'><strong>xxv,</strong></span> <span class='ocrx_word' id='word_1_344' title='bbox 917 2674 1030 2750; x_wconf 81' lang='grc'><strong>46).</strong></span> 
     </span>
    </p>
   </div>
   <div class='ocr_carea' id='block_1_37' title="bbox 590 2765 2102 2838">
    <p class='ocr_par' dir='ltr' id='par_1_37' title="bbox 590 2765 2102 2838">
     <span class='ocr_line' id='line_1_37' title="bbox 590 2765 2102 2838; baseline -0.001 -14"><span class='ocrx_word' id='word_1_345' title='bbox 590 2765 761 2824; x_wconf 76' lang='lat' dir='ltr'><strong>XXX.</strong></span> <span class='ocrx_word' id='word_1_346' title='bbox 802 2765 1198 2825; x_wconf 78' lang='lat' dir='ltr'><strong>lntellectuales</strong></span> <span class='ocrx_word' id='word_1_347' title='bbox 1245 2774 1493 2834; x_wconf 88' lang='lat' dir='ltr'><strong>naturas,</strong></span> <span class='ocrx_word' id='word_1_348' title='bbox 1533 2780 1654 2838; x_wconf 62' lang='lat' dir='ltr'><strong>quae</strong></span> <span class='ocrx_word' id='word_1_349' title='bbox 1690 2781 1860 2823; x_wconf 91' lang='lat' dir='ltr'><strong>carne</strong></span> <span class='ocrx_word' id='word_1_350' title='bbox 1893 2773 2102 2831; x_wconf 88' lang='lat' dir='ltr'><strong>carent,</strong></span> 
     </span>
    </p>
   </div>
   <div class='ocr_carea' id='block_1_38' title="bbox 519 2858 2105 2919">
    <p class='ocr_par' dir='ltr' id='par_1_38' title="bbox 519 2858 2105 2919">
     <span class='ocr_line' id='line_1_38' title="bbox 519 2858 2105 2919; baseline -0.004 0"><span class='ocrx_word' id='word_1_351' title='bbox 519 2858 858 2919; x_wconf 85' lang='lat' dir='ltr'><strong>immortales</strong></span> <span class='ocrx_word' id='word_1_352' title='bbox 904 2874 1029 2916; x_wconf 86' lang='lat' dir='ltr'><strong>esse</strong></span> <span class='ocrx_word' id='word_1_353' title='bbox 1072 2859 1322 2917; x_wconf 82' lang='lat' dir='ltr'><strong>dicimus.</strong></span> <span class='ocrx_word' id='word_1_354' title='bbox 1361 2879 1379 2911; x_wconf 78' lang='grc' dir='ltr'><strong>ι</strong></span> <span class='ocrx_word' id='word_1_355' title='bbox 1428 2870 1452 2899; x_wconf 77' lang='grc' dir='ltr'><strong>ο</strong></span> <span class='ocrx_word' id='word_1_356' title='bbox 1492 2860 1717 2915; x_wconf 84' lang='lat' dir='ltr'><strong>Animas</strong></span> <span class='ocrx_word' id='word_1_357' title='bbox 1756 2874 1789 2915; x_wconf 87' lang='lat' dir='ltr'><strong>a</strong></span> <span class='ocrx_word' id='word_1_358' title='bbox 1830 2859 1942 2915; x_wconf 89' lang='lat' dir='ltr'><strong>Deo</strong></span> <span class='ocrx_word' id='word_1_359' title='bbox 1986 2859 2105 2915; x_wconf 89' lang='lat' dir='ltr'><strong>dari</strong></span> 
     </span>
    </p>
   </div>
   <div class='ocr_carea' id='block_1_39' title="bbox 518 2949 2107 3022">
    <p class='ocr_par' dir='ltr' id='par_1_39' title="bbox 518 2949 2107 3022">
     <span class='ocr_line' id='line_1_39' title="bbox 518 2949 2107 3022; baseline -0.002 -14"><span class='ocrx_word' id='word_1_360' title='bbox 518 2963 614 3008; x_wconf 80' lang='lat' dir='ltr'><strong>ere</strong></span> <span class='ocrx_word' id='word_1_361' title='bbox 633 2950 705 3017; x_wconf 79' lang='lat' dir='ltr'><strong>io,</strong></span> <span class='ocrx_word' id='word_1_362' title='bbox 735 2965 870 3022; x_wconf 90' lang='lat' dir='ltr'><strong>quas</strong></span> <span class='ocrx_word' id='word_1_363' title='bbox 899 2950 967 3008; x_wconf 88' lang='lat' dir='ltr'><strong>ab</strong></span> <span class='ocrx_word' id='word_1_364' title='bbox 1002 2949 1120 3022; x_wconf 90' lang='lat' dir='ltr'><strong>ipso</strong></span> <span class='ocrx_word' id='word_1_365' title='bbox 1150 2949 1324 3008; x_wconf 87' lang='lat' dir='ltr'><strong>factas</strong></span> <span class='ocrx_word' id='word_1_366' title='bbox 1356 2967 1466 3009; x_wconf 86' lang='lat' dir='ltr'><strong>non</strong></span> <span class='ocrx_word' id='word_1_367' title='bbox 1501 2950 1707 3018; x_wconf 88' lang='lat' dir='ltr'><strong>dubito,</strong></span> <span class='ocrx_word' id='word_1_368' title='bbox 1745 2952 2107 3009; x_wconf 82' lang='lat' dir='ltr'><strong>anathemati-</strong></span> 
     </span>
    </p>
   </div>
   <div class='ocr_carea' id='block_1_40' title="bbox 521 3045 2109 3119">
    <p class='ocr_par' dir='ltr' id='par_1_40' title="bbox 521 3045 2109 3119">
     <span class='ocr_line' id='line_1_40' title="bbox 521 3045 2109 3119; baseline -0.001 -15"><span class='ocrx_word' id='word_1_369' title='bbox 521 3060 658 3105; x_wconf 71' lang='lat' dir='ltr'><strong>sane</strong></span> <span class='ocrx_word' id='word_1_370' title='bbox 708 3059 802 3101; x_wconf 85' lang='lat' dir='ltr'><strong>eos</strong></span> <span class='ocrx_word' id='word_1_371' title='bbox 851 3045 945 3116; x_wconf 89' lang='lat' dir='ltr'><strong>qui</strong></span> <span class='ocrx_word' id='word_1_372' title='bbox 997 3045 1236 3105; x_wconf 89' lang='lat' dir='ltr'><strong>animam</strong></span> <span class='ocrx_word' id='word_1_373' title='bbox 1279 3046 1436 3119; x_wconf 85' lang='lat' dir='ltr'><strong>quasi</strong></span> <span class='ocrx_word' id='word_1_374' title='bbox 1484 3057 1693 3118; x_wconf 85' lang='lat' dir='ltr'><strong>partem</strong></span> <span class='ocrx_word' id='word_1_375' title='bbox 1741 3045 1858 3113; x_wconf 89' lang='lat' dir='ltr'><strong>Dei,</strong></span> <span class='ocrx_word' id='word_1_376' title='bbox 1913 3046 2109 3102; x_wconf 74' lang='lat' dir='ltr'><strong>divinae</strong></span> 
     </span>
    </p>
   </div>
   <div class='ocr_carea' id='block_1_41' title="bbox 2202 2113 3789 2191">
    <p class='ocr_par' dir='ltr' id='par_1_41' title="bbox 2202 2113 3789 2191">
     <span class='ocr_line' id='line_1_41' title="bbox 2202 2113 3789 2191; baseline 0.007 -22"><span class='ocrx_word' id='word_1_377' title='bbox 2202 2113 2296 2169; x_wconf 88' lang='lat' dir='ltr'><strong>sed</strong></span> <span class='ocrx_word' id='word_1_378' title='bbox 2326 2128 2433 2171; x_wconf 89' lang='lat' dir='ltr'><strong>non</strong></span> <span class='ocrx_word' id='word_1_379' title='bbox 2455 2128 2552 2172; x_wconf 86' lang='lat' dir='ltr'><strong>eos</strong></span> <span class='ocrx_word' id='word_1_380' title='bbox 2576 2114 2696 2172; x_wconf 87' lang='lat' dir='ltr'><strong>sine</strong></span> <span class='ocrx_word' id='word_1_381' title='bbox 2716 2116 2897 2174; x_wconf 83' lang='lat' dir='ltr'><strong>anima</strong></span> <span class='ocrx_word' id='word_1_382' title='bbox 2918 2126 3120 2185; x_wconf 88' lang='lat' dir='ltr'><strong>movet,</strong></span> <span class='ocrx_word' id='word_1_383' title='bbox 3151 2116 3278 2189; x_wconf 87' lang='lat' dir='ltr'><strong>quia</strong></span> <span class='ocrx_word' id='word_1_384' title='bbox 3301 2116 3415 2173; x_wconf 88' lang='lat' dir='ltr'><strong>vita</strong></span> <span class='ocrx_word' id='word_1_385' title='bbox 3437 2118 3681 2191; x_wconf 84' lang='lat' dir='ltr'><strong>corporis</strong></span> <span class='ocrx_word' id='word_1_386' title='bbox 3699 2130 3789 2180; x_wconf 80' lang='lat' dir='ltr'><strong>est</strong></span> 
     </span>
    </p>
   </div>
   <div class='ocr_carea' id='block_1_42' title="bbox 2202 2205 2952 2271">
    <p class='ocr_par' dir='ltr' id='par_1_42' title="bbox 2202 2205 2952 2271">
     <span class='ocr_line' id='line_1_42' title="bbox 2202 2205 2952 2271; baseline 0.001 -10"><span class='ocrx_word' id='word_1_387' title='bbox 2202 2205 2402 2271; x_wconf 90' lang='lat' dir='ltr'><strong>anima,</strong></span> <span class='ocrx_word' id='word_1_388' title='bbox 2442 2206 2553 2263; x_wconf 87' lang='lat' dir='ltr'><strong>vita</strong></span> <span class='ocrx_word' id='word_1_389' title='bbox 2579 2207 2773 2264; x_wconf 67' lang='lat' dir='ltr'><strong>animat</strong></span> <span class='ocrx_word' id='word_1_390' title='bbox 2792 2207 2952 2265; x_wconf 89' lang='lat' dir='ltr'><strong>Deus.</strong></span> 
     </span>
    </p>
   </div>
   <div class='ocr_carea' id='block_1_43' title="bbox 2274 2297 3787 2376">
    <p class='ocr_par' dir='ltr' id='par_1_43' title="bbox 2274 2297 3787 2376">
     <span class='ocr_line' id='line_1_43' title="bbox 2274 2297 3787 2376; baseline 0.006 -23"><span class='ocrx_word' id='word_1_391' title='bbox 2274 2297 2467 2355; x_wconf 77' lang='lat' dir='ltr'><strong>XXXI.</strong></span> <span class='ocrx_word' id='word_1_392' title='bbox 2518 2298 2715 2355; x_wconf 77' lang='lat' dir='ltr'><strong>Anima</strong></span> <span class='ocrx_word' id='word_1_393' title='bbox 2774 2314 2907 2357; x_wconf 90' lang='lat' dir='ltr'><strong>vero</strong></span> <span class='ocrx_word' id='word_1_394' title='bbox 2950 2301 3163 2359; x_wconf 85' lang='lat' dir='ltr'><strong>ratione</strong></span> <span class='ocrx_word' id='word_1_395' title='bbox 3190 2301 3355 2376; x_wconf 85' lang='lat' dir='ltr'><strong>viget,</strong></span> <span class='ocrx_word' id='word_1_396' title='bbox 3387 2300 3593 2360; x_wconf 88' lang='lat' dir='ltr'><strong>habens</strong></span> <span class='ocrx_word' id='word_1_397' title='bbox 3638 2303 3693 2361; x_wconf 86' lang='lat' dir='ltr'><strong>in</strong></span> <span class='ocrx_word' id='word_1_398' title='bbox 3724 2316 3787 2362; x_wconf 85' lang='lat' dir='ltr'><strong>sc</strong></span> 
     </span>
    </p>
   </div>
   <div class='ocr_carea' id='block_1_44' title="bbox 2204 2389 3783 2467">
    <p class='ocr_par' dir='ltr' id='par_1_44' title="bbox 2204 2389 3783 2467">
     <span class='ocr_line' id='line_1_44' title="bbox 2204 2389 3783 2467; baseline 0.004 -22"><span class='ocrx_word' id='word_1_399' title='bbox 2204 2389 2510 2449; x_wconf 87' lang='lat' dir='ltr'><strong>libertatem</strong></span> <span class='ocrx_word' id='word_1_400' title='bbox 2557 2390 2767 2449; x_wconf 81' lang='lat' dir='ltr'><strong>arbitrii</strong></span> <span class='ocrx_word' id='word_1_401' title='bbox 2812 2391 2885 2449; x_wconf 87' lang='lat' dir='ltr'><strong>ad</strong></span> <span class='ocrx_word' id='word_1_402' title='bbox 2935 2392 3241 2467; x_wconf 81' lang='lat' dir='ltr'><strong>eligendum</strong></span> <span class='ocrx_word' id='word_1_403' title='bbox 3286 2396 3430 2467; x_wconf 86' lang='lat' dir='ltr'><strong>quod</strong></span> <span class='ocrx_word' id='word_1_404' title='bbox 3488 2393 3619 2451; x_wconf 84' lang='lat' dir='ltr'><strong>vult.</strong></span> <span class='ocrx_word' id='word_1_405' title='bbox 3674 2393 3783 2452; x_wconf 84' lang='lat' dir='ltr'><strong>Sed</strong></span> 
     </span>
    </p>
   </div>
   <div class='ocr_carea' id='block_1_45' title="bbox 2204 2484 3783 2559">
    <p class='ocr_par' dir='ltr' id='par_1_45' title="bbox 2204 2484 3783 2559">
     <span class='ocr_line' id='line_1_45' title="bbox 2204 2484 3783 2559; baseline 0.003 -20"><span class='ocrx_word' id='word_1_406' title='bbox 2204 2484 2436 2541; x_wconf 88' lang='lat' dir='ltr'><strong>liberum</strong></span> <span class='ocrx_word' id='word_1_407' title='bbox 2461 2484 2748 2543; x_wconf 84' lang='lat' dir='ltr'><strong>arbitrium</strong></span> <span class='ocrx_word' id='word_1_408' title='bbox 2774 2484 3024 2544; x_wconf 86' lang='lat' dir='ltr'><strong>vitiatum</strong></span> <span class='ocrx_word' id='word_1_409' title='bbox 3063 2495 3148 2544; x_wconf 89' lang='lat' dir='ltr'><strong>est</strong></span> <span class='ocrx_word' id='word_1_410' title='bbox 3179 2503 3276 2559; x_wconf 89' lang='lat' dir='ltr'><strong>per</strong></span> <span class='ocrx_word' id='word_1_411' title='bbox 3299 2487 3561 2544; x_wconf 80' lang='lat' dir='ltr'><strong>offensam</strong></span> <span class='ocrx_word' id='word_1_412' title='bbox 3583 2502 3783 2559; x_wconf 64' lang='lat' dir='ltr'><strong>praeva-</strong></span> 
     </span>
    </p>
   </div>
   <div class='ocr_carea' id='block_1_46' title="bbox 2206 2575 3784 2652">
    <p class='ocr_par' dir='ltr' id='par_1_46' title="bbox 2206 2575 3784 2652">
     <span class='ocr_line' id='line_1_46' title="bbox 2206 2575 3784 2652; baseline 0.001 -20"><span class='ocrx_word' id='word_1_413' title='bbox 2206 2576 2484 2633; x_wconf 87' lang='lat' dir='ltr'><strong>ricationis</strong></span> <span class='ocrx_word' id='word_1_414' title='bbox 2503 2575 2652 2644; x_wconf 66' lang='lat' dir='ltr'><strong>Adm,</strong></span> <span class='ocrx_word' id='word_1_415' title='bbox 2678 2586 2736 2635; x_wconf 90' lang='lat' dir='ltr'><strong>et</strong></span> <span class='ocrx_word' id='word_1_416' title='bbox 2754 2579 2886 2635; x_wconf 89' lang='lat' dir='ltr'><strong>adeo</strong></span> <span class='ocrx_word' id='word_1_417' title='bbox 2916 2578 3267 2645; x_wconf 71' lang='lat' dir='ltr'><strong>infirmatum,</strong></span> <span class='ocrx_word' id='word_1_418' title='bbox 3292 2588 3354 2635; x_wconf 93' lang='lat' dir='ltr'><strong>ut</strong></span> <span class='ocrx_word' id='word_1_419' title='bbox 3380 2588 3615 2652; x_wconf 87' lang='lat' dir='ltr'><strong>nequeat</strong></span> <span class='ocrx_word' id='word_1_420' title='bbox 3630 2594 3784 2652; x_wconf 85' lang='lat' dir='ltr'><strong>repa-</strong></span> 
     </span>
    </p>
   </div>
   <div class='ocr_carea' id='block_1_47' title="bbox 2206 2667 3791 2745">
    <p class='ocr_par' dir='ltr' id='par_1_47' title="bbox 2206 2667 3791 2745">
     <span class='ocr_line' id='line_1_47' title="bbox 2206 2667 3791 2745; baseline 0.003 -21"><span class='ocrx_word' id='word_1_421' title='bbox 2206 2667 2319 2725; x_wconf 87' lang='lat' dir='ltr'><strong>rari</strong></span> <span class='ocrx_word' id='word_1_422' title='bbox 2353 2667 2459 2725; x_wconf 90' lang='lat' dir='ltr'><strong>nisi</strong></span> <span class='ocrx_word' id='word_1_423' title='bbox 2489 2685 2589 2742; x_wconf 71' lang='lat' dir='ltr'><strong>pes</strong></span> <span class='ocrx_word' id='word_1_424' title='bbox 2616 2668 2819 2728; x_wconf 88' lang='lat' dir='ltr'><strong>Christi</strong></span> <span class='ocrx_word' id='word_1_425' title='bbox 2864 2672 3113 2743; x_wconf 84' lang='lat' dir='ltr'><strong>gratiam.</strong></span> <span class='ocrx_word' id='word_1_426' title='bbox 3150 2671 3350 2729; x_wconf 86' lang='lat' dir='ltr'><strong>Natura</strong></span> <span class='ocrx_word' id='word_1_427' title='bbox 3378 2673 3647 2745; x_wconf 84' lang='lat' dir='ltr'><strong>siquidem</strong></span> <span class='ocrx_word' id='word_1_428' title='bbox 3686 2672 3791 2729; x_wconf 81' lang='lat' dir='ltr'><strong>bu-</strong></span> 
     </span>
    </p>
   </div>
   <div class='ocr_carea' id='block_1_48' title="bbox 2206 2762 3792 2839">
    <p class='ocr_par' dir='ltr' id='par_1_48' title="bbox 2206 2762 3792 2839">
     <span class='ocr_line' id='line_1_48' title="bbox 2206 2762 3792 2839; baseline 0.007 -22"><span class='ocrx_word' id='word_1_429' title='bbox 2206 2778 2389 2829; x_wconf 88' lang='lat' dir='ltr'><strong>mana,</strong></span> <span class='ocrx_word' id='word_1_430' title='bbox 2414 2762 2633 2820; x_wconf 86' lang='lat' dir='ltr'><strong>etiamsi</strong></span> <span class='ocrx_word' id='word_1_431' title='bbox 2661 2764 2718 2821; x_wconf 92' lang='lat' dir='ltr'><strong>in</strong></span> <span class='ocrx_word' id='word_1_432' title='bbox 2746 2763 2836 2821; x_wconf 83' lang='lat' dir='ltr'><strong>illa</strong></span> <span class='ocrx_word' id='word_1_433' title='bbox 2864 2764 3199 2839; x_wconf 86' lang='lat' dir='ltr'><strong>integritate,</strong></span> <span class='ocrx_word' id='word_1_434' title='bbox 3222 2766 3276 2823; x_wconf 89' lang='lat' dir='ltr'><strong>in</strong></span> <span class='ocrx_word' id='word_1_435' title='bbox 3305 2781 3410 2838; x_wconf 90' lang='lat' dir='ltr'><strong>qua</strong></span> <span class='ocrx_word' id='word_1_436' title='bbox 3437 2775 3522 2823; x_wconf 88' lang='lat' dir='ltr'><strong>est</strong></span> <span class='ocrx_word' id='word_1_437' title='bbox 3546 2767 3792 2828; x_wconf 72' lang='lat' dir='ltr'><strong>condita.</strong></span> 
     </span>
    </p>
   </div>
   <div class='ocr_carea' id='block_1_49' title="bbox 2207 2853 3795 2930">
    <p class='ocr_par' dir='ltr' id='par_1_49' title="bbox 2207 2853 3795 2930">
     <span class='ocr_line' id='line_1_49' title="bbox 2207 2853 3795 2930; baseline 0.005 -23"><span class='ocrx_word' id='word_1_438' title='bbox 2207 2865 2568 2926; x_wconf 86' lang='lat' dir='ltr'><strong>permaneret,</strong></span> <span class='ocrx_word' id='word_1_439' title='bbox 2603 2853 2749 2911; x_wconf 90' lang='lat' dir='ltr'><strong>nullo</strong></span> <span class='ocrx_word' id='word_1_440' title='bbox 2778 2857 2937 2913; x_wconf 86' lang='lat' dir='ltr'><strong>modo</strong></span> <span class='ocrx_word' id='word_1_441' title='bbox 2982 2858 3235 2930; x_wconf 85' lang='lat' dir='ltr'><strong>seipsam,</strong></span> <span class='ocrx_word' id='word_1_442' title='bbox 3266 2858 3523 2916; x_wconf 85' lang='lat' dir='ltr'><strong>Creatore</strong></span> <span class='ocrx_word' id='word_1_443' title='bbox 3552 2874 3656 2917; x_wconf 88' lang='lat' dir='ltr'><strong>suo</strong></span> <span class='ocrx_word' id='word_1_444' title='bbox 3684 2876 3795 2917; x_wconf 91' lang='lat' dir='ltr'><strong>non</strong></span> 
     </span>
    </p>
   </div>
   <div class='ocr_carea' id='block_1_50' title="bbox 2210 2944 3800 3022">
    <p class='ocr_par' dir='ltr' id='par_1_50' title="bbox 2210 2944 3800 3022">
     <span class='ocr_line' id='line_1_50' title="bbox 2210 2944 3800 3022; baseline 0.005 -22"><span class='ocrx_word' id='word_1_445' title='bbox 2210 2944 2517 3016; x_wconf 89' lang='lat' dir='ltr'><strong>adjuvante,</strong></span> <span class='ocrx_word' id='word_1_446' title='bbox 2545 2953 2807 3002; x_wconf 83' lang='lat' dir='ltr'><strong>servaret.</strong></span> <span class='ocrx_word' id='word_1_447' title='bbox 2839 2946 3121 3016; x_wconf 84' lang='lat' dir='ltr'><strong>Quomodo</strong></span> <span class='ocrx_word' id='word_1_448' title='bbox 3165 2966 3291 3022; x_wconf 88' lang='lat' dir='ltr'><strong>ergo</strong></span> <span class='ocrx_word' id='word_1_449' title='bbox 3316 2948 3433 3007; x_wconf 87' lang='lat' dir='ltr'><strong>sine</strong></span> <span class='ocrx_word' id='word_1_450' title='bbox 3457 2949 3569 3006; x_wconf 86' lang='lat' dir='ltr'><strong>Deo</strong></span> <span class='ocrx_word' id='word_1_451' title='bbox 3612 2957 3800 3022; x_wconf 88' lang='lat' dir='ltr'><strong>potest</strong></span> 
     </span>
    </p>
   </div>
   <div class='ocr_carea' id='block_1_51' title="bbox 2209 3038 3795 3114">
    <p class='ocr_par' dir='ltr' id='par_1_51' title="bbox 2209 3038 3795 3114">
     <span class='ocr_line' id='line_1_51' title="bbox 2209 3038 3795 3114; baseline 0.003 -21"><span class='ocrx_word' id='word_1_452' title='bbox 2209 3051 2531 3110; x_wconf 88' lang='lat' dir='ltr'><strong>recuperare</strong></span> <span class='ocrx_word' id='word_1_453' title='bbox 2576 3038 2722 3110; x_wconf 89' lang='lat' dir='ltr'><strong>quod</strong></span> <span class='ocrx_word' id='word_1_454' title='bbox 2758 3039 3029 3110; x_wconf 84' lang='lat' dir='ltr'><strong>perdidit?</strong></span> <span class='ocrx_word' id='word_1_455' title='bbox 3079 3039 3173 3097; x_wconf 86' lang='lat' dir='ltr'><strong>Illa</strong></span> <span class='ocrx_word' id='word_1_456' title='bbox 3216 3041 3359 3098; x_wconf 90' lang='lat' dir='ltr'><strong>enim</strong></span> <span class='ocrx_word' id='word_1_457' title='bbox 3390 3042 3795 3114; x_wconf 66' lang='lat' dir='ltr'><strong>praevaricatio.</strong></span> 
     </span>
    </p>
   </div>
   <div class='ocr_carea' id='block_1_52' title="bbox 519 3130 3794 3213">
    <p class='ocr_par' dir='ltr' id='par_1_52' title="bbox 519 3130 3794 3213">
     <span class='ocr_line' id='line_1_52' title="bbox 519 3130 3794 3213; baseline 0.001 -25"><span class='ocrx_word' id='word_1_458' title='bbox 519 3137 707 3200; x_wconf 62' lang='lat' dir='ltr'><strong>diem»</strong></span> <span class='ocrx_word' id='word_1_459' title='bbox 751 3152 875 3197; x_wconf 81' lang='lat' dir='ltr'><strong>esse</strong></span> <span class='ocrx_word' id='word_1_460' title='bbox 921 3137 1260 3197; x_wconf 54' lang='lat' dir='ltr'><strong>substantia.</strong></span> <span class='ocrx_word' id='word_1_461' title='bbox 1306 3160 1324 3193; x_wconf 72' lang='grc' dir='ltr'><strong>ο</strong></span> <span class='ocrx_word' id='word_1_462' title='bbox 1371 3140 1516 3196; x_wconf 71' lang='lat' dir='ltr'><strong>Deus</strong></span> <span class='ocrx_word' id='word_1_463' title='bbox 1565 3142 1711 3198; x_wconf 71' lang='lat' dir='ltr'><strong>enim</strong></span> <span class='ocrx_word' id='word_1_464' title='bbox 1759 3139 2105 3213; x_wconf 56' lang='lat' dir='ltr'><strong>impauith</strong></span> <span class='ocrx_word' id='word_1_465' title='bbox 2146 3208 2177 3213; x_wconf 81' lang='lat'>_</span> <span class='ocrx_word' id='word_1_466' title='bbox 2209 3141 2266 3185; x_wconf 91' lang='lat' dir='ltr'><strong>et</strong></span> <span class='ocrx_word' id='word_1_467' title='bbox 2286 3130 2434 3197; x_wconf 74' lang='lat' dir='ltr'><strong>Adm,</strong></span> <span class='ocrx_word' id='word_1_468' title='bbox 2451 3140 2507 3188; x_wconf 91' lang='lat' dir='ltr'><strong>et</strong></span> <span class='ocrx_word' id='word_1_469' title='bbox 2537 3132 2716 3188; x_wconf 90' lang='lat' dir='ltr'><strong>omnis</strong></span> <span class='ocrx_word' id='word_1_470' title='bbox 2740 3131 2859 3203; x_wconf 88' lang='lat' dir='ltr'><strong>ejus</strong></span> <span class='ocrx_word' id='word_1_471' title='bbox 2884 3131 3469 3206; x_wconf 86' lang='lat' dir='ltr'><strong>propaginis,libcrum</strong></span> <span class='ocrx_word' id='word_1_472' title='bbox 3509 3134 3794 3191; x_wconf 84' lang='lat' dir='ltr'><strong>arbitrium</strong></span> 
     </span>
    </p>
   </div>
   <div class='ocr_carea' id='block_1_53' title="bbox 520 3208 2107 3307">
    <p class='ocr_par' dir='ltr' id='par_1_53' title="bbox 520 3208 2107 3307">
     <span class='ocr_line' id='line_1_53' title="bbox 520 3208 2107 3307; baseline 0 -16"><span class='ocrx_word' id='word_1_473' title='bbox 520 3238 628 3298; x_wconf 80' lang='lat' dir='ltr'><strong>est.</strong></span> <span class='ocrx_word' id='word_1_474' title='bbox 660 3230 840 3287; x_wconf 85' lang='lat' dir='ltr'><strong>anima</strong></span> <span class='ocrx_word' id='word_1_475' title='bbox 866 3245 998 3287; x_wconf 88' lang='lat' dir='ltr'><strong>vero</strong></span> <span class='ocrx_word' id='word_1_476' title='bbox 1019 3230 1247 3290; x_wconf 86' lang='lat' dir='ltr'><strong>diversis</strong></span> <span class='ocrx_word' id='word_1_477' title='bbox 1274 3231 1515 3304; x_wconf 87' lang='lat' dir='ltr'><strong>subjacet</strong></span> <span class='ocrx_word' id='word_1_478' title='bbox 1558 3208 1922 3307; x_wconf 76' lang='lat' dir='ltr'><strong>passionibus,</strong></span> <span class='ocrx_word' id='word_1_479' title='bbox 1966 3234 2107 3292; x_wconf 85' lang='lat' dir='ltr'><strong>sicut</strong></span> 
     </span>
    </p>
   </div>
   <div class='ocr_carea' id='block_1_54' title="bbox 2206 3208 3785 3307">
    <p class='ocr_par' dir='ltr' id='par_1_54' title="bbox 2210 3221 3785 3300">
     <span class='ocr_line' id='line_1_54' title="bbox 2210 3221 3785 3300; baseline 0.002 -20"><span class='ocrx_word' id='word_1_480' title='bbox 2210 3221 2522 3295; x_wconf 87' lang='lat' dir='ltr'><strong>intirmavit,</strong></span> <span class='ocrx_word' id='word_1_481' title='bbox 2552 3233 2718 3299; x_wconf 87' lang='lat' dir='ltr'><strong>atque</strong></span> <span class='ocrx_word' id='word_1_482' title='bbox 2740 3226 2955 3298; x_wconf 75' lang='lat' dir='ltr'><strong>deiecit.</strong></span> <span class='ocrx_word' id='word_1_483' title='bbox 3006 3226 3122 3283; x_wconf 88' lang='lat' dir='ltr'><strong>Non</strong></span> <span class='ocrx_word' id='word_1_484' title='bbox 3149 3225 3325 3284; x_wconf 88' lang='lat' dir='ltr'><strong>solum</strong></span> <span class='ocrx_word' id='word_1_485' title='bbox 3349 3236 3580 3283; x_wconf 88' lang='lat' dir='ltr'><strong>mortem</strong></span> <span class='ocrx_word' id='word_1_486' title='bbox 3607 3242 3785 3300; x_wconf 87' lang='lat' dir='ltr'><strong>corpo-</strong></span> 
     </span>
    </p>
   </div>
   <div class='ocr_carea' id='block_1_55' title="bbox 519 3323 2113 3400">
    <p class='ocr_par' dir='ltr' id='par_1_55' title="bbox 519 3323 2113 3400">
     <span class='ocr_line' id='line_1_55' title="bbox 519 3323 2113 3400; baseline 0.002 -20"><span class='ocrx_word' id='word_1_487' title='bbox 519 3323 872 3395; x_wconf 82' lang='lat' dir='ltr'><strong>quotidianus</strong></span> <span class='ocrx_word' id='word_1_488' title='bbox 919 3338 1103 3382; x_wconf 87' lang='lat' dir='ltr'><strong>rerum</strong></span> <span class='ocrx_word' id='word_1_489' title='bbox 1149 3324 1328 3383; x_wconf 77' lang='lat' dir='ltr'><strong>exitus</strong></span> <span class='ocrx_word' id='word_1_490' title='bbox 1371 3327 1549 3384; x_wconf 91' lang='lat' dir='ltr'><strong>docet.</strong></span> <span class='ocrx_word' id='word_1_491' title='bbox 1592 3344 1613 3380; x_wconf 76' lang='grc' dir='ltr'><strong>ι</strong></span> <span class='ocrx_word' id='word_1_492' title='bbox 1648 3326 1676 3368; x_wconf 76' lang='grc' dir='ltr'><strong>ιι</strong></span> <span class='ocrx_word' id='word_1_493' title='bbox 1718 3326 1919 3383; x_wconf 88' lang='lat' dir='ltr'><strong>Eorum</strong></span> <span class='ocrx_word' id='word_1_494' title='bbox 1975 3342 2113 3400; x_wconf 89' lang='lat' dir='ltr'><strong>quo-</strong></span> 
     </span>
    </p>
   </div>
   <div class='ocr_carea' id='block_1_56' title="bbox 526 3415 2114 3490">
    <p class='ocr_par' dir='ltr' id='par_1_56' title="bbox 526 3415 2114 3490">
     <span class='ocr_line' id='line_1_56' title="bbox 526 3415 2114 3490; baseline 0 -19"><span class='ocrx_word' id='word_1_495' title='bbox 526 3429 637 3487; x_wconf 86' lang='lat' dir='ltr'><strong>que</strong></span> <span class='ocrx_word' id='word_1_496' title='bbox 687 3415 987 3472; x_wconf 90' lang='lat' dir='ltr'><strong>condemno</strong></span> <span class='ocrx_word' id='word_1_497' title='bbox 1032 3430 1292 3483; x_wconf 90' lang='lat' dir='ltr'><strong>errorem,</strong></span> <span class='ocrx_word' id='word_1_498' title='bbox 1322 3418 1416 3489; x_wconf 86' lang='lat' dir='ltr'><strong>qui</strong></span> <span class='ocrx_word' id='word_1_499' title='bbox 1442 3433 1540 3475; x_wconf 85' lang='lat' dir='ltr'><strong>eas</strong></span> <span class='ocrx_word' id='word_1_500' title='bbox 1566 3428 1693 3475; x_wconf 83' lang='lat' dir='ltr'><strong>ante</strong></span> <span class='ocrx_word' id='word_1_501' title='bbox 1716 3432 1991 3490; x_wconf 87' lang='lat' dir='ltr'><strong>peccasse,</strong></span> <span class='ocrx_word' id='word_1_502' title='bbox 2027 3416 2114 3475; x_wconf 91' lang='lat' dir='ltr'><strong>vel</strong></span> 
     </span>
    </p>
   </div>
   <div class='ocr_carea' id='block_1_57' title="bbox 530 3504 2112 3582">
    <p class='ocr_par' dir='ltr' id='par_1_57' title="bbox 530 3504 2112 3582">
     <span class='ocr_line' id='line_1_57' title="bbox 530 3504 2112 3582; baseline 0 -17"><span class='ocrx_word' id='word_1_503' title='bbox 530 3508 589 3566; x_wconf 88' lang='lat' dir='ltr'><strong>in</strong></span> <span class='ocrx_word' id='word_1_504' title='bbox 608 3504 762 3565; x_wconf 58' lang='lat' dir='ltr'><strong>caelis</strong></span> <span class='ocrx_word' id='word_1_505' title='bbox 796 3515 1146 3565; x_wconf 87' lang='lat' dir='ltr'><strong>conversatas</strong></span> <span class='ocrx_word' id='word_1_506' title='bbox 1172 3506 1339 3566; x_wconf 85' lang='lat' dir='ltr'><strong>fuisse</strong></span> <span class='ocrx_word' id='word_1_507' title='bbox 1384 3510 1589 3578; x_wconf 89' lang='lat' dir='ltr'><strong>dicunt,</strong></span> <span class='ocrx_word' id='word_1_508' title='bbox 1613 3526 1779 3581; x_wconf 89' lang='lat' dir='ltr'><strong>quam</strong></span> <span class='ocrx_word' id='word_1_509' title='bbox 1804 3511 1856 3566; x_wconf 90' lang='lat' dir='ltr'><strong>in</strong></span> <span class='ocrx_word' id='word_1_510' title='bbox 1882 3524 2112 3582; x_wconf 85' lang='lat' dir='ltr'><strong>corpora</strong></span> 
     </span>
    </p>
   </div>
   <div class='ocr_carea' id='block_1_58' title="bbox 530 3595 2110 3673">
    <p class='ocr_par' dir='ltr' id='par_1_58' title="bbox 530 3595 2110 3673">
     <span class='ocr_line' id='line_1_58' title="bbox 530 3595 2110 3673; baseline 0.001 -18"><span class='ocrx_word' id='word_1_511' title='bbox 530 3597 893 3656; x_wconf 88' lang='lat' dir='ltr'><strong>mitterentur.</strong></span> <span class='ocrx_word' id='word_1_512' title='bbox 935 3617 956 3653; x_wconf 77' lang='grc' dir='ltr'><strong>ι</strong></span> <span class='ocrx_word' id='word_1_513' title='bbox 992 3595 1049 3655; x_wconf 87' lang='lat' dir='ltr'><strong>Si</strong></span> <span class='ocrx_word' id='word_1_514' title='bbox 1077 3607 1256 3658; x_wconf 87' lang='lat' dir='ltr'><strong>autem</strong></span> <span class='ocrx_word' id='word_1_515' title='bbox 1299 3602 1577 3673; x_wconf 70' lang='lat' dir='ltr'><strong>quaeritur,</strong></span> <span class='ocrx_word' id='word_1_516' title='bbox 1626 3601 1770 3659; x_wconf 88' lang='lat' dir='ltr'><strong>unde</strong></span> <span class='ocrx_word' id='word_1_517' title='bbox 1822 3602 1896 3657; x_wconf 90' lang='lat' dir='ltr'><strong>sit</strong></span> <span class='ocrx_word' id='word_1_518' title='bbox 1946 3600 2110 3668; x_wconf 83' lang='lat' dir='ltr'><strong>facta,</strong></span> 
     </span>
    </p>
   </div>
   <div class='ocr_carea' id='block_1_59' title="bbox 531 3686 2117 3762">
    <p class='ocr_par' dir='ltr' id='par_1_59' title="bbox 531 3686 2117 3762">
     <span class='ocr_line' id='line_1_59' title="bbox 531 3686 2117 3762; baseline 0.002 -17"><span class='ocrx_word' id='word_1_519' title='bbox 531 3688 619 3746; x_wconf 89' lang='lat' dir='ltr'><strong>vel</strong></span> <span class='ocrx_word' id='word_1_520' title='bbox 650 3687 885 3761; x_wconf 81' lang='lat' dir='ltr'><strong>quando,</strong></span> <span class='ocrx_word' id='word_1_521' title='bbox 917 3689 1004 3748; x_wconf 85' lang='lat' dir='ltr'><strong>vel</strong></span> <span class='ocrx_word' id='word_1_522' title='bbox 1046 3692 1337 3762; x_wconf 88' lang='lat' dir='ltr'><strong>quomodo,</strong></span> <span class='ocrx_word' id='word_1_523' title='bbox 1384 3686 1605 3750; x_wconf 85' lang='lat' dir='ltr'><strong>nescire</strong></span> <span class='ocrx_word' id='word_1_524' title='bbox 1643 3707 1732 3748; x_wconf 90' lang='lat' dir='ltr'><strong>me</strong></span> <span class='ocrx_word' id='word_1_525' title='bbox 1761 3691 1953 3749; x_wconf 88' lang='lat' dir='ltr'><strong>fateor.</strong></span> <span class='ocrx_word' id='word_1_526' title='bbox 2003 3690 2117 3748; x_wconf 79' lang='lat' dir='ltr'><strong>Nec</strong></span> 
     </span>
    </p>
   </div>
   <div class='ocr_carea' id='block_1_60' title="bbox 533 3782 2115 3857">
    <p class='ocr_par' dir='ltr' id='par_1_60' title="bbox 533 3782 2115 3857">
     <span class='ocr_line' id='line_1_60' title="bbox 533 3782 2115 3857; baseline 0.001 -18"><span class='ocrx_word' id='word_1_527' title='bbox 533 3792 717 3839; x_wconf 87' lang='lat' dir='ltr'><strong>tamen</strong></span> <span class='ocrx_word' id='word_1_528' title='bbox 747 3782 815 3840; x_wconf 89' lang='lat' dir='ltr'><strong>de</strong></span> <span class='ocrx_word' id='word_1_529' title='bbox 840 3792 1091 3841; x_wconf 87' lang='lat' dir='ltr'><strong>creatura</strong></span> <span class='ocrx_word' id='word_1_530' title='bbox 1137 3783 1318 3856; x_wconf 84' lang='lat' dir='ltr'><strong>aliqua</strong></span> <span class='ocrx_word' id='word_1_531' title='bbox 1354 3784 1555 3842; x_wconf 81' lang='lat' dir='ltr'><strong>factam</strong></span> <span class='ocrx_word' id='word_1_532' title='bbox 1582 3800 1702 3842; x_wconf 89' lang='lat' dir='ltr'><strong>esse</strong></span> <span class='ocrx_word' id='word_1_533' title='bbox 1721 3786 1866 3857; x_wconf 77' lang='lat' dir='ltr'><strong>dico,</strong></span> <span class='ocrx_word' id='word_1_534' title='bbox 1890 3800 1962 3842; x_wconf 90' lang='lat' dir='ltr'><strong>ne</strong></span> <span class='ocrx_word' id='word_1_535' title='bbox 1992 3800 2115 3842; x_wconf 88' lang='lat' dir='ltr'><strong>eam</strong></span> 
     </span>
    </p>
   </div>
   <div class='ocr_carea' id='block_1_61' title="bbox 536 3870 2120 3948">
    <p class='ocr_par' dir='ltr' id='par_1_61' title="bbox 536 3870 2120 3948">
     <span class='ocr_line' id='line_1_61' title="bbox 536 3870 2120 3948; baseline 0 -15"><span class='ocrx_word' id='word_1_536' title='bbox 536 3873 776 3933; x_wconf 72' lang='lat' dir='ltr'><strong>viliorem</strong></span> <span class='ocrx_word' id='word_1_537' title='bbox 788 3874 986 3932; x_wconf 88' lang='lat' dir='ltr'><strong>faciam</strong></span> <span class='ocrx_word' id='word_1_538' title='bbox 1000 3876 1211 3935; x_wconf 69' lang='lat' dir='ltr'><strong>caeteris</strong></span> <span class='ocrx_word' id='word_1_539' title='bbox 1229 3875 1516 3942; x_wconf 88' lang='lat' dir='ltr'><strong>creaturis,</strong></span> <span class='ocrx_word' id='word_1_540' title='bbox 1530 3870 1967 3948; x_wconf 28' lang='lat' dir='ltr'><strong>quibns‘domina</strong></span> <span class='ocrx_word' id='word_1_541' title='bbox 1987 3892 2120 3935; x_wconf 82' lang='lat' dir='ltr'><strong>con-</strong></span> 
     </span>
    </p>
   </div>
   <div class='ocr_carea' id='block_1_62' title="bbox 533 3964 2117 4042">
    <p class='ocr_par' dir='ltr' id='par_1_62' title="bbox 533 3964 2117 4042">
     <span class='ocr_line' id='line_1_62' title="bbox 533 3964 2117 4042; baseline 0.001 -17"><span class='ocrx_word' id='word_1_542' title='bbox 533 3964 725 4025; x_wconf 85' lang='lat' dir='ltr'><strong>stituta</strong></span> <span class='ocrx_word' id='word_1_543' title='bbox 747 3972 852 4032; x_wconf 88' lang='lat' dir='ltr'><strong>est,</strong></span> <span class='ocrx_word' id='word_1_544' title='bbox 893 3965 989 4023; x_wconf 87' lang='lat' dir='ltr'><strong>sed</strong></span> <span class='ocrx_word' id='word_1_545' title='bbox 1014 3980 1211 4039; x_wconf 90' lang='lat' dir='ltr'><strong>corpus</strong></span> <span class='ocrx_word' id='word_1_546' title='bbox 1233 3974 1443 4023; x_wconf 89' lang='lat' dir='ltr'><strong>tantum</strong></span> <span class='ocrx_word' id='word_1_547' title='bbox 1484 3981 1583 4039; x_wconf 89' lang='lat' dir='ltr'><strong>per</strong></span> <span class='ocrx_word' id='word_1_548' title='bbox 1607 3969 1839 4041; x_wconf 87' lang='lat' dir='ltr'><strong>conjugii</strong></span> <span class='ocrx_word' id='word_1_549' title='bbox 1867 3968 2117 4042; x_wconf 88' lang='lat' dir='ltr'><strong>copulam</strong></span> 
     </span>
    </p>
   </div>
   <div class='ocr_carea' id='block_1_63' title="bbox 532 4054 2120 4117">
    <p class='ocr_par' dir='ltr' id='par_1_63' title="bbox 532 4054 2120 4117">
     <span class='ocr_line' id='line_1_63' title="bbox 532 4054 2120 4117; baseline -0.002 0"><span class='ocrx_word' id='word_1_550' title='bbox 532 4055 792 4117; x_wconf 77' lang='lat' dir='ltr'><strong>seminari</strong></span> <span class='ocrx_word' id='word_1_551' title='bbox 819 4054 1009 4114; x_wconf 78' lang='lat' dir='ltr'><strong>fateor.</strong></span> <span class='ocrx_word' id='word_1_552' title='bbox 1033 4056 1376 4115; x_wconf 85' lang='lat' dir='ltr'><strong>Creationem</strong></span> <span class='ocrx_word' id='word_1_553' title='bbox 1395 4075 1527 4115; x_wconf 85' lang='lat' dir='ltr'><strong>vero</strong></span> <span class='ocrx_word' id='word_1_554' title='bbox 1546 4060 1740 4117; x_wconf 65' lang='lat' dir='ltr'><strong>animae</strong></span> <span class='ocrx_word' id='word_1_555' title='bbox 1759 4059 1934 4117; x_wconf 89' lang='lat' dir='ltr'><strong>solum</strong></span> <span class='ocrx_word' id='word_1_556' title='bbox 1957 4059 2120 4117; x_wconf 81' lang='lat' dir='ltr'><strong>Crea-</strong></span> 
     </span>
    </p>
   </div>
   <div class='ocr_carea' id='block_1_64' title="bbox 536 4147 2114 4221">
    <p class='ocr_par' dir='ltr' id='par_1_64' title="bbox 536 4147 2114 4221">
     <span class='ocr_line' id='line_1_64' title="bbox 536 4147 2114 4221; baseline -0.001 -14"><span class='ocrx_word' id='word_1_557' title='bbox 536 4154 712 4207; x_wconf 86' lang='lat' dir='ltr'><strong>torem</strong></span> <span class='ocrx_word' id='word_1_558' title='bbox 735 4148 994 4216; x_wconf 89' lang='lat' dir='ltr'><strong>omnium,</strong></span> <span class='ocrx_word' id='word_1_559' title='bbox 1025 4148 1120 4221; x_wconf 87' lang='lat' dir='ltr'><strong>qui</strong></span> <span class='ocrx_word' id='word_1_560' title='bbox 1149 4147 1322 4206; x_wconf 86' lang='lat' dir='ltr'><strong>factor</strong></span> <span class='ocrx_word' id='word_1_561' title='bbox 1345 4149 1463 4220; x_wconf 89' lang='lat' dir='ltr'><strong>ejus</strong></span> <span class='ocrx_word' id='word_1_562' title='bbox 1488 4160 1545 4207; x_wconf 94' lang='lat' dir='ltr'><strong>et</strong></span> <span class='ocrx_word' id='word_1_563' title='bbox 1592 4153 1752 4208; x_wconf 86' lang='lat' dir='ltr'><strong>dator</strong></span> <span class='ocrx_word' id='word_1_564' title='bbox 1779 4160 1886 4220; x_wconf 83' lang='lat' dir='ltr'><strong>est,</strong></span> <span class='ocrx_word' id='word_1_565' title='bbox 1933 4166 2114 4210; x_wconf 85' lang='lat' dir='ltr'><strong>nosse.</strong></span> 
     </span>
    </p>
   </div>
   <div class='ocr_carea' id='block_1_65' title="bbox 540 4238 2118 4316">
    <p class='ocr_par' dir='ltr' id='par_1_65' title="bbox 540 4238 2118 4316">
     <span class='ocr_line' id='line_1_65' title="bbox 540 4238 2118 4316; baseline 0.001 -18"><span class='ocrx_word' id='word_1_566' title='bbox 540 4238 706 4312; x_wconf 82' lang='lat' dir='ltr'><strong>Cujus</strong></span> <span class='ocrx_word' id='word_1_567' title='bbox 734 4241 989 4312; x_wconf 66' lang='lat' dir='ltr'><strong>potentiae</strong></span> <span class='ocrx_word' id='word_1_568' title='bbox 1020 4256 1129 4297; x_wconf 88' lang='lat' dir='ltr'><strong>non</strong></span> <span class='ocrx_word' id='word_1_569' title='bbox 1160 4243 1470 4299; x_wconf 81' lang='lat' dir='ltr'><strong>necessaria</strong></span> <span class='ocrx_word' id='word_1_570' title='bbox 1512 4252 1599 4300; x_wconf 88' lang='lat' dir='ltr'><strong>est</strong></span> <span class='ocrx_word' id='word_1_571' title='bbox 1624 4243 1877 4311; x_wconf 87' lang='lat' dir='ltr'><strong>materia,</strong></span> <span class='ocrx_word' id='word_1_572' title='bbox 1897 4259 1964 4301; x_wconf 84' lang='lat' dir='ltr'><strong>ex</strong></span> <span class='ocrx_word' id='word_1_573' title='bbox 1990 4260 2118 4316; x_wconf 83' lang='lat' dir='ltr'><strong>qua,</strong></span> 
     </span>
    </p>
   </div>
   <div class='ocr_carea' id='block_1_66' title="bbox 2211 3317 3791 3393">
    <p class='ocr_par' dir='ltr' id='par_1_66' title="bbox 2211 3317 3791 3393">
     <span class='ocr_line' id='line_1_66' title="bbox 2211 3317 3791 3393; baseline 0.003 -20"><span class='ocrx_word' id='word_1_574' title='bbox 2211 3317 2308 3385; x_wconf 88' lang='lat' dir='ltr'><strong>ris,</strong></span> <span class='ocrx_word' id='word_1_575' title='bbox 2336 3333 2458 3391; x_wconf 73' lang='lat' dir='ltr'><strong>quae</strong></span> <span class='ocrx_word' id='word_1_576' title='bbox 2482 3335 2639 3391; x_wconf 80' lang='lat' dir='ltr'><strong>pmna</strong></span> <span class='ocrx_word' id='word_1_577' title='bbox 2663 3320 2871 3391; x_wconf 89' lang='lat' dir='ltr'><strong>peccati</strong></span> <span class='ocrx_word' id='word_1_578' title='bbox 2894 3329 2999 3387; x_wconf 84' lang='lat' dir='ltr'><strong>est,</strong></span> <span class='ocrx_word' id='word_1_579' title='bbox 3021 3322 3115 3379; x_wconf 89' lang='lat' dir='ltr'><strong>sed</strong></span> <span class='ocrx_word' id='word_1_580' title='bbox 3136 3320 3301 3379; x_wconf 78' lang='lat' dir='ltr'><strong>etiam</strong></span> <span class='ocrx_word' id='word_1_581' title='bbox 3320 3329 3627 3391; x_wconf 88' lang='lat' dir='ltr'><strong>peccatum,</strong></span> <span class='ocrx_word' id='word_1_582' title='bbox 3647 3318 3791 3393; x_wconf 85' lang='lat' dir='ltr'><strong>quod</strong></span> 
     </span>
    </p>
   </div>
   <div class='ocr_carea' id='block_1_67' title="bbox 2211 3411 3799 3484">
    <p class='ocr_par' dir='ltr' id='par_1_67' title="bbox 2211 3411 3799 3484">
     <span class='ocr_line' id='line_1_67' title="bbox 2211 3411 3799 3484; baseline 0.001 -18"><span class='ocrx_word' id='word_1_583' title='bbox 2211 3416 2297 3466; x_wconf 86' lang='lat' dir='ltr'><strong>est</strong></span> <span class='ocrx_word' id='word_1_584' title='bbox 2320 3425 2465 3465; x_wconf 86' lang='lat' dir='ltr'><strong>mors</strong></span> <span class='ocrx_word' id='word_1_585' title='bbox 2495 3411 2708 3478; x_wconf 82' lang='lat' dir='ltr'><strong>animae,</strong></span> <span class='ocrx_word' id='word_1_586' title='bbox 2733 3424 2834 3484; x_wconf 87' lang='lat' dir='ltr'><strong>per</strong></span> <span class='ocrx_word' id='word_1_587' title='bbox 2859 3426 3025 3467; x_wconf 88' lang='lat' dir='ltr'><strong>unum</strong></span> <span class='ocrx_word' id='word_1_588' title='bbox 3052 3411 3325 3468; x_wconf 82' lang='lat' dir='ltr'><strong>hominem</strong></span> <span class='ocrx_word' id='word_1_589' title='bbox 3365 3412 3419 3467; x_wconf 91' lang='lat' dir='ltr'><strong>in</strong></span> <span class='ocrx_word' id='word_1_590' title='bbox 3445 3426 3604 3467; x_wconf 89' lang='lat' dir='ltr'><strong>omne</strong></span> <span class='ocrx_word' id='word_1_591' title='bbox 3623 3425 3799 3482; x_wconf 85' lang='lat' dir='ltr'><strong>genus</strong></span> 
     </span>
    </p>
   </div>
   <div class='ocr_carea' id='block_1_68' title="bbox 2212 3499 3798 3577">
    <p class='ocr_par' dir='ltr' id='par_1_68' title="bbox 2212 3499 3798 3577">
     <span class='ocr_line' id='line_1_68' title="bbox 2212 3499 3798 3577; baseline 0.004 -21"><span class='ocrx_word' id='word_1_592' title='bbox 2212 3499 2510 3559; x_wconf 86' lang='lat' dir='ltr'><strong>humanum</strong></span> <span class='ocrx_word' id='word_1_593' title='bbox 2535 3505 2796 3562; x_wconf 79' lang='lat' dir='ltr'><strong>transisse</strong></span> <span class='ocrx_word' id='word_1_594' title='bbox 2812 3504 2980 3562; x_wconf 84' lang='lat' dir='ltr'><strong>credo</strong></span> <span class='ocrx_word' id='word_1_595' title='bbox 3006 3511 3061 3559; x_wconf 90' lang='lat' dir='ltr'><strong>et</strong></span> <span class='ocrx_word' id='word_1_596' title='bbox 3101 3503 3299 3572; x_wconf 84' lang='lat' dir='ltr'><strong>fateor,</strong></span> <span class='ocrx_word' id='word_1_597' title='bbox 3328 3505 3472 3562; x_wconf 84' lang='lat' dir='ltr'><strong>sicut</strong></span> <span class='ocrx_word' id='word_1_598' title='bbox 3495 3503 3627 3561; x_wconf 88' lang='lat' dir='ltr'><strong>dicit</strong></span> <span class='ocrx_word' id='word_1_599' title='bbox 3651 3502 3798 3577; x_wconf 78' lang='lat' dir='ltr'><strong>Apo-</strong></span> 
     </span>
    </p>
   </div>
   <div class='ocr_carea' id='block_1_69' title="bbox 2213 3594 3800 3668">
    <p class='ocr_par' dir='ltr' id='par_1_69' title="bbox 2213 3594 3800 3668">
     <span class='ocr_line' id='line_1_69' title="bbox 2213 3594 3800 3668; baseline 0.002 -19"><span class='ocrx_word' id='word_1_600' title='bbox 2213 3594 2385 3652; x_wconf 86' lang='lat' dir='ltr'><strong>stolus</strong></span> <span class='ocrx_word' id='word_1_601' title='bbox 2425 3614 2439 3650; x_wconf 91' lang='lat'><strong>:</strong></span> <span class='ocrx_word' id='word_1_602' title='bbox 2483 3594 2591 3651; x_wconf 76' lang='lat' dir='ltr'><strong>Per</strong></span> <span class='ocrx_word' id='word_1_603' title='bbox 2634 3612 2797 3655; x_wconf 71' lang='lat' dir='ltr'><strong>unum</strong></span> <span class='ocrx_word' id='word_1_604' title='bbox 2848 3596 3109 3653; x_wconf 74' lang='lat' dir='ltr'><strong>hominem</strong></span> <span class='ocrx_word' id='word_1_605' title='bbox 3157 3607 3431 3668; x_wconf 73' lang='lat' dir='ltr'><strong>peccatum</strong></span> <span class='ocrx_word' id='word_1_606' title='bbox 3482 3598 3695 3654; x_wconf 77' lang='lat' dir='ltr'><strong>intravit</strong></span> <span class='ocrx_word' id='word_1_607' title='bbox 3739 3598 3800 3652; x_wconf 68' lang='lat' dir='ltr'><strong>in</strong></span> 
     </span>
    </p>
   </div>
   <div class='ocr_carea' id='block_1_70' title="bbox 2215 3689 3808 3763">
    <p class='ocr_par' dir='ltr' id='par_1_70' title="bbox 2215 3689 3808 3763">
     <span class='ocr_line' id='line_1_70' title="bbox 2215 3689 3808 3763; baseline -0.003 -20"><span class='ocrx_word' id='word_1_608' title='bbox 2215 3690 2491 3757; x_wconf 83' lang='lat' dir='ltr'><strong>mundum,</strong></span> <span class='ocrx_word' id='word_1_609' title='bbox 2525 3700 2571 3746; x_wconf 83' lang='lat' dir='ltr'><strong>et</strong></span> <span class='ocrx_word' id='word_1_610' title='bbox 2596 3706 2689 3762; x_wconf 84' lang='lat' dir='ltr'><strong>per</strong></span> <span class='ocrx_word' id='word_1_611' title='bbox 2714 3698 2983 3763; x_wconf 79' lang='lat' dir='ltr'><strong>peccatum</strong></span> <span class='ocrx_word' id='word_1_612' title='bbox 3006 3704 3146 3746; x_wconf 75' lang='lat' dir='ltr'><strong>mors</strong></span> <span class='ocrx_word' id='word_1_613' title='bbox 3175 3702 3193 3743; x_wconf 90' lang='lat'><strong><em>:</em></strong></span> <span class='ocrx_word' id='word_1_614' title='bbox 3221 3700 3271 3745; x_wconf 82' lang='lat' dir='ltr'><strong>et</strong></span> <span class='ocrx_word' id='word_1_615' title='bbox 3296 3690 3373 3745; x_wconf 88' lang='lat' dir='ltr'><strong>ita</strong></span> <span class='ocrx_word' id='word_1_616' title='bbox 3399 3690 3455 3746; x_wconf 73' lang='lat' dir='ltr'><strong>in</strong></span> <span class='ocrx_word' id='word_1_617' title='bbox 3480 3705 3656 3747; x_wconf 66' lang='lat' dir='ltr'><strong>omnes</strong></span> <span class='ocrx_word' id='word_1_618' title='bbox 3701 3689 3808 3745; x_wconf 79' lang='lat' dir='ltr'><strong>Ito-</strong></span> 
     </span>
    </p>
   </div>
   <div class='ocr_carea' id='block_1_71' title="bbox 2214 3782 3801 3856">
    <p class='ocr_par' dir='ltr' id='par_1_71' title="bbox 2214 3782 3801 3856">
     <span class='ocr_line' id='line_1_71' title="bbox 2214 3782 3801 3856; baseline -0.001 -18"><span class='ocrx_word' id='word_1_619' title='bbox 2214 3784 2381 3838; x_wconf 82' lang='lat' dir='ltr'><strong>mines</strong></span> <span class='ocrx_word' id='word_1_620' title='bbox 2407 3784 2728 3853; x_wconf 73' lang='lat' dir='ltr'><strong>pertransiit,</strong></span> <span class='ocrx_word' id='word_1_621' title='bbox 2758 3783 2815 3838; x_wconf 82' lang='lat' dir='ltr'><strong>in</strong></span> <span class='ocrx_word' id='word_1_622' title='bbox 2844 3798 2949 3856; x_wconf 82' lang='lat' dir='ltr'><strong>quo</strong></span> <span class='ocrx_word' id='word_1_623' title='bbox 2993 3798 3170 3838; x_wconf 83' lang='lat' dir='ltr'><strong>omnes</strong></span> <span class='ocrx_word' id='word_1_624' title='bbox 3198 3782 3435 3838; x_wconf 79' lang='lat' dir='ltr'><strong>homines</strong></span> <span class='ocrx_word' id='word_1_625' title='bbox 3463 3795 3801 3855; x_wconf 75' lang='lat' dir='ltr'><strong>peccarerutu</strong></span> 
     </span>
    </p>
   </div>
   <div class='ocr_carea' id='block_1_72' title="bbox 2217 3871 3799 3948">
    <p class='ocr_par' dir='ltr' id='par_1_72' title="bbox 2217 3871 3799 3948">
     <span class='ocr_line' id='line_1_72' title="bbox 2217 3871 3799 3948; baseline 0.001 -21"><span class='ocrx_word' id='word_1_626' title='bbox 2217 3871 2393 3945; x_wconf 84' lang='lat' dir='ltr'><strong>(Rom.</strong></span> <span class='ocrx_word' id='word_1_627' title='bbox 2431 3889 2485 3941; x_wconf 93' lang='lat' dir='ltr'><strong>v,</strong></span> <span class='ocrx_word' id='word_1_628' title='bbox 2534 3874 2646 3945; x_wconf 65' lang='lat' dir='ltr'><strong>ti).</strong></span> <span class='ocrx_word' id='word_1_629' title='bbox 2684 3872 2912 3945; x_wconf 79' lang='lat' dir='ltr'><strong>Propter</strong></span> <span class='ocrx_word' id='word_1_630' title='bbox 2960 3874 3102 3932; x_wconf 85' lang='lat' dir='ltr'><strong>hanc</strong></span> <span class='ocrx_word' id='word_1_631' title='bbox 3149 3873 3390 3948; x_wconf 88' lang='lat' dir='ltr'><strong>regulam</strong></span> <span class='ocrx_word' id='word_1_632' title='bbox 3442 3873 3588 3940; x_wconf 81' lang='lat' dir='ltr'><strong>fidei,</strong></span> <span class='ocrx_word' id='word_1_633' title='bbox 3630 3873 3799 3930; x_wconf 83' lang='lat' dir='ltr'><strong>etiam</strong></span> 
     </span>
    </p>
   </div>
   <div class='ocr_carea' id='block_1_73' title="bbox 2216 3964 3799 4037">
    <p class='ocr_par' dir='ltr' id='par_1_73' title="bbox 2216 3964 3799 4037">
     <span class='ocr_line' id='line_1_73' title="bbox 2216 3964 3799 4037; baseline 0.002 -19"><span class='ocrx_word' id='word_1_634' title='bbox 2216 3964 2491 4035; x_wconf 88' lang='lat' dir='ltr'><strong>parvulos,</strong></span> <span class='ocrx_word' id='word_1_635' title='bbox 2516 3966 2611 4036; x_wconf 88' lang='lat' dir='ltr'><strong>qui</strong></span> <span class='ocrx_word' id='word_1_636' title='bbox 2640 3964 2774 4022; x_wconf 89' lang='lat' dir='ltr'><strong>nihil</strong></span> <span class='ocrx_word' id='word_1_637' title='bbox 2800 3974 3146 4037; x_wconf 88' lang='lat' dir='ltr'><strong>peccatorum</strong></span> <span class='ocrx_word' id='word_1_638' title='bbox 3176 3966 3230 4021; x_wconf 92' lang='lat' dir='ltr'><strong>in</strong></span> <span class='ocrx_word' id='word_1_639' title='bbox 3259 3980 3318 4022; x_wconf 90' lang='lat' dir='ltr'><strong>se</strong></span> <span class='ocrx_word' id='word_1_640' title='bbox 3344 3964 3686 4021; x_wconf 89' lang='lat' dir='ltr'><strong>committere</strong></span> <span class='ocrx_word' id='word_1_641' title='bbox 3707 3979 3799 4036; x_wconf 86' lang='lat' dir='ltr'><strong>po-</strong></span> 
     </span>
    </p>
   </div>
   <div class='ocr_carea' id='block_1_74' title="bbox 2218 4054 3805 4128">
    <p class='ocr_par' dir='ltr' id='par_1_74' title="bbox 2218 4054 3805 4128">
     <span class='ocr_line' id='line_1_74' title="bbox 2218 4054 3805 4128; baseline 0 -16"><span class='ocrx_word' id='word_1_642' title='bbox 2218 4063 2460 4125; x_wconf 89' lang='lat' dir='ltr'><strong>tuerunt,</strong></span> <span class='ocrx_word' id='word_1_643' title='bbox 2506 4054 2627 4113; x_wconf 90' lang='lat' dir='ltr'><strong>ideo</strong></span> <span class='ocrx_word' id='word_1_644' title='bbox 2658 4054 2925 4128; x_wconf 84' lang='lat' dir='ltr'><strong>baptizari</strong></span> <span class='ocrx_word' id='word_1_645' title='bbox 2956 4057 3011 4113; x_wconf 90' lang='lat' dir='ltr'><strong>in</strong></span> <span class='ocrx_word' id='word_1_646' title='bbox 3042 4057 3418 4115; x_wconf 88' lang='lat' dir='ltr'><strong>remissionem</strong></span> <span class='ocrx_word' id='word_1_647' title='bbox 3456 4064 3805 4128; x_wconf 86' lang='lat' dir='ltr'><strong>peccaturum</strong></span> 
     </span>
    </p>
   </div>
   <div class='ocr_carea' id='block_1_75' title="bbox 2218 4147 3795 4223">
    <p class='ocr_par' dir='ltr' id='par_1_75' title="bbox 2218 4147 3795 4223">
     <span class='ocr_line' id='line_1_75' title="bbox 2218 4147 3795 4223; baseline -0.001 -17"><span class='ocrx_word' id='word_1_648' title='bbox 2218 4161 2341 4206; x_wconf 80' lang='lat' dir='ltr'><strong>eum</strong></span> <span class='ocrx_word' id='word_1_649' title='bbox 2376 4155 2548 4205; x_wconf 92' lang='lat' dir='ltr'><strong>matre</strong></span> <span class='ocrx_word' id='word_1_650' title='bbox 2590 4147 2832 4205; x_wconf 88' lang='lat' dir='ltr'><strong>Ecclesia</strong></span> <span class='ocrx_word' id='word_1_651' title='bbox 2858 4149 3022 4205; x_wconf 89' lang='lat' dir='ltr'><strong>credo</strong></span> <span class='ocrx_word' id='word_1_652' title='bbox 3058 4158 3222 4223; x_wconf 88' lang='lat' dir='ltr'><strong>atque</strong></span> <span class='ocrx_word' id='word_1_653' title='bbox 3248 4150 3530 4221; x_wconf 88' lang='lat' dir='ltr'><strong>perhibeo,</strong></span> <span class='ocrx_word' id='word_1_654' title='bbox 3562 4159 3625 4205; x_wconf 90' lang='lat' dir='ltr'><strong>ut</strong></span> <span class='ocrx_word' id='word_1_655' title='bbox 3654 4164 3795 4221; x_wconf 79' lang='lat' dir='ltr'><strong>rege</strong></span> 
     </span>
    </p>
   </div>
   <div class='ocr_carea' id='block_1_76' title="bbox 2220 4238 3802 4311">
    <p class='ocr_par' dir='ltr' id='par_1_76' title="bbox 2220 4238 3802 4311">
     <span class='ocr_line' id='line_1_76' title="bbox 2220 4238 3802 4311; baseline 0.001 -17"><span class='ocrx_word' id='word_1_656' title='bbox 2220 4240 2500 4295; x_wconf 83' lang='lat' dir='ltr'><strong>ncratione</strong></span> <span class='ocrx_word' id='word_1_657' title='bbox 2548 4240 2857 4306; x_wconf 79' lang='lat' dir='ltr'><strong>mandetur,</strong></span> <span class='ocrx_word' id='word_1_658' title='bbox 2908 4239 3050 4309; x_wconf 87' lang='lat' dir='ltr'><strong>quod</strong></span> <span class='ocrx_word' id='word_1_659' title='bbox 3098 4238 3446 4311; x_wconf 84' lang='lat' dir='ltr'><strong>generatione</strong></span> <span class='ocrx_word' id='word_1_660' title='bbox 3496 4246 3802 4296; x_wconf 79' lang='lat' dir='ltr'><strong>traxerunt.</strong></span> 
     </span>
    </p>
   </div>
   <div class='ocr_carea' id='block_1_77' title="bbox 536 4331 3803 4406">
    <p class='ocr_par' dir='ltr' id='par_1_77' title="bbox 536 4331 3803 4406">
     <span class='ocr_line' id='line_1_77' title="bbox 536 4331 3803 4406; baseline 0.001 -19"><span class='ocrx_word' id='word_1_661' title='bbox 536 4333 683 4403; x_wconf 85' lang='lat' dir='ltr'><strong>quod</strong></span> <span class='ocrx_word' id='word_1_662' title='bbox 728 4331 978 4401; x_wconf 84' lang='lat' dir='ltr'><strong>voluerit,</strong></span> <span class='ocrx_word' id='word_1_663' title='bbox 1028 4344 1303 4405; x_wconf 86' lang='lat' dir='ltr'><strong>operetur,</strong></span> <span class='ocrx_word' id='word_1_664' title='bbox 1343 4334 1438 4391; x_wconf 88' lang='lat' dir='ltr'><strong>sed</strong></span> <span class='ocrx_word' id='word_1_665' title='bbox 1470 4335 1584 4405; x_wconf 90' lang='lat' dir='ltr'><strong>ipsa</strong></span> <span class='ocrx_word' id='word_1_666' title='bbox 1616 4333 1865 4394; x_wconf 84' lang='lat' dir='ltr'><strong>voluntas</strong></span> <span class='ocrx_word' id='word_1_667' title='bbox 1893 4335 2121 4392; x_wconf 89' lang='lat' dir='ltr'><strong>materia</strong></span> <span class='ocrx_word' id='word_1_668' title='bbox 2227 4333 2378 4391; x_wconf 86' lang='lat' dir='ltr'><strong>Unde</strong></span> <span class='ocrx_word' id='word_1_669' title='bbox 2424 4347 2530 4388; x_wconf 89' lang='lat' dir='ltr'><strong>non</strong></span> <span class='ocrx_word' id='word_1_670' title='bbox 2563 4332 2741 4390; x_wconf 83' lang='lat' dir='ltr'><strong>otioso</strong></span> <span class='ocrx_word' id='word_1_671' title='bbox 2787 4332 3160 4406; x_wconf 80' lang='lat' dir='ltr'><strong>contemplari.</strong></span> <span class='ocrx_word' id='word_1_672' title='bbox 3198 4334 3397 4389; x_wconf 88' lang='lat' dir='ltr'><strong>intuitu</strong></span> <span class='ocrx_word' id='word_1_673' title='bbox 3448 4332 3604 4397; x_wconf 87' lang='lat' dir='ltr'><strong>volo,</strong></span> <span class='ocrx_word' id='word_1_674' title='bbox 3664 4332 3803 4404; x_wconf 87' lang='lat' dir='ltr'><strong>quod</strong></span> 
     </span>
    </p>
   </div>
   <div class='ocr_carea' id='block_1_78' title="bbox 535 4422 3807 4497">
    <p class='ocr_par' dir='ltr' id='par_1_78' title="bbox 535 4422 3807 4497">
     <span class='ocr_line' id='line_1_78' title="bbox 535 4422 3807 4497; baseline -0.001 -15"><span class='ocrx_word' id='word_1_675' title='bbox 535 4432 625 4483; x_wconf 82' lang='lat' dir='ltr'><strong>est</strong></span> <span class='ocrx_word' id='word_1_676' title='bbox 664 4438 852 4480; x_wconf 81' lang='lat' dir='ltr'><strong>eorum</strong></span> <span class='ocrx_word' id='word_1_677' title='bbox 884 4438 1005 4496; x_wconf 68' lang='lat' dir='ltr'><strong>qua:</strong></span> <span class='ocrx_word' id='word_1_678' title='bbox 1033 4424 1150 4485; x_wconf 72' lang='lat' dir='ltr'><strong>ﬁeri</strong></span> <span class='ocrx_word' id='word_1_679' title='bbox 1179 4434 1276 4481; x_wconf 87' lang='lat' dir='ltr'><strong>aut</strong></span> <span class='ocrx_word' id='word_1_680' title='bbox 1301 4440 1421 4483; x_wconf 89' lang='lat' dir='ltr'><strong>esse</strong></span> <span class='ocrx_word' id='word_1_681' title='bbox 1443 4425 1799 4489; x_wconf 79' lang='lat' dir='ltr'><strong>mandaverit.</strong></span> <span class='ocrx_word' id='word_1_682' title='bbox 1829 4444 1847 4478; x_wconf 81' lang='grc' dir='ltr'><strong>ι</strong></span> <span class='ocrx_word' id='word_1_683' title='bbox 1884 4437 1908 4467; x_wconf 80' lang='grc' dir='ltr'><strong><em>ο</em></strong></span> <span class='ocrx_word' id='word_1_684' title='bbox 1936 4425 2123 4497; x_wconf 80' lang='lat' dir='ltr'><strong>Neque</strong></span> <span class='ocrx_word' id='word_1_685' title='bbox 2222 4423 2425 4480; x_wconf 84' lang='lat' dir='ltr'><strong>fontem</strong></span> <span class='ocrx_word' id='word_1_686' title='bbox 2453 4423 2579 4480; x_wconf 60' lang='lat' dir='ltr'><strong>vitae</strong></span> <span class='ocrx_word' id='word_1_687' title='bbox 2606 4423 2758 4495; x_wconf 89' lang='lat' dir='ltr'><strong>prius</strong></span> <span class='ocrx_word' id='word_1_688' title='bbox 2783 4436 2890 4480; x_wconf 91' lang='lat' dir='ltr'><strong>non</strong></span> <span class='ocrx_word' id='word_1_689' title='bbox 2920 4423 3122 4481; x_wconf 88' lang='lat' dir='ltr'><strong>adeunt</strong></span> <span class='ocrx_word' id='word_1_690' title='bbox 3149 4422 3483 4494; x_wconf 78' lang='lat' dir='ltr'><strong>baptizandi,</strong></span> <span class='ocrx_word' id='word_1_691' title='bbox 3509 4423 3807 4495; x_wconf 82' lang='lat' dir='ltr'><strong>cujuscun-</strong></span> 
     </span>
    </p>
   </div>
   <div class='ocr_carea' id='block_1_79' title="bbox 538 4512 3797 4591">
    <p class='ocr_par' dir='ltr' id='par_1_79' title="bbox 538 4512 3797 4591">
     <span class='ocr_line' id='line_1_79' title="bbox 538 4512 3797 4591; baseline -0 -19"><span class='ocrx_word' id='word_1_692' title='bbox 538 4516 676 4572; x_wconf 86' lang='lat' dir='ltr'><strong>duas</strong></span> <span class='ocrx_word' id='word_1_693' title='bbox 704 4513 915 4591; x_wconf 84' lang='lat' dir='ltr'><strong>animas</strong></span> <span class='ocrx_word' id='word_1_694' title='bbox 937 4512 995 4573; x_wconf 85' lang='lat' dir='ltr'><strong>in</strong></span> <span class='ocrx_word' id='word_1_695' title='bbox 1036 4529 1147 4570; x_wconf 86' lang='lat' dir='ltr'><strong>uno</strong></span> <span class='ocrx_word' id='word_1_696' title='bbox 1172 4529 1293 4573; x_wconf 88' lang='lat' dir='ltr'><strong>esse</strong></span> <span class='ocrx_word' id='word_1_697' title='bbox 1318 4514 1537 4574; x_wconf 85' lang='lat' dir='ltr'><strong>homine</strong></span> <span class='ocrx_word' id='word_1_698' title='bbox 1562 4513 1748 4583; x_wconf 89' lang='lat' dir='ltr'><strong>credo,</strong></span> <span class='ocrx_word' id='word_1_699' title='bbox 1794 4531 1960 4573; x_wconf 88' lang='lat' dir='ltr'><strong>unam</strong></span> <span class='ocrx_word' id='word_1_700' title='bbox 2003 4518 2123 4575; x_wconf 83' lang='lat' dir='ltr'><strong>ani-</strong></span> <span class='ocrx_word' id='word_1_701' title='bbox 2151 4571 2198 4591; x_wconf 44' lang='lat' dir='ltr'><strong>ﬁ</strong></span> <span class='ocrx_word' id='word_1_702' title='bbox 2223 4530 2329 4588; x_wconf 91' lang='lat' dir='ltr'><strong>que</strong></span> <span class='ocrx_word' id='word_1_703' title='bbox 2369 4516 2479 4571; x_wconf 88' lang='lat' dir='ltr'><strong>sint</strong></span> <span class='ocrx_word' id='word_1_704' title='bbox 2520 4516 2712 4582; x_wconf 69' lang='lat' dir='ltr'><strong>aetatis,</strong></span> <span class='ocrx_word' id='word_1_705' title='bbox 2745 4531 2909 4586; x_wconf 88' lang='lat' dir='ltr'><strong>quam</strong></span> <span class='ocrx_word' id='word_1_706' title='bbox 2944 4517 3285 4584; x_wconf 80' lang='lat' dir='ltr'><strong>exorcismis,</strong></span> <span class='ocrx_word' id='word_1_707' title='bbox 3323 4524 3381 4572; x_wconf 89' lang='lat' dir='ltr'><strong>et</strong></span> <span class='ocrx_word' id='word_1_708' title='bbox 3406 4516 3797 4572; x_wconf 73' lang='lat' dir='ltr'><strong>exsutﬂationi-</strong></span> 
     </span>
    </p>
   </div>
   <div class='ocr_carea' id='block_1_80' title="bbox 540 4608 2115 4682">
    <p class='ocr_par' dir='ltr' id='par_1_80' title="bbox 540 4608 2115 4682">
     <span class='ocr_line' id='line_1_80' title="bbox 540 4608 2115 4682; baseline 0.002 -16"><span class='ocrx_word' id='word_1_709' title='bbox 540 4608 758 4674; x_wconf 85' lang='lat' dir='ltr'><strong>malem,</strong></span> <span class='ocrx_word' id='word_1_710' title='bbox 780 4623 884 4679; x_wconf 89' lang='lat' dir='ltr'><strong>qua</strong></span> <span class='ocrx_word' id='word_1_711' title='bbox 905 4608 1177 4667; x_wconf 89' lang='lat' dir='ltr'><strong>animetur</strong></span> <span class='ocrx_word' id='word_1_712' title='bbox 1194 4624 1410 4680; x_wconf 90' lang='lat' dir='ltr'><strong>corpus,</strong></span> <span class='ocrx_word' id='word_1_713' title='bbox 1435 4617 1492 4666; x_wconf 91' lang='lat' dir='ltr'><strong>et</strong></span> <span class='ocrx_word' id='word_1_714' title='bbox 1514 4609 1740 4665; x_wconf 79' lang='lat' dir='ltr'><strong>alteram</strong></span> <span class='ocrx_word' id='word_1_715' title='bbox 1762 4610 2115 4682; x_wconf 85' lang='lat' dir='ltr'><strong>spiritualem,</strong></span> 
     </span>
    </p>
   </div>
   <div class='ocr_carea' id='block_1_81' title="bbox 538 4697 2119 4777">
    <p class='ocr_par' dir='ltr' id='par_1_81' title="bbox 538 4697 2119 4777">
     <span class='ocr_line' id='line_1_81' title="bbox 538 4697 2119 4777; baseline 0.001 -22"><span class='ocrx_word' id='word_1_716' title='bbox 538 4714 661 4777; x_wconf 66' lang='lat' dir='ltr'><strong>qua:</strong></span> <span class='ocrx_word' id='word_1_717' title='bbox 708 4698 974 4757; x_wconf 87' lang='lat' dir='ltr'><strong>rationem</strong></span> <span class='ocrx_word' id='word_1_718' title='bbox 1015 4698 1304 4765; x_wconf 83' lang='lat' dir='ltr'><strong>ministret,</strong></span> <span class='ocrx_word' id='word_1_719' title='bbox 1351 4699 1492 4756; x_wconf 90' lang='lat' dir='ltr'><strong>sicut</strong></span> <span class='ocrx_word' id='word_1_720' title='bbox 1534 4697 1753 4770; x_wconf 76' lang='lat' dir='ltr'><strong>quidam</strong></span> <span class='ocrx_word' id='word_1_721' title='bbox 1804 4700 2119 4771; x_wconf 88' lang='lat' dir='ltr'><strong>voluerunt;</strong></span> 
     </span>
    </p>
   </div>
   <div class='ocr_carea' id='block_1_82' title="bbox 541 4789 2124 4860">
    <p class='ocr_par' dir='ltr' id='par_1_82' title="bbox 541 4789 2124 4860">
     <span class='ocr_line' id='line_1_82' title="bbox 541 4789 2124 4860; baseline 0.003 -13"><span class='ocrx_word' id='word_1_722' title='bbox 541 4789 638 4847; x_wconf 84' lang='lat' dir='ltr'><strong>sed</strong></span> <span class='ocrx_word' id='word_1_723' title='bbox 664 4804 829 4852; x_wconf 87' lang='lat' dir='ltr'><strong>unam</strong></span> <span class='ocrx_word' id='word_1_724' title='bbox 856 4789 1210 4860; x_wconf 87' lang='lat' dir='ltr'><strong>eamdemque</strong></span> <span class='ocrx_word' id='word_1_725' title='bbox 1233 4790 1471 4846; x_wconf 88' lang='lat' dir='ltr'><strong>animam</strong></span> <span class='ocrx_word' id='word_1_726' title='bbox 1495 4790 1549 4846; x_wconf 91' lang='lat' dir='ltr'><strong>in</strong></span> <span class='ocrx_word' id='word_1_727' title='bbox 1575 4790 1877 4850; x_wconf 84' lang='lat' dir='ltr'><strong>substantia</strong></span> <span class='ocrx_word' id='word_1_728' title='bbox 1890 4791 2124 4851; x_wconf 88' lang='lat' dir='ltr'><strong>hominis</strong></span> 
     </span>
    </p>
   </div>
   <div class='ocr_carea' id='block_1_83' title="bbox 539 4882 2126 4953">
    <p class='ocr_par' dir='ltr' id='par_1_83' title="bbox 539 4882 2126 4953">
     <span class='ocr_line' id='line_1_83' title="bbox 539 4882 2126 4953; baseline -0.001 -11"><span class='ocrx_word' id='word_1_729' title='bbox 539 4895 663 4942; x_wconf 77' lang='lat' dir='ltr'><strong>esse</strong></span> <span class='ocrx_word' id='word_1_730' title='bbox 698 4882 836 4949; x_wconf 88' lang='lat' dir='ltr'><strong>dico,</strong></span> <span class='ocrx_word' id='word_1_731' title='bbox 866 4896 987 4953; x_wconf 61' lang='lat' dir='ltr'><strong>quae</strong></span> <span class='ocrx_word' id='word_1_732' title='bbox 1034 4889 1091 4939; x_wconf 87' lang='lat' dir='ltr'><strong>et</strong></span> <span class='ocrx_word' id='word_1_733' title='bbox 1116 4896 1313 4953; x_wconf 90' lang='lat' dir='ltr'><strong>corpus</strong></span> <span class='ocrx_word' id='word_1_734' title='bbox 1361 4896 1459 4939; x_wconf 85' lang='lat' dir='ltr'><strong>sua</strong></span> <span class='ocrx_word' id='word_1_735' title='bbox 1495 4882 1758 4939; x_wconf 88' lang='lat' dir='ltr'><strong>societate</strong></span> <span class='ocrx_word' id='word_1_736' title='bbox 1802 4884 2041 4942; x_wconf 85' lang='lat' dir='ltr'><strong>viviﬁcct</strong></span> <span class='ocrx_word' id='word_1_737' title='bbox 2068 4895 2126 4942; x_wconf 80' lang='lat' dir='ltr'><strong>et</strong></span> 
     </span>
    </p>
   </div>
   <div class='ocr_carea' id='block_1_84' title="bbox 542 4972 2120 5046">
    <p class='ocr_par' dir='ltr' id='par_1_84' title="bbox 542 4972 2120 5046">
     <span class='ocr_line' id='line_1_84' title="bbox 542 4972 2120 5046; baseline -0.001 -13"><span class='ocrx_word' id='word_1_738' title='bbox 542 4973 890 5045; x_wconf 86' lang='lat' dir='ltr'><strong>semetipsam</strong></span> <span class='ocrx_word' id='word_1_739' title='bbox 915 4988 1013 5031; x_wconf 89' lang='lat' dir='ltr'><strong>sua</strong></span> <span class='ocrx_word' id='word_1_740' title='bbox 1035 4973 1244 5028; x_wconf 89' lang='lat' dir='ltr'><strong>ratione</strong></span> <span class='ocrx_word' id='word_1_741' title='bbox 1270 4973 1542 5045; x_wconf 86' lang='lat' dir='ltr'><strong>disponat.</strong></span> <span class='ocrx_word' id='word_1_742' title='bbox 1588 4993 1607 5026; x_wconf 71' lang='grc' dir='ltr'><strong>ι</strong></span> <span class='ocrx_word' id='word_1_743' title='bbox 1643 4972 1771 5031; x_wconf 74' lang='lat' dir='ltr'><strong>Hzec</strong></span> <span class='ocrx_word' id='word_1_744' title='bbox 1794 4986 1852 5030; x_wconf 90' lang='lat' dir='ltr'><strong>et</strong></span> <span class='ocrx_word' id='word_1_745' title='bbox 1877 4977 2120 5046; x_wconf 83' lang='lat' dir='ltr'><strong>spiritus,</strong></span> 
     </span>
    </p>
   </div>
   <div class='ocr_carea' id='block_1_85' title="bbox 504 5063 2122 5132">
    <p class='ocr_par' dir='ltr' id='par_1_85' title="bbox 504 5063 2122 5132">
     <span class='ocr_line' id='line_1_85' title="bbox 504 5063 2122 5132; baseline 0.002 -13"><span class='ocrx_word' id='word_1_746' title='bbox 504 5117 506 5119; x_wconf 74' lang='lat'><strong>.</strong></span> <span class='ocrx_word' id='word_1_747' title='bbox 541 5073 599 5119; x_wconf 93' lang='lat' dir='ltr'><strong>ct</strong></span> <span class='ocrx_word' id='word_1_748' title='bbox 622 5064 854 5129; x_wconf 88' lang='lat' dir='ltr'><strong>animus,</strong></span> <span class='ocrx_word' id='word_1_749' title='bbox 876 5072 933 5118; x_wconf 90' lang='lat' dir='ltr'><strong>et</strong></span> <span class='ocrx_word' id='word_1_750' title='bbox 954 5078 1126 5129; x_wconf 88' lang='lat' dir='ltr'><strong>mens,</strong></span> <span class='ocrx_word' id='word_1_751' title='bbox 1151 5072 1206 5121; x_wconf 92' lang='lat' dir='ltr'><strong>et</strong></span> <span class='ocrx_word' id='word_1_752' title='bbox 1223 5064 1383 5132; x_wconf 90' lang='lat' dir='ltr'><strong>ratio,</strong></span> <span class='ocrx_word' id='word_1_753' title='bbox 1413 5071 1470 5120; x_wconf 89' lang='lat' dir='ltr'><strong>et</strong></span> <span class='ocrx_word' id='word_1_754' title='bbox 1494 5063 1816 5131; x_wconf 88' lang='lat' dir='ltr'><strong>intellectus,</strong></span> <span class='ocrx_word' id='word_1_755' title='bbox 1838 5074 1893 5122; x_wconf 90' lang='lat' dir='ltr'><strong>et</strong></span> <span class='ocrx_word' id='word_1_756' title='bbox 1917 5080 2122 5123; x_wconf 90' lang='lat' dir='ltr'><strong>memo-</strong></span> 
     </span>
    </p>
   </div>
   <div class='ocr_carea' id='block_1_86' title="bbox 546 5152 2122 5230">
    <p class='ocr_par' dir='ltr' id='par_1_86' title="bbox 546 5152 2122 5230">
     <span class='ocr_line' id='line_1_86' title="bbox 546 5152 2122 5230; baseline 0.004 -22"><span class='ocrx_word' id='word_1_757' title='bbox 546 5154 715 5220; x_wconf 83' lang='lat' dir='ltr'><strong>ria,et</strong></span> <span class='ocrx_word' id='word_1_758' title='bbox 738 5169 949 5219; x_wconf 86' lang='lat' dir='ltr'><strong>sensus,</strong></span> <span class='ocrx_word' id='word_1_759' title='bbox 968 5168 1090 5213; x_wconf 88' lang='lat' dir='ltr'><strong>cum</strong></span> <span class='ocrx_word' id='word_1_760' title='bbox 1113 5164 1295 5215; x_wconf 80' lang='lat' dir='ltr'><strong>tamen</strong></span> <span class='ocrx_word' id='word_1_761' title='bbox 1317 5170 1425 5211; x_wconf 84' lang='lat' dir='ltr'><strong>una</strong></span> <span class='ocrx_word' id='word_1_762' title='bbox 1450 5152 1543 5221; x_wconf 89' lang='lat' dir='ltr'><strong>sit,</strong></span> <span class='ocrx_word' id='word_1_763' title='bbox 1562 5155 1778 5212; x_wconf 87' lang='lat' dir='ltr'><strong>dicitur.</strong></span> <span class='ocrx_word' id='word_1_764' title='bbox 1804 5156 2122 5230; x_wconf 87' lang='lat' dir='ltr'><strong>Quanquam</strong></span> 
     </span>
    </p>
   </div>
   <div class='ocr_carea' id='block_1_87' title="bbox 546 5243 2125 5321">
    <p class='ocr_par' dir='ltr' id='par_1_87' title="bbox 546 5243 2125 5321">
     <span class='ocr_line' id='line_1_87' title="bbox 546 5243 2125 5321; baseline 0.006 -23"><span class='ocrx_word' id='word_1_765' title='bbox 546 5243 772 5315; x_wconf 56' lang='lat' dir='ltr'><strong>quastio</strong></span> <span class='ocrx_word' id='word_1_766' title='bbox 826 5258 989 5318; x_wconf 88' lang='lat' dir='ltr'><strong>super</strong></span> <span class='ocrx_word' id='word_1_767' title='bbox 1050 5244 1246 5305; x_wconf 73' lang='lat' dir='ltr'><strong>animae</strong></span> <span class='ocrx_word' id='word_1_768' title='bbox 1298 5245 1507 5318; x_wconf 74' lang='lat' dir='ltr'><strong>origine</strong></span> <span class='ocrx_word' id='word_1_769' title='bbox 1550 5245 1711 5307; x_wconf 87' lang='lat' dir='ltr'><strong>nimis</strong></span> <span class='ocrx_word' id='word_1_770' title='bbox 1756 5249 1826 5304; x_wconf 90' lang='lat' dir='ltr'><strong>sit</strong></span> <span class='ocrx_word' id='word_1_771' title='bbox 1868 5249 2125 5321; x_wconf 87' lang='lat' dir='ltr'><strong>perplexa</strong></span> 
     </span>
    </p>
   </div>
   <div class='ocr_carea' id='block_1_88' title="bbox 619 5396 2126 5467">
    <p class='ocr_par' dir='ltr' id='par_1_88' title="bbox 619 5396 2126 5467">
     <span class='ocr_line' id='line_1_88' title="bbox 619 5396 2126 5467; baseline 0.004 -14"><span class='ocrx_word' id='word_1_772' title='bbox 619 5410 646 5439; x_wconf 78' lang='grc' dir='ltr'><strong>ι</strong></span> <span class='ocrx_word' id='word_1_773' title='bbox 681 5396 923 5467; x_wconf 84' lang='lat' dir='ltr'><strong>Gennad.</strong></span> <span class='ocrx_word' id='word_1_774' title='bbox 961 5396 1115 5462; x_wconf 89' lang='lat' dir='ltr'><strong>ibid.,</strong></span> <span class='ocrx_word' id='word_1_775' title='bbox 1148 5413 1264 5467; x_wconf 86' lang='lat' dir='ltr'><strong>cap.</strong></span> <span class='ocrx_word' id='word_1_776' title='bbox 1294 5398 1328 5453; x_wconf 87' lang='grc'>8</span> <span class='ocrx_word' id='word_1_777' title='bbox 1365 5416 1376 5451; x_wconf 88' lang='lat'><strong>:</strong></span> <span class='ocrx_word' id='word_1_778' title='bbox 1422 5416 1440 5447; x_wconf 76' lang='grc' dir='ltr'><strong>ι</strong></span> <span class='ocrx_word' id='word_1_779' title='bbox 1483 5398 1635 5465; x_wconf 82' lang='lat' dir='ltr'><strong>Quod</strong></span> <span class='ocrx_word' id='word_1_780' title='bbox 1659 5409 1898 5455; x_wconf 83' lang='lat' dir='ltr'><strong>autem..</strong></span> <span class='ocrx_word' id='word_1_781' title='bbox 1928 5440 1943 5455; x_wconf 95' lang='lat'><strong>.</strong></span> <span class='ocrx_word' id='word_1_782' title='bbox 1968 5442 1980 5456; x_wconf 95' lang='lat'><strong>.</strong></span> <span class='ocrx_word' id='word_1_783' title='bbox 2020 5419 2126 5460; x_wconf 92' lang='lat' dir='ltr'><strong>non</strong></span> 
     </span>
    </p>
   </div>
   <div class='ocr_carea' id='block_1_89' title="bbox 547 5466 2127 5539">
    <p class='ocr_par' dir='ltr' id='par_1_89' title="bbox 547 5466 2127 5539">
     <span class='ocr_line' id='line_1_89' title="bbox 547 5466 2127 5539; baseline 0.004 -15"><span class='ocrx_word' id='word_1_784' title='bbox 547 5467 721 5524; x_wconf 78' lang='lat' dir='ltr'><strong>solum</strong></span> <span class='ocrx_word' id='word_1_785' title='bbox 744 5466 925 5539; x_wconf 72' lang='lat' dir='ltr'><strong>iustos</strong></span> <span class='ocrx_word' id='word_1_786' title='bbox 945 5476 1006 5539; x_wconf 82' lang='lat' dir='ltr'><strong>et</strong></span> <span class='ocrx_word' id='word_1_787' title='bbox 1025 5466 1337 5536; x_wconf 86' lang='lat' dir='ltr'><strong>peccatores</strong></span> <span class='ocrx_word' id='word_1_788' title='bbox 1362 5466 1677 5539; x_wconf 84' lang='lat' dir='ltr'><strong>significarl,</strong></span> <span class='ocrx_word' id='word_1_789' title='bbox 1705 5472 1848 5526; x_wconf 89' lang='lat' dir='ltr'><strong>sicut</strong></span> <span class='ocrx_word' id='word_1_790' title='bbox 1864 5472 2127 5530; x_wconf 85' lang='lat' dir='ltr'><strong>Diodorus</strong></span> 
     </span>
    </p>
   </div>
   <div class='ocr_carea' id='block_1_90' title="bbox 550 5537 2128 5620">
    <p class='ocr_par' dir='ltr' id='par_1_90' title="bbox 550 5537 2128 5620">
     <span class='ocr_line' id='line_1_90' title="bbox 550 5537 2128 5620; baseline 0.004 -28"><span class='ocrx_word' id='word_1_791' title='bbox 550 5546 723 5620; x_wconf 74' lang='lat' dir='ltr'><strong>putat,</strong></span> <span class='ocrx_word' id='word_1_792' title='bbox 751 5537 848 5593; x_wconf 85' lang='lat' dir='ltr'><strong>sed</strong></span> <span class='ocrx_word' id='word_1_793' title='bbox 880 5537 1110 5620; x_wconf 43' lang='lat' dir='ltr'><strong>arrives</strong></span> <span class='ocrx_word' id='word_1_794' title='bbox 1134 5553 1248 5602; x_wconf 87' lang='lat' dir='ltr'><strong>eos,</strong></span> <span class='ocrx_word' id='word_1_795' title='bbox 1277 5539 1369 5620; x_wconf 84' lang='lat' dir='ltr'><strong>qui</strong></span> <span class='ocrx_word' id='word_1_796' title='bbox 1396 5537 1452 5620; x_wconf 66' lang='lat' dir='ltr'><strong>in</strong></span> <span class='ocrx_word' id='word_1_797' title='bbox 1485 5556 1650 5620; x_wconf 73' lang='lat' dir='ltr'><strong>carne</strong></span> <span class='ocrx_word' id='word_1_798' title='bbox 1670 5542 1975 5620; x_wconf 81' lang='lat' dir='ltr'><strong>inveniendi</strong></span> <span class='ocrx_word' id='word_1_799' title='bbox 2002 5555 2128 5600; x_wconf 87' lang='lat' dir='ltr'><strong>sunt</strong></span> 
     </span>
    </p>
   </div>
   <div class='ocr_carea' id='block_1_91' title="bbox 549 5607 2128 5679">
    <p class='ocr_par' dir='ltr' id='par_1_91' title="bbox 549 5607 2128 5679">
     <span class='ocr_line' id='line_1_91' title="bbox 549 5607 2128 5679; baseline 0.008 -18"><span class='ocrx_word' id='word_1_800' title='bbox 549 5607 840 5679; x_wconf 66' lang='lat' dir='ltr'><strong>credimus,</strong></span> <span class='ocrx_word' id='word_1_801' title='bbox 867 5607 958 5679; x_wconf 90' lang='lat' dir='ltr'><strong>qui</strong></span> <span class='ocrx_word' id='word_1_802' title='bbox 983 5607 1431 5679; x_wconf 78' lang='lat' dir='ltr'><strong>adbucmorituri</strong></span> <span class='ocrx_word' id='word_1_803' title='bbox 1461 5613 1781 5677; x_wconf 85' lang='lat' dir='ltr'><strong>creduntur;</strong></span> <span class='ocrx_word' id='word_1_804' title='bbox 1828 5613 1912 5669; x_wconf 87' lang='lat' dir='ltr'><strong>vel</strong></span> <span class='ocrx_word' id='word_1_805' title='bbox 1940 5615 2128 5674; x_wconf 89' lang='lat' dir='ltr'><strong>immu-</strong></span> 
     </span>
    </p>
   </div>
   <div class='ocr_carea' id='block_1_92' title="bbox 552 5677 2126 5749">
    <p class='ocr_par' dir='ltr' id='par_1_92' title="bbox 552 5677 2126 5749">
     <span class='ocr_line' id='line_1_92' title="bbox 552 5677 2126 5749; baseline 0.004 -14"><span class='ocrx_word' id='word_1_806' title='bbox 552 5678 697 5736; x_wconf 80' lang='lat' dir='ltr'><strong>tandi</strong></span> <span class='ocrx_word' id='word_1_807' title='bbox 727 5689 873 5744; x_wconf 88' lang='lat' dir='ltr'><strong>sunt,</strong></span> <span class='ocrx_word' id='word_1_808' title='bbox 887 5677 963 5732; x_wconf 19' lang='lat' dir='ltr'><strong>ﬂut</strong></span> <span class='ocrx_word' id='word_1_809' title='bbox 984 5677 1073 5749; x_wconf 87' lang='lat' dir='ltr'><strong>alii</strong></span> <span class='ocrx_word' id='word_1_810' title='bbox 1096 5677 1304 5749; x_wconf 86' lang='lat' dir='ltr'><strong>volunt,</strong></span> <span class='ocrx_word' id='word_1_811' title='bbox 1334 5687 1396 5734; x_wconf 93' lang='lat' dir='ltr'><strong>ut</strong></span> <span class='ocrx_word' id='word_1_812' title='bbox 1435 5682 1705 5749; x_wconf 88' lang='lat' dir='ltr'><strong>suseitati,</strong></span> <span class='ocrx_word' id='word_1_813' title='bbox 1732 5684 1814 5740; x_wconf 88' lang='lat' dir='ltr'><strong>vel</strong></span> <span class='ocrx_word' id='word_1_814' title='bbox 1847 5684 2126 5741; x_wconf 80' lang='lat' dir='ltr'><strong>reformati</strong></span> 
     </span>
    </p>
   </div>
   <div class='ocr_carea' id='block_1_93' title="bbox 548 5748 1482 5817">
    <p class='ocr_par' dir='ltr' id='par_1_93' title="bbox 548 5748 1482 5817">
     <span class='ocr_line' id='line_1_93' title="bbox 548 5748 1482 5817; baseline -0.005 -11"><span class='ocrx_word' id='word_1_815' title='bbox 548 5765 672 5806; x_wconf 80' lang='lat' dir='ltr'><strong>cum</strong></span> <span class='ocrx_word' id='word_1_816' title='bbox 700 5757 823 5805; x_wconf 88' lang='lat' dir='ltr'><strong>ante</strong></span> <span class='ocrx_word' id='word_1_817' title='bbox 846 5748 1071 5805; x_wconf 87' lang='lat' dir='ltr'><strong>mortuis</strong></span> <span class='ocrx_word' id='word_1_818' title='bbox 1094 5748 1421 5817; x_wconf 77' lang='lat' dir='ltr'><strong>iudicentur.</strong></span> <span class='ocrx_word' id='word_1_819' title='bbox 1464 5768 1482 5801; x_wconf 73' lang='grc' dir='ltr'><strong>ι</strong></span> 
     </span>
    </p>
   </div>
   <div class='ocr_carea' id='block_1_94' title="bbox 624 5819 1660 5891">
    <p class='ocr_par' dir='ltr' id='par_1_94' title="bbox 624 5819 1660 5891">
     <span class='ocr_line' id='line_1_94' title="bbox 624 5819 1660 5891; baseline -0.003 -11"><span class='ocrx_word' id='word_1_820' title='bbox 624 5819 650 5862; x_wconf 72' lang='grc' dir='ltr'>δ</span> <span class='ocrx_word' id='word_1_821' title='bbox 676 5819 940 5889; x_wconf 75' lang='lat' dir='ltr'><strong>Gennad,</strong></span> <span class='ocrx_word' id='word_1_822' title='bbox 970 5833 1084 5891; x_wconf 82' lang='lat' dir='ltr'><strong>cap.</strong></span> <span class='ocrx_word' id='word_1_823' title='bbox 1116 5821 1169 5888; x_wconf 86' lang='lat'><strong>9,</strong></span> <span class='ocrx_word' id='word_1_824' title='bbox 1190 5835 1315 5878; x_wconf 83' lang='lat' dir='ltr'><strong>cum</strong></span> <span class='ocrx_word' id='word_1_825' title='bbox 1342 5819 1660 5879; x_wconf 63' lang='lat' dir='ltr'><strong>diﬁcrcntia.</strong></span> 
     </span>
    </p>
   </div>
   <div class='ocr_carea' id='block_1_95' title="bbox 2228 4607 3807 4681">
    <p class='ocr_par' dir='ltr' id='par_1_95' title="bbox 2228 4607 3807 4681">
     <span class='ocr_line' id='line_1_95' title="bbox 2228 4607 3807 4681; baseline 0.001 -17"><span class='ocrx_word' id='word_1_826' title='bbox 2228 4608 2331 4664; x_wconf 89' lang='lat' dir='ltr'><strong>bus</strong></span> <span class='ocrx_word' id='word_1_827' title='bbox 2366 4607 2683 4665; x_wconf 83' lang='lat' dir='ltr'><strong>clericorum</strong></span> <span class='ocrx_word' id='word_1_828' title='bbox 2722 4607 2947 4679; x_wconf 87' lang='lat' dir='ltr'><strong>spiritus</strong></span> <span class='ocrx_word' id='word_1_829' title='bbox 2991 4609 3299 4666; x_wconf 85' lang='lat' dir='ltr'><strong>immundus</strong></span> <span class='ocrx_word' id='word_1_830' title='bbox 3335 4610 3407 4666; x_wconf 84' lang='lat' dir='ltr'><strong>ab</strong></span> <span class='ocrx_word' id='word_1_831' title='bbox 3433 4608 3517 4665; x_wconf 89' lang='lat' dir='ltr'><strong>eis</strong></span> <span class='ocrx_word' id='word_1_832' title='bbox 3554 4608 3807 4681; x_wconf 87' lang='lat' dir='ltr'><strong>pellatur.</strong></span> 
     </span>
    </p>
   </div>
   <div class='ocr_carea' id='block_1_96' title="bbox 2231 4699 3809 4772">
    <p class='ocr_par' dir='ltr' id='par_1_96' title="bbox 2231 4699 3809 4772">
     <span class='ocr_line' id='line_1_96' title="bbox 2231 4699 3809 4772; baseline -0.002 -14"><span class='ocrx_word' id='word_1_833' title='bbox 2231 4701 2385 4758; x_wconf 81' lang='lat' dir='ltr'><strong>Tunc</strong></span> <span class='ocrx_word' id='word_1_834' title='bbox 2416 4715 2550 4756; x_wconf 87' lang='lat' dir='ltr'><strong>vero</strong></span> <span class='ocrx_word' id='word_1_835' title='bbox 2584 4709 2808 4772; x_wconf 83' lang='lat' dir='ltr'><strong>apparet</strong></span> <span class='ocrx_word' id='word_1_836' title='bbox 2847 4699 3122 4771; x_wconf 85' lang='lat' dir='ltr'><strong>quomodo</strong></span> <span class='ocrx_word' id='word_1_837' title='bbox 3149 4700 3303 4772; x_wconf 87' lang='lat' dir='ltr'><strong>prius</strong></span> <span class='ocrx_word' id='word_1_838' title='bbox 3345 4699 3598 4772; x_wconf 81' lang='lat' dir='ltr'><strong>alligatur</strong></span> <span class='ocrx_word' id='word_1_839' title='bbox 3625 4699 3809 4767; x_wconf 89' lang='lat' dir='ltr'><strong>fortis,</strong></span> 
     </span>
    </p>
   </div>
   <div class='ocr_carea' id='block_1_97' title="bbox 2228 4789 3812 4864">
    <p class='ocr_par' dir='ltr' id='par_1_97' title="bbox 2228 4789 3812 4864">
     <span class='ocr_line' id='line_1_97' title="bbox 2228 4789 3812 4864; baseline 0.001 -15"><span class='ocrx_word' id='word_1_840' title='bbox 2228 4800 2285 4849; x_wconf 89' lang='lat' dir='ltr'><strong>et</strong></span> <span class='ocrx_word' id='word_1_841' title='bbox 2312 4791 2503 4857; x_wconf 86' lang='lat' dir='ltr'><strong>deinde</strong></span> <span class='ocrx_word' id='word_1_842' title='bbox 2523 4805 2651 4848; x_wconf 87' lang='lat' dir='ltr'><strong>vasa</strong></span> <span class='ocrx_word' id='word_1_843' title='bbox 2679 4789 2796 4861; x_wconf 89' lang='lat' dir='ltr'><strong>ejus</strong></span> <span class='ocrx_word' id='word_1_844' title='bbox 2819 4791 2873 4845; x_wconf 91' lang='lat' dir='ltr'><strong>in</strong></span> <span class='ocrx_word' id='word_1_845' title='bbox 2897 4799 3106 4862; x_wconf 85' lang='lat' dir='ltr'><strong>partem</strong></span> <span class='ocrx_word' id='word_1_846' title='bbox 3137 4791 3383 4859; x_wconf 89' lang='lat' dir='ltr'><strong>victoris,</strong></span> <span class='ocrx_word' id='word_1_847' title='bbox 3414 4793 3506 4862; x_wconf 89' lang='lat' dir='ltr'><strong>qui</strong></span> <span class='ocrx_word' id='word_1_848' title='bbox 3536 4791 3812 4864; x_wconf 80' lang='lat' dir='ltr'><strong>captivam</strong></span> 
     </span>
    </p>
   </div>
   <div class='ocr_carea' id='block_1_98' title="bbox 2229 4881 3497 4955">
    <p class='ocr_par' dir='ltr' id='par_1_98' title="bbox 2229 4881 3497 4955">
     <span class='ocr_line' id='line_1_98' title="bbox 2229 4881 3497 4955; baseline -0.002 -14"><span class='ocrx_word' id='word_1_849' title='bbox 2229 4884 2379 4941; x_wconf 90' lang='lat' dir='ltr'><strong>ducit</strong></span> <span class='ocrx_word' id='word_1_850' title='bbox 2406 4883 2793 4955; x_wconf 87' lang='lat' dir='ltr'><strong>captivitatem,</strong></span> <span class='ocrx_word' id='word_1_851' title='bbox 2826 4882 3034 4953; x_wconf 84' lang='lat' dir='ltr'><strong>direpta</strong></span> <span class='ocrx_word' id='word_1_852' title='bbox 3064 4881 3497 4939; x_wconf 89' lang='lat' dir='ltr'><strong>transferuntur.</strong></span> 
     </span>
    </p>
   </div>
   <div class='ocr_carea' id='block_1_99' title="bbox 2301 4974 3814 5048">
    <p class='ocr_par' dir='ltr' id='par_1_99' title="bbox 2301 4974 3814 5048">
     <span class='ocr_line' id='line_1_99' title="bbox 2301 4974 3814 5048; baseline 0 -15"><span class='ocrx_word' id='word_1_853' title='bbox 2301 4978 2330 5020; x_wconf 76' lang='grc' dir='ltr'>Ιι</span> <span class='ocrx_word' id='word_1_854' title='bbox 2373 4975 2467 5033; x_wconf 90' lang='lat' dir='ltr'><strong>Sic</strong></span> <span class='ocrx_word' id='word_1_855' title='bbox 2490 4976 2654 5048; x_wconf 89' lang='lat' dir='ltr'><strong>igitur</strong></span> <span class='ocrx_word' id='word_1_856' title='bbox 2679 4974 2908 5032; x_wconf 88' lang='lat' dir='ltr'><strong>liberum</strong></span> <span class='ocrx_word' id='word_1_857' title='bbox 2941 4976 3264 5033; x_wconf 76' lang='lat' dir='ltr'><strong>conﬁtemur</strong></span> <span class='ocrx_word' id='word_1_858' title='bbox 3286 4975 3594 5044; x_wconf 87' lang='lat' dir='ltr'><strong>arbitrium,</strong></span> <span class='ocrx_word' id='word_1_859' title='bbox 3635 4986 3697 5033; x_wconf 90' lang='lat' dir='ltr'><strong>ut</strong></span> <span class='ocrx_word' id='word_1_860' title='bbox 3731 4977 3814 5033; x_wconf 87' lang='lat' dir='ltr'><strong>di-</strong></span> 
     </span>
    </p>
   </div>
   <div class='ocr_carea' id='block_1_100' title="bbox 2225 5066 3808 5143">
    <p class='ocr_par' dir='ltr' id='par_1_100' title="bbox 2225 5066 3808 5143">
     <span class='ocr_line' id='line_1_100' title="bbox 2225 5066 3808 5143; baseline -0.001 -17"><span class='ocrx_word' id='word_1_861' title='bbox 2225 5083 2371 5133; x_wconf 86' lang='lat' dir='ltr'><strong>cam,</strong></span> <span class='ocrx_word' id='word_1_862' title='bbox 2416 5082 2517 5125; x_wconf 88' lang='lat' dir='ltr'><strong>nos</strong></span> <span class='ocrx_word' id='word_1_863' title='bbox 2567 5081 2782 5139; x_wconf 88' lang='lat' dir='ltr'><strong>semper</strong></span> <span class='ocrx_word' id='word_1_864' title='bbox 2813 5066 3056 5139; x_wconf 88' lang='lat' dir='ltr'><strong>indigere</strong></span> <span class='ocrx_word' id='word_1_865' title='bbox 3097 5066 3196 5124; x_wconf 88' lang='lat' dir='ltr'><strong>Dei</strong></span> <span class='ocrx_word' id='word_1_866' title='bbox 3242 5068 3447 5125; x_wconf 79' lang='lat' dir='ltr'><strong>auxilio</strong></span> <span class='ocrx_word' id='word_1_867' title='bbox 3493 5066 3808 5143; x_wconf 65' lang='lat' dir='ltr'><strong>(Pelagius,</strong></span> 
     </span>
    </p>
   </div>
   <div class='ocr_carea' id='block_1_101' title="bbox 2228 5158 3809 5234">
    <p class='ocr_par' dir='ltr' id='par_1_101' title="bbox 2228 5158 3809 5234">
     <span class='ocr_line' id='line_1_101' title="bbox 2228 5158 3809 5234; baseline 0 -17"><span class='ocrx_word' id='word_1_868' title='bbox 2228 5169 2290 5217; x_wconf 88' lang='lat' dir='ltr'><strong>ut</strong></span> <span class='ocrx_word' id='word_1_869' title='bbox 2329 5161 2574 5216; x_wconf 88' lang='lat' dir='ltr'><strong>dicamus</strong></span> <span class='ocrx_word' id='word_1_870' title='bbox 2630 5173 2739 5215; x_wconf 89' lang='lat' dir='ltr'><strong>non</strong></span> <span class='ocrx_word' id='word_1_871' title='bbox 2792 5175 3007 5231; x_wconf 88' lang='lat' dir='ltr'><strong>semper</strong></span> <span class='ocrx_word' id='word_1_872' title='bbox 3064 5158 3161 5215; x_wconf 89' lang='lat' dir='ltr'><strong>Dei</strong></span> <span class='ocrx_word' id='word_1_873' title='bbox 3217 5159 3459 5233; x_wconf 86' lang='lat' dir='ltr'><strong>indigere</strong></span> <span class='ocrx_word' id='word_1_874' title='bbox 3506 5158 3751 5234; x_wconf 73' lang='lat' dir='ltr'><strong>auxilio]</strong></span> <span class='ocrx_word' id='word_1_875' title='bbox 3794 5180 3809 5217; x_wconf 95' lang='lat'>:</span> 
     </span>
    </p>
   </div>
   <div class='ocr_carea' id='block_1_102' title="bbox 2229 5249 3814 5323">
    <p class='ocr_par' dir='ltr' id='par_1_102' title="bbox 2229 5249 3814 5323">
     <span class='ocr_line' id='line_1_102' title="bbox 2229 5249 3814 5323; baseline 0.003 -14"><span class='ocrx_word' id='word_1_876' title='bbox 2229 5260 2286 5309; x_wconf 90' lang='lat' dir='ltr'><strong>et</strong></span> <span class='ocrx_word' id='word_1_877' title='bbox 2305 5260 2413 5307; x_wconf 88' lang='lat' dir='ltr'><strong>tam</strong></span> <span class='ocrx_word' id='word_1_878' title='bbox 2442 5250 2561 5307; x_wconf 85' lang='lat' dir='ltr'><strong>illos</strong></span> <span class='ocrx_word' id='word_1_879' title='bbox 2586 5263 2796 5317; x_wconf 87' lang='lat' dir='ltr'><strong>errare,</strong></span> <span class='ocrx_word' id='word_1_880' title='bbox 2824 5250 2919 5323; x_wconf 87' lang='lat' dir='ltr'><strong>qui</strong></span> <span class='ocrx_word' id='word_1_881' title='bbox 2948 5264 3072 5308; x_wconf 90' lang='lat' dir='ltr'><strong>eum</strong></span> <span class='ocrx_word' id='word_1_882' title='bbox 3098 5249 3398 5309; x_wconf 68' lang='lat' dir='ltr'><strong>Mam’chao</strong></span> <span class='ocrx_word' id='word_1_883' title='bbox 3429 5250 3613 5310; x_wconf 85' lang='lat' dir='ltr'><strong>dicunt</strong></span> <span class='ocrx_word' id='word_1_884' title='bbox 3637 5252 3814 5314; x_wconf 82' lang='lat' dir='ltr'><strong>homi-</strong></span> 
     </span>
    </p>
   </div>
   <div class='ocr_carea' id='block_1_103' title="bbox 2308 5405 2637 5478">
    <p class='ocr_par' dir='ltr' id='par_1_103' title="bbox 2308 5405 2637 5478">
     <span class='ocr_line' id='line_1_103' title="bbox 2308 5405 2637 5478; baseline -0.003 -16"><span class='ocrx_word' id='word_1_885' title='bbox 2308 5416 2332 5448; x_wconf 71' lang='grc' dir='ltr'><strong>ε</strong></span> <span class='ocrx_word' id='word_1_886' title='bbox 2369 5405 2637 5478; x_wconf 84' lang='lat' dir='ltr'><strong>Pelagius.</strong></span> 
     </span>
    </p>
   </div>
   <div class='ocr_carea' id='block_1_104' title="bbox 2303 5478 2629 5549">
    <p class='ocr_par' dir='ltr' id='par_1_104' title="bbox 2303 5478 2629 5549">
     <span class='ocr_line' id='line_1_104' title="bbox 2303 5478 2629 5549; baseline -0.003 -17"><span class='ocrx_word' id='word_1_887' title='bbox 2303 5478 2329 5519; x_wconf 69' lang='grc' dir='ltr'><em>ά</em></span> <span class='ocrx_word' id='word_1_888' title='bbox 2362 5478 2629 5549; x_wconf 63' lang='lat' dir='ltr'><strong>Pelagius.</strong></span> 
     </span>
    </p>
   </div>
   <div class='ocr_carea' id='block_1_105' title="bbox 2309 5547 2899 5621">
    <p class='ocr_par' dir='ltr' id='par_1_105' title="bbox 2309 5547 2899 5621">
     <span class='ocr_line' id='line_1_105' title="bbox 2309 5547 2899 5621; baseline 0.005 -19"><span class='ocrx_word' id='word_1_889' title='bbox 2309 5560 2331 5621; x_wconf 62' lang='grc' dir='ltr'><strong>εξ</strong></span> <span class='ocrx_word' id='word_1_890' title='bbox 2362 5547 2629 5621; x_wconf 53' lang='lat' dir='ltr'><strong>Genuam,</strong></span> <span class='ocrx_word' id='word_1_891' title='bbox 2662 5560 2781 5621; x_wconf 88' lang='lat' dir='ltr'><strong>cap.</strong></span> <span class='ocrx_word' id='word_1_892' title='bbox 2814 5548 2899 5621; x_wconf 65' lang='grc'><strong>15.</strong></span> 
     </span>
    </p>
   </div>
   <div class='ocr_carea' id='block_1_106' title="bbox 2311 5616 2878 5685">
    <p class='ocr_par' dir='ltr' id='par_1_106' title="bbox 2311 5616 2878 5685">
     <span class='ocr_line' id='line_1_106' title="bbox 2311 5616 2878 5685; baseline 0.009 -11"><span class='ocrx_word' id='word_1_893' title='bbox 2311 5618 2329 5658; x_wconf 71' lang='grc' dir='ltr'>ί</span> <span class='ocrx_word' id='word_1_894' title='bbox 2363 5616 2629 5685; x_wconf 82' lang='lat' dir='ltr'><strong>Gennad.,</strong></span> <span class='ocrx_word' id='word_1_895' title='bbox 2658 5616 2779 5685; x_wconf 78' lang='lat' dir='ltr'><strong>cap.</strong></span> <span class='ocrx_word' id='word_1_896' title='bbox 2812 5620 2878 5679; x_wconf 77' lang='grc'><strong>16</strong></span> 
     </span>
    </p>
   </div>
   <div class='ocr_carea' id='block_1_107' title="bbox 2308 5688 2797 5759">
    <p class='ocr_par' dir='ltr' id='par_1_107' title="bbox 2308 5688 2797 5759">
     <span class='ocr_line' id='line_1_107' title="bbox 2308 5688 2797 5759; baseline -0.002 -15"><span class='ocrx_word' id='word_1_897' title='bbox 2308 5693 2333 5730; x_wconf 72' lang='grc' dir='ltr'><em>ε</em></span> <span class='ocrx_word' id='word_1_898' title='bbox 2363 5688 2529 5759; x_wconf 74' lang='lat' dir='ltr'><strong>Idem,</strong></span> <span class='ocrx_word' id='word_1_899' title='bbox 2558 5704 2676 5759; x_wconf 86' lang='lat' dir='ltr'><strong>cap.</strong></span> <span class='ocrx_word' id='word_1_900' title='bbox 2716 5688 2797 5745; x_wconf 81' lang='grc' dir='ltr'><strong>ΓΙ.</strong></span> 
     </span>
    </p>
   </div>
   <div class='ocr_carea' id='block_1_108' title="bbox 2306 5758 2625 5832">
    <p class='ocr_par' dir='ltr' id='par_1_108' title="bbox 2306 5758 2625 5832">
     <span class='ocr_line' id='line_1_108' title="bbox 2306 5758 2625 5832; baseline -0.003 -16"><span class='ocrx_word' id='word_1_901' title='bbox 2306 5762 2331 5801; x_wconf 68' lang='grc' dir='ltr'><strong>ιι</strong></span> <span class='ocrx_word' id='word_1_902' title='bbox 2362 5758 2625 5832; x_wconf 75' lang='lat' dir='ltr'><strong>Pelagius.</strong></span> 
     </span>
    </p>
   </div>
  </div>
