4090 6500
538 387 676 442 i079

1354 386 1417 442 Β.
1457 385 1519 441 F.
1560 384 1785 441 ALBINI
1826 386 1957 442 SEL"
1986 382 2266 440 ALCUINI
2304 382 2589 443 OPERUM
2618 387 2799 443 PARS
2830 386 2963 445 Vill.

3658 388 3802 447 1080

532 502 809 561 hominem
846 499 941 556 Dei
990 499 1107 555 ﬁeri
1138 512 1298 570 posse
1338 512 1449 554 non
1483 496 1690 563 dubito,
1725 496 1771 552 si
1799 495 2114 567 temperatis
2141 496 2187 555 Α
2217 497 2308 566 pio
2343 497 2399 553 in
2428 512 2495 555 eo
2519 498 2783 555 librorum
2813 514 3058 565 numero,
3094 515 3256 570 quem
3284 506 3487 556 sancta
3511 500 3799 557 catholica

532 601 591 649 et
614 592 845 663 placidis
872 594 1113 648 moribus
1139 600 1284 663 agat.

609 699 636 728 ι
672 684 851 742 Bonas
876 686 997 742 dico
1020 684 1258 758 nuptias,
1287 698 1407 755 quae
1449 691 1672 738 auctore
1708 680 1819 737 Deo
1848 693 2119 736 concessa

535 788 663 836 sunt
696 791 858 834 causa
904 776 1135 832 ﬁliorum
1166 795 1180 830 :
1209 789 1497 832 exsecraris
1525 788 1641 839 eos,
1699 791 1719 825 ι
1756 772 1839 827 vel
1872 772 1964 845 qui
2006 770 2118 842 pri-

535 884 655 927 mas
685 885 811 927 cum
850 867 1164 935 Manichaeo,
1204 878 1301 923 aut
1332 864 1600 924 secundas
1639 880 1763 920 cum
1810 861 2117 935 Cataphry-

531 962 617 1037 gis
642 962 924 1019 damnant.
964 981 983 1016 ι
1012 961 1120 1018 Sed
1145 961 1231 1017 his
1258 960 1539 1017 meliorem
1568 973 1692 1015 esse
1723 957 2117 1013 continentiam

530 1069 744 1121 assero,
782 1054 830 1110 si
869 1070 1030 1110 causa
1073 1052 1303 1109 vacandi
1339 1053 1452 1108 Deo
1475 1051 1733 1121 eligatur,
1762 1049 1962 1120 spretis
1986 1062 2117 1103 cun-

529 1146 638 1204 etis
662 1145 887 1204 deliciis.
930 1145 1200 1202 Humilem
1231 1160 1362 1200 vero
1390 1142 1755 1216 virginitatem
1775 1185 1787 1207 ,
1820 1152 1874 1197 et
1902 1140 2118 1213 plenam

534 1237 811 1295 laboribus
847 1253 949 1311 pro
971 1237 1198 1293 Domino
1223 1236 1538 1291 castitatem
1566 1234 1813 1306 corporis
1845 1241 1899 1289 et
1922 1234 2119 1288 animze

531 1327 825 1401 magniﬁco
866 1336 1025 1399 atque
1069 1328 1285 1397 utrique
1321 1326 1397 1382 illi
1421 1326 1563 1383 bono
1589 1339 1868 1398 praepono,
1897 1334 1956 1379 ut
1992 1331 2118 1393 pote

528 1420 808 1492 egregium
835 1434 1075 1493 germen.

600 1512 821 1569 XXXV.
861 1512 889 1552 ι)
917 1512 1233 1569 Creaturam
1265 1511 1360 1567 Dei
1384 1523 1623 1576 omnem,
1647 1524 1767 1580 quae
1791 1510 1860 1564 ad
1890 1523 2018 1565 usus
2040 1508 2117 1563 ci-

530 1605 725 1660 borum
756 1618 788 1659 a
833 1603 1093 1661 Creatore
1118 1616 1376 1658 concessa
1422 1610 1521 1663 cst,
1553 1599 1765 1674 ibonam
1802 1613 1924 1654 esse
1948 1596 2117 1654 conﬁ-

531 1706 669 1758 teor,
703 1696 847 1751 sicut
871 1702 924 1749 ct
962 1692 1103 1748 facta
1134 1702 1239 1748 est.
1270 1692 1339 1748 Et
1385 1692 1473 1748 his
1499 1691 1566 1746 ad
1595 1700 1809 1762 tempus
1841 1690 2118 1745 abstinere

2219 587 2476 646 Ecclesia:
2499 591 2666 647 tradit
2693 591 3010 648 auctoritas.
3051 590 3302 649 Historia:
3328 590 3488 648 ﬁdem
3518 608 3624 650 non
3666 606 3799 650 eva-

2218 696 2387 739 cuans
2412 684 2576 740 credo
2596 684 2850 741 universa
2891 692 3042 756 gesta
3067 700 3188 742 esse
3210 724 3226 751 ,
3271 699 3394 755 quae
3418 685 3617 757 scripta
3644 694 3797 751 sunt,

2218 772 2311 828 sed
2330 773 2485 845 juxta
2513 774 2819 832 doctrinam
2844 775 3196 847 apostolicam
3218 791 3434 833 sensum
3458 775 3799 848 spiritualem

2219 863 2275 920 in
2298 864 2381 921 eis
2410 864 2711 938 intelligere
2738 877 2885 937 opto.
2911 866 3099 923 Omnis
3122 868 3266 922 enim
3291 867 3471 923 divina
3489 865 3800 922 auctoritas

2218 958 2305 1014 his
2330 960 2505 1015 modis
2521 971 2777 1015 constare
2804 959 3039 1026 videtur,
3070 968 3131 1014 ut
3168 967 3262 1015 aut
3285 958 3577 1015 historiam
3602 960 3802 1016 modus

2217 1051 2310 1118 sit,
2340 1052 2430 1123 qui
2461 1051 2593 1107 nihil
2629 1052 2773 1107 aliud
2802 1053 2905 1107 nisi
2928 1066 3018 1107 res
3049 1061 3233 1124 gestas
3265 1054 3570 1119 annuntiet,
3600 1060 3694 1108 aut
3713 1050 3803 1109 αι·

2217 1143 2494 1215 legon‘cus,
2525 1155 2585 1201 ut
2608 1160 2716 1201 non
2741 1143 2852 1199 illic
2871 1144 3042 1216 possit
3056 1144 3189 1200 ordo
3204 1145 3499 1201 consistere
3519 1143 3798 1211 historic;

2217 1245 2312 1292 aut
2331 1244 2478 1293 certe
2497 1251 2565 1292 ex
2585 1237 2833 1308 utrisque
2858 1237 3213 1307 compositus,
3235 1247 3296 1293 ut
3316 1237 3611 1297 secundum
3629 1238 3808 1295 histo-

2216 1329 2353 1385 riam
2376 1338 2431 1385 et
2455 1331 2753 1385 secundum
2785 1330 3096 1402 allegoriam
3116 1344 3340 1386 manere
3364 1329 3630 1387 videatur.
3648 1329 3807 1386 Non-

2215 1435 2491 1490 nunquam
2525 1428 2581 1477 et
2606 1421 2821 1476 moralis
2850 1437 3042 1477 sensus
3068 1422 3137 1478 de
3170 1420 3369 1477 divinis
3399 1420 3633 1476 trahitur
3654 1423 3806 1480 scri-

2213 1511 2408 1581 pturis,
2429 1512 2520 1580 qui
2548 1525 2671 1566 cnm
2703 1512 3050 1583 sitoptimum
3065 1524 3236 1583 genus
3260 1509 3508 1575 docendi,
3527 1509 3593 1567 ad
3614 1524 3808 1567 emen-

2215 1602 2489 1658 dationem
2514 1603 2641 1659 vita
2668 1602 3223 1673 compositionemque
3244 1616 3458 1657 morum
3504 1602 3661 1657 valde
3677 1616 3807 1674 [ιω-

2216 1692 2348 1749 ﬁcit.
2382 1693 2511 1750 Haec
2540 1702 2718 1751 autem
2740 1693 3019 1752 humiliter
3038 1693 3418 1750 accedentibus
3446 1702 3503 1749 et
3526 1692 3615 1763 pie
3633 1691 3807 1751 intel-

528 1802 639 1842 non
659 1800 765 1855 pro
784 1784 1175 1857 superstitione
1197 1782 1493 1854 religionis.
1513 1796 1687 1853 neque
1710 1780 2117 1838 abominatione
2145 1854 2170 1858 _
2215 1784 2526 1858 ligentibus,
2549 1788 2713 1856 atque
2748 1785 2934 1847 veraci
2984 1783 3154 1841 corde
3184 1782 3494 1841 tenentibus
3521 1784 3656 1842 satis
3699 1784 3808 1842 ώ-

528 1854 801 1937 creaturaa
828 1854 943 1939 Dei,
974 1876 1066 1929 sed
1090 1888 1190 1944 pro
1220 1873 1555 1930 continentia
1598 1872 1799 1938 carnis,
1830 1871 1963 1926 utile
1990 1885 2113 1927 esse
2144 1854 2185 1915 Β
2218 1854 2467 1950 uitaeque
2496 1854 2759 1934 ηιιιέεεηι,
2794 1875 2920 1933 ηερ
2946 1876 3195 1933 doctrina
3220 1875 3461 1931 cmlestig
3484 1884 3541 1931 ει
3564 1890 3809 1947 pm

528 1967 810 2042 perhibeo.
840 1968 1017 2039 Atque
1047 1968 1130 2023 his
1157 1965 1513 2022 cumlibuerit
1536 1967 1635 2031 uti,
1652 1974 1711 2021 et
1730 1980 1856 2021 cum
1884 1963 2118 2021 delecta-

529 2060 671 2116 verit
704 2060 999 2123 abstinere,
1014 2061 1065 2113 in
1095 2059 1333 2115 hominis
1357 2067 1626 2130 potestate
1650 2060 1950 2114 consistere
1968 2058 2110 2114 dico.

528 2152 799 2210 Hoderari
830 2154 977 2210 enim
1005 2167 1162 2207 usum
1186 2166 1373 2206 eorum
1395 2167 1496 2222 pro
1522 2153 1847 2207 necessitate
1874 2150 2038 2223 ﬂos
2058 2159 2120 2205 et

530 2255 773 2318 tempore
790 2246 1011 2316 proprie
1037 2244 1463 2301 christianorum
1503 2252 1610 2307 est.
1638 2245 1874 2299 maxime
1900 2243 2114 2299 illorum

527 2337 623 2406 qui
662 2336 989 2406 virginitatis
1023 2332 1163 2390 bono
1195 2334 1554 2400 delectantur,
1577 2344 1638 2389 ut
1662 2332 1875 2388 facilius
1896 2335 2119 2388 vincant

530 2442 588 2489 et
614 2440 865 2488 naturam
890 2430 1138 2503 corporis
1167 2428 1499 2501 integritate.
1520 2437 1578 2485 et
1600 2442 1838 2501 pugnam
1864 2427 2115 2483 castimo-

529 2525 637 2583 uite
656 2538 811 2595 pace.

602 2613 987 2672 Paenitentiam
1016 2611 1174 2684 plena
1206 2609 1311 2667 ﬁde
1341 2611 1599 2681 suscipio,
1629 2618 1795 2679 atque
1830 2608 2065 2665 honoro.

604 2705 915 2764 Facultates
927 2719 1053 2760 cum
1067 2702 1423 2772 dispositione
1438 2700 1768 2771 pauperibus
1788 2699 1999 2769 erogari
2022 2699 2118 2756 bo—

533 2814 663 2858 num
680 2812 801 2856 esse
816 2796 1099 2860 conﬁrmo,
1124 2794 1220 2851 sed
1241 2794 1435 2850 melius
1456 2793 1510 2847 in
1536 2790 1704 2848 semel
1724 2789 1938 2856 donari,
1960 2798 2022 2844 ut
2035 2788 2115 2845 sic

533 2894 708 2969 possit
728 2906 855 2948 cum
877 2888 1099 2946 Christo
1130 2900 1309 2959 egere.

610 2984 933 3040 Sanctorum
948 2993 1177 3050 corpora
1188 2987 1243 3033 et
1259 2976 1525 3049 prmeipue
1539 2980 1840 3045 martyrum
1856 2972 2116 3043 reliquias

534 3076 901 3140 honorandas,
918 3072 1237 3131 etbasilicas
1259 3083 1449 3125 eorum
1467 3066 1778 3123 nominibus
1792 3063 2110 3138 appellatas,

2216 1984 2326 2029 tem
2353 1974 2521 2029 vitam
2560 1971 2719 2027 bonis
2748 1968 3007 2027 informat
3057 1969 3343 2040 operibus,
3377 1976 3432 2023 et
3477 1977 3600 2038 post
3632 1967 3809 2026 ﬁnem

2212 2065 2339 2120 vitae
2365 2071 2624 2120 mternam
2660 2062 2944 2133 pollicetur
2957 2061 3208 2133 gloriam.
3240 2060 3510 2115 Prmterea
3533 2067 3808 2120 tractatus

2213 2157 2357 2224 illos,
2382 2164 2438 2212 et
2458 2169 2769 2221 sermones,
2806 2153 3077 2223 simulque
3113 2150 3534 2207 commentarios
3581 2163 3803 2218 omnes,

2213 2265 2348 2322 quos
2370 2264 2402 2304 a
2424 2247 2863 2305 catholicissimis
2886 2245 3289 2317 nominatisque
3310 2244 3624 2300 auctoribus
3642 2244 3804 2299 novi-

2212 2362 2333 2405 mus
2352 2346 2682 2411 elaboratos,
2707 2349 2986 2416 gratanter
3009 2340 3149 2413 lego,
3178 2349 3233 2395 et
3259 2337 3523 2410 Spiritum
3550 2347 3806 2395 unauna

2213 2438 2267 2494 in
2301 2438 2381 2495 eis
2410 2438 2719 2507 loquentem
2761 2435 3024 2492 attonitus
3053 2448 3186 2489 aure
3211 2432 3394 2489 cordis
3416 2431 3677 2503 percipio,
3708 2440 3801 2485 at-

2212 2546 2318 2603 que
2342 2548 2407 2587 ex
2441 2530 2652 2587 illorum
2676 2528 2813 2585 mira
2840 2527 3091 2593 scientia,
3120 2541 3237 2581 mea
3262 2524 3573 2598 insipientia
3593 2531 3797 2595 quanta

2213 2625 2278 2682 sit
2297 2665 2313 2688 ,
2345 2620 2654 2678 evidentius
2681 2618 3046 2692 deprehendo.
3080 2617 3189 2675 Nec
3204 2633 3309 2673 non
3334 2627 3392 2672 et
3415 2617 3633 2673 decreta
3652 2628 3792 2687 pon-

2214 2714 2443 2775 tiﬁcum,
2476 2720 2532 2768 et
2556 2710 2785 2768 concilia
2809 2709 2900 2767 illa
2922 2751 2936 2775 ,
2976 2725 3098 2779 quae
3124 2707 3369 2765 Romana
3402 2708 3643 2765 Ecclesia
3668 2719 3800 2763 sas-

2211 2805 2362 2877 cipit,
2389 2813 2444 2859 et
2467 2803 2653 2859 laudat
2676 2801 2827 2873 (quia
2853 2800 3179 2857 universalis
3206 2797 3468 2856 Ecclesia
3498 2800 3797 2856 documen-

2211 2906 2329 2955 tum
2359 2907 2413 2952 et
2440 2904 2687 2951 tutamen
2715 2893 2873 2965 sunt)
2899 2909 3001 2967 ego
3027 2908 3263 2952 veneror
3281 2934 3299 2961 ,
3345 2900 3403 2948 et
3428 2908 3529 2965 pro
3576 2894 3717 2949 scire
3746 2901 3811 2951 ct

2213 3004 2373 3061 posse
2420 3003 2542 3045 meo
2572 2984 2661 3042 illa
2692 2994 2885 3042 contra
2910 2986 3094 3042 hostes
3125 2999 3315 3041 eorum
3357 2982 3611 3040 defendo.
3647 2983 3811 3041 Unde

2212 3096 2314 3152 ego
2342 3079 2595 3135 maritum
2625 3080 2854 3135 duarum
2894 3085 3019 3150 post
3042 3077 3373 3147 baptismum
3402 3085 3803 3142 matronarum,

535 3168 679 3274 ﬁdeli
700 3166 984 3271 (leVOilone
1015 3160 1460 3274 ΐτςίιυξηιεωάοδι
1486 3173 1552 3213 ac
1577 3158 1623 3214 εί
1645 3156 1891 3213 meum"
1921 3163 1977 3211 ει
1996 3154 2112 3209 loca
2138 3210 2188 3274 ο
2217 3174 2480 3229 clericum
2529 3187 2637 3227 non
2683 3171 3043 3228 ordinandum
3072 3169 3232 3236 dico;
3275 3183 3453 3239 neque
3498 3170 3672 3232 illum,
3709 3171 3809 3241 qui

534 3260 756 3321 Christi,
790 3263 960 3313 testor
980 3264 1035 3311 et
1064 3253 1242 3308 laudo.

610 3347 865 3403 Mundum
908 3345 1090 3406 istum,
1126 3342 1255 3397 licet
1286 3341 1452 3396 multa
1486 3340 1643 3410 quasi
1680 3338 1902 3395 confusa
1938 3346 1993 3393 et
2028 3336 2115 3393 in-

534 3439 787 3497 ordinata
815 3451 936 3493 esse
968 3434 1224 3490 videntur
1246 3435 1299 3489 in
1327 3450 1411 3491 eo.
1442 3446 1549 3487 non
1583 3440 1762 3487 tamen
1808 3428 2114 3487 temerariis

538 3532 777 3587 motibus
811 3532 897 3596 agi
925 3568 943 3594 ,
973 3525 1066 3584 sed
1098 3526 1277 3583 divina
1312 3524 1651 3597 providentia
1683 3522 1797 3594 regi
1831 3521 2111 3579 conﬁteor.

537 3624 679 3682 Ptihil
709 3625 854 3679 enim
880 3623 940 3678 tit
965 3620 1020 3677 in
1046 3628 1190 3676 terra
1216 3618 1333 3675 sine
1347 3632 1530 3674 causa.
1557 3614 1669 3671 Soli
1695 3616 1829 3671 recti
1851 3615 2014 3671 corde
2040 3614 2119 3669 in-

536 3719 788 3790 telligunt
830 3725 1096 3774 rectorem
1132 3713 1187 3769 in
1220 3712 1473 3769 omnibus
1507 3710 1699 3769 Deum.
1750 3708 1828 3765 De
1876 3706 2116 3764 minimis

533 3813 702 3869 etiam
732 3811 896 3867 rebus
920 3807 1083 3864 audio
1105 3806 1312 3862 dictum
1346 3820 1376 3859 a
1402 3803 1650 3867 Domino,
1690 3817 1828 3857 unus
1842 3814 2119 3872 passerum

533 3920 645 3963 m
682 3900 822 3959 cadit
845 3903 900 3955 ia
927 3908 1075 3955 terra
1102 3898 1215 3952 sine
1250 3891 1411 3952 Patre
1439 3904 1605 3951 rutro
1654 3889 1871 3963 (Matth.
1914 3907 1970 3956 κ,
1995 3889 2111 3962 29).

609 3993 788 4053 linum
811 3991 1136 4064 principium
1185 3989 1350 4044 credo
1370 4027 1386 4053 ,
1416 3994 1474 4043 et
1504 3999 1673 4042 unum
1705 3998 1975 4040 summum
2017 3984 2120 4040 bo-

536 4104 715 4155 num,
762 4102 795 4143 a
851 4100 961 4159 quo
993 4082 1175 4140 omnia
1225 4082 1368 4139 bona
1405 4078 1741 4152 procedunt,
1799 4077 2116 4135 anathema—

537 4183 716 4238 tizans
753 4178 904 4242 illos,
943 4176 1028 4233 vel
1049 4176 1139 4248 qui
1169 4178 1278 4233 duo
1306 4174 1569 4246 principia
1606 4173 1713 4230 sibi
1734 4175 1917 4245 ignota
1946 4172 2119 4227 intro—

539 4278 770 4338 ducunt,
795 4270 1070 4335 utCerdo,
1102 4278 1158 4325 et
1178 4269 1418 4324 Marcion
1450 4286 1463 4323 :
1499 4268 1579 4323 vel
1623 4267 1717 4338 qui
1742 4266 2015 4323 contraria
2059 4275 2119 4318 ut

542 4367 894 4431 Manichaius,
919 4365 1008 4420 vel
1041 4364 1135 4436 qui
1162 4362 1269 4419 tria
1289 4370 1353 4417 ut
1376 4360 1714 4427 Theodotus,
1734 4358 1824 4416 vel
1838 4363 1933 4429 qui
1948 4356 2120 4415 multa

539 4472 605 4516 ut
625 4458 964 4515 Valentinus.

2217 3281 2380 3323 unam
2418 3265 2653 3335 quidem.
2678 3264 2774 3321 sed
2800 3261 3179 3329 concubinam,
3211 3274 3320 3318 non
3351 3269 3663 3319 matronam
3706 3262 3811 3320 ha-

2217 3358 2373 3423 buit;
2417 3372 2520 3413 nec
2556 3355 2727 3421 illum,
2764 3354 2857 3426 qui
2902 3353 3154 3421 viduam,
3185 3353 3271 3410 vel
3297 3353 3631 3424 repudiatam
3655 3396 3669 3415 .
3715 3353 3807 3411 vel

2216 3449 2558 3506 meretricem
2590 3447 2643 3503 in
2676 3445 3083 3501 matrimonium
3108 3444 3367 3517 sumpsit;
3406 3457 3584 3514 neque
3626 3442 3802 3510 illum,

2216 3541 2308 3612 qui
2336 3556 2436 3613 per
2475 3538 2825 3595 ambitionem
2851 3535 2919 3592 ad
2956 3536 3314 3592 imitationem
3363 3533 3604 3590 Simonis
3656 3533 3800 3608 Magi

2216 3631 2504 3706 pecuniam
2520 3628 2698 3686 oti'ert.
2717 3627 2764 3686 0
2786 3625 3022 3684 infelicia
3051 3636 3295 3696 tempora
3319 3632 3522 3687 nostra,
3554 3638 3676 3694 qua
3695 3639 3807 3681 nec

2218 3725 2389 3782 Deum
2416 3724 2642 3787 timent,
2665 3734 2771 3777 nec
2798 3718 2907 3775 vim
2939 3732 3219 3774 sacrorum
3252 3729 3522 3773 canonum
3549 3730 3805 3773 reveren~

2217 3821 2335 3874 tur!
2364 3814 2555 3872 Nullus
2580 3813 2743 3873 modo
2767 3811 3065 3883 sacrilegus
3094 3810 3180 3867 vel
3209 3811 3567 3876 criminosus,
3614 3823 3683 3865 ne
3727 3809 3803 3866 ad

2216 3911 2360 3967 sacri
2389 3909 2595 3965 ordinis
2633 3902 2866 3963 ndicium
2891 3905 3136 3971 accedat,
3165 3900 3462 3961 inhibetur.
3500 3901 3555 3958 Si
3599 3901 3807 3962 marito

2216 4003 2447 4058 duarum
2477 3999 2820 4057 interdicitur
2858 3994 3176 4064 clericatus,
3209 4010 3314 4067 qua
3361 3995 3541 4053 [conte
3569 3994 3675 4059 ille,
3706 3996 3805 4066 qui

2219 4095 2400 4150 furore
2442 4092 2680 4149 libidinis
2729 4104 2829 4163 per
2876 4089 3076 4146 diversi
3127 4090 3345 4161 generis
3398 4090 3808 4159 inquinamentl

2219 4194 2467 4259 raptatus
2489 4194 2593 4252 est,
2628 4183 2711 4239 vel
2736 4184 3016 4248 diaconus,
3038 4182 3126 4241 vel
3150 4181 3453 4253 presbyter,
3492 4182 3572 4235 vel
3594 4182 3806 4253 episco-

2218 4294 2318 4349 pus
2354 4276 2467 4333 ﬁeri
2512 4276 2709 4332 audet?
2752 4273 2809 4329 Si
2844 4275 3125 4331 usurarius
3172 4290 3278 4328 non
3316 4282 3399 4328 est
3444 4274 3797 4341 ordinandus,

2218 4378 2273 4426 et
2304 4366 2411 4433 ille,
2441 4366 2532 4437 qui
2563 4366 2870 4421 membrum
2913 4363 2999 4419 sui
3034 4364 3277 4434 corporis
3306 4379 3408 4433 pro
3440 4365 3799 4434 qualicunque

2218 4457 2751 4516 truncaveritcausa.
2771 4462 2855 4511 est
2877 4454 3236 4509 removendus
3256 4455 3411 4522 juxta
3436 4455 3657 4511 decreta
3681 4467 3806 4509 con-

617 4571 637 4604 I
672 4564 693 4591 ε
724 4552 993 4609 Exsecror
1014 4565 1201 4607 eorum
1235 4562 1451 4620 quoque
1478 4542 1891 4617 blasphemiam.
1922 4541 2013 4611 qni
2037 4541 2119 4595 δί’
2152 4570 2195 4627 ο
2221 4548 2490 4613 ciliorum,
2518 4548 2648 4617 quid
2678 4545 2943 4617 agendum
2986 4553 3071 4600 est
3113 4545 3182 4600 de
3226 4543 3527 4599 simoniaco
3555 4551 3610 4599 et
3636 4544 3807 4600 totius

462 4638 467 4641 ’
538 4653 677 4703 cont
698 4642 1032 4715 impossibile
1052 4642 1257 4713 aliquid
1277 4639 1486 4697 homini
1526 4653 1563 4695 a
1586 4639 1699 4694 Deo
1730 4651 1853 4693 esse
1878 4647 2118 4705 praecep-

542 4751 657 4794 tum
688 4755 704 4795 z
734 4746 790 4795 et
809 4737 1068 4793 mandata
1094 4736 1192 4792 Dei
1234 4748 1344 4791 non
1379 4730 1663 4805 asingulis
1683 4770 1702 4797 ,
1732 4729 1831 4786 sed
1852 4731 1921 4786 ab
1949 4728 2120 4783 smni—

543 4835 643 4889 bus
664 4833 717 4888 in
758 4846 1041 4887 commune
1066 4845 1226 4901 posse
1259 4827 1487 4886 servari.
1519 4847 1539 4880 ι

619 4941 638 4974 ι
658 4920 684 4964 ἀ
706 4920 831 4978 illos
867 4921 1031 4978 etiam
1054 4934 1249 4988 respuo
1268 4926 1326 4974 et
1346 4918 1669 4982 condemno,
1691 4917 1781 4988 qui
1803 4916 1897 4971 Dei
1919 4914 2119 4971 Filium

542 5016 869 5073 necessitate
920 5015 1101 5071 carnis
1148 5011 1443 5070 mentitum
1487 5024 1609 5067 esse
1639 5010 1841 5071 dicunt.
1893 5016 1951 5063 et
1996 5020 2120 5060 eum

542 5118 764 5184 propter
782 5115 1119 5177 assumptum
1168 5104 1446 5161 hominem
1478 5116 1587 5159 non
1611 5102 1796 5157 omnia
1821 5098 2001 5155 facere
2025 5112 2124 5169 po-

549 5188 715 5256 tuisse
740 5238 756 5265 ,
789 5212 911 5270 quae
936 5197 1123 5252 voluit.
1152 5195 1354 5251 Eorum
1383 5207 1599 5265 quoque
1626 5193 1889 5248 hairesem
1914 5187 2122 5244 abomi-

545 5303 674 5353 nor,
690 5288 781 5359 qui
800 5286 1003 5342 nullam
1038 5288 1091 5342 in
1125 5284 1309 5341 futuro
1330 5285 1647 5341 meritorum
1670 5296 1790 5338 esse
1810 5279 2121 5338 distantiam

543 5384 817 5441 asserunt,
830 5391 1037 5448 nosque
1055 5391 1151 5433 eas
1170 5377 1244 5433 ibi
1267 5376 1549 5432 habituros
1572 5390 1693 5430 esse
1714 5372 1962 5435 virtutes,
1984 5384 2121 5439 quas

543 5470 635 5530 hic
663 5468 1016 5538 negleximus.
1054 5488 1074 5521 ι

618 5560 855 5617 XXXVI.
904 5578 929 5612 ι
966 5574 988 5602 ε
1021 5560 1233 5615 Novum
1258 5569 1315 5615 et
1339 5559 1505 5614 Vetus
1540 5558 1946 5614 Testamentum
1992 5553 2125 5610 reci-

620 5726 647 5758 ι
678 5714 1019 5771 Concordant
1049 5714 1327 5783 sequentia
1354 5712 1534 5783 quoad
1559 5726 1798 5777 sensum,
1827 5724 1933 5767 non
1958 5707 2119 5765 verba

548 5801 670 5846 cum
700 5784 960 5846 Gennad,
991 5798 1145 5853 capp.
1174 5782 1387 5853 30,5l,’
1410 5782 1498 5839 32.

620 5858 650 5902 ι
677 5853 942 5925 Gennad,
970 5852 1207 5925 ωρςξθ,
1237 5852 1357 5911 aliis
1387 5854 1579 5910 verbis.

2219 4640 2571 4712 turpitudinis
2596 4637 2752 4692 viro?
2793 4634 2907 4691 lien
2958 4638 3126 4690 miser
3154 4636 3289 4706 ego!
3330 4632 3510 4703 qualia
3553 4640 3805 4703 tempora

2217 4732 2349 4788 mihi
2381 4730 2607 4801 contigit
2628 4728 2839 4782 videre!
2880 4725 3167 4781 Decentius
3197 4737 3342 4780 nunc
3381 4732 3682 4779 tractantur
3707 4736 3802 4779 res

2218 4824 2338 4881 usui
2386 4820 2629 4892 corporis
2674 4820 3038 4882 necessariae,
3092 4832 3254 4887 quam
3299 4824 3645 4871 sacrosancta
3688 4829 3811 4885 my-

2219 4914 2423 4976 steria;
2458 4910 2602 4982 iuste
2647 4908 2776 4965 illud
2816 4909 2923 4964 dici
2954 4907 3109 4964 nobis
3152 4915 3329 4978 potest
3372 4926 3383 4961 :
3414 4905 3665 4971 Qumn'ris
3689 4922 3805 4973 me,

2222 5021 2323 5058 non
2356 5004 2479 5073 quia
2510 5002 2715 5061 vidistis
2746 5004 2896 5070 signa
2916 5042 2931 5066 ,
2954 4999 3046 5070 sed
3067 5002 3195 5071 quia
3236 5000 3601 5054 manducastis
3626 4999 3693 5054 de
3710 5014 3807 5070 ps-

2222 5094 2374 5150 m‘bus
2400 5094 2674 5158 (Joan.v1,
2700 5092 2814 5162 26).

2290 5184 2553 5243 XXXVII.
2596 5183 2707 5240 Has
2739 5183 2925 5255 igitur,
2974 5198 3113 5255 quas
3146 5183 3409 5250 diximus,
3447 5183 3804 5257 suscipientes

2220 5295 2346 5335 cum
2391 5278 2537 5334 omni
2572 5278 2805 5349 puritate
2834 5286 3053 5331 sanctas
3103 5275 3445 5346 Scriptores,
3499 5274 3803 5347 peregn'nis

2223 5382 2385 5443 atque
2430 5371 2627 5441 ignotis
2672 5369 2740 5424 dc
2787 5368 3191 5438 Scripturarum
3242 5367 3576 5422 continentia
3608 5364 3804 5423 fabulis

2222 5480 2332 5520 non
2372 5463 2531 5520 facile
2561 5453 3037 5518 accommodamus
3063 5474 3366 5515 assensum.
3397 5459 3649 5514 Doctrina
3678 5455 3801 5523 illa,

2221 5570 2344 5626 quas
2373 5563 2587 5609 tantum
2620 5551 2673 5609 in
2706 5560 2918 5610 secreto
2948 5551 3049 5609 sibi
3093 5550 3297 5625 placet,
3348 5562 3398 5608 et
3430 5550 3491 5608 in
3528 5548 3803 5626 publium

2298 5720 2320 5746 ε
2360 5704 2626 5776 Pelagius.

2294 5777 2319 5816 ἀ
2363 5776 2629 5846 Pelagius.

2300 5861 2321 5888 α
2362 5845 2629 5919 Pelagius.
