4090 6504
212 406 351 467 1081

897 405 1049 462 OPP.
1092 404 1318 462 DUBIA.
1360 435 1429 444 --
1467 402 1699 461 ALBINI
1737 401 2123 461 CONFESSIO
2160 403 2362 460 FiDEi.
2408 433 2476 444 —
2515 401 2696 458 PARS
2734 402 2820 460 lli.

3367 401 3510 458 ίοεξ

203 523 485 580 erubescit
509 521 683 588 exire,
733 521 878 578 absit
903 531 964 577 ut
1013 523 1229 578 aurium
1279 531 1589 577 nostrarum
1636 521 1804 575 intret
1827 517 1880 577 Δ
1908 517 2045 585 buit,
2077 518 2124 575 si
2154 516 2491 590 signaculum
2522 516 2618 573 Dei
2651 490 3025 573 similitudinis
3065 513 3201 570 fuit?
3249 533 3267 567 t
3299 513 3512 572 Notan-

200 630 486 675 cavernas.
519 613 673 672 Hanc
699 613 866 670 talem
913 628 1021 670 non
1075 614 1252 670 solum
1311 613 1579 686 fugimus,
1609 626 1800 667 verum

200 715 373 771 etiam
392 710 686 767 anathema
710 707 785 763 illi
815 705 1085 775 dicimus;
1114 715 1343 763 cunctos
1365 707 1651 761 haereticos
1677 719 1800 758 sen-

201 821 302 865 sus
331 819 434 862 nec
466 802 680 870 audire,
704 816 808 859 nec
839 801 1023 856 videre
1052 799 1316 856 volentes.
1340 797 1574 855 Omnem
1599 795 1802 852 doctri-

201 913 353 963 nam,
385 910 509 969 quae
534 892 908 952 ecclesiastico
935 892 1134 948 canoni
1179 907 1286 947 non
1313 890 1590 954 convenit,
1621 903 1800 958 neque

200 989 511 1054 conseruit,
538 1003 648 1043 non
677 985 852 1043 solum
881 1000 990 1041 non
1032 984 1376 1054 suscipimus,
1429 981 1522 1037 sed
1550 986 1608 1036 et
1634 979 1800 1036 veluti

199 1082 434 1140 alienam
470 1098 501 1136 a
532 1080 656 1136 fidei
680 1078 914 1135 veritate
948 1076 1294 1131 damnamus.

271 1171 636 1248 ignorantiam
662 1171 880 1243 quidem
910 1182 1085 1225 meam
1107 1166 1356 1224 confiteri
1388 1180 1496 1221 non
1509 1165 1794 1220 erubesco.

196 1265 256 1322 In
291 1266 491 1322 divinis
511 1263 685 1329 libris,
721 1263 992 1334 pracipue
1023 1259 1241 1316 Veteris
1256 1256 1618 1320 Testantenti,
1640 1256 1796 1326 plura

197 1375 289 1416 me
309 1358 515 1424 latent;
546 1371 718 1430 pauca
752 1355 906 1411 valde
944 1361 1109 1418 sunt,
1159 1365 1279 1423 qua.-
1307 1351 1440 1406 ntihi
1478 1357 1667 1420 patere
1713 1363 1798 1403 ar-

196 1452 392 1508 bitror.
425 1449 621 1505 Beatus
647 1440 880 1518 Moyses,
912 1445 999 1501 cui
1038 1444 1181 1499 Deus
1213 1451 1268 1499 et
1296 1439 1484 1497 mundi
1529 1438 1795 1510 originem

196 1555 256 1601 et
301 1543 527 1600 humani
558 1539 772 1615 generis
818 1536 1184 1596 conditionem
1227 1534 1399 1590 voluit
1429 1533 1792 1597 innotescere,

198 1636 270 1695 de
298 1637 385 1693 bis
426 1635 735 1709 praesertim
757 1674 770 1697 ,
806 1647 928 1703 qua:
950 1647 981 1685 a
1011 1629 1125 1686 Deo
1155 1643 1222 1683 ex
1247 1623 1420 1684 nihilo
1462 1623 1608 1681 facta
1645 1630 1793 1686 sunt.

197 1730 445 1789 breviter
469 1729 633 1786 nimis
669 1727 1010 1794 obscureque
1032 1721 1245 1777 locutus
1268 1727 1373 1776 est.
1408 1714 1562 1774 Unde
1594 1715 1794 1771 factum

197 1829 307 1890 est,
344 1829 405 1876 ut
426 1818 582 1876 multi
606 1816 776 1874 multa
799 1813 1017 1874 diversa
1045 1819 1400 1884 exponerent.
1425 1808 1633 1877 Quibus
1661 1823 1793 1863 sane

1903 609 2030 664 dum
2052 621 2266 680 quoque
2292 616 2393 674 est,
2421 615 2481 663 ut
2503 608 2580 663 ait
2606 606 2767 662 Pater
2790 606 3087 677 Gregorius
3119 617 3166 671 ο,
3201 605 3343 677 quod
3369 604 3507 666 dum

1905 701 2112 756 viarum
2141 701 2232 756 Dei
2266 701 2592 772 principium
2636 699 2934 755 Behemoth
2978 699 3198 765 dicitur,
3235 713 3500 758 vesanum

1902 790 2094 863 dogma
2149 792 2264 846 Arii
2314 802 2504 863 aperta
2555 792 2772 847 ratione
2829 789 3146 863 dissipatur.
3200 792 3504 851 Facturum

1900 886 2100 957 quippe
2127 885 2222 943 Dei
2246 885 2446 941 Filium
2489 885 2711 942 fatetur.
2739 886 2806 940 Et
2828 900 2956 942 ecce
2992 886 3293 943 Bebemoth
3329 890 3384 942 in
3417 883 3502 942 fa-
3587 925 3597 934 .

1901 989 2054 1034 ctura
2104 991 2284 1034 rerum
2336 981 2544 1051 primus
2586 987 2806 1036 creatus
2856 980 3183 1034 ostenditur.
3234 978 3501 1050 Stiperest

1901 1084 2062 1141 ergo,
2113 1075 2176 1126 ut
2220 1070 2384 1126 Arius
2424 1080 2518 1126 aut
2570 1070 2726 1144 [non]
2758 1070 2964 1126 factum
2992 1070 3188 1126 Filium
3215 1073 3498 1144 praedicet,

1899 1170 1997 1216 aut
2037 1175 2161 1218 eum
2190 1173 2316 1235 post
2339 1147 2656 1219 'Bebcmoth
2703 1165 2983 1219 conditum
3034 1164 3230 1219 stultus
3271 1171 3444 1234 putet.
3474 1183 3497 1218 ι

1900 1254 2137 1328 Angelos
2162 1257 2214 1311 in
2246 1257 2515 1327 principio
2541 1273 2661 1313 esse
2687 1257 2935 1312 conditos
2962 1255 3188 1311 forsitan
3239 1265 3296 1311 et
3345 1254 3497 1322 illud,

1900 1348 2044 1416 quod
2063 1349 2228 1405 beato
2248 1350 2274 1405 J
2283 1353 2350 1405 ob
2367 1350 2587 1416 dicitur,
2619 1351 2988 1407 demonstrat:
3020 1349 3121 1405 Ubi
3142 1365 3262 1406 eras
3285 1350 3499 1422 quando

1898 1440 2149 1510 ponebam
2180 1441 2526 1513 fundamenta
2564 1456 2743 1509 terra’,
2801 1453 2858 1498 ct
2885 1440 3046 1513 paulo
3095 1453 3245 1515 post,
3276 1457 3392 1498 cum
3417 1457 3502 1499 me

1898 1530 2180 1588 laudarent
2223 1543 2373 1588 astra
2416 1538 2706 1602 matutina,
2759 1543 2806 1590 et
2838 1535 3134 1606 jubilarent
3182 1546 3359 1591 omnes
3397 1533 3501 1605 ﬁlii

1897 1624 1998 1681 Dei
2027 1625 2172 1698 (Job.
2204 1643 2438 1694 xxxviii,
2467 1627 2520 1695 ι,
2547 1627 2627 1698 7).

1969 1723 2214 1786 XXXIX.
2281 1729 2639 1787 inveniantur
2687 1738 2951 1802 patet-ea
3009 1745 3118 1786 non
3176 1729 3500 1804 spernenda:

1896 1819 2141 1877 scientiae
2178 1821 2322 1887 viri,
2356 1823 2448 1891 qui
2497 1830 2753 1877 neutrum
2781 1836 2972 1878 eorum
3002 1821 3302 1892 praeferunt
3329 1863 3344 1888 ,
3401 1821 3500 1880 sed

292 1877 457 1986 parte
485 1914 638 1970 lectis
670 1924 778 1968 non
808 1909 940 1965 mihi
971 1877 1346 1968 satis-elucet.
1378 1901 1578 1966 fateor,
1607 1901 1735 1973 quid
1761 1917 1789 1956 a

1901 1923 2134 1984 utraque
2159 1913 2319 1969 simul
2344 1929 2374 1970 a
2395 1911 2510 1970 Deo
2535 1923 2723 1970 creata
2744 1931 2865 1970 esse
2892 1877 3099 1979 dicunt,
3126 1917 3203 1970 ita
3228 1922 3288 1968 nt
3307 1927 3502 1970 unum-

197 2006 311 2062 Deo
341 2003 595 2077 primitus
644 1999 811 2060 fuerit
854 1997 1076 2056 factum.
1107 1994 1233 2054 ideo
1263 1993 1488 2051 diliinite
1512 2007 1617 2049 non
1644 1993 1794 2059 dico,

193 2101 337 2158 sicut
364 2099 432 2154 de
459 2097 684 2166 reliquis
729 2109 877 2152 nunc
907 2107 1102 2162 usque,
1135 2105 1258 2160 quae
1301 2089 1370 2144 ad
1419 2084 1792 2144 ecclesiastica

193 2193 452 2265 dogmata
481 2190 777 2262 pertinent,
807 2186 904 2244 sed
923 2195 980 2242 et
1008 2186 1278 2256 majorum
1323 2187 1635 2237 nostrorum
1667 2192 1794 2234 sen-

194 2302 291 2342 sus
325 2295 380 2340 et
409 2284 707 2341 sententias
735 2295 898 2354 pono.
929 2281 1069 2336 Sunt
1097 2290 1356 2347 namque,
1397 2275 1492 2346 qui
1537 2270 1787 2336 credunt,

196 2376 486 2433 informem
522 2375 808 2431 materiam
856 2373 1096 2445 primum
1143 2368 1346 2426 factam
1384 2364 1572 2432 fuisse,
1612 2371 1670 2422 et
1697 2379 1794 2436 po-

191 2478 312 2526 stea
343 2467 642 2542 angelicam
677 2474 954 2524 naturam.
999 2463 1243 2533 Quorum
1293 2475 1432 2515 unus
1458 2503 1472 2526 ,
1529 2465 1590 2513 ut
1640 2469 1784 2522 reor,

188 2569 352 2620 aetate
406 2571 462 2618 et
507 2559 775 2633 sapientia
829 2560 914 2614 vir
964 2569 1235 2630 magnus,
1285 2552 1667 2611 incunctanter
1716 2551 1790 2607 ita

190 2653 458 2725 scriptum
481 2652 744 2724 reliquit:
782 2669 801 2704 ι
831 2650 890 2706 in
922 2649 1193 2722 principio
1230 2643 1439 2704 creavit
1489 2641 1634 2700 Deus
1677 2653 1791 2697 cte-

186 2745 333 2811 lum,
365 2755 422 2804 et
444 2753 669 2811 terram,
692 2751 760 2800 .et
778 2755 977 2814 aquam
1015 2757 1084 2798 ex
1114 2737 1308 2807 nihilo,
1337 2747 1392 2794 et
1440 2750 1565 2794 cum
1609 2734 1788 2791 adhuc

187 2835 432 2894 tenebrae
457 2837 634 2909 ipsam
659 2846 859 2906 aquam
900 2833 1272 2899 occultarent,
1299 2839 1360 2887 et
1412 2843 1553 2900 aqua
1585 2837 1788 2882 terram

188 2928 585 2996 absconderet,
617 2926 748 2985 facti
796 2936 925 2985 sunt
965 2925 1142 2999 angeli
1186 2932 1244 2981 et
1287 2933 1478 2980 omnes
1531 2920 1789 2977 celestes

183 3021 422 3077 virtutes
449 3032 498 3076 ι.
535 3040 556 3075 ι
602 3019 823 3076 Utinam
868 3016 1081 3090 Moyses
1123 3014 1230 3072 hoc
1269 3015 1346 3069 ita
1392 3013 1624 3070 haberet
1667 3010 1788 3067 sine

186 3111 542 3184 ambiguitate
569 3110 906 3182 descriptum
926 3149 942 3176 ,
984 3109 1053 3163 de
1077 3106 1237 3178 cujus
1270 3106 1576 3162 assertione
1623 3117 1789 3160 nemo

183 3201 438 3260 dubitare
473 3201 897 3273 permitteretur.
929 3196 1036 3255 Sed
1057 3211 1270 3255 mecum
1302 3196 1654 3252 vehementer
1681 3195 1775 3250 ad—

1897 2003 2152 2074 quodqus
2182 2020 2371 2060 corum
2401 2005 2507 2061 dici
2537 2006 2712 2076 possit
2744 2005 2984 2061 initium.
3035 2003 3167 2072 Qua:
3209 2006 3351 2061 ratio
3378 2021 3502 2063 esse

1895 2091 2237 2164 probabilior
2280 2093 2534 2161 videtur,
2579 2094 2689 2151 illis
2716 2095 2821 2149 hoc
2862 2091 3023 2150 modo
3056 2087 3442 2150 dimnientibus
3482 2113 3496 2151 :

1893 2179 2036 2238 Ante
2065 2193 2287 2238 omnem
2340 2179 2502 2254 hujus
2537 2182 2721 2240 διδουιὶ
2750 2184 2895 2240 diem
2924 2184 3136 2241 creavit
3161 2182 3308 2239 Deus
3339 2198 3502 2257 snpe-

1892 2274 2094 2331 riorem
2123 2282 2179 2332 et
2204 2274 2547 2348 spiritualem
2575 2289 2700 2335 cum
2731 2279 2847 2334 suis
2873 2277 3074 2334 accolis
3101 2278 3362 2334 mundum
3381 2321 3395 2345 ,
3442 2287 3503 2336 et

1893 2367 2186 2425 informem
2227 2368 2398 2426 totius
2425 2366 2587 2439 hujus
2621 2369 2805 2425 mundi
2847 2370 3160 2439 materiam,
3184 2369 3342 2441 juxta
3390 2371 3498 2428 hoc

1891 2462 2038 2534 quod
2077 2463 2339 2534 scriptum
2380 2471 2467 2518 est
2499 2479 2511 2515 :
2555 2459 2661 2528 Qui
2689 2462 2813 2518 trivit
2856 2461 2913 2517 in
2948 2473 3204 2520 atomum
3227 2507 3242 2531 ,
3302 2463 3497 2520 creauit

1891 2558 2072 2615 mnia
2106 2557 2268 2614 simul
2319 2552 2526 2632 (Ereti.
2575 2568 2748 2625 aviti,
2798 2556 2896 2632 l).
2960 2557 3076 2619 Hoc
3121 2570 3356 2633 namque
3398 2573 3502 2634 per

1891 2649 2114 2723 Moysen
2144 2649 2348 2708 dicitur
2363 2649 2521 2723 juxta
2547 2649 2837 2707 historiam
2884 2669 2898 2706 :
2944 2650 3016 2708 In
3056 2652 3320 2725 principio
3371 2651 3498 2723 fecit

1889 2741 2034 2798 Deus
2056 2740 2246 2798 caelum
2270 2752 2321 2799 et
2348 2752 2546 2798 terram
2584 2736 2739 2816 (Gen.
2773 2759 2814 2810 ι,
2848 2742 2923 2816 1).
2955 2743 3093 2800 Nam
3124 2744 3247 2802 ideo
3279 2742 3497 2817 Moyses

1888 2842 2005 2889 tam
2053 2831 2296 2890 breviter
2345 2829 2476 2891 fecit
2521 2833 2858 2891 mentionem
2913 2835 3213 2907 superioris
3266 2837 3452 2893 mundi
3477 2876 3498 2902 .

1888 2925 2019 2998 quia
2045 2926 2114 2983 de
2141 2925 2344 2982 mundo
2378 2923 2516 2992 hoc,
2548 2927 2601 2980 in
2642 2939 2752 2998 quo
2797 2925 2962 2984 homo
3000 2925 3174 2984 factus
3197 2935 3284 2984 est
3307 2969 3323 2994 ,
3355 2927 3495 2984 scri-

1887 3017 2022 3078 bere
2055 3018 2334 3084 decrevit,
2374 3012 2622 3076 sufﬁcere
2650 3019 2882 3077 credens
2907 3060 2923 3089 ,
2973 3021 3022 3076 si
3071 3033 3288 3078 omnem
3337 3032 3494 3078 crca‘

1887 3117 2024 3167 tunc
2060 3108 2357 3182 spiritualis
2383 3119 2436 3166 et
2461 3109 2752 3168 invisibilis
2782 3119 3008 3178 statum,
3035 3125 3198 3184 atque
3233 3123 3493 3171 ornatum

1886 3219 1998 3260 uno
2030 3205 2156 3261 cteli
2197 3207 2450 3273 nomine,
2485 3206 2631 3278 quod
2665 3207 2720 3262 in
2747 3207 3016 3279 principio
3062 3205 3268 3263 factum
3316 3207 3491 3275 dixit,

181 3294 378 3360 miror,
410 3265 509 3348 cur
531 3291 620 3350 ille
651 3301 838 3348 tantus
866 3291 986 3355 vir.
1030 3303 1157 3346 cum
1187 3287 1475 3344 manifesta
1503 3286 1648 3359 loqui
1685 3302 1782 3359 Ρο-
1807 3265 1854 3329 c
1885 3297 2376 3369 comprehenderet
2417 3265 2446 3354 ι’
2472 3265 2814 3370 corporalem
2850 3265 2983 3356 vei-0
3013 3298 3283 3356 visibilem
3321 3265 3488 3372 atque

181 3387 311 3452 tuit,
341 3393 402 3440 ut
428 3393 580 3457 puto,
619 3399 732 3456 pra:
761 3383 973 3440 cunctis
1005 3381 1348 3446 hominibus,
1378 3375 1543 3453 5,10
1571 3380 1637 3435 de
1666 3385 1780 3436 tam

1890 3387 2290 3459 corruptibilem
2317 3396 2626 3447 creaturam
2670 3391 2832 3448 latius
2869 3407 2937 3449 ex
2977 3392 3173 3448 ordine
3201 3393 3486 3450 describe-

178 3477 418 3537 excelsis
443 3478 610 3533 rebus
639 3478 712 3533 ita
739 3475 930 3531 maluit
959 3483 1159 3530 tacere.
1193 3469 1364 3542 Hujus
1393 3469 1642 3527 videlicet
1668 3468 1778 3524 dif-
1884 3489 1998 3547 ι-εεις
2033 3480 2138 3538 hoc
2184 3491 2290 3548 εει,
2320 3483 2506 3541 tacitis
2552 3483 2654 3552 eis,
2710 3499 2834 3556 qua;
2880 3485 3073 3542 amara
3122 3485 3354 3556 quasi“,
3379 3527 3396 3555 ’
3432 3494 3493 3544 ει

178 3569 444 3627 finitionis
468 3569 630 3626 Pater
648 3567 951 3642 Gregorius
977 3568 1032 3623 in
1057 3567 1293 3636 quodam
1344 3564 1464 3619 loco
1509 3559 1775 3628 meminit.
1879 3572 2110 3629 fortiora
2143 3583 2390 3631 scrutatu
2415 3584 2567 3644 sunt,
2592 3576 2678 3630 illa
2706 3577 2909 3647 potius,
2940 3591 3064 3648 qua:
3091 3592 3121 3633 a
3152 3574 3266 3634 Deo
3303 3578 3484 3635 omni-

180 3676 346 3734 quam
368 3667 553 3716 tamen
571 3673 680 3716 non
704 3659 1022 3715 aliirmando
1042 3657 1246 3729 posuit,
1269 3657 1349 3710 sic
1370 3655 1595 3711 dicens:
1617 3674 1638 3708 ι
1660 3653 1782 3711 Pri-
1879 3663 1984 3721 bus
2015 3674 2289 3738 precepts
2331 3668 2449 3724 sive
2486 3667 2757 3739 promissa
2788 3677 2936 3735 sunt,
2970 3670 3258 3743 eogitanda
3286 3682 3491 3743 propo-

180 3767 272 3812 ma
291 3753 438 3810 enim
452 3752 507 3807 in
526 3759 768 3823 tempore
784 3749 1003 3806 condita
1026 3756 1224 3804 natura
1239 3745 1646 3803 rationabilinm
1666 3746 1779 3818 spi-

179 3844 385 3902 rituum
410 3843 673 3902 creditur.
704 3840 860 3910 Quod
883 3841 931 3897 si
954 3841 1030 3896 ita
1059 3848 1165 3907 est,
1192 3841 1318 3895 dum
1349 3848 1501 3896 terra
1523 3845 1672 3896 esset
1696 3836 1782 3895 in-

174 3934 410 3993 visibilis
444 3943 503 3990 et
549 3932 928 4004 incomposita,
960 3931 1090 3986 dum
1116 3936 1358 3987 tenebrae
1396 3939 1586 3987 essent
1613 3945 1780 4002 super

174 4025 454 4104 abyssum,
478 4035 764 4085 venturum
786 4026 930 4082 diem
950 4023 1335 4097 subsequentis
1361 4021 1546 4082 saeculi
1565 4036 1667 4098 per
1685 4021 1772 4080 iu-

173 4139 295 4181 cem
309 4123 590 4195 sapientite
607 4121 891 4179 existendo
909 4126 1293 4192 praevenerunt
1310 4119 1361 4173 δ.
1389 4138 1410 4172 ι

247 4215 533 4274 XXXVIII.
577 4213 720 4270 Sunt
747 4221 931 4268 autem
962 4222 1018 4267 et
1039 4211 1130 4266 alii
1156 4211 1251 4283 qui
1287 4209 1588 4284 angelicam
1616 4214 1776 4264 natu-

174 4325 315 4376 ram,
346 4323 467 4379 quae
491 4305 707 4381 dignior
729 4315 816 4362 est
859 4311 916 4362 et
939 4305 1267 4360 eminentior
1293 4312 1549 4358 creatura
1573 4342 1588 4366 ,
1626 4299 1776 4355 arbi-

172 4399 394 4460 trantur
417 4403 469 4456 in
492 4399 685 4456 ordine
713 4396 1040 4455 conditionis
1065 4397 1318 4469 primam.
1342 4391 1584 4462 Quorum
1613 4392 1775 4449 intel-

1879 3765 2057 3815 neret.
2093 3757 2248 3816 Unde
2277 3760 2445 3816 etiam
2475 3759 2726 3817 consuite
2769 3759 2838 3818 de
2863 3774 2998 3818 casu
3038 3761 3485 3833 praevaricatoris

1879 3849 2054 3924 angeli
2089 3857 2146 3906 et
2187 3853 2461 3910 sociorum
2490 3854 2610 3926 ejus
2643 3855 2862 3926 penitus
2907 3856 3159 3930 reticuit,
3207 3854 3336 3926 quia
3373 3856 3480 3913 hoc

1877 3940 2139 3997 nimirum
2186 3943 2254 3998 ad
2311 3951 2515 4000 statum
2556 3943 2702 4002 illius
2740 3944 3030 4002 invisibilis
3073 3955 3132 4002 et
3180 3947 3486 4018 spiritualis

1876 4041 2148 4092 creaturae
2171 4037 2448 4108 pertinere
2477 4034 2775 4096 arbitratus
2821 4046 2925 4096 est.
2959 4037 3018 4096 in
3041 4039 3315 4112 principio
3355 4056 3483 4098 cum

1877 4126 2017 4185 cmlo
2043 4127 2245 4188 factam
2269 4129 2404 4186 dicit
2432 4128 2603 4185 solam
2629 4141 2852 4196 terram,
2876 4139 3001 4187 cum
3017 4139 3253 4203 quatuor
3267 4141 3484 4192 constet

1875 4235 2000 4278 esse
2023 4221 2293 4278 elementa
2321 4241 2334 4277 :
2369 4232 2423 4279 et
2453 4224 2558 4280 hoc
2607 4239 2723 4291 cur,
2770 4224 2877 4282 nisi
2923 4225 3048 4295 quia
3080 4226 3151 4280 ad
3192 4224 3296 4280 alia
3318 4266 3332 4290 ,
3360 4241 3475 4296 qua-

1878 4314 2052 4384 magis
2092 4314 2404 4370 necessaria
2447 4325 2623 4381 erant,
2678 4315 3047 4386 properabat?
3095 4312 3281 4384 Neque
3329 4317 3480 4371 enim

1875 4417 2062 4473 aquas,
2089 4402 2192 4458 nisi
2215 4416 2246 4456 a
2267 4402 2378 4458 Deo
2402 4403 2573 4459 factas
2610 4402 2771 4459 simul
2792 4420 2914 4460 cum
2944 4403 3083 4460 coelo
3105 4411 3160 4460 et
3185 4414 3330 4459 terra
3358 4419 3467 4461 cre-

172 4495 340 4552 lectui
367 4490 884 4564 suﬂ'ragarividetnr
904 4487 1055 4554 illud,
1083 4488 1231 4559 quod
1256 4503 1289 4542 a
1309 4487 1538 4542 Domino
1561 4483 1771 4540 dictum
1874 4495 2004 4550 dere
2033 4493 2115 4550 fas
2139 4504 2244 4550 est.
2269 4494 2425 4562 Quod
2455 4496 2502 4552 si
2532 4495 2648 4568 ipse
2675 4511 2785 4552 ηοη
2809 4496 2987 4568 palam
3011 4496 3164 4562 dicit,
3185 4497 3368 4568 palam
3395 4507 3477 4553 ιιι-

169 4597 259 4644 est
288 4588 353 4643 de
377 4581 793 4655 Luciibrodpse
817 4591 895 4637 est
923 4581 1244 4653 principium
1269 4581 1476 4634 uiarum
1492 4577 1593 4634 Dei
1619 4578 1762 4650 (Job.
1795 4629 1842 4659 η
1871 4601 1997 4642 men
2022 4585 2311 4659 signiﬁcat,
2340 4601 2464 4643 cum
2491 4585 2594 4643 has
2631 4603 2663 4642 ε
2688 4587 2802 4643 Deo
2859 4587 3178 4652 inusti-atas,
3208 4597 3376 4658 atque
3405 4588 3475 4643 ad

172 4629 259 4644 ν...
289 4629 353 4643 ..ν
377 4629 791 4655 .......-......-,--
819 4629 892 4637 η,
923 4629 1239 4653 νηπυνη---
1274 4629 1589 4634 --ηψηηη
1622 4629 1660 4650 ν

171 4693 264 4744 ιι,
313 4675 423 4748 ll).
458 4673 599 4744 Quid
623 4674 768 4730 enim
800 4672 917 4728 vias
944 4671 1042 4727 Dei
1072 4670 1177 4725 nisi
1209 4668 1326 4738 ejus
1351 4669 1594 4724 actiones
1622 4667 1765 4724 acci-

1893 4629 1997 4642 ..νη
2022 4629 2311 4659 .,.,,.........-,
2343 4629 2464 4643 νυ...
2495 4629 2594 4643 .....,
2631 4629 2663 4642 ..
2689 4629 2802 4643 νυν
2860 4629 3178 4652 ...υν........,,
3208 4629 3374 4658 ...ηιυν
3405 4629 3458 4643 ..ε

1890 4693 2076 4733 ussum
2122 4676 2240 4745 ejus
2265 4679 2546 4734 ordinatas
2577 4679 2838 4735 insinuat.
2872 4677 2979 4734 Sed
3005 4686 3061 4734 et
3089 4678 3301 4750 reliqua
3327 4679 3458 4745 duo,

171 4769 371 4841 pimus,
401 4766 470 4822 de
496 4764 691 4836 quibus
717 4778 816 4834 per
839 4763 1162 4835 prophetam
1196 4759 1398 4815 dicitur
1429 4778 1443 4815 :
1473 4757 1599 4814 Non
1626 4759 1764 4815 enim

1890 4767 1924 4823 d
1950 4778 2065 4834 est,
2105 4768 2245 4839 ignis
2271 4778 2328 4825 et
2353 4785 2468 4836 aer,
2495 4769 2745 4840 quamvis
2795 4785 2900 4824 non
2928 4769 3201 4835 dicantur,
3254 4777 3468 4826 certum

170 4868 294 4914 mu
332 4857 428 4912 vita
455 4873 606 4922 metu,
635 4856 770 4910 sicut
795 4855 891 4910 nite
919 4863 1103 4909 uestra
1125 4852 1291 4925 (Iam,
1316 4866 1403 4916 ιν,
1427 4850 1502 4923 8).
1522 4852 1590 4906 Et
1615 4852 1765 4921 prin-
1865 4867 1947 4914 est
1983 4868 2164 4913 tamen
2194 4875 2257 4914 ea
2292 4858 2347 4914 in
2376 4856 2503 4926 illis,
2537 4867 2683 4915 terra
2707 4859 2961 4916 videlicet
2984 4869 3041 4917 et
3069 4874 3230 4931 aqua,
3264 4858 3469 4930 quibus

171 4951 372 5023 cipium
401 4949 613 5003 viarum
638 4946 840 5003 dicitur
873 4941 1192 5010 Bebemoth,
1218 4943 1346 5015 quia
1373 4943 1429 4998 in
1457 4951 1653 4998 natura
1679 4958 1764 4999 ree
1866 4950 2038 5007 indita
2066 4957 2212 5016 sunt,
2251 4950 2319 5005 ab
2342 4963 2408 5007 eo
2436 4951 2844 5022 comprehendi.
2874 4952 3054 5023 ignem
3094 4965 3328 5021 namque
3353 4961 3469 5006 ter-

169 5055 296 5098 rum
340 5038 488 5094 hunc
528 5037 768 5094 creando
808 5052 906 5108 per
956 5035 1318 5127 substantiam
1356 5035 1609 5127 conditor
1650 5035 1765 5107 pri-
1866 5056 1941 5097 rte
1975 5040 2328 5127 interloribu;
2356 5039 2578 5097 insitum
2619 5041 2780 5098 calidi
2808 5056 3076 5112 aquarum
3124 5041 3302 5098 fontes
3335 5056 3469 5112 pro—

168 5146 323 5190 mum
352 5130 503 5188 fecit.
543 5129 663 5201 ipse
688 5143 924 5199 namque
942 5126 1237 5199 primatum
1263 5126 1406 5182 inter
1433 5125 1655 5196 angelos
1683 5133 1762 5182 te—
1862 5131 2020 5188 dunt.
2052 5129 2156 5197 Qui
2176 5125 2340 5186 etiam
2364 5132 2638 5188 invenitur
2670 5132 2725 5186 in
2759 5130 2904 5186 ferro
2927 5140 2982 5186 et
3016 5129 3312 5202 lapidibus,
3344 5144 3466 5202 qute

169 5228 292 5286 nuit
316 5242 440 5284 cum
467 5225 666 5298 quibus
704 5220 866 5279 simul
897 5220 1151 5278 conditus
1177 5218 1375 5287 fuerat,
1432 5220 1578 5276 sicut
1621 5217 1762 5277 dicit
1861 5231 2023 5278 terrae
2047 5223 2257 5280 viscere
2273 5220 2389 5292 jam
2415 5230 2545 5279 tunc
2569 5222 2788 5280 condita
2814 5221 3077 5278 latebant.
3109 5221 3217 5277 Aer
3245 5234 3375 5280 vero
3404 5221 3464 5278 in

168 5317 442 5390 Propheta
475 5336 488 5372 :
536 5313 694 5374 Cedri
739 5332 844 5371 non
874 5315 1110 5386 fuerunt
1145 5310 1364 5368 altiores
1414 5310 1509 5366 illo
1538 5306 1758 5383 (Bacch.
1862 5312 1982 5387 ipsa
2029 5325 2175 5370 terra
2205 5314 2512 5386 permixtus
2539 5327 2662 5371 esse
2701 5315 3050 5386 cognoscitur
3098 5329 3163 5370 ex
3196 5325 3264 5368 eo
3291 5313 3459 5384 quod,

172 5426 328 5478 aut,
351 5410 427 5483 8).
466 5399 569 5478 Qui
599 5409 802 5463 idcirco
833 5420 1067 5479 peccans
1116 5404 1236 5461 sine
1262 5403 1423 5459 venia
1469 5402 1762 5459 damnatus
1862 5410 1987 5462 cum
2013 5406 2324 5463 humectata
2351 5403 2516 5462 fuerit
2551 5415 2607 5461 et
2637 5407 2955 5477 temperiem
2991 5403 3122 5461 solis
3166 5404 3463 5476 acceperit,

170 5513 287 5568 est,
325 5505 452 5574 quia
474 5516 700 5573 magnus
727 5500 846 5557 sine
873 5497 1282 5571 comparatione
1313 5494 1488 5552 fuerat
1518 5499 1758 5557 creatus.
1860 5507 1989 5551 mox
2037 5511 2270 5567 vapores
2313 5495 2537 5552 exhalat
2589 5495 2952 5568 largissimus.
3001 5494 3168 5572 igitur
3197 5494 3355 5565 quale
3389 5495 3466 5550 sit

171 5596 240 5653 Et
269 5610 485 5650 rursum
515 5593 682 5657 idem,
705 5591 800 5664 qui
825 5606 990 5661 supra
1029 5607 1041 5644 :
1077 5587 1156 5644 Tu
1196 5586 1532 5659 signaculum
1577 5587 1764 5644 simili-
1864 5587 2092 5655 ctelum,
2124 5587 2270 5659 quod
2295 5588 2348 5645 in
2371 5587 2643 5659 principio
2661 5600 2787 5644 cum
2807 5595 2950 5643 terra
2974 5584 3178 5641 factum
3204 5592 3311 5650 est,
3344 5584 3463 5656 ipso

170 5684 370 5742 tudinis
393 5680 610 5758 (Exerit.
629 5698 823 5749 xxvm,
859 5681 966 5753 η).
1009 5681 1149 5749 Quid
1176 5679 1324 5736 enim
1354 5679 1482 5737 boni
1518 5694 1630 5736 non
1657 5679 1760 5738 ha-
1865 5679 2126 5748 insinuat,
2156 5684 2281 5737 'cum
2312 5679 2444 5736 dicit
2483 5698 2496 5734 :
2536 5676 2701 5736 Terra
2729 5683 2905 5735 antem
2936 5687 3047 5731 erat
3077 5676 3252 5732 inanis
3283 5683 3332 5730 et
3372 5689 3462 5731 eeo

245 5813 270 5841 ι
310 5799 620 5857 Gennadius
679 5798 732 5854 in
779 5795 1165 5854 ecclesiasticis
1215 5792 1609 5867 Dogmatibus,
1634 5808 1756 5868 cap.
1936 5791 1964 5834 ιο
2000 5791 2317 5868 Gregorius,
2344 5791 2438 5847 lib.
2467 5807 2637 5868 nytu
2671 5789 2829 5857 Man,
2862 5801 2981 5862 cap.
3011 5788 3100 5844 il.

176 5871 261 5928 ιο.
1298 5858 1327 5867 ⁷
1574 5858 1609 5864 ’⁷
1702 5858 1720 5868 ’
1939 5874 1964 5903 ε
2004 5858 2163 5937 Grai.
2194 5862 2353 5933 ibid.,
2385 5876 2505 5936 cap.
2532 5862 2617 5918 ii.
