4090 6498
440 362 581 423 1083

1260 364 1319 422 Β.
1450 366 1675 424 ALBINI
1715 366 1845 424 SEU
1886 365 2160 423 ALCUINI
2196 363 2483 422 OPERUM
2521 364 2701 421 PARS
2741 364 2874 421 Vill.
2906 436 2911 439 _
2991 384 2996 391 ν

3578 368 3715 427 1084

440 497 544 536 eua
571 475 725 552 (Gen.
752 494 791 547 ι,
812 479 891 549 2).
919 479 992 539 Ut
1010 479 1142 553 quid
1178 481 1324 539 enim
1368 481 1484 537 haec
1512 480 1580 536 de
1609 491 1753 536 terra
1802 491 2031 552 pmter-
2059 482 2106 541 Δ
2133 485 2244 544 est;
2273 476 2452 532 ethoc
2481 485 2631 532 tanta
2656 476 2938 533 velocitate
2965 475 3165 533 divina:
3202 476 3443 547 virtutis,
3488 488 3549 535 ut
3586 497 3718 538 nec-

444 573 616 630 m'tsso
638 571 781 629 celo
801 572 1013 639 intulit,
1040 572 1147 629 nisi
1169 573 1296 644 quia
1322 572 1458 628 nihil
1485 574 1593 629 tale
1618 574 1685 629 de
1707 572 1848 629 ccelo
1872 572 2031 628 intel-

441 667 537 741 ligi
558 666 767 723 voluit?
790 665 970 740 Ipsum
997 676 1083 724 est
1106 668 1253 723 enim
1279 668 1476 723 coelum
1490 668 1760 738 superius,
1784 668 1929 735 quod
1961 667 2031 723 ab

441 759 592 815 omni
614 758 802 814 mundi
823 756 984 828 hujus
1003 757 1227 815 volubili
1257 764 1402 815 statu
1427 768 1721 824 secretum,
1754 757 1925 830 gloria
1950 759 2031 814 di-

442 852 586 907 vinae
616 851 923 923 pnesentiae
955 858 1140 907 manet
1163 865 1381 923 semper
1400 851 1665 921 quietum,
1683 850 1739 905 in
1767 864 1878 921 quo
1906 866 2031 922 per-

442 942 586 998 fecte
614 943 796 999 omnia
820 942 1082 1014 disposita
1103 956 1319 1013 semper
1340 941 1575 999 fuerunt.
1595 940 1734 999 Nam
1752 942 1822 999 de
1843 953 2032 1001 nostro

441 1033 602 1099 coelo,
630 1033 685 1089 in
710 1049 818 1105 quo
835 1035 1010 1105 posita
1032 1042 1160 1091 sunt
1176 1034 1468 1090 luminaria
1489 1034 1617 1091 huic
1637 1034 1834 1091 saeculo
1847 1049 2031 1093 neces-

441 1124 611 1191 saria,
634 1125 1073 1195 insequentibus,
1088 1127 1363 1198 quomodo
1373 1124 1461 1182 vel
1474 1125 1691 1197 quando
1710 1128 1781 1183 sit
1799 1125 2027 1193 factum,

440 1214 559 1287 ipse
588 1214 867 1289 legislator
901 1216 1167 1275 declarat.
1206 1214 1325 1274 Non
1355 1231 1486 1289 ergo
1532 1216 1864 1273 credendum
1911 1222 2027 1284 est;

441 1318 505 1365 ut
538 1308 790 1381 superius
827 1306 961 1366 illud
1003 1306 1230 1378 calum,
1274 1308 1420 1381 quod
1443 1316 1528 1364 est
1557 1306 1869 1363 mortalium
1904 1322 2029 1365 om-

439 1401 593 1457 nium
625 1400 1009 1472 conspectibus
1054 1400 1450 1469 inaccessibile,
1479 1399 1643 1456 inane
1676 1406 1919 1455 creatum
1956 1398 2031 1456 sit

441 1501 765 1561 etvacuum,
791 1499 854 1549 ut
876 1500 1047 1560 terra,
1074 1507 1196 1565 qua:
1236 1491 1363 1550 talis
1392 1500 1522 1547 tunc
1560 1500 1702 1558 erat,
1731 1490 1908 1562 qualis
1932 1492 2029 1547 ad-

442 1585 551 1640 huc
591 1584 694 1641 sub
743 1583 853 1641 imo
908 1585 1078 1641 maris
1126 1582 1395 1657 profundo
1447 1598 1516 1639 ex
1561 1591 1717 1654 parte
1760 1590 2025 1639 remanet.

443 1674 652 1747 Quippe
678 1675 833 1746 cujus
857 1676 1170 1732 universam
1190 1672 1535 1747 superﬁciem
1563 1672 1619 1728 in
1649 1679 1857 1728 tantam
1881 1681 2029 1744 tege-

441 1766 576 1823 bant
599 1764 935 1822 altitudinem
961 1780 1135 1837 aqua,
1173 1773 1233 1822 ut
1260 1763 1329 1821 ad
1358 1764 1479 1821 illos
1503 1763 1655 1821 locos
1698 1778 1872 1835 usque
1904 1778 2028 1834 per-

2134 568 2260 622 dum
2312 568 2556 639 primum.
2599 568 2782 623 mundi
2847 569 3121 627 nascentis
3173 580 3508 627 momentum
3564 582 3711 630 esset

2134 671 2537 717 transcensum.

2204 753 2318 810 XL.
2359 754 2456 810 liis
2488 755 2563 810 ita
2600 754 2836 823 auditis,
2882 754 3024 811 absit
3066 765 3127 812 ut
3178 755 3464 813 sinistmm
3512 758 3717 829 aliquid

2132 848 2267 903 mihi
2298 849 2562 920 suSpicari
2592 848 2758 904 libeat
2789 849 2861 906 de
2890 850 3072 907 verbis
3098 850 3379 909 doctorum
3400 890 3417 918 ,
3471 858 3619 906 tanta
3648 853 3719 909 de

2131 940 2361 995 summis
2388 939 2553 996 rebus
2587 940 2944 1011 loquentium.
2995 942 3148 998 Licet
3169 944 3402 1017 Moyses,
3453 961 3577 1003 cum
3604 965 3717 1019 quo

2130 1029 2275 1087 Deus
2299 1030 2511 1088 locutus
2540 1042 2646 1099 est,
2678 1034 2796 1089 haac
2824 1048 2965 1106 pene
2986 1036 3189 1093 intacta
3218 1037 3514 1109 reliquerit.
3545 1038 3719 1100 Video

2130 1122 2276 1177 enim
2308 1121 2417 1177 Deo
2447 1122 2774 1194 promissum
2803 1138 2928 1180 esse
2948 1124 3251 1197 impletum,
3286 1128 3379 1199 qui
3412 1130 3571 1186 dicit:
3610 1130 3718 1197 Qui

2129 1213 2297 1271 credit
2323 1214 2379 1270 in
2406 1232 2509 1283 me,
2533 1218 2758 1286 ﬂumina
2778 1217 2843 1272 de
2864 1228 3040 1275 vetare
3070 1221 3189 1289 eius
3212 1222 3376 1292 [luent
3411 1239 3564 1294 aqua
3588 1224 3720 1280 rima

2130 1305 2313 1379 (Joan.
2347 1321 2446 1374 vn,
2471 1306 2585 1381 58).
2645 1307 2800 1365 Unde
2825 1309 3117 1367 modernos
3151 1310 3312 1368 laudo
3355 1313 3627 1381 doctores,
3660 1324 3721 1371 et

2128 1410 2320 1452 eorum
2340 1397 2543 1468 scripta
2566 1397 2801 1454 libenter
2832 1398 3037 1470 lectito,
3086 1401 3180 1472 qui
3208 1402 3338 1461 dum
3369 1404 3719 1475 antiquorum

2129 1488 2272 1545 dicta
2301 1487 2607 1557 revolvunt,
2639 1506 2709 1546 ex
2734 1489 3023 1547 multorum
3050 1491 3285 1550 lectione
3313 1494 3551 1552 radicem
3573 1497 3720 1554 veri-

2128 1576 2257 1632 tatis
2277 1575 2526 1632 rimando
2547 1577 2847 1634 inveniunt.
2882 1578 3096 1647 Quanto
3128 1583 3272 1640 enim
3299 1591 3428 1640 sunt
3446 1582 3715 1653 iuniores,

2127 1676 2279 1726 tanto
2296 1669 2744 1741 perspicaciores,
2768 1679 2824 1727 et
2844 1686 2911 1729 eo
2933 1672 3104 1745 magis
3128 1673 3320 1731 ﬂorent
3348 1674 3585 1748 ingenio,
3608 1692 3719 1749 quo

2127 1760 2195 1815 de
2216 1757 2460 1830 pluribus
2480 1757 2721 1818 fontibus
2744 1761 3064 1821 hauserunt.
3112 1763 3282 1838 igitur
3309 1780 3378 1823 ex
3401 1766 3488 1824 bis
3515 1768 3715 1839 tribus,

444 1859 714 1933 tingerent
733 1899 750 1927 ,
785 1859 879 1916 ubi
922 1874 1069 1916 nunc
1114 1871 1289 1929 usque
1321 1872 1485 1930 supra
1529 1856 1931 1912 firmamentum
1961 1871 2030 1913 ex
2060 1843 2107 1906 Β
2132 1871 2254 1927 qua:
2286 1855 2591 1927 posuimus,
2616 1857 2747 1928 quid
2771 1858 2952 1915 verius
2982 1859 3073 1927 sit,
3109 1873 3213 1932 ego
3235 1875 3343 1917 non
3369 1859 3584 1936 indago,
3612 1879 3717 1920 ne-

443 1959 600 2025 parte
628 1952 897 2020 resident;
928 1952 1021 2009 sed
1052 1949 1223 2025 [cum]
1248 1951 1361 2008 suis
1391 1949 1583 2007 incolie
1607 1965 1736 2006 mox
1759 1958 2026 2017 creatum,

443 2041 550 2100 hoc
570 2050 675 2110 est,
698 2042 1026 2100 beatissimis
1049 2040 1380 2115 Angelorum
1411 2041 1718 2115 agminibus
1744 2042 2030 2113 impletum

442 2145 528 2193 est
564 2152 579 2190 :
626 2151 764 2209 quos
793 2137 848 2193 in
893 2134 1161 2208 principio
1190 2151 1315 2191 cum
1344 2134 1484 2191 coelo
1512 2149 1635 2191 esse
1682 2134 1931 2190 conditos
1976 2142 2033 2189 et

442 2239 610 2294 terra,
658 2242 725 2283 ac
774 2243 902 2285 mox
956 2226 1321 2283 conditionem
1350 2241 1505 2303 suam
1527 2266 1543 2292 ,
1599 2224 1761 2282 simul
1785 2234 1842 2281 et
1866 2225 2032 2281 totius

440 2332 707 2377 creatum
735 2319 1122 2392 primordialis,
1172 2318 1242 2375 ad
1280 2319 1496 2375 laudem
1522 2316 1824 2375 conditoris
1878 2324 2029 2373 retu-

439 2410 569 2467 lisse
594 2419 824 2469 testatur
848 2411 964 2483 ipsc
989 2410 1258 2477 conditor,
1275 2412 1369 2482 qui
1395 2409 1623 2482 loquens
1646 2408 1715 2465 ad
1731 2407 1832 2465 Joh
1853 2408 1989 2464 dixit
2013 2426 2026 2464 :

442 2502 542 2559 Ubi
579 2521 697 2561 eras
725 2504 938 2577 quando
968 2502 1224 2574 ponebam
1275 2503 1626 2573 fundamenta
1678 2510 1833 2557 terra:
1881 2499 2027 2573 (Iob.

441 2613 678 2666 xxxviii,
707 2595 795 2671 i);
825 2604 881 2653 et
907 2604 1028 2667 post
1055 2593 1215 2667 paulo
1246 2613 1260 2649 :
1290 2611 1412 2651 cum
1433 2612 1516 2650 me
1540 2593 1822 2649 laudarent
1847 2608 2029 2649 omnes

437 2689 541 2760 ﬁlii
568 2687 665 2745 Dei
694 2688 884 2764 (Ibid.,
911 2706 960 2745 υ.
990 2688 1067 2763 5).
1106 2687 1298 2746 Merito
1335 2689 1520 2760 itaque
1546 2688 1745 2744 coelum
1774 2687 1897 2744 cceli
1920 2704 2030 2746 non

443 2783 608 2842 inane
634 2784 720 2841 vel
745 2800 978 2843 vacuum
1017 2799 1140 2841 esse
1167 2782 1372 2842 factum
1398 2794 1737 2842 memoratur
1766 2803 1779 2841 :
1810 2786 1907 2842 sed
1928 2801 2031 2843 nec

442 2879 686 2935 tenebris
708 2878 763 2935 in
783 2893 869 2945 eo,
898 2877 982 2934 vel
1010 2879 1210 2950 abysso
1236 2877 1391 2935 locus
1412 2892 1696 2936 remanere
1717 2878 1861 2935 ullus
1899 2895 2028 2952 pero

444 2973 679 3039 hibetur,
709 2971 853 3044 quod
875 2972 1137 3030 Dominus
1164 2971 1308 3031 Deus
1330 2987 1544 3046 semper
1563 2972 1634 3029 sb
1656 2972 1775 3046 ipso
1804 2974 2029 3030 exordio

443 3064 733 3133 illuminat,
761 3064 897 3135 ipse,
923 3066 1017 3138 qui
1044 3074 1130 3123 est
1157 3064 1251 3122 lux
1275 3080 1442 3133 vera,
1493 3065 1778 3137 lucemque
1815 3064 2031 3122 habitat

444 3157 905 3226 inaecessibilem;
937 3157 1096 3229 cujus
1118 3157 1434 3215 beatissima
1464 3158 1672 3215 visione
1696 3173 1824 3215 mox
1853 3158 2025 3214 creati

442 3251 499 3308 in
541 3249 697 3307 ctelis
738 3249 1001 3306 caelorum
1048 3250 1227 3322 angeli
1264 3249 1378 3322 jam
1404 3249 1612 3322 perfrui
1646 3259 1944 3323 eruperant,
1972 3250 2028 3307 in

442 3354 553 3411 quo
580 3354 704 3397 mox
722 3339 965 3410 perfecte
992 3341 1178 3397 omnia
1222 3339 1487 3414 disposita
1537 3338 1781 3412 Spiritus
1809 3349 2031 3397 sanctus

445 3432 769 3499 illustrabat,
800 3449 909 3490 non
932 3443 992 3490 ut
1020 3434 1076 3490 in
1106 3432 1457 3492 inferioribus
1484 3434 1553 3489 ad
1586 3433 1893 3506 perfectum
1935 3436 2032 3491 de-

445 3525 644 3581 ducere
670 3524 1003 3591 intendebat,
1040 3524 1183 3582 sicut
1214 3526 1477 3597 scriptum
1500 3535 1586 3583 est
1622 3545 1633 3580 :
1664 3524 1893 3597 Spiritus
1921 3523 2031 3579 Do-

444 3616 575 3672 mini
594 3614 860 3688 ferebatur
879 3633 1035 3689 super
1058 3634 1225 3691 aquas
1254 3614 1411 3690 (Gen.
1443 3634 1496 3685 ι,
1527 3618 1583 3691 2)
1609 3634 1625 3684 ;
1656 3631 1755 3673 sua
1784 3616 2033 3673 videlicet

446 3710 672 3780 virtute,
700 3710 906 3767 habens
930 3712 984 3767 in
1012 3711 1230 3784 propria
1256 3718 1555 3782 potestate,
1588 3710 1754 3766 veluti
1778 3709 2030 3777 Creator,

444 3803 666 3877 quando
687 3818 781 3861 eas
809 3805 862 3860 in
886 3804 1065 3861 locum
1093 3812 1405 3861 secerneret
1429 3818 1596 3859 unum
1614 3844 1631 3871 ,
1670 3810 1731 3857 ut
1766 3809 1911 3857 terra
1937 3817 2032 3872 ap-

448 3903 688 3969 pareret.
729 3894 1038 3968 Superferri
1068 3895 1215 3952 enim
1240 3894 1461 3961 dicitur,
1500 3909 1609 3950 non
1639 3893 1905 3963 positione
1927 3891 2029 3947 loci

450 3991 546 4047 sed
565 3995 699 4045 nutu
721 3988 1029 4060 praecellere
1055 3988 1406 4060 disponendis
1428 3988 1695 4044 creaturis
1724 4001 1739 4041 :
1765 3986 1818 4042 in
1843 3985 2032 4041 simili-

452 4084 696 4142 tudinem
722 4080 929 4138 scilicet
953 4079 1115 4148 fabri,
1137 4078 1290 4149 cujus
1316 4077 1567 4134 voluntas
1590 4076 1692 4142 his,
1719 4091 1839 4148 quas
1866 4072 2034 4130 labri-

449 4174 637 4231 candxe
664 4180 806 4239 sunt,
836 4171 1002 4228 rebus
1029 4171 1165 4227 solet
1187 4169 1503 4241 superferri.
1530 4168 1678 4223 Illius
1700 4182 1915 4239 quoque
1943 4183 2034 4222 su-

451 4268 687 4339 perioris
714 4274 770 4324 et
802 4265 1089 4323 invisibilis
1129 4274 1397 4321 creatura:
1450 4271 1671 4319 sanctus
1719 4262 1949 4319 Basilius
1979 4265 2033 4320 in

448 4359 591 4416 libro
620 4358 991 4414 Hexaemeron
1013 4358 1337 4415 sccundoita
1363 4355 1521 4430 411
1548 4355 1990 4411 meminitdicens
2017 4375 2029 4412 :

458 4468 478 4501 ι
505 4447 853 4505 Arbitramur
888 4449 1072 4513 enim,
1117 4448 1165 4503 si
1194 4446 1295 4503 fuit
1322 4448 1602 4517 quidpiam
1649 4455 1774 4503 ante
1818 4447 2037 4502 institu-

450 4540 651 4595 tionem
678 4537 951 4595 sensibilis
979 4536 1139 4606 hujus
1160 4545 1215 4593 et
1241 4536 1613 4607 corruptibilis
1651 4534 1863 4600 mundi,
1909 4553 2035 4608 pro-

448 4631 594 4688 fecto
621 4632 674 4686 in
703 4629 822 4685 lucc
854 4630 973 4685 fuit.
1019 4629 1208 4701 Neque
1237 4630 1382 4684 enim
1434 4630 1665 4701 dignitas
1714 4631 2027 4702 angelorum
2059 4608 2109 4667 D

450 4738 551 4781 nec
568 4724 808 4789 omnium
827 4720 1131 4778 caelestium
1152 4721 1377 4785 militiae,
1403 4721 1485 4776 vel
1512 4721 1641 4792 quid
1666 4730 1751 4778 est
1781 4724 2032 4778 nomina-

448 4824 562 4870 tum
594 4822 688 4869 aut
716 4812 1165 4883 incompcllabile,
1200 4820 1293 4867 aut
1332 4812 1513 4883 aliqua
1545 4813 1882 4869 rationabilis
1913 4815 2027 4869 vir-

450 4917 539 4964 tus
585 4906 670 4963 vel
699 4906 1035 4962 ministratur
1082 4906 1307 4975 spiritus
1345 4904 1540 4976 degere
1573 4913 1759 4977 posset
1796 4906 1850 4960 in
1882 4913 2032 4961 tcnc-

449 4999 566 5054 bris
589 5041 604 5063 ,
630 4999 728 5053 sed
755 4997 811 5052 in
840 4997 961 5052 luce
1008 5006 1064 5053 et
1110 4996 1293 5052 ltetitia
1323 4998 1604 5053 decentem
1634 4998 1736 5053 sibi
1784 4998 2029 5088 habitum

448 5089 762 5160 possidebat
783 5101 833 5144 ι.
865 5110 885 5143 ι
924 5090 1069 5145 Bene
1096 5105 1225 5160 ergo
1262 5090 1465 5145 dictum
1514 5098 1593 5145 est
1626 5108 1636 5142 :
1687 5089 1752 5144 In
1775 5091 2032 5162 principio

453 5178 596 5232 Deus
623 5178 742 5247 fecit
773 5177 958 5233 calum
994 5188 1043 5235 et
1089 5189 1286 5235 terram
1315 5179 1469 5251 (Gen.
1504 5197 1556 5246 ι,
1602 5180 1675 5251 l).
1728 5180 1800 5236 Ut
1846 5189 2035 5250 aperte

450 5266 614 5321 detur
645 5266 905 5338 intelligi,
932 5270 1057 5339 quia
1098 5278 1391 5339 utrumque
1418 5269 1579 5325 simul
1627 5271 1696 5324 ab
1722 5285 1788 5325 eo
1832 5270 2035 5327 factum

446 5366 571 5419 est,
602 5359 852 5428 quamvis
879 5369 1171 5430 utrumque
1214 5360 1372 5417 simul
1416 5363 1484 5417 ab
1530 5361 1749 5417 homine
1776 5362 1883 5417 dici
1928 5379 2034 5419 non

452 5451 647 5523 possit.
694 5450 838 5507 Dicit
884 5453 1028 5507 enim
1080 5453 1577 5524 psalmographus:
1623 5452 1782 5508 Initio
1814 5464 1890 5516 tu,
1927 5453 2036 5509 Do-

459 5544 623 5606 mine,
659 5552 855 5597 terram
887 5543 1121 5613 fundasti
1167 5542 1356 5615 (Psal.
1406 5561 1491 5611 et,
1538 5543 1665 5613 26).
1700 5545 1912 5615 Moyses
1945 5561 2038 5599 au-

455 5642 565 5688 tem
601 5650 615 5689 :
647 5633 710 5690 In
742 5634 997 5707 principio
1028 5635 1149 5705 {erit
1197 5635 1341 5691 Deus
1365 5634 1572 5690 emtum.
1626 5635 2037 5706 Undealiquido

452 5723 745 5795 colligitur,
801 5725 928 5795 quia
979 5725 1187 5781 factura
1218 5728 1505 5797 utriusque
1558 5727 1764 5797 pariter
1821 5727 2035 5798 esplcta

2048 3204 2098 3271 C

2129 1965 2236 2021 que
2272 1950 2501 2019 dillinio,
2524 1966 2652 2009 cum
2696 1952 2799 2009 sim
2819 1953 3128 2028 parvissimi
3179 1954 3434 2013 homulus
3486 1957 3717 2029 ingenii,

2128 2043 2225 2099 sed
2259 2042 2484 2116 Spiritui
2506 2054 2695 2102 sancto
2717 2046 2987 2117 relinquo,
3011 2046 3164 2118 juxta
3197 2047 3329 2105 illud
3354 2067 3368 2104 :
3399 2047 3458 2106 Si
3478 2050 3606 2122 quid
3632 2067 3717 2107 re-

2128 2136 2344 2192 siduum
2370 2147 2468 2204 est,
2503 2140 2623 2211 igne
2665 2140 2979 2198 eontburetis
3014 2140 3212 2215 (Exod.
3255 2159 3354 2211 xu,
3390 2144 3501 2219 10).
3571 2145 3721 2205 Deus

2129 2243 2365 2302 namque
2395 2237 2480 2287 est
2515 2231 2658 2304 ignis
2681 2232 2968 2290 invisibilis
2986 2242 3044 2290 et
3083 2233 3455 2307 incorporeus,
3492 2237 3583 2307 qui
3620 2255 3719 2294 no-

2128 2319 2217 2377 bis
2249 2321 2511 2377 omniain
2558 2320 2648 2378 illa
2690 2321 2812 2379 luce
2841 2339 2987 2380 verte
3021 2308 3263 2383 scientiae
3296 2328 3558 2384 revelabit
3595 2328 3717 2384 abs-

2131 2413 2371 2468 condita.
2431 2412 2551 2470 Non
2582 2412 2756 2472 solum
2784 2422 2967 2472 autem
3012 2417 3078 2474 de
3112 2428 3485 2476 creaturarum
3513 2419 3711 2486 causis,

2128 2504 2223 2561 sed
2244 2505 2408 2562 etiam
2433 2491 2599 2580 (quod
2620 2510 2966 2579 praestantius
2988 2510 3093 2583 εει)
3116 2510 3181 2567 de
3202 2512 3318 2583 ipso
3333 2521 3584 2569 creatore
3609 2512 3712 2570 illic

2128 2597 2285 2654 nobis
2319 2598 2496 2671 palam
2538 2601 2967 2658 annuntiabitur.
3039 2600 3299 2661 Conditor
3331 2604 3477 2660 enim
3508 2614 3708 2672 noster,

2127 2704 2252 2747 cum
2277 2690 2389 2763 jam
2419 2690 2577 2749 nobis
2606 2708 2706 2765 per
2725 2694 2964 2764 speciem
2997 2695 3339 2765 ostendetur,
3377 2707 3505 2753 tunc
3530 2696 3715 2756 docto-

2129 2797 2253 2839 rum
2307 2783 2473 2840 verba
2508 2783 2919 2841 subtrahentur.
2982 2784 3103 2859 ipsa
3154 2784 3481 2844 vivificatris
3519 2788 3718 2857 virtus,

2127 2890 2249 2946 qua:
2278 2878 2503 2948 spiritus
2527 2878 2728 2935 format
2745 2879 3085 2950 angelorum,
3121 2881 3389 2951 quomodo
3412 2880 3554 2939 Deus
3581 2897 3724 2953 pra:-

2128 2970 2202 3026 sit
2229 2969 2417 3029 electis
2449 2971 2764 3042 spiritibus,
2796 2972 3115 3031 insinuabit.
3181 2971 3464 3043 Quomodo
3514 2973 3722 3047 aliquid

2128 3078 2231 3120 nos
2249 3065 2451 3136 poterit
2471 3065 2660 3135 latere,
2709 3081 2836 3123 cum
2872 3066 3016 3124 Deus
3045 3080 3212 3123 causa
3241 3081 3553 3134 causarum,
3604 3067 3720 3124 vita

2128 3156 2447 3224 viventium,
2492 3164 2550 3215 et
2572 3158 2712 3217 ratio
2742 3157 3143 3216 rationabilium
3175 3161 3527 3230 semetipsum
3561 3160 3722 3217 nobis

2133 3248 2282 3306 clara
2308 3248 2515 3306 visione
2544 3246 2932 3316 manifestabit,
2954 3249 3069 3324 jam
3094 3250 3309 3321 penitus
3331 3251 3547 3309 detersa
3575 3266 3723 3306 men-

2136 3340 2206 3397 tis
2236 3348 2439 3397 nostra:
2472 3340 2738 3414 caligine?
2785 3339 2901 3398 Hoc
2934 3349 3117 3398 autem
3172 3351 3259 3399 est
3306 3343 3449 3413 quod
3506 3342 3716 3399 Veritas

2136 3430 2297 3489 dicit:
2351 3430 2498 3488 Venit
2519 3432 2673 3500 hora,
2710 3449 2831 3490 cum
2848 3434 2969 3505 jam
2994 3451 3099 3491 non
3133 3435 3189 3490 in
3225 3434 3502 3504 proverbiis
3524 3433 3717 3502 loquar

2134 3524 2299 3593 vobis,
2340 3528 2432 3581 sed
2473 3524 2651 3597 palam
2700 3525 3033 3582 annuntiabit
3067 3524 3207 3581 vobis
3236 3524 3417 3599 (Joan.
3441 3542 3527 3581 xvn
3548 3567 3563 3593 ,
3594 3525 3714 3598 25).

2134 3616 2325 3674 Palam
2359 3617 2557 3688 quippe
2586 3616 2652 3673 de
2685 3615 2848 3673 Patre
2892 3631 2952 3672 se
2986 3617 3309 3674 annuntiare
3354 3618 3569 3685 asserit,
3618 3618 3714 3689 qui

2134 3720 2235 3775 per
2256 3704 2588 3779 patefactam
2613 3721 2725 3764 sum
2752 3703 3054 3778 maiestatis
3075 3709 3335 3782 speciem,
3372 3718 3430 3766 et
3449 3710 3716 3780 quomodo

2134 3799 2251 3872 ipse
2279 3799 2516 3872 gignenti
2542 3799 2719 3871 impar
2748 3814 2855 3857 non
2884 3798 2975 3867 sit,
2999 3808 3056 3857 et
3074 3800 3343 3871 quomodo
3365 3810 3719 3872 utrorumque

2135 3892 2357 3963 spiritus
2379 3892 2593 3964 utrique
2613 3901 2913 3949 coaeternus
2925 3893 3201 3963 procedat,
3226 3892 3482 3950 ostendit.
3517 3892 3720 3967 Aperte

2134 3998 2370 4055 namque
2393 3990 2522 4040 tunc
2542 3983 2863 4052 videbimus,
2887 3985 3156 4056 quomodo
3183 3984 3307 4054 hoc,
3329 3985 3474 4057 quod
3496 3985 3721 4045 oriende

2134 4083 2238 4141 cst,
2261 4076 2332 4143 ei,
2369 4076 2436 4131 de
2458 4090 2565 4147 quo
2586 4076 2781 4143 oritur,
2811 4077 3147 4148 subsequens
3174 4092 3280 4150 non
3310 4088 3423 4147 est;
3450 4078 3722 4150 quomodo

2135 4166 2205 4234 is,
2253 4168 2345 4239 qui
2374 4182 2471 4239 per
2504 4169 2907 4238 processionem
2950 4167 3285 4238 producitur,
3333 4183 3365 4225 a
3396 4168 3724 4240 proferenti-

2137 4258 2237 4314 bus
2259 4273 2363 4313 non
2395 4259 2638 4331 prmitur.
2714 4256 2913 4329 Aperte
2940 4267 3066 4314 tunc
3091 4258 3414 4325 videbimus,
3452 4260 3723 4330 quomodo

2135 4359 2191 4403 et
2228 4364 2392 4403 unum
2416 4349 2759 4405 divisibiliter
2808 4349 2912 4403 tria
2940 4349 3068 4415 sint,
3102 4357 3158 4405 et
3187 4350 3588 4408 indivisibiliter
3619 4353 3721 4408 tria

2137 4456 2324 4496 unum.
2386 4439 2592 4513 Lingua
2634 4450 2763 4499 tunc
2792 4442 3064 4498 narrantis
3109 4438 3206 4498 Dei
3262 4451 3366 4510 est,
3414 4444 3529 4499 visa
3562 4444 3726 4500 clari-

2138 4542 2223 4587 tas
2281 4532 2633 4589 sublevantis.
2689 4532 2843 4590 Unde
2872 4549 2988 4600 eos,
3036 4534 3127 4605 qui
3180 4534 3347 4591 Deum
3403 4535 3609 4601 dicunt,
3662 4537 3719 4593 in

2138 4625 2227 4679 illa
2258 4638 2472 4696 quoque
2494 4624 2840 4681 beatitudinis
2883 4626 3102 4697 regione
3139 4626 3193 4681 in
3222 4626 3467 4682 claritate
3496 4627 3717 4699 quidem

2136 4732 2235 4771 sua
2285 4716 2549 4787 conspici,
2599 4716 2694 4773 sed
2741 4716 2795 4772 in
2823 4728 3017 4772 natura
3065 4718 3289 4775 minimc
3317 4719 3487 4775 videri
3530 4734 3713 4790 posse,

2138 4808 2316 4863 minor
2359 4807 2725 4878 inquisitionis
2763 4807 3032 4865 subtilitas
3058 4806 3265 4867 fefellit.
3325 4810 3419 4867 lsti
3454 4812 3590 4866 tales
3620 4827 3722 4867 nec

2138 4899 2360 4971 angelos
2382 4899 2731 4970 suspicantur
2769 4899 2954 4956 videre
2987 4900 3177 4958 Deum.
3248 4902 3432 4977 Neque
3465 4904 3611 4958 enim
3644 4903 3721 4959 illi

2137 4989 2370 5061 simplici
2404 4997 2461 5045 et
2488 4989 2912 5047 incommutabili
2955 4993 3206 5049 essentia:
3239 4993 3382 5049 aliud
3433 5002 3517 5050 est
3562 4994 3726 5051 clari-

2138 5091 2240 5147 tas,
2299 5081 2446 5137 aliud
2469 5090 2681 5147 natura,
2719 5083 2813 5138 sed
2838 5083 2951 5154 ipsa
2981 5093 3174 5140 natura
3203 5102 3299 5142 sua
3323 5086 3565 5152 claritas,
3607 5088 3723 5160 ipsa

2136 5173 2359 5229 claritas
2380 5182 2572 5228 natura
2593 5167 2696 5239 ést,
2730 5176 2870 5231 sicut
2894 5176 3109 5232 Veritas
3152 5177 3417 5248 promittit
3444 5196 3457 5234 :
3492 5178 3724 5249 Manife-

2137 5265 2287 5320 stabo
2307 5280 2387 5319 me
2408 5264 2487 5320 illi
2517 5263 2697 5336 (Joan.
2729 5278 2840 5329 xxv,
2879 5264 2991 5337 Si).
3057 5266 3136 5323 Ac
3162 5267 3209 5322 si
3241 5276 3495 5341 patenter
3534 5268 3677 5325 dicat
3705 5287 3719 5325 :

2139 5357 2242 5424 Qui
2274 5356 2327 5411 in
2358 5364 2540 5412 vestra
2574 5370 2661 5411 me
2684 5357 2927 5425 cernitis,
2975 5366 3145 5415 restat
3164 5368 3225 5414 ut
3268 5359 3325 5415 in
3359 5374 3479 5417 mea
3515 5375 3603 5417 me
3630 5377 3725 5417 na-

2142 5460 2263 5504 tura
2288 5448 2537 5503 videatis.

2213 5535 2348 5591 χιι.
2390 5535 2532 5607 Ergo
2560 5552 2682 5592 cum
2706 5536 2774 5591 ad
2798 5537 2972 5608 ipsum
3001 5536 3202 5595 fontem
3233 5539 3356 5597 vitae
3392 5541 3718 5606 venerimus,

2139 5630 2246 5685 crit
2260 5629 2415 5683 nobis
2438 5626 2829 5684 delectabiliter
2856 5629 3117 5701 impressa
3137 5630 3259 5687 sitis
3282 5643 3443 5703 atque
3463 5633 3719 5691 satietas:

2140 5723 2235 5778 sed
2289 5721 2443 5792 longe
2485 5722 2641 5777 abest
2702 5739 2733 5776 a
2759 5724 2846 5779 siti
2884 5727 3195 5791 necessitas,
3234 5726 3387 5799 longe
3420 5743 3452 5783 a
3475 5728 3724 5786 satietate

524 5855 549 5881 ⁸
574 5841 823 5912 Basilius,
857 5843 1011 5901 llom.
1042 5844 1076 5898 2
1106 5845 1157 5899 in
1187 5843 1581 5910 llrsaemcron,
1612 5843 1905 5914 [lattlupnst
1930 5842 2178 5898 medium.
2215 5838 2367 5895 Tum.
2412 5839 2429 5892 1
2455 5838 2638 5929 ρυρικ,
2680 5857 2799 5911 pug,
2832 5841 2896 5895 -|7
