4090 6520
167 445 308 504 1085
843 442 992 501 OPP.
1033 442 1263 499 DUBIA.
1303 474 1370 483 —-
1411 438 1635 499 ALBINI
1677 436 1757 496 ΕΟ

1855 437 2061 496 'ESSIO
2096 437 2298 495 FIDEI.
2337 470 2405 480 -—
2445 435 2625 494 PARS
2663 437 2750 494 Π.
3298 437 3440 495 1086

162 560 462 627 fastidium,
495 556 622 630 quia
652 563 708 613 et
727 556 971 613 sitientes
999 557 1360 622 satiabuntur,
1390 564 1446 612 et
1470 553 1651 610 satiati
1675 552 1748 607 si-
1775 550 1826 613 Ᾱ
1853 558 1908 606 et
1928 560 2079 609 caste
2109 554 2303 625 pieque
2326 552 2630 608 viventibus
2656 559 2981 625 praeparata.
3035 551 3142 608 Sed
3176 561 3440 608 :etcrnam

167 656 385 712 ticmus.
435 650 749 709 Videbimus
772 651 936 723 igitur
959 649 1152 715 Deum,
1210 651 1431 725 ipseque
1472 649 1579 704 erit
1606 663 1747 719 prae-
1849 658 2100 714 mortem,
2134 662 2255 719 quae
2301 647 2406 704 erit
2427 647 2641 704 diabolo
2670 655 2724 702 et
2750 647 2954 721 angelis
2984 646 3123 717 ejus,
3184 647 3285 720 ipsi
3320 661 3441 703 cor-

165 747 336 804 mium
367 744 571 802 laboris
618 744 827 810 nostri,
862 751 921 799 ut
953 750 1076 813 post
1100 742 1446 797 mortalitatis
1473 740 1632 810 hujus
1665 747 1747 794 te-
1848 753 1951 811 pus
1971 738 2134 812 512
2156 739 2327 811 ipsius
2357 739 2535 796 effecti
2566 755 2664 812 per
2693 740 2891 796 malam
2918 740 3313 813 operationem,
3343 736 3445 795 ha-

164 840 393 906 ncbras,
450 848 672 894 accessa
716 836 833 908 ejus
862 834 983 892 luce
1017 833 1365 907 gaudeamus.
1424 833 1535 890 Nec
1567 842 1750 890 tamen
1848 829 2070 885 bebunt.
2132 827 2240 887 Sed
2264 831 2313 886 si
2343 841 2492 898 sunt,
2525 832 2616 903 qui
2642 831 2807 888 velint
2831 830 3131 904 intelligere
3155 830 3304 886 illam
3335 829 3440 885 im-

165 934 265 1001 ita,
303 932 446 990 sicut
471 930 619 987 videt
646 930 779 1001 ipse,
811 927 937 999 quia
978 942 1045 984 eo
1090 928 1207 999 ipso
1248 927 1485 999 pondere
1518 927 1751 983 circum-

166 1027 478 1093 scribimur,
504 1040 613 1097 quo
633 1031 882 1080 creatura
915 1037 1124 1079 sumus.
1182 1020 1315 1090 Quae
1334 1020 1587 1077 nimirum
1611 1020 1750 1076 visio

163 1135 312 1177 nunc
346 1120 448 1177 fide
497 1120 800 1185 inchoatur,
836 1116 931 1173 sed
973 1122 1101 1172 tunc
1136 1115 1189 1170 in
1236 1114 1415 1185 specie
1447 1109 1747 1186 perficitur,
1803 1101 1806 1104 ’

165 1214 387 1284 quando
421 1221 748 1269 coaeternam
771 1208 870 1267 Dei
894 1207 1236 1280 sapientiam,
1282 1220 1446 1277 quam
1470 1203 1633 1261 modo
1653 1216 1754 1275 per

164 1322 265 1365 ora
291 1308 572 1364 doctorum
597 1305 880 1370 sumimus,
909 1303 964 1358 in
994 1302 1114 1374 ipso
1137 1317 1236 1356 suo
1263 1300 1412 1355 fonte
1431 1297 1747 1355 biberimus.

163 1400 227 1458 In
264 1400 395 1471 ipsis
418 1412 549 1471 ergo
569 1396 931 1454 invisibilibus
962 1410 993 1450 a
1028 1392 1140 1449 Deo
1170 1391 1422 1457 conditis,
1450 1404 1569 1462 qua:
1600 1403 1752 1443 com-

163 1492 431 1566 prehendi
453 1506 559 1548 non
590 1497 839 1563 possunt,
901 1487 1113 1543 discere
1156 1483 1417 1550 valemus,
1445 1488 1749 1538 creatorem

164 1586 407 1642 omnium
439 1590 645 1656 quanta
690 1580 994 1638 humilitate
1022 1591 1345 1633 veneremur
1368 1616 1384 1643 ,
1435 1582 1498 1630 ut
1555 1573 1610 1629 in
1646 1574 1752 1630 hac

166 1677 278 1734 vita
309 1690 569 1749 usurpare
598 1674 702 1731 sibi
734 1673 802 1731 de
822 1673 917 1730 Dei
966 1667 1354 1741 omnipotentis
1380 1668 1561 1739 specie
1594 1681 1752 1723 mens

166 1770 405 1826 humana
457 1765 534 1821 nil
569 1764 787 1830 audeat,
842 1762 988 1835 quod
1017 1761 1192 1817 solum
1245 1758 1436 1816 eiectis
1469 1758 1583 1815 suis
1615 1772 1753 1829 prae-

165 1860 334 1918 mium
368 1857 424 1913 in
473 1854 829 1925 subsequenti
877 1851 1319 1910 remuneratione
1367 1857 1568 1905 servat.
1623 1847 1752 1904 Haec

1850 923 2236 980 mortalitatem
2259 931 2315 979 et
2341 932 2662 995 perpetuam
2688 921 3289 981 incommutabilitatem
3322 935 3446 978 esse

1852 1015 1993 1071 hanc
2012 1016 2181 1071 vitam
2205 1025 2487 1082 (sternam,
2526 1031 2690 1086 quam
2718 1014 3014 1082 credimus,
3047 1030 3148 1090 ego
3169 1016 3292 1072 licet
3316 1030 3447 1071 con-

1851 1110 2076 1166 tendere
2113 1108 2301 1177 nolim,
2352 1125 2442 1166 me
2502 1118 2683 1165 tamen
2737 1110 2913 1183 magis
2954 1108 3189 1167 delectat
3218 1109 3444 1175 sentire,

1851 1198 2023 1256 Deum
2056 1216 2178 1258 esse
2202 1202 2344 1257 hanc
2366 1201 2558 1267 vitam,
2597 1217 2663 1257 ex
2702 1199 2857 1270 cujus
2887 1200 3364 1273 contemplatione,
3391 1205 3450 1256 et

1852 1292 2114 1348 societate
2163 1292 2447 1364 provenire
2503 1291 2689 1358 nobis,
2738 1290 3004 1363 quidquid
3037 1292 3165 1348 boni
3214 1291 3443 1359 erimus,

1852 1385 2073 1441 dubium
2099 1400 2206 1441 non
2233 1393 2337 1441 est.
2404 1383 2497 1440 illa
2527 1385 2671 1441 enim
2705 1399 2925 1456 semper
2944 1385 3159 1442 vivendi
3184 1384 3440 1453 felicitas,

1851 1491 2064 1533 summa
2090 1477 2210 1533 sine
2242 1476 2405 1532 dubio
2429 1475 2715 1533 infelicitas
2738 1484 2905 1544 esset,
2937 1476 2983 1533 si
3004 1477 3230 1533 visionis
3250 1476 3448 1533 divina:

1853 1567 2023 1641 gloria
2052 1575 2285 1623 careret.
2349 1566 2474 1623 Sola
2504 1568 2689 1638 itaque
2716 1566 2814 1623 Dei
2844 1568 3134 1625 manifesta
3183 1568 3321 1624 visio
3354 1568 3445 1624 illa

1852 1660 1958 1716 erit
1985 1658 2142 1716 nobis
2173 1658 2454 1731 praemium
2495 1658 2664 1715 totius
2687 1657 3062 1718 beatitudinis.
3115 1657 3243 1716 inde
3284 1660 3448 1732 plena

1853 1754 2138 1821 securitas,
2166 1763 2223 1810 et
2245 1769 2436 1810 secura
2460 1753 2847 1826 tranquillitas,
2870 1765 2926 1813 et
2941 1755 3227 1828 tranquilla
3251 1757 3446 1828 jucun-

1853 1847 2014 1913 ditas,
2036 1854 2093 1902 et
2107 1846 2347 1920 jucunda
2362 1845 2610 1911 felicitas,
2630 1854 2685 1903 et
2707 1846 2832 1903 felix
2845 1849 3144 1916 aetemitas,
3164 1857 3221 1906 et
3241 1858 3446 1906 aeterna

164 1957 251 2007 est
274 1947 459 2019 procul
490 1947 653 2004 dubio
674 1946 788 2003 vita
821 1945 934 2012 illa,
957 1960 1077 2017 quae
1101 1945 1300 2001 dicitur
1328 1952 1555 2008 aeterna,
1589 1957 1753 2013 quam
1782 1927 1828 1988 Β
1857 1941 2392 2008 incommutabilitas,
2420 1951 2482 1997 ut
2503 1940 2726 1999 alterius
2749 1957 2850 1999 nec
2875 1942 3124 2010 velimus,
3152 1957 3252 1999 nec
3274 1942 3448 2015 possi-

163 2040 456 2106 credimus,
486 2053 787 2111 speramus,
821 2046 1219 2109 exspectamus,
1255 2044 1311 2092 et
1340 2034 1409 2091 ad
1431 2049 1598 2107 quam
1626 2049 1754 2105 per-

163 2132 355 2190 venire
402 2130 794 2196 desideramus,
841 2131 969 2203 quia
1000 2128 1127 2185 dum
1170 2144 1358 2185 sumus
1398 2129 1456 2185 in
1503 2142 1752 2199 corpore,

164 2224 579 2301 peregrinamur
610 2237 641 2277 a
663 2223 910 2279 Domino.
965 2222 1024 2278 in
1060 2222 1259 2278 divinis
1292 2235 1423 2295 ergo
1444 2221 1759 2290 promissio-

164 2314 330 2374 ttibus
357 2314 490 2371 nihil
516 2325 789 2382 terrenum
813 2314 899 2372 vel
928 2314 1306 2371 transitorium
1351 2313 1752 2386 praestolamur,

163 2425 277 2469 non
301 2409 611 2483 nuptiarum
645 2409 911 2483 copulam,
947 2425 1054 2465 non
1076 2409 1219 2481 quod
1243 2407 1313 2464 ad
1346 2408 1528 2465 cibum
1557 2407 1643 2464 vel
1665 2423 1756 2480 po-

162 2512 283 2563 tum
315 2502 573 2575 pertinet,
610 2517 718 2558 non
752 2517 978 2576 regnum
998 2499 1202 2557 Christi
1230 2500 1283 2555 in
1323 2507 1467 2556 terra
1491 2498 1753 2567 futurum,

162 2610 274 2654 non
303 2593 449 2651 aliud
471 2593 677 2668 aliquid
699 2595 962 2651 caducum
987 2600 1042 2649 et
1064 2592 1192 2648 huic
1218 2606 1361 2647 vano
1384 2590 1583 2647 saeculo
1609 2607 1759 2647 eom-

161 2701 349 2755 munc,
398 2687 540 2745 sicut
569 2685 723 2743 multi
764 2686 1144 2743 haereticorum
1178 2686 1498 2751 docuerunt,
1549 2682 1645 2741 sed
1671 2700 1759 2740 rc-

163 2796 331 2855 gnum
376 2778 641 2837 calorum
673 2778 727 2834 in
758 2778 1117 2850 promissione
1148 2783 1423 2832 tenemus:
1460 2775 1589 2847 quia
1636 2782 1759 2847 post

162 2872 621 2931 resurrectionem
637 2911 653 2938 ,
687 2869 1062 2942 plenissimam
1091 2868 1417 2942 recipientes
1461 2866 1756 2925 beatitudi-

162 2982 317 3036 nem,
359 2964 594 3037 zequales
629 2962 833 3036 angelis
866 2962 1063 3028 eﬂecti,
1097 2976 1222 3020 cum
1252 2962 1363 3020 Deo
1404 2962 1461 3018 in
1488 2960 1642 3019 caelis
1671 2976 1759 3017 re—

166 3058 383 3132 gnaturi
411 3073 596 3116 sumus
621 3057 742 3115 sine
769 3056 894 3114 fine.
946 3057 1156 3113 Revera
1189 3055 1373 3112 vivent
1401 3050 1525 3113 cum
1536 3054 1756 3111 Christo

165 3152 227 3209 in
254 3151 416 3220 cutio,
447 3154 539 3225 qui
575 3152 823 3208 vixerunt
856 3151 1151 3207 secundum
1176 3147 1273 3205 Dei
1301 3156 1573 3221 praecepta
1595 3156 1651 3204 et
1666 3147 1757 3220 ju-

165 3242 350 3301 stitias
385 3243 437 3298 in
461 3243 563 3299 boc
598 3240 821 3298 mundo.
853 3239 961 3301 iste
1008 3239 1156 3295 enim
1186 3253 1304 3303 rex,
1327 3238 1552 3311 virginis
1586 3237 1749 3306 filius,

162 3332 276 3392 erit
300 3332 455 3390 nobis
473 3331 617 3405 jugis
646 3329 1050 3402 contemplatio,
1081 3343 1148 3385 ac
1168 3342 1269 3400 per
1286 3329 1393 3385 hoc
1415 3329 1533 3400 ipse
1565 3338 1753 3385 nostra

166 3422 476 3491 delectatio,
518 3424 694 3489 cibus,
740 3421 859 3478 laus
890 3427 1172 3494 perpetua,
1206 3428 1264 3476 et
1309 3421 1599 3476 exsultatio
1642 3420 1761 3477 sine

166 3513 280 3572 fine
306 3530 586 3571 mansura.
652 3512 968 3571 Videbimus
994 3527 1118 3568 eum
1151 3511 1311 3568 sicuti
1335 3520 1437 3577 est,
1484 3511 1581 3567 sed
1609 3520 1761 3568 tanta

167 3602 431 3662 duntaxat
460 3603 935 3678 contemplatione,
959 3610 1164 3676 quanta
1186 3619 1217 3659 a
1239 3611 1489 3659 creatura
1513 3603 1580 3659 ad
1608 3619 1763 3662 crea-

169 3706 349 3755 turam
371 3697 491 3753 fieri
514 3704 711 3771 potest.
738 3694 894 3754 Tunc
914 3697 1176 3755 Deuserit
1193 3697 1375 3753 omnia
1399 3696 1455 3752 in
1485 3696 1757 3754 omnibus.

170 3789 326 3848 Tunc
360 3790 451 3847 illa
504 3804 738 3863 superna
771 3791 969 3848 civitas
999 3806 1067 3850 ex
1108 3789 1315 3862 angelis
1353 3798 1411 3846 et
1446 3789 1760 3847 hominibus

168 3897 280 3941 una
299 3881 583 3949 efficietur,
606 3883 814 3939 habens
843 3885 1234 3955 sempiternum
1246 3883 1598 3940 beatitudinis
1623 3898 1761 3955 ιιι-ω-

168 3974 360 4039 mium,
409 3973 581 4038 solam
627 3974 923 4030 conditoris
962 3974 1419 4047 conjunctionem,
1467 3984 1631 4046 atque
1680 3976 1762 4033 eis

168 4065 594 4123 inenarrabilem
606 4067 890 4123 visionem.
922 4065 1047 4123 Hzec
1062 4077 1147 4124 est
1159 4077 1360 4125 aeterna
1391 4077 1449 4124 et
1466 4068 1627 4125 beata
1648 4070 1761 4126 vita

169 4154 280 4223 illa,
317 4171 482 4229 quam
514 4155 685 4213 credit
707 4164 762 4213 et
785 4156 1054 4226 patienter
1083 4165 1363 4229 exspectat
1391 4157 1762 4216 materEccle-

167 4249 275 4317 sia,
299 4263 418 4320 quae
437 4249 529 4305 hic
557 4249 736 4305 adhuc
759 4264 859 4321 per
897 4247 1058 4305 fidem
1092 4250 1352 4306 ambulat.
1407 4250 1507 4308 ilic
1550 4251 1759 4309 fructus

167 4342 337 4398 totius
382 4341 506 4397 fidei
539 4352 594 4397 et
623 4343 778 4397 bonae
801 4344 1251 4400 conversationis.
1303 4343 1429 4401 llaec
1460 4361 1604 4417 spes,
1627 4363 1757 4419 pro-

163 4443 292 4509 pter
323 4450 486 4506 quam
514 4436 809 4503 nascimur,
843 4436 1113 4493 credimus
1147 4445 1201 4494 et
1232 4440 1589 4496 renaseimur.
1626 4440 1760 4499 Pro-

169 4533 294 4600 pter
314 4527 458 4583 hanc
482 4529 654 4583 sancti
681 4527 778 4584 Dei
798 4536 981 4584 tantos
998 4528 1216 4587 labores
1242 4532 1387 4602 passi
1407 4540 1553 4587 sunt.
1587 4533 1759 4604 Hujus

1779 3290 1827 3358 ϐ

1856 2053 1979 2093 mus
2010 2036 2154 2093 aliud
2173 2051 2294 2094 esse
2319 2052 2485 2108 quam
2513 2035 2661 2102 boni,
2697 2052 2861 2108 quam
2901 2036 3105 2093 felices.
3160 2035 3313 2094 Sicut
3343 2036 3448 2111 igi-

1857 2138 1946 2188 tur
1968 2146 2130 2186 unam
2160 2129 2502 2197 Trinitatem,
2553 2145 2720 2186 unam
2753 2129 2932 2196 fidem,
2959 2146 3124 2187 unum
3153 2132 3447 2205 baptisma,

1855 2237 2020 2279 unam
2064 2222 2365 2279 Ecclesium
2395 2233 2626 2279 matrem
2646 2264 2660 2289 ,
2713 2232 2769 2279 et
2804 2237 2967 2279 unam
2998 2225 3180 2281 carnis
3211 2237 3450 2280 resurre.

1855 2314 2092 2371 etionem
2117 2315 2280 2372 credo
2320 2323 2377 2371 et
2399 2315 2682 2382 confiteor,
2729 2316 2802 2372 ita
2831 2325 2886 2372 et
2919 2330 3043 2373 esse
3079 2333 3245 2373 unam
3274 2318 3446 2373 vitam

1855 2417 2204 2465 sanctorum:
2232 2408 2361 2479 quia
2385 2407 2475 2463 illa
2505 2405 2789 2465 ineffabilia
2822 2406 3086 2476 Trinitas,
3117 2409 3289 2465 virtus
3316 2425 3446 2475 una,

1856 2510 1913 2556 et
1939 2500 2230 2558 indiscreta
2264 2499 2546 2570 majestas,
2576 2499 2809 2557 videnda
2827 2501 2934 2557 erit
2957 2500 3027 2557 ab
3047 2501 3297 2557 omnibus
3326 2516 3451 2557 san-

1856 2596 1980 2652 ctis.
2048 2595 2155 2652 Sed
2181 2595 2304 2652 dico
2324 2595 2549 2667 praemia
2578 2610 2680 2669 pro
2709 2594 2893 2653 labore
2922 2595 3160 2662 diversa,
3196 2596 3324 2667 quia
3357 2595 3449 2652 alii

1855 2689 1995 2760 plus,
2015 2688 2103 2744 alii
2136 2687 2315 2744 minus
2351 2687 2612 2745 videbunt
2636 2687 2828 2745 Deum.
2887 2686 3272 2760 Unusquisque
3296 2696 3450 2743 tanto

1856 2783 2026 2857 magis
2061 2782 2360 2839 intuebitur
2410 2796 2566 2848 eum,
2620 2789 2824 2853 quanto
2867 2780 2958 2839 hic
2990 2783 3182 2854 purius
3228 2782 3445 2850 vixerit,

1856 2873 1942 2929 vel
1970 2873 2200 2946 amplius
2244 2873 2556 2930 certaverit.
2642 2872 2750 2930 Sed
2801 2888 2901 2944 per
2921 2873 3271 2940 charltatem,
3327 2889 3449 2945 qum

1854 2965 1985 3027 illic.
2022 2964 2261 3038 perfecta
2282 2965 2407 3032 erit,
2436 2964 2610 3022 sancti
2648 2978 2842 3020 omnes
2876 2972 3069 3022 cuncta
3099 2964 3260 3022 simul
3305 2963 3448 3021 bona

1852 3057 2224 3131 possidebunt.
2260 3056 2501 3114 Dicimus
2520 3063 2617 3114 ete
2635 3055 2910 3112 contrario
2932 3055 3146 3113 diversa
3165 3070 3266 3130 pro
3285 3054 3450 3112 modo

1853 3152 2172 3208 delictorum
2182 3150 2467 3223 supplicia.
2486 3148 2640 3207 Unus
2651 3158 2738 3206 est
2750 3149 2896 3206 enim
2909 3150 3169 3222 gehennae
3184 3148 3446 3222 ignis,sed

1855 3245 2084 3302 miseros
2107 3245 2163 3301 in
2185 3258 2243 3301 se
2270 3243 2478 3315 positos
2497 3242 2714 3300 diverse
2733 3243 3023 3310 cruciabit,
3046 3241 3182 3299 alios
3199 3241 3424 3314 quidem

1860 3338 2002 3412 plus,
2029 3337 2165 3396 alios
2190 3346 2373 3394 autem
2412 3338 2631 3394 minus:
2658 3352 3103 3410 unumquemque
3133 3354 3265 3395 vero
3281 3337 3443 3408 juxta

1860 3432 2139 3498 meritum,
2163 3432 2308 3504 quod
2335 3432 2438 3488 sibi
2460 3432 2517 3488 in
2536 3433 2718 3504 pmnis
2740 3432 2988 3489 debetur.
3029 3430 3170 3503 Quid
3195 3445 3324 3502 ergo
3351 3431 3453 3486 mi-

1859 3543 2005 3594 rum,
2027 3527 2073 3585 si
2095 3542 2261 3582 unum
2285 3525 2455 3582 Deum
2475 3526 2677 3583 diversi
2699 3526 2912 3583 diverse
2956 3525 3234 3589 videbunt,
3279 3540 3450 3580 unus-

1861 3620 2092 3692 quisque
2120 3626 2434 3676 sanctorum
2460 3617 2756 3675 secundum
2784 3617 3092 3675 mercedem
3124 3616 3331 3688 proprii
3367 3614 3449 3670 la-

1858 3714 2029 3771 boris.
2073 3711 2240 3771 Plene
2265 3715 2447 3770 tamen
2482 3710 2735 3779 sufficiet,
2761 3710 2904 3781 quod
2958 3710 3332 3782 unusquisque
3351 3710 3452 3765 ha—

1859 3803 2029 3869 bebit,
2054 3819 2160 3859 nec
2193 3801 2425 3874 amplius
2448 3801 2647 3872 poterit
2665 3800 2751 3857 vel
2763 3800 2947 3873 cupiet
2978 3800 3310 3857 desiderare.
3355 3797 3453 3855 ille

1858 3909 2001 3951 unus
2028 3894 2301 3961 denarius,
2323 3894 2414 3965 qui
2429 3893 2642 3951 cunctis
2669 3893 2726 3950 in
2750 3892 2907 3949 vinea
2923 3891 3296 3948 laborantibus
3322 3891 3442 3947 dari

1851 3986 2039 4058 jussus
2073 3992 2174 4054 est,
2208 3987 2349 4043 hanc
2370 4000 2536 4042 unam
2582 3993 2895 4042 sanctorum
2933 3983 3203 4057 significat
3253 3985 3448 4057 vitam,

1859 4093 2023 4151 quam
2048 4078 2209 4136 unius
2236 4077 2333 4134 Dei
2370 4075 2636 4135 visionem
2658 4076 2910 4143 dicimus,
2955 4074 3159 4133 sanctis
3195 4072 3448 4131 omnibus

1858 4186 1959 4245 pro
1992 4173 2203 4229 meritis
2234 4171 2491 4230 dandam.

1931 4279 1958 4310 ι
1996 4266 2078 4322 Ad
2104 4266 2248 4323 hanc
2276 4265 2535 4323 nimirum
2567 4279 2814 4323 securam
2847 4272 2903 4321 et
2930 4264 3321 4336 sempiternam
3362 4265 3449 4321 vi-

1860 4366 1971 4416 tam
1995 4358 2135 4414 inter
2164 4357 2373 4429 reliqua
2396 4367 2736 4414 sacramenta
2757 4356 3036 4423 Ecclesia,
3059 4356 3190 4413 illud
3211 4358 3450 4414 maxime

1856 4453 2096 4524 pertinet
2123 4451 2347 4508 caeleste
2373 4450 2752 4522 vivificumque
2779 4449 3118 4524 mysterium,
3167 4451 3312 4523 quod
3343 4450 3450 4506 Do-

1858 4542 2040 4600 minus
2075 4548 2261 4597 noster
2295 4538 2453 4597 Jesus
2476 4540 2724 4598 Christus
2751 4541 3002 4607 instituit,
3034 4548 3090 4597 et
3117 4541 3233 4613 ipse
3261 4540 3459 4613 offerri

166 4631 356 4674 amore
381 4626 649 4725 martyres
678 4620 819 4676 inter
852 4629 1119 4725 tormenta
1151 4631 1483 4723 constantes,
1523 4636 1752 4682 mortem
1785 4662 1836 4725 υ
1857 4634 2113 4706 praecepit
2137 4634 2191 4689 in
2223 4633 2543 4689 memoriam
2573 4632 2657 4690 sui
2705 4648 2806 4705 pro
2846 4634 3019 4690 salute
3067 4640 3272 4691 nostra.
3326 4633 3440 4691 lmo

166 4723 294 4764 cum
316 4708 513 4780 gaudio
536 4717 910 4780 susceperunt.
960 4710 1132 4784 Hujus
1170 4712 1295 4767 vitae
1327 4726 1603 4785 respectus
1635 4716 1754 4773 lon-
1788 4708 1833 4725 ”
1862 4729 2040 4799 ipsum
2064 4735 2462 4783 sacramentum
2487 4724 2591 4780 dici
2616 4740 2775 4796 posse
2801 4724 3039 4782 arbitror
3068 4728 3236 4782 vitam
3288 4734 3446 4782 aeter-

167 4801 417 4872 ganimes
443 4801 620 4856 reddit
641 4800 737 4856 Dei
772 4816 979 4858 servos.

241 4891 401 4949 λιιι.
438 4892 588 4950 Hane
618 4894 783 4950 vitam
816 4909 917 4952 nec
958 4896 1173 4969 gentilis
1214 4896 1454 4966 habebit,
1504 4916 1605 4957 nec
1656 4900 1754 4959 Ju-

169 4981 317 5039 daeus
350 4983 659 5042 incredulus
687 4986 1001 5057 possidebit,
1058 4988 1153 5045 sed
1177 5003 1279 5045 nec
1324 4991 1471 5048 vitiis
1506 5007 1606 5049 nec
1644 4993 1755 5050 cri-

170 5070 409 5131 minibus
436 5074 679 5131 serviens
705 5074 1064 5144 Cbristianus,
1097 5079 1225 5149 quia
1248 5079 1378 5137 solis
1399 5090 1485 5137 est
1508 5082 1756 5142 fidelibus

246 5217 274 5248 ι
314 5205 587 5266 Transitio
614 5208 683 5266 ad
702 5219 910 5281 partem
932 5226 1048 5285 seq.

183 5349 1221 5382 mu

1859 4835 2010 4886 nam,
2043 4835 2162 4890 qua:
2185 4819 2394 4876 Scilicet
2420 4818 2510 4874 hic
2536 4818 2812 4889 incipitur,
2844 4818 2954 4876 illic
2981 4818 3283 4892 perficitur.
3345 4820 3447 4877 Hic

1857 4911 2004 4967 enim
2026 4909 2418 4967 manducamus
2447 4910 2640 4976 Deum,
2668 4910 2777 4966 illic
2801 4908 2942 4969 facie
2978 4911 3047 4968 ad
3071 4912 3266 4970 faciem
3296 4913 3442 4969 vide-

1858 5004 2039 5062 bimus
2069 5018 2215 5060 eum.
2237 5003 2315 5060 De
2334 5018 2442 5074 quo
2462 5017 2592 5061 sane
2615 5003 2892 5075 mysterio,
2906 5019 3028 5077 quae
3047 5017 3167 5061 mea
3190 5005 3262 5062 sit
3287 5003 3443 5073 fides,

1861 5104 2045 5151 tacere
2069 5110 2177 5151 non
2215 5094 2385 5152 debeo

2239 5361 3436 5393 ..Ἥ

1563 5465 1813 5546 PARS
1890 5467 2035 5547 ιν.

670 5622 762 5681 DE
796 5620 1119 5683 CORPORIS
1159 5622 1245 5680 ET
1284 5622 1635 5684 SANGUINE
1671 5626 1929 5695 DOMINI,
1967 5626 2057 5687 AC
2095 5624 2186 5685 DE
2222 5624 2543 5687 PROPRIIS
2581 5628 2915 5689 DELlCTlS.

245 5806 285 5864 l.
328 5806 532 5864 Cmtera
553 5804 769 5878 quidem
797 5803 1045 5876 superius
1072 5803 1228 5874 posui
1254 5802 1408 5873 juxta
1439 5812 1643 5861 rectam
1665 5823 1754 5862 cc-

178 5898 465 5957 clcsiastici
486 5897 751 5972 dogmatis
778 5895 1035 5968 regulam.
1089 5894 1242 5953 Nunc
1271 5911 1397 5953 vero
1430 5895 1486 5955 in
1509 5907 1775 5956 extrema

1859 5824 2044 5864 eorum
2070 5815 2241 5880 parte,
2262 5807 2391 5881 quid
2419 5809 2486 5865 de
2512 5811 2614 5867 hoc
2640 5815 2891 5880 sentiam,
2924 5816 3171 5877 confiteri
3203 5828 3353 5893 opto,
3377 5829 3441 5880 ut

1862 5900 2003 5958 istud
2029 5901 2343 5974 opusculum
2366 5904 2727 5966 confessionis
2757 5908 2880 5967 fidei
2902 5926 3036 5970 metu
3064 5912 3167 5970 hac
3192 5913 3436 5972 clausula
