4090 6498
538 339 675 428 l08'l

1370 341 1430 396 Β.
1457 333 1533 399 ’r.
1577 338 1803 397 ALBlNl
1842 338 1974 396 seu
2015 335 2293 395 susum
2329 335 2618 395 opsum:
2655 338 2837 395 rans
2880 322 3043 396 vm.‘

3684 338 3854 393 1088

535 451 875 511 terminctur.
942 451 1052 513 Sed
1077 452 1202 526 quis
1230 469 1352 528 ego,
1397 455 1482 512 vel
1503 463 1758 526 quantus,
1816 462 1875 509 ut
1901 456 1968 509 de
2008 458 2118 506 tam
2149 452 2196 511 Α
2225 449 2488 518 cationcs,
2542 457 2802 521 tanquam
2827 449 2895 506 de
2921 440 3135 506 sublimi
3184 448 3379 516 altare,
3422 449 3618 507 divina:
3647 451 3845 520 innita—

539 548 687 616 miri,
739 545 1135 620 inelhbilisque
1187 552 1430 621 mysterii
1485 549 1855 622 profunditate
1907 549 2118 619 loquar.

535 638 756 704 Sufﬁcit
801 641 947 697 enim
984 639 1144 710 mihi,
1197 642 1244 698 si
1275 641 1460 708 ﬁdem,
1523 653 1686 714 quam
1719 641 1886 699 corde
1938 647 2120 707 teneo,

524 731 713 789 verbis
752 730 1094 804 aliquatenus
1127 732 1437 805 exprimere
1468 733 1642 798 valeo,
1675 739 1736 788 ut
1761 733 1876 802 ipsa
1910 728 2125 788 confes-

521 820 613 878 sio
641 822 837 878 animae
864 836 1000 880 mea
1025 824 1312 894 proveniat
1358 824 1426 880 ad
1450 821 1703 879 salutem.
1763 822 1936 896 Magis
1960 836 2127 878 vene-

517 914 758 970 randum
782 922 868 970 est
888 921 943 971 et
954 914 1286 985 pavendum,
1306 929 1470 986 quam
1492 915 1916 972 discutiendum.
1952 911 2125 970 Nemo

527 1017 682 1064 certe
731 1007 1196 1080 comprehendere
1244 1007 1465 1072 sufﬁcit,
1499 1023 1663 1065 nemo
1686 1006 1813 1066 inde
1836 1007 1996 1080 digne
2025 1007 2123 1066 ali~

524 1098 660 1168 quid
706 1098 965 1170 loquitur.
1035 1098 1171 1157 Fide
1221 1101 1544 1172 capiendum
1594 1109 1699 1170 est,
1754 1116 1864 1158 non
1905 1101 2120 1158 ratione

526 1191 898 1263 quaerendum,
935 1199 1032 1248 aut
1055 1191 1460 1250 inveniendum.
1525 1193 1724 1251 Beatus
1752 1203 1935 1250 tamen
1980 1193 2118 1252 Cre-

524 1283 732 1354 gorius,
750 1283 976 1340 idoneus
998 1284 1134 1340 tanti
1150 1286 1479 1342 sacramenti
1499 1287 1788 1359 interpres,
1812 1285 1867 1342 in
1887 1287 2122 1358 quodam

525 1371 646 1428 loco
671 1373 873 1444 aliquid
902 1375 969 1432 de
990 1373 1102 1440 illo,
1120 1385 1378 1448 tanquam
1400 1377 1470 1434 de
1494 1393 1556 1432 re
1577 1376 1859 1445 ineﬁ'abili,
1875 1392 2016 1450 pene
2039 1378 2124 1434 in—

527 1463 816 1522 eﬁ'abiliter
840 1464 1128 1538 loquitur:
1184 1485 1203 1520 ο
1244 1465 1380 1536 Quis
1427 1467 1573 1525 enim
1604 1467 1866 1535 ﬁdelium,
1923 1468 2122 1539 inquit,

532 1555 740 1612 habere
764 1554 985 1612 dubium
1011 1557 1202 1627 possit,
1234 1559 1290 1614 in
1321 1557 1437 1631 ipsa
1473 1558 1861 1615 immolationis
1889 1557 2026 1615 hora
2053 1558 2123 1614 ad

526 1643 827 1700 sacerdotis
876 1654 1065 1702 vocem
1105 1645 1274 1704 celos
1305 1647 1530 1718 aperiri,
1552 1647 1608 1704 in
1639 1647 1732 1705 illo
1766 1646 1893 1704 Jesu
1918 1647 2123 1706 Christi

2222 539 2381 598 statis
2430 541 2812 613 conspectibus
2854 540 3136 597 oﬁ‘eratur.
3179 540 3235 597 Si
3264 541 3409 598 enim
3465 542 3627 598 cst'in
3657 542 3849 599 domo

2223 632 2312 688 illa
2343 636 2686 706 sempiterna:
2713 633 3043 690 sacriﬁcium
3083 633 3260 690 laudis
3301 641 3353 689 et
3387 637 3641 689 sacerdos
3677 648 3848 689 sem-

2223 727 2496 800 piternus,
2543 732 2708 782 estet
2735 726 2992 781 sacerdos
3017 725 3402 797 sempiternus,
3443 736 3529 779 est
3557 733 3612 780 ct
3645 724 3852 782 altare

2223 819 2615 892 sempiternum
2671 818 2724 873 in
2760 817 2936 882 cmlis,
2969 832 3078 873 non
3114 830 3465 888 corporeum,
3513 817 3607 873 sed
3656 816 3854 873 ratio-

2223 911 2348 968 nale
2395 920 2452 968 et
2525 910 2889 983 intelligibile.
2928 910 2995 965 ad
3017 909 3162 982 quod
3180 909 3386 966 oblatio
3414 911 3517 965 ista
3553 909 3846 965 defertur.

2225 1003 2382 1063 Unde
2413 1005 2469 1060 in
2492 1005 2610 1077 ipsa
2653 1004 3037 1070 immolationis
3064 1005 3198 1062 hora
3222 1021 3346 1061 cum
3369 1005 3674 1062 astantibus
3719 1004 3852 1061 sibi

2223 1099 2491 1158 ministris
2508 1099 2822 1157 coelestibus
2834 1098 3106 1165 Christus,
3135 1106 3195 1156 ut
3217 1100 3494 1172 proposita
3508 1108 3849 1166 consecret,

2223 1189 2389 1264 513
2418 1191 2609 1247 adesse
2633 1191 2934 1248 credendus
2958 1198 3064 1246 est.
3130 1190 3209 1248 De
3255 1207 3364 1262 qua
3391 1206 3451 1247 re
3493 1191 3661 1247 Pater
3687 1191 3848 1249 Am-

2224 1282 2442 1339 brosius
2471 1296 2488 1336 :
2527 1302 2548 1336 a
2582 1281 2700 1340 Non
2724 1282 2962 1350 dubites,
3013 1285 3208 1354 inquit,
3255 1286 3515 1342 assistere
3538 1285 3847 1356 angelum.

2227 1374 2448 1446 quando
2485 1373 2739 1432 Christus
2781 1376 2988 1431 assistit
3013 1415 3028 1440 ,
3066 1373 3316 1432 Christus
3370 1374 3684 1432 immolatur
3708 1375 3772 1428 δ.
3817 1396 3847 1426 ι

2233 1467 2360 1525 Haec
2393 1476 2480 1525 est
2506 1468 2652 1525 enim
2697 1483 2829 1525 vera
2869 1468 3092 1538 oblatio,
3151 1469 3204 1525 in
3242 1482 3346 1541 qua
3375 1468 3546 1525 Filius
3576 1466 3846 1536 oﬂ’ertur,

2231 1557 2394 1617 Pater
2417 1559 2818 1618 reconciliatur.
2866 1559 2996 1619 Haec
3036 1570 3120 1619 est
3162 1573 3292 1619 vera
3317 1569 3373 1618 et
3399 1570 3600 1618 aeterna
3623 1560 3846 1628 hostia,

2229 1651 2360 1724 quia
2377 1662 2504 1708 vera
2532 1660 2586 1709 et
2611 1661 2815 1710 aeterna
2844 1654 2892 1708 ei
2922 1662 3008 1710 est
3044 1656 3237 1718 virtus,
3266 1668 3395 1711 vera
3423 1662 3480 1711 et
3503 1663 3706 1710 acterna
3733 1669 3846 1726 per

529 1735 790 1806 mysterio
820 1734 1133 1808 angelorum
1167 1734 1364 1794 choros
1389 1737 1600 1804 adesse.
1633 1751 1845 1794 summa
1876 1737 2002 1795 imis
2037 1752 2126 1794 so-
2227 1760 2346 1802 eam
2359 1745 2638 1817 perﬁcitur
2658 1745 2824 1803 salus.
2875 1747 3001 1804 Haec
3015 1759 3102 1802 eat
3125 1747 3383 1804 salutaris
3403 1748 3643 1810 victima,
3669 1747 3848 1819 plena

527 1824 686 1891 ciari,
704 1835 906 1882 terram
926 1825 1243 1884 ccelestibus
1260 1825 1438 1901 iungi,
1459 1844 1626 1885 unum
1651 1829 1782 1902 quid
1807 1845 1872 1886 ex
1894 1827 2121 1886 visibili-
2149 1819 2199 1884 Β
2229 1837 2477 1904 rationis,
2505 1837 2664 1909 plena
2686 1839 2951 1910 mysterii,
3000 1855 3122 1909 quze
3145 1839 3415 1912 spirituali
3448 1841 3664 1896 ratione
3689 1839 3836 1896 cele-

528 1919 633 1976 hus
657 1927 822 1990 atque
853 1919 1218 1978 invisibilibus
1250 1919 1369 1977 ﬁeri
1393 1931 1421 1962 ι
1446 1922 1470 1976 2
1501 1943 1521 1975 ι
1585 1920 1729 1994 Ergo
1760 1921 1887 1978 licet
1917 1921 1988 1978 ab
2016 1920 2119 1978 ho.

530 2010 678 2083 mine
720 2009 1009 2078 otl‘eratur,
1055 2025 1215 2069 amen
1251 2021 1652 2069 sacramentum
1699 2014 1803 2070 hoc
1828 2028 1917 2070 res
1937 2013 2120 2070 divina

527 2106 632 2154 est.
658 2099 727 2156 Et
748 2101 795 2158 si
819 2118 909 2159 res
925 2102 1107 2160 divina
1130 2112 1239 2170 est,
1269 2103 1381 2160 imo
1399 2104 1528 2174 quia
1557 2106 1632 2160 ita
1654 2116 1760 2171 est,
1775 2105 1919 2162 absit
1937 2115 2001 2161 ut
2022 2105 2124 2161 ali-

533 2191 666 2261 quid
694 2191 770 2248 ibt
808 2191 988 2260 aliter,
1013 2195 1117 2252 nisi
1159 2195 1344 2252 divine
1378 2205 1434 2252 et
1466 2196 1820 2266 spiritualiter
1855 2198 2125 2272 intelliga-

532 2292 638 2339 tur.
693 2283 820 2342 ldeo
861 2287 1118 2358 quamvis
1170 2290 1449 2358 corporeis
1496 2288 1669 2346 oculis
1719 2291 1791 2346 ibi
1828 2289 1898 2346 ad
1954 2292 2126 2348 altare

530 2373 748 2434 Domini
769 2377 984 2435 videam
1005 2381 1366 2448 sacerdotem,
1389 2395 1585 2453 panem
1607 2388 1664 2437 et
1689 2381 1873 2438 vinum
1893 2380 2127 2438 oﬂ'eren-

531 2477 664 2535 tom,
691 2476 872 2526 tamen
901 2468 1100 2528 intuitu
1125 2469 1269 2538 ﬁdei,
1295 2480 1352 2531 et
1372 2487 1511 2543 puro
1533 2472 1737 2530 lumine
1760 2473 1940 2531 cordis
1966 2473 2129 2544 inspi-

527 2563 616 2618 cio
641 2558 790 2620 illum
813 2578 1086 2623 summum
1110 2564 1470 2631 sacerdotem,
1485 2580 1784 2638 verumque
1815 2564 2125 2636 pontiﬁcem

531 2653 824 2711 Dominum
854 2651 1038 2712 Iesum
1065 2655 1365 2722 Christum,
1401 2655 1720 2713 oﬁ'erentem
1747 2656 2011 2728 aeipsum,
2062 2655 2130 2711 de

530 2743 688 2814 cujus
720 2760 889 2803 carne
934 2755 995 2804 et
1023 2747 1287 2820 sanguine
1322 2753 1377 2804 et
1417 2747 1719 2819 paseimur,
1771 2751 1828 2802 et
1851 2754 2128 2819 putamur,

531 2845 696 2908 atque
716 2837 889 2896 abluti
909 2846 966 2894 et
988 2839 1196 2908 satiati,
1216 2849 1275 2896 et
1304 2840 1660 2908 sanctiﬁcati,
1687 2840 1851 2897 unius
1877 2855 2132 2898 summa-

506 2943 640 2999 ,que
687 2929 986 2989 divinitatis
1008 2931 1307 3004 participes
1336 2929 1627 2989 efﬁcimur.

605 3019 670 3076 il.
707 3020 828 3094 ipse
875 3031 964 3078 est
1008 3030 1160 3080 certe
1207 3023 1487 3089 sacerdos,
1536 3023 1653 3094 ipse
1697 3023 2047 3087 sacriﬁcium,
2077 3031 2136 3080 et

2222 1929 2432 1993 bratur,
2458 1928 2582 1986 ﬁdei
2612 1929 2848 2000 puritate
2871 1930 3177 1987 exhibetur.
3235 1930 3307 1988 Ut
3326 1931 3472 1987 enim
3496 1931 3664 1988 corda
3693 1930 3836 1988 ﬁde-

2221 2018 2355 2075 lium
2377 2017 2571 2075 ﬁerent
2589 2021 2852 2088 calestia,
2896 2020 3204 2077 rationabili
3236 2020 3511 2078 oblatione
3567 2023 3831 2080 mundari

2223 2113 2549 2170 debuerunt.

2292 2204 2379 2261 111.
2427 2204 2533 2260 Per
2569 2203 2673 2261 hoc
2696 2219 2931 2275 namque
2962 2207 3284 2278 mysterium
3325 2205 3548 2262 Christo
3593 2207 3844 2276 particl-

2224 2307 2419 2370 pautes
2436 2339 2452 2365 ,
2477 2312 2648 2354 unum
2675 2311 2870 2355 omnes
2890 2311 3080 2354 sumus
3109 2298 3163 2353 in
3203 2297 3326 2364 illo;
3361 2313 3468 2354 non
3506 2307 3592 2354 est
3617 2313 3846 2354 mascu-

2227 2390 2312 2448 lus
2341 2402 2521 2462 neque
2548 2386 2773 2455 femina,
2799 2404 2908 2445 non
2934 2398 3127 2456 servus
3146 2404 3325 2461 neque
3346 2388 3505 2446 liber.
3535 2387 3684 2445 Hanc
3710 2389 3840 2443 uui-

2227 2489 2398 2538 tatcm
2429 2481 2485 2538 in
2515 2479 3012 2537 communicatione
3040 2469 3203 2552 hujus
3231 2482 3562 2537 sacramenti
3598 2481 3839 2537 maxime

2227 2572 2550 2644 accipimus,
2580 2572 2844 2642 quoniam
2867 2586 3008 2626 unus
3034 2572 3215 2643 panis,
3250 2579 3419 2628 unum
3446 2586 3642 2643 corpus
3670 2573 3836 2629 multi

2225 2678 2440 2729 sumus,
2468 2677 2770 2735 omnesque
2805 2660 2872 2718 de
2900 2677 3012 2718 uno
3039 2673 3180 2733 pane
3209 2662 3624 2733 participamus.
3656 2659 3842 2719 Tanta

2228 2754 2376 2812 enim
2401 2763 2488 2811 est
2515 2752 2776 2811 Ecclesiae
2800 2753 2856 2808 in
2881 2751 3104 2809 Christo
3127 2752 3331 2819 unitas,
3355 2768 3415 2808 lit
3436 2753 3711 2823 quomodo
3727 2768 3844 2808 una

2232 2845 2390 2911 ﬁdes,
2415 2854 2472 2902 et
2495 2859 2662 2901 unum
2686 2843 2988 2914 baptisma,
3021 2851 3078 2899 et
3113 2858 3280 2900 unum
3322 2842 3523 2908 altare,
3572 2845 3645 2898 ita
3696 2859 3842 2900 uirus

2233 2938 2437 3009 ubique
2461 2938 2537 2993 sit
2561 2935 2718 3008 panis
2752 2935 2998 3006 corporis
3026 2928 3250 3000 Christi,
3283 2943 3337 2989 et
3370 2949 3512 2989 unus
3536 2935 3681 2990 calix
3711 2951 3844 2991 san-

2231 3030 2414 3103 guinis
2438 3028 2574 3101 ejus.
2608 3028 2741 3085 Illud
2781 3038 2932 3086 certe
2973 3015 3118 3100 quod
3159 3030 3361 3101 legitur
3395 3047 3407 3084 :
3452 3027 3706 3084 Christus
3743 3045 3847 3100 per

512 3104 741 3170 idcirco
769 3113 891 3171 haec
931 3113 1191 3171 salutaris
1222 3114 1446 3172 victima
1483 3129 1761 3187 nunquam
1777 3122 1834 3170 et
1863 3128 2131 3188 nusquam
2162 3181 2202 3193 _
2237 3120 2501 3193 Spiritum
2543 3129 2788 3177 sanctam
2826 3121 3165 3190 semetipsum
3203 3119 3392 3174 obtulit
3435 3119 3842 3175 immaculatum

513 3197 800 3262 minuitur
846 3206 932 3263 vel
983 3215 1213 3280 augetur
1237 3248 1252 3273 ,
1313 3181 1679 3265 deterioratur
1727 3207 1812 3265 vel
1863 3181 2130 3278 mutatur,
2152 3181 2204 3247 θ
2235 3181 2347 3271 lico
2377 3212 2537 3286 (Heb.
2571 3229 2651 3280 ιι,
2682 3211 2794 3284 it),
2843 3220 2901 3269 et
2930 3181 3112 3268 illud:
3152 3210 3399 3268 Christus
3427 3211 3614 3267 dilexit
3658 3226 3753 3266 nos
3790 3220 3839 3266 at

511 3345 519 3370 μ
537 3298 652 3354 sive
676 3296 878 3366 justus,
922 3299 1037 3357 sive
1059 3300 1388 3358 criminosus
1416 3300 1676 3358 sacerdos
1708 3297 1842 3358 foris
1863 3300 1934 3357 ad
1959 3301 2132 3358 altare

512 3387 787 3457 Taccedat,
835 3389 933 3446 sed
989 3406 1209 3463 semper
1236 3400 1294 3447 et
1342 3392 1543 3465 ubique
1587 3401 1989 3451 sacramentum
2028 3394 2134 3452 hoc

535 3480 682 3536 idem
711 3480 960 3554 idemque
991 3491 1191 3541 manet.
1231 3483 1436 3541 Christi
1464 3485 1612 3541 enim
1638 3487 1843 3542 virtute
1870 3496 1924 3542 et
1949 3488 2132 3545 verbis

535 3573 694 3645 panis
719 3572 808 3631 ille
831 3583 886 3629 et
929 3573 1070 3630 calix
1099 3575 1170 3633 ab
1207 3575 1361 3632 initio
1380 3586 1734 3633 consecratus
1781 3585 1886 3633 est.
1927 3575 2132 3634 Christi

535 3667 743 3723 virtute
775 3674 834 3723 et
859 3664 1040 3724 verbis
1060 3675 1416 3725 consecratur
1461 3682 1700 3740 semper,
1758 3675 1815 3724 et
1843 3683 2135 3725 consecra-

537 3758 706 3814 bitur.
745 3757 866 3830 Ipse
922 3756 979 3814 in
1010 3757 1124 3815 suis
1177 3756 1552 3816 sacerdotibus
1577 3757 1820 3830 quotidie
1870 3759 2132 3831 loquitur.

537 3847 689 3908 illius
712 3867 894 3910 sermo
918 3862 1026 3918 est,
1051 3853 1142 3922 qui
1160 3851 1402 3908 cmlestia
1422 3859 1762 3909 sacramenta
1805 3852 2133 3911 sanctiﬁcat.

543 3943 870 4000 Sacerdotes
927 3941 1224 4016 funguntur
1266 3943 1467 4008 ofﬁcio,
1528 3943 1625 4001 sed
1660 3943 1911 4003 Christus
1970 3944 2137 4015 maje-

543 4043 686 4092 state
714 4035 912 4092 divime
940 4034 1227 4107 potestatis
1257 4045 1532 4109 operatur.
1613 4035 1734 4107 ipse
1759 4045 1846 4094 est
1867 4037 2012 4094 enim
2049 4036 2140 4096 ille

545 4144 710 4186 verus
735 4128 1148 4197 Melchisedech,
1192 4132 1284 4202 qui
1332 4138 1519 4186 sancta
1553 4129 1820 4189 sacriﬁcia
1847 4171 1864 4196 ,
1897 4147 2018 4202 quae
2049 4132 2139 4189 ille

547 4227 603 4280 in
642 4223 900 4297 mysterio
955 4232 1083 4280 tunc
1125 4224 1506 4296 prmﬁguravit,
1562 4238 1660 4295 per
1699 4225 2028 4281 oblationem
2051 4226 2138 4283 sui

550 4318 798 4387 corporis
831 4320 1024 4389 suique
1051 4318 1330 4390 sanguinis
1379 4318 1659 4390 adimplet,
1712 4327 1769 4375 et
1810 4334 2026 4391 semper
2070 4320 2140 4376 ab

551 4409 672 4477 ipso
695 4409 865 4475 initio,
914 4426 1023 4481 quo
1067 4410 1322 4478 instituit,
1371 4410 1700 4480 adimplevit.
1776 4411 1895 4484 Ipse
1924 4411 2142 4485 eaSpi-

530 4503 691 4558 ‘ritus
716 4503 976 4573 paracleti
1022 4503 1238 4568 virtute,
1272 4511 1325 4558 et
1351 4503 1559 4559 calesti
1587 4503 1967 4560 benedictione
2015 4520 2142 4561 san-

552 4604 701 4652 ctum
727 4612 924 4666 corpus
966 4603 1022 4653 et
1059 4596 1377 4668 sanguinem
1419 4610 1578 4651 suum
1610 4610 1732 4652 esse
1777 4594 2012 4666 perﬁcit.
2081 4594 2140 4651 In

553 4687 659 4743 hac
680 4687 844 4758 igitur
865 4695 1211 4743 sacrosancta
1266 4683 1539 4743 oblatione
1562 4685 1814 4756 corporis
1848 4694 1905 4741 et
1923 4686 2142 4757 sangui-

557 4781 640 4838 nis
690 4781 977 4849 Dominici,
1025 4781 1328 4838 communis
1371 4780 1605 4837 servitus
1661 4779 1958 4837 exhibetur
2007 4780 2141 4848 Deo,

557 4885 668 4932 tam
694 4889 724 4928 a
764 4875 1156 4940 sacerdotibus,
1200 4889 1364 4946 quam
1402 4887 1433 4928 a
1465 4879 1658 4929 cuncta
1708 4870 1915 4930 familia
1951 4872 2146 4930 domus

558 4966 673 5022 Dei.
749 4964 875 5022 llaec
933 4974 1113 5033 autem
1156 4974 1240 5021 est
1274 4965 1508 5021 servitus
1541 4962 1662 5032 Dei,
1704 4978 1825 5035 quae
1853 4963 1987 5020 nulli
2048 4962 2143 5020 alii

559 5061 807 5127 debetur,
839 5073 939 5114 nec
975 5059 1179 5116 sanctis
1218 5057 1442 5129 angelis,
1469 5071 1570 5113 nec
1603 5057 1808 5113 sanctis
1837 5054 2142 5124 animabus,

562 5151 664 5206 nisi
695 5150 790 5206 uni
834 5151 946 5205 Deo
994 5151 1118 5206 vivo
1145 5156 1202 5204 et
1222 5164 1371 5204 vero.
1437 5147 1590 5204 Unde
1637 5147 1723 5204 isti
1752 5148 1806 5202 in
1835 5144 2147 5202 calestibus

563 5241 785 5296 sedibus
823 5240 1126 5307 constituti,
1187 5239 1378 5296 nolunt
1411 5253 1510 5294 nos
1538 5236 1641 5294 sibi
1679 5236 2010 5307 sacriﬁcare,
2048 5234 2146 5293 sed

565 5330 678 5386 Deo
723 5330 848 5397 soli,
896 5330 1049 5400 cujus
1083 5340 1140 5386 et
1158 5330 1260 5402 ipsi
1288 5340 1344 5385 et
1366 5345 1465 5385 nos
1493 5343 1682 5385 sumus
1701 5337 1970 5385 creatura.
2006 5327 2146 5384 Cum

567 5424 702 5494 ipsis
729 5426 874 5479 enim
903 5437 1089 5479 sumus
1102 5438 1206 5478 una
1230 5422 1424 5478 civitas
1436 5420 1551 5486 Dei,
1582 5419 1738 5492 cujus
1756 5435 1884 5492 pars
1916 5420 1968 5476 in
1991 5419 2149 5476 nobis

567 5515 968 5587 peregrinatur,
999 5529 1124 5584 pars
1147 5515 1200 5568 in
1229 5514 1339 5569 illis
1364 5513 1682 5586 opitulatur.
1744 5511 1892 5569 lianc
1916 5521 2150 5584 partem,

570 5621 833 5678 supernos
871 5605 1122 5661 videlicet
1164 5605 1348 5669 cives,
1418 5605 1544 5660 huic
1591 5606 1848 5660 interesse
1897 5605 2155 5676 mysterio

575 5717 680 5754 non
737 5699 945 5765 dubito,
984 5705 1048 5753 ut
1089 5713 1186 5770 per
1221 5697 1462 5772 angelica
1510 5697 1809 5754 ministeria
1857 5708 1909 5753 ct
1953 5699 2153 5769 suppli-

647 5832 671 5856 ι
713 5815 872 5885 Creg.
908 5813 1027 5869 libr.
1063 5831 1113 5868 ιν
1143 5813 1368 5884 Diniog,
1397 5829 1511 5884 cap.
1544 5813 1628 5868 58.

2234 3304 2457 3361 tradidit
2477 3304 2812 3376 semetipsum
2833 3319 2929 3374 pro
2951 3301 3100 3358 nobis
3120 3301 3439 3358 oblationem
3458 3311 3510 3356 et
3535 3303 3760 3356 hostium
3783 3303 3838 3357 in

2234 3394 2454 3451 odorem
2478 3395 2754 3450 suavitatis
2783 3392 2897 3450 Deo
2919 3391 3139 3466 (Ephes.
3163 3404 3220 3455 v,
3245 3389 3326 3464 2),
3355 3390 3526 3456 Patri,
3547 3392 3705 3446 nobis
3732 3391 3842 3447 hoe

2237 3484 2294 3542 in
2318 3495 2662 3543 sacramento
2689 3487 2933 3554 corporis
2956 3492 3012 3539 et
3033 3482 3316 3556 sanguinis
3335 3481 3456 3537 Filii
3475 3482 3568 3537 Dei
3592 3482 3840 3552 quotidie

2237 3580 2598 3636 instauratur.
2630 3576 2744 3631 Hoc
2769 3587 2988 3647 corpus,
3015 3582 3071 3632 et
3097 3575 3188 3630 hic
3220 3576 3464 3645 sanguis,
3499 3587 3606 3628 non
3639 3574 3692 3627 in
3724 3576 3840 3644 spio

2235 3671 2317 3726 cis
2343 3678 2401 3724 et
2419 3670 2472 3724 in
2499 3668 2792 3724 sarmentis
2816 3667 3103 3739 colligitur,
3134 3664 3231 3723 sed
3250 3673 3402 3721 certa
3426 3665 3838 3721 consecratione

2239 3761 2506 3832 mysticus
2536 3759 2597 3815 ﬁt
2621 3759 2812 3824 nobis;
2841 3772 2951 3813 non
2977 3756 3243 3820 nascitur,
3274 3770 3400 3813 cum
3436 3755 3593 3827 panis
3631 3764 3686 3810 et
3724 3754 3838 3810 vini

2238 3862 2494 3908 creatura
2534 3850 2588 3906 in
2629 3857 3031 3906 sacramentum
3067 3849 3251 3905 carnis
3287 3857 3343 3904 et
3379 3846 3663 3920 sanguinis
3697 3848 3836 3918 ejus,

2241 3941 2500 4000 inell'abili
2530 3941 2768 4013 Spiritus
2798 3939 3230 3996 sanctiﬁcatione
3255 3938 3608 3995 transfertur.
3639 3937 3833 3994 Totum

2236 4051 2370 4110 ergo
2406 4036 2554 4107 quod
2589 4036 2645 4090 in
2689 4034 2793 4090 hac
2825 4033 3100 4091 oblatione
3138 4033 3336 4105 agitur,
3372 4034 3694 4105 mysterium
3732 4043 3835 4100 est,

2239 4128 2387 4202 quod
2416 4125 2679 4200 simplicis
2708 4125 2831 4182 ﬁdei
2858 4124 3097 4196 puritate
3122 4124 3244 4197 capi
3265 4124 3452 4191 debet,
3477 4139 3588 4180 non
3618 4125 3835 4180 rationis

2241 4218 2542 4278 subtilitate
2569 4217 2961 4288 comprehendi
2999 4225 3198 4287 potest.
3235 4214 3395 4272 Aliud
3423 4217 3572 4273 enim
3601 4217 3825 4280 videtur,

2239 4310 2390 4369 aliud
2431 4309 2773 4382 intelligitur.
2805 4307 2964 4376 Quod
2995 4308 3225 4374 videtur,
3251 4309 3491 4379 speciem
3529 4307 3695 4366 habet
3720 4323 3828 4364 cor-

2240 4404 2506 4476 poralem,
2522 4402 2667 4475 quod
2687 4401 3028 4473 intelligitur,
3047 4401 3283 4457 fructum
3296 4401 3462 4457 habet
3473 4401 3826 4473 spiritualem.

2243 4494 2489 4552 divinum
2514 4491 2742 4550 scilicet.
2769 4491 2961 4547 Altare
2981 4490 3233 4570 Christus
3251 4490 3454 4562 implet,
3485 4499 3543 4548 et
3567 4501 3837 4564 praeparat

2166 4560 2217 4630 υ
2243 4600 2304 4641 se
2324 4583 2529 4642 cibum.
2563 4583 2834 4640 Mactatur
2868 4597 2981 4639 non
3009 4560 3299 4648 occiditur,
3329 4560 3698 4639 imanducatur
3731 4599 3834 4641 nos

2243 4678 2529 4743 minuitur,
2556 4676 2733 4733 reﬁcit
2751 4691 2859 4733 non
2885 4675 3103 4742 deﬁcit,
3131 4675 3489 4732 mandueatua
3516 4674 3680 4740 vivit,
3709 4677 3830 4748 quia

2243 4769 2546 4826 resurrexit
2570 4782 2602 4824 a
2626 4766 2872 4823 mortuis.
2904 4765 2950 4823 0
2974 4783 3063 4823 res
3085 4767 3222 4822 mira
3244 4773 3300 4821 et
3321 4765 3634 4822 inelfabilis!
3657 4764 3704 4822 0
3724 4780 3833 4838 my.

2243 4859 2473 4916 sterium
2516 4856 2670 4914 ﬁdei!
2713 4854 2917 4915 Omnes
2949 4856 3283 4912 manducant
3317 4870 3384 4910 ex
3413 4870 3511 4922 eo,
3544 4856 3637 4911 sed
3675 4871 3832 4910 unus-

2246 4952 2478 5023 quisque
2502 4958 2675 5007 totum
2713 4951 3023 5006 manducat.
3053 4947 3322 5004 Dividitur
3359 4962 3458 5019 per
3494 4962 3710 5019 partes,
3742 4950 3833 5004 sed

2248 5053 2399 5101 totus
2425 5043 2480 5100 in
2509 5044 2773 5116 partibus.
2801 5042 3153 5098 Manducatus
3180 5042 3248 5098 ab
3267 5041 3415 5098 omni
3434 5042 3651 5115 populo,
3676 5056 3831 5098 sanus

2250 5145 2309 5193 et
2337 5137 2550 5208 integer
2585 5143 2786 5191 manet.
2822 5135 2992 5191 Totus
3029 5134 3083 5189 in
3111 5134 3250 5190 cmlo
3270 5175 3286 5200 ,
3318 5140 3464 5190 totus
3499 5134 3554 5189 in
3589 5133 3832 5191 cordibus

2252 5227 2512 5292 ﬁdelium,
2543 5226 2651 5282 vita
2679 5226 3056 5290 manducatur,
3082 5234 3304 5296 peccata
3335 5233 3551 5296 purgat,
3585 5240 3730 5283 mora
3753 5224 3828 5283 vi-

2253 5317 2452 5381 viﬁcat,
2487 5316 2700 5372 inﬁrma
2723 5315 3061 5380 corroborat,
3088 5325 3221 5394 sana
3248 5304 3556 5372 conservat.

2325 5415 2411 5474 iV.
2454 5415 2584 5475 Haec
2616 5431 2852 5488 namque
2887 5415 3235 5486 singulariter
3270 5416 3489 5472 victima
3525 5416 3592 5471 ab
3621 5414 3826 5473 interitu

2253 5523 2455 5568 aeterno
2483 5510 2720 5566 animam
2749 5508 2942 5574 salvat,
2973 5523 3094 5580 quae
3114 5507 3269 5594 illam
3297 5509 3452 5565 nobis
3473 5516 3702 5565 mortem
3722 5513 3827 5565 uni-

2255 5603 2422 5676 geniti
2465 5615 2562 5672 per
2599 5601 2916 5673 mysterium
2966 5608 3211 5679 reparat,
3263 5601 3354 5672 qui
3392 5599 3518 5657 licet
3558 5618 3826 5674 surgensa

2256 5695 2503 5760 mortuis,
2538 5694 2588 5748 in
2617 5709 2675 5748 se
2696 5694 2811 5763 ipso
2833 5691 3212 5748 immortaliter
3235 5700 3393 5763 atque
3422 5694 3823 5766 incorruptibili-

2331 5812 2354 5850 ιθ
2391 5810 2701 5864 Ambrosius
2733 5812 2780 5863 in
2811 5824 2924 5879 cap.
2957 5825 2991 5872 l,
3023 5808 3193 5876 [ηδ-ιιι,
3234 5825 3284 5862 n.
3322 5809 3392 5864 ‘28
