4090 6540
187 522 213 578 Ι
228 521 339 580 089

762 552 767 557 -
881 518 1030 575 OPP.
1077 515 1304 576 DUBIA.
1338 547 1406 559 -
1443 515 1673 573 ALBlNl
1711 510 2098 572 CONFESSIO
2132 511 2334 570 FIDEI.
2367 544 2434 553 —
2475 511 2655 568 PARS
2694 511 2782 569 IV.

3351 509 3488 569 l090

186 643 271 689 ter
308 631 484 696 vivat,
523 645 622 701 pro
655 627 811 684 nobis
852 619 1046 684 iterum
1084 631 1138 684 in
1183 630 1284 686 hoc
1313 630 1575 704 mysterio
1613 642 1782 685 sacrm
1810 629 1860 689 Α
1888 626 2096 684 locutus
2135 644 2252 683 sum
2302 627 2480 692 vobis,
2529 627 2745 699 spiritus
2786 636 2835 682 et
2873 629 2978 684 vita
3027 635 3183 692 sunt,
3236 629 3327 683 sed
3365 639 3491 683 sunt

183 721 477 780 oblationis
502 719 832 778 immolatur.
874 719 1004 792 Ejus
1031 720 1231 792 quippe
1270 721 1343 776 ibi
1384 735 1580 790 corpus
1616 719 1785 777 sumi-

185 825 300 883 tur,
326 818 445 889 ejus
471 829 603 870 caro
631 813 686 868 in
711 813 895 886 populi
934 813 1105 868 salute
1133 815 1392 885 partitur,
1423 816 1541 883 ejus
1565 813 1786 884 sanguis

184 923 218 963 a
248 906 500 965 ﬁdelibus
524 905 750 964 bibitur.
784 904 891 961 Sed
919 906 1191 975 quomodo
1221 906 1324 960 hoc
1355 903 1452 959 ﬁat
1485 906 1607 977 quis
1630 919 1783 961 com-

1886 719 2105 791 quidam
2129 735 2195 774 ea:
2223 719 2386 783 nobis,
2425 720 2517 792 qui
2559 736 2665 774 non
2701 720 2939 774 credunt.
2985 716 3234 776 Ostendit
3271 735 3332 776 se
3369 736 3488 777 ma-

1887 823 2054 880 gnum
2085 809 2289 866 dixisse
2310 809 2655 883 mysterium,
2681 826 2804 866 cum
2830 809 2907 865 ait
2937 825 2951 864 :
2981 807 3171 878 Verba,
3198 827 3316 884 qua:
3347 811 3492 868 locu-

1889 909 1973 955 tus
2009 917 2127 956 sum
2156 900 2319 965 nobis,
2359 901 2578 973 spiritus
2615 910 2664 956 et
2699 901 2804 956 vita
2842 910 2984 957 sunt.
3014 898 3150 957 Cum
3186 909 3366 960 autem
3395 903 3495 960 ad-

183 999 527 1073 prehendere
554 1004 752 1066 potest,
785 997 868 1052 vel
909 996 1188 1052 absolvere
1215 995 1487 1066 profunda
1526 996 1786 1068 mysteria
1882 992 2066 1067 jungit
2096 1013 2110 1051 :
2144 992 2250 1051 Sed
2289 1004 2410 1050 sunt
2449 993 2670 1067 quidam
2707 1011 2773 1051 eis
2803 995 2976 1062 vobis,
3011 997 3103 1068 qui
3129 1011 3234 1081 non
3270 997 3491 1054 credunt

182 1090 350 1162 hujus
378 1088 665 1152 sacriﬁcii,
689 1087 834 1158 quod
864 1102 965 1159 pro
991 1087 1330 1142 absolutione
1367 1095 1551 1143 nostra
1579 1087 1791 1159 passio-

182 1196 312 1239 nem
337 1179 602 1251 unigeniti
629 1177 752 1235 Filii
793 1193 1010 1250 semper
1041 1178 1302 1233 imitatur.
1341 1177 1496 1234 Sicut
1524 1179 1670 1234 enim
1698 1193 1788 1234 sa-

180 1280 530 1330 cramentum
559 1281 762 1328 sanctae
785 1269 1100 1336 Trinitatis,
1143 1271 1215 1325 ita
1245 1280 1300 1325 et
1335 1271 1655 1342 mysterium
1688 1269 1792 1326 Do-

180 1366 405 1422 sninictn
452 1363 723 1437 passionis
764 1371 818 1418 et
872 1363 1106 1428 mortis,
1161 1364 1309 1434 quod
1362 1363 1466 1418 hac
1518 1362 1792 1421 oblatione

180 1457 588 1532 frequentatur,
643 1455 926 1525 aequaliter
975 1457 1348 1511 necessarium
1398 1455 1466 1511 ad
1517 1454 1790 1518 salutem,

179 1547 466 1621 cqualiter
494 1547 547 1602 in
575 1546 906 1603 conscientia
935 1562 1071 1617 pura
1112 1555 1197 1601 est
1222 1547 1543 1602 sumendum
1571 1563 1635 1602 ac
1663 1547 1792 1603 reti-

186 1639 447 1697 nendum.
495 1636 666 1695 Nemo
708 1637 928 1709 quidem
971 1636 1210 1694 ﬁdelium
1252 1638 1504 1693 dubitare
1539 1639 1700 1694 debet
1725 1637 1794 1694 dc

188 1736 331 1792 tanti
370 1733 617 1804 mysterii
639 1731 904 1798 veritate,
932 1746 1054 1803 qute
1093 1739 1204 1786 tam
1240 1730 1426 1786 multis
1467 1730 1793 1786 testimoniis

187 1827 419 1898 prolata
441 1833 554 1889 est,
592 1831 650 1879 et
691 1836 1082 1894 nonnunquam
1111 1823 1289 1878 divina
1330 1823 1659 1879 revelatione
1695 1821 1795 1877 ali-

187 1918 389 1992 quibus
419 1913 764 1973 manifestata
784 1923 888 1971 est.
933 1913 1046 1986 Ego
1069 1920 1248 1968 autem
1278 1915 1518 1969 omnium
1553 1913 1792 1970 ﬁdelium

1891 1084 2075 1160 (loon.
2121 1101 2202 1153 vi,
2243 1085 2338 1153 64,
2384 1085 2496 1158 65).
2536 1085 2789 1144 Ostendit
2831 1086 2977 1143 istud
3019 1088 3342 1160 mysterium
3379 1103 3491 1146 non

1891 1194 2011 1236 esse
2039 1179 2145 1237 nisi
2173 1179 2323 1244 ﬁdei,
2353 1188 2407 1234 et
2433 1179 2696 1248 ﬁdelium,
2723 1178 2816 1253 qui
2843 1179 2932 1238 illa
2959 1181 3126 1237 verba
3152 1179 3386 1237 ﬁdeliter
3406 1196 3493 1239 ca-

1890 1273 2067 1345 piunt,
2099 1280 2155 1328 et
2184 1273 2306 1329 ideo
2330 1272 2412 1329 eis
2440 1273 2665 1345 spiritus
2692 1281 2748 1329 et
2775 1274 2886 1330 vita
2915 1281 3074 1341 sunt,
3100 1272 3226 1346 quia
3251 1289 3349 1332 eos
3376 1275 3489 1347 spi-

1892 1363 2161 1422 ritualiter
2186 1364 2462 1421 intellectu
2496 1365 2791 1422 viviﬁcant.
2817 1365 2981 1424 Fides
3008 1381 3116 1422 non
3139 1365 3302 1422 habet
3325 1367 3494 1423 meri-

1893 1461 2030 1522 tum,
2057 1457 2145 1514 cui
2168 1457 2406 1514 humana
2429 1459 2569 1512 ratio
2594 1458 2802 1529 praebet
2827 1456 3279 1530 experimentum.
3305 1457 3495 1515 Melior

1892 1556 1977 1605 est
2003 1545 2168 1615 ﬁdes,
2198 1563 2364 1618 quam
2394 1550 2556 1616 ratio,
2588 1549 2715 1621 quia
2753 1548 2824 1605 ad
2851 1549 3240 1622 perfectionem
3276 1549 3493 1622 plenam

1894 1654 2004 1695 non
2027 1641 2346 1710 pervenitur
2379 1640 2484 1696 nisi
2512 1656 2612 1713 per
2647 1639 2838 1707 ﬁdem,
2875 1642 3018 1698 sicut
3055 1643 3318 1714 scriptum
3359 1651 3446 1700 est
3477 1661 3491 1698 :

1899 1729 2021 1785 Nisi
2041 1730 2392 1799 credideritis,
2417 1748 2521 1787 non
2536 1729 2985 1805 intelligetisUsa.
3003 1750 3099 1796 νη,
3123 1734 3156 1790 9
3176 1731 3494 1809 sec.LXX),

1895 1831 1952 1878 et
1974 1824 2100 1879 alibi
2128 1843 2142 1880 :
2165 1823 2353 1881 Justus
2374 1834 2552 1881 autem
2577 1840 2724 1882 meus
2747 1841 2813 1882 ea:
2836 1825 2942 1896 fide
2969 1827 3087 1883 civit
3114 1825 3271 1900 (Heb.
3299 1845 3354 1896 x,
3377 1829 3493 1901 58).
3579 1815 3584 1818 ⁷

1894 1914 2058 1972 Pauci
2089 1927 2216 1974 sunt
2243 1932 2497 1988 namque,
2537 1916 2632 1988 qui
2664 1917 2885 1975 ﬁrmare
2921 1930 3166 1990 possunt,
3196 1920 3341 1991 quod
3372 1937 3498 1978 cre-

191 1986 472 2074 minimus,
501 2007 638 2065 nihil
659 2007 726 2064 de
756 2007 849 2063 illo
880 2004 1108 2079 (gratias
1132 2005 1262 2078 Deo)
1290 2006 1345 2060 in
1375 2006 1558 2078 aliquo
1583 2007 1792 2074 dubito,
1827 1986 1874 2050 Β
1898 2006 2053 2063 dunt.
2089 2004 2244 2063 Unde
2271 1986 2428 2063 multi
2463 1986 2709 2073 illorum,
2739 2009 2832 2080 qui
2862 1986 3191 2081 putaverunt
3213 1986 3276 2067 se
3311 2027 3497 2083 posse,

193 2103 292 2161 sed
319 2117 388 2160 ex
417 2111 530 2158 toto
565 2115 686 2157 meo
712 2100 878 2158 corde
902 2098 1088 2163 credo,
1117 2107 1173 2154 et
1206 2107 1359 2154 certa
1392 2098 1507 2155 oris
1534 2097 1798 2155 relatione

191 2194 480 2259 conﬁteor,
519 2193 696 2264 ipsum
740 2191 938 2249 divinae
983 2200 1037 2245 et
1077 2190 1306 2247 viviﬁcae
1351 2190 1570 2248 virtutis
1617 2204 1800 2248 sacra-

195 2295 441 2344 mentum
463 2326 477 2351 ,
503 2299 692 2341 veram
727 2282 930 2342 Christi
959 2297 1180 2339 carnem
1208 2297 1360 2350 esse,
1390 2299 1457 2337 ex
1483 2298 1590 2352 qua
1617 2281 1796 2354 pasci-

197 2392 343 2443 mur,
359 2384 417 2433 et
443 2391 635 2434 verum
657 2375 776 2446 ejus
790 2376 1133 2448 sanguinem,
1149 2389 1220 2430 ex
1240 2390 1350 2445 quo
1375 2383 1645 2445 putamur.
1671 2373 1801 2433 ilco

197 2483 434 2544 nanque
469 2471 646 2527 hostia
675 2484 873 2541 corpus
903 2478 960 2525 et
987 2469 1207 2540 sanguis
1229 2477 1346 2538 est,
1376 2478 1439 2524 ut
1470 2469 1664 2526 beatus
1699 2468 1800 2523 Pe.

199 2571 320 2618 trus
345 2563 424 2617 ait
456 2576 470 2615 :
513 2560 931 2617 Incontaminati
979 2560 1104 2633 agni
1147 2569 1195 2614 et
1233 2558 1564 2616 inmaculati
1601 2557 1800 2616 Christi

198 2652 252 2729 (1
275 2652 423 2711 Petr.
451 2670 493 2720 ι,
524 2653 636 2724 i9).
670 2651 836 2709 Panis
863 2650 1009 2706 enim
1054 2651 1172 2718 ille,
1203 2654 1362 2722 panis
1398 2658 1451 2706 et
1480 2652 1605 2707 vita:
1639 2658 1800 2707 atter-

199 2764 312 2813 nae;
346 2756 400 2801 et
428 2747 569 2803 calix
597 2745 708 2812 ille,
735 2744 874 2802 calix
904 2744 1096 2800 salutis
1125 2752 1417 2815 perpetuae.
1456 2744 1534 2800 Ex
1557 2745 1646 2802 his
1671 2759 1802 2801 sane

196 2839 398 2896 divinis
434 2838 713 2910 mysteriis
756 2837 1115 2898 inundamur,
1163 2844 1217 2893 et
1259 2834 1694 2903 sanctiﬁcamur,
1747 2844 1802 2892 et

197 2932 362 2988 unius
407 2929 709 2986 divinitatis
747 2928 1043 2999 participes
1078 2926 1362 2994 eﬁicimur,
1406 2929 1531 3000 quia
1564 2928 1708 2984 Deus
1745 2928 1801 2984 in

202 3020 381 3085 nobis,
409 3029 464 3076 et
505 3033 604 3076 nos
641 3020 698 3075 in
737 3019 847 3075 Deo
888 3034 1191 3076 manemus.
1229 3020 1404 3075 Audio
1442 3019 1574 3093 quid
1605 3020 1676 3078 de
1717 3021 1805 3078 his

204 3112 321 3186 ipsa
351 3112 562 3168 Veritas
612 3111 868 3183 loquitur,
922 3120 978 3167 et
1021 3111 1138 3167 sine
1175 3111 1340 3167 dubio
1376 3111 1542 3169 credo
1564 3111 1647 3178 cl,
1679 3127 1808 3184 qua

205 3206 425 3265 mentiri
452 3222 554 3261 non
586 3211 784 3276 potest.
826 3203 1125 3276 Respondit
1163 3205 1310 3260 enim
1352 3203 1689 3278 litigantibus
1709 3204 1806 3262 iu-

1899 2098 2135 2169 turpiter
2157 2095 2327 2172 ‘15
2351 2105 2695 2164 erraverunt,
2727 2099 2855 2156 dum
2882 2100 3248 2173 relinquentes
3284 2103 3500 2159 humill-

1900 2196 2068 2246 tatem
2109 2189 2271 2256 ﬁdei,
2301 2191 2510 2248 ratione
2541 2206 2705 2262 supra
2736 2206 2796 2247 se
2823 2193 3120 2249 ascendere
3139 2209 3501 2267 priesumpseo

1898 2288 2046 2338 runt.
2111 2280 2248 2337 (him
2296 2288 2506 2338 certum
2559 2283 2632 2337 sit
2681 2280 2961 2340 Christum
3008 2268 3395 2342 immortaliter
3445 2295 3503 2344 et

1899 2370 2386 2443 incorruptibilitet;
2411 2373 2594 2428 vivere
2620 2373 2673 2426 in
2711 2387 2771 2428 se
2807 2373 2956 2446 ipso,
2985 2375 3106 2445 quis
3136 2384 3252 2443 est,
3294 2376 3385 2447 qui
3413 2393 3502 2433 ra-

1902 2463 2046 2519 tione
2072 2475 2271 2534 capere
2289 2462 2489 2527 valeat,
2514 2462 2787 2533 quomodo
2799 2478 3024 2521 carnem
3053 2480 3208 2526 suam
3229 2466 3322 2524 det
3342 2467 3500 2524 nobis

1901 2552 1970 2608 ad
2003 2551 2478 2609 manducandum?
2503 2550 2845 2611 Sacriﬁcium
2878 2555 3027 2613 enim
3056 2555 3200 2613 istud
3228 2557 3498 2627 mirabile,

1899 2645 2177 2701 Christum
2204 2661 2314 2702 non
2347 2644 2608 2711 dandum,
2632 2647 2727 2703 sed
2752 2646 2939 2704 datum
2957 2689 2972 2714 ,
2997 2663 3110 2704 non
3145 2651 3500 2710 occidendum

1903 2743 1997 2794 sed
2020 2737 2262 2795 occisum
2284 2779 2298 2803 ,
2325 2753 2440 2794 non
2469 2739 2816 2796 redimendos
2856 2755 2956 2796 nos
2986 2740 3128 2816 [sed]
3170 2747 3499 2816 redemptos,

1900 2831 2058 2888 nobis
2086 2830 2143 2888 in
2166 2831 2402 2888 veritate
2427 2839 2726 2898 monstrat;
2758 2833 2894 2890 sicut
2935 2836 3137 2892 veteris
3175 2835 3312 2910 legis
3350 2837 3503 2894 victi-

1901 2937 2007 2979 ma
2042 2922 2158 2978 hinc
2185 2922 2373 2978 omnia
2402 2930 2631 2979 ventura
2663 2924 3121 2995 praenuntiabant.
3155 2925 3262 2983 Sed
3290 2930 3381 2999 qui
3412 2946 3503 2986 ve-

1902 3029 2025 3072 rum
2046 3029 2247 3089 corpus
2263 3032 2444 3084 suum,
2465 3017 2610 3090 quod
2632 3019 2918 3076 suscitavit
2938 3019 3006 3076 de
3019 3022 3290 3092 sepulcro,
3303 3025 3503 3095 potuit,

1897 3107 2082 3180 ianuis
2103 3107 2327 3179 clausis,
2355 3111 2477 3168 sine
2501 3113 2853 3184 corruptione
2879 3121 2936 3171 et
2963 3113 3143 3184 aliqua
3173 3118 3255 3172 sui
3283 3117 3519 3178 laesione.

1903 3203 2256 3261 introducere
2308 3206 2377 3261 ad
2430 3205 2761 3279 discipulos,
2813 3214 2993 3279 potest
3043 3209 3228 3280 utique
3281 3225 3505 3266 carnem

199 3298 368 3365 dreis,
397 3313 590 3369 panem
626 3286 928 3355 concordiae
965 3297 1342 3368 ignorantibus
1371 3307 1537 3372 atque
1575 3298 1804 3357 dicenti-
1828 3339 1879 3407 ε
1907 3308 2063 3407 suam
2089 3294 2222 3352 dare
2246 3295 2405 3352 nobis
2431 3295 2500 3352 ad
2533 3297 2971 3354 manducandum
3002 3300 3124 3357 sine
3153 3316 3248 3357 su
3284 3301 3507 3360 laesione

203 3391 309 3450 bus
336 3409 351 3448 :
383 3391 657 3459 Quomodo
680 3398 848 3463 potest
872 3391 1020 3445 nobis
1047 3391 1134 3444 hic
1161 3406 1374 3446 carnem
1401 3407 1556 3447 suam
1580 3389 1712 3448 dare
1732 3389 1806 3448 ad

201 3481 634 3540 manducandum
675 3480 871 3555 (locis.
919 3499 1007 3548 νι,
1053 3481 1122 3538 55
1166 3480 1334 3554 seq.)?
1371 3481 1582 3549 Quibus
1613 3487 1715 3554 per
1744 3496 1806 3540 sc

202 3575 385 3646 ipsum
413 3573 552 3631 dixit
579 3592 593 3630 :
626 3573 793 3630 Amen
811 3614 828 3640 ,
857 3572 1156 3629 mendico
1186 3572 1329 3628 vobis
1347 3616 1360 3639 ,
1384 3573 1487 3629 nisi
1516 3572 1807 3630 utendum-

204 3669 384 3727 κήαι
420 3681 635 3723 comm
676 3665 806 3723 Filii
834 3666 1090 3733 hominis,
1114 3675 1166 3722 et
1186 3666 1418 3722 biberitis
1444 3666 1561 3738 ejus
1594 3668 1810 3739 sangui—

205 3775 350 3827 nein,
377 3774 485 3816 non
504 3757 709 3818 habetis
734 3758 895 3820 vitam
922 3759 978 3812 in
998 3757 1156 3814 nobis.
1193 3757 1299 3826 Qui
1322 3759 1610 3815 manducet
1636 3774 1807 3814 meant

205 3867 425 3910 comm
451 3858 504 3910 et
529 3850 655 3907 bibit
683 3866 858 3907 meum
885 3851 1193 3921 sanguinein
1211 3890 1226 3916 ,
1261 3849 1414 3905 habet
1455 3851 1617 3905 vitam
1650 3859 1808 3906 teter-

205 3960 357 4008 naiu.
386 3941 526 4004 Caro
550 3943 688 4001 enim
731 3959 847 3999 mea
891 3959 1006 3998 uere
1031 3943 1178 3998 cibus
1213 3953 1312 4010 est,
1349 3952 1396 3998 et
1419 3944 1636 4016 sanguis
1661 3961 1810 4002 meus

208 4051 325 4096 me
347 4044 425 4095 est
458 4045 632 4105 potus.
673 4033 778 4102 Qui
808 4035 1098 4092 manducet
1128 4051 1302 4090 mm
1325 4050 1572 4101 carnem,
1602 4044 1652 4092 et
1681 4036 1812 4093 bibit

209 4140 384 4184 meum
408 4125 747 4196 sattguinem,
777 4126 834 4182 its
861 4141 944 4181 me
971 4135 1176 4192 manu,
1214 4136 1264 4180 et
1298 4142 1392 4198 ego
1414 4127 1472 4182 in
1508 4126 1602 4182 illo
1629 4142 1648 4180 :
1673 4128 1810 4183 sicut

210 4233 297 4280 tu
323 4219 464 4278 πείσει
488 4219 660 4276 visens
688 4216 870 4285 Pater,
901 4228 949 4272 et
985 4234 1078 4289 ego
1118 4219 1226 4275 uiro
1255 4227 1467 4292 propter
1493 4215 1729 4282 Patrem,
1762 4230 1811 4275 et

209 4311 304 4383 qui
322 4310 610 4368 manducet
629 4325 729 4375 nte,
762 4309 871 4382 ipse
897 4309 1019 4366 vivit
1040 4319 1250 4382 propter
1275 4326 1376 4367 me.
1408 4309 1514 4367 Hie
1540 4322 1615 4367 est
1633 4314 1810 4384 penis,

213 4403 307 4477 συί
329 4399 396 4466 ὄσ
421 4401 547 4461 mlo
573 4399 862 4461 descendit.
894 4398 1000 4468 Qui
1028 4402 1311 4478 modum
1331 4402 1472 4458 hunc
1500 4417 1711 4473 pom,
1735 4405 1815 4461 νε-

214 4505 299 4556 κε
327 4496 386 4555 in
413 4504 690 4554 internum.

293 4590 355 4651 Υ.
381 4590 619 4650 Advorte
636 4589 749 4664 iam
772 4591 1010 4655 tandem,
1037 4604 1070 4644 ο
1097 4588 1542 4660 pravissimarum
1569 4593 1812 4667 gentium

1908 3395 1967 3446 ct
1995 3386 2347 3448 detrimento.

1979 3497 2067 3556 Vl.
2106 3495 2215 3556 Iste
2240 3506 2344 3565 est,
2371 3501 2461 3572 qui
2503 3514 2613 3555 non
2650 3509 2840 3573 aperto
2869 3509 3027 3560 utero
3048 3502 3271 3576 virginis
3299 3507 3510 3578 ingres-

1908 3604 2006 3647 sus
2027 3596 2114 3648 cst
2137 3591 2425 3660 mundum,
2447 3591 2540 3663 qui
2574 3608 2699 3648 cum
2725 3606 2859 3649 vero
2885 3608 3116 3666 corpore
3148 3612 3312 3670 supra
3356 3615 3509 3657 mare

1909 3679 2226 3748 ambulavit,
2254 3681 2346 3754 qui
2383 3681 2644 3754 pauculas
2670 3699 2829 3742 escas
2857 3687 3200 3746 transitorias
3235 3697 3292 3746 et
3325 3691 3511 3748 visibi-

1908 3771 1989 3828 les
2029 3771 2134 3829 sub
2173 3772 2429 3830 deutibus
2476 3774 2751 3831 edentium
2795 3780 2982 3850 augeri
3021 3779 3168 3838 fecit.
3200 3781 3340 3852 Quid
3378 3800 3512 3858 ergo

1909 3860 2150 3931 dubitas,
2176 3878 2302 3922 cum
2339 3864 2454 3936 ipse
2480 3864 2626 3921 dicat
2656 3866 2754 3922 tibi
2791 3882 2808 3922 :
2852 3867 2958 3934 Qui
2995 3870 3282 3928 manducet
3319 3891 3422 3942 me,
3459 3885 3510 3930 et

1909 3956 2020 4026 ipse
2045 3955 2169 4011 uiuit
2195 3963 2409 4028 propter
2445 3972 2526 4011 me
2568 3955 2752 4029 (Jaan.
2792 3958 2909 4030 vr)?
2947 3958 3090 4020 Deus
3132 3970 3216 4020 est
3248 3964 3341 4036 qui
3380 3964 3511 4025 facit
3599 3947 3610 4013 ἶ

1911 4058 2107 4117 magna
2131 4054 2188 4100 et
2213 4043 2504 4112 mirabilia,
2528 4053 2583 4102 et
2609 4045 3000 4118 inscrutabilia,
3030 4066 3260 4122 quorum
3290 4070 3397 4111 non
3426 4065 3512 4112 est
3603 4057 3606 4060 ’

1912 4152 2192 4193 numerus.
2223 4135 2301 4191 Ne
2325 4135 2479 4204 velis,
2513 4152 2718 4208 quaiso,
2745 4138 2847 4196 hoc
2871 4141 3083 4199 ratione
3104 4143 3383 4216 indagare.
3407 4132 3511 4204 Sué
3603 4183 3607 4194 ι

1909 4241 2010 4300 pra
2045 4235 2099 4284 te
2122 4233 2211 4283 cst
2236 4227 2534 4298 negotium,
2564 4229 2727 4285 nimis
2750 4231 2963 4287 excedit
2988 4233 3134 4290 vires
3167 4242 3306 4291 tuas.
3339 4236 3512 4295 Nemo

1911 4320 2057 4376 enim
2103 4324 2285 4392 potest
2316 4319 2564 4393 corporis
2593 4327 2650 4374 et
2681 4319 2965 4394 sanguinis
2982 4319 3184 4381 Christi
3203 4366 3219 4392 ,
3259 4342 3361 4398 pro
3394 4344 3508 4384 ma-

1903 4412 2104 4485 jestate
2141 4411 2242 4478 rei,
2274 4420 2619 4468 sacramenta
2654 4413 3001 4484 cognoscere.
3030 4414 3316 4474 Praebeant
3346 4418 3508 4486 ﬁdem

1913 4500 2180 4559 mirabilia
2231 4500 2607 4569 mirabilibus,
2669 4504 3236 4578 incomprehensibilia
3298 4510 3506 4568 incom-

1910 4593 2383 4667 prehensibilibus.
2422 4592 2614 4650 Divina
2651 4595 2918 4669 operatio,
2950 4596 2995 4652 si
3023 4599 3236 4656 ratione
3266 4617 3512 4674 compre-

216 4698 478 4762 pervcrsa
502 4683 772 4753 doctrina,
787 4691 846 4741 et
864 4682 972 4739 noli
993 4683 1157 4740 surda
1181 4699 1314 4741 aure
1336 4693 1393 4743 et
1431 4674 1813 4746 incircumciso
1838 4703 1892 4767 ι)
1917 4685 2190 4751 henditur,
2223 4698 2333 4741 non
2355 4693 2439 4740 est
2464 4685 2601 4744 adeo
2626 4685 2980 4744 admirabilis.
3007 4688 3217 4748 Desiste
3241 4708 3506 4762 quierere.

219 4778 386 4838 corde
417 4776 727 4850 praterire,
765 4778 910 4848 quod
945 4773 1150 4831 dicitur
1196 4793 1210 4831 :
1255 4772 1360 4843 Qui
1388 4777 1674 4834 manducet
1709 4797 1812 4846 sive,

221 4883 379 4930 suam
401 4869 659 4926 nimirum
686 4873 743 4924 et
768 4881 875 4923 non
904 4866 1066 4923 aliam
1098 4881 1319 4924 carnem
1357 4868 1713 4926 demonstrat.
1754 4870 1816 4929 Si

219 4962 370 5018 enim
391 4960 494 5017 hoc
516 4973 624 5015 non
641 4965 806 5024 esset,
835 4971 1177 5029 nequaquam
1206 4959 1522 5028 mysterium
1554 4960 1683 5015 illud
1705 4967 1815 5015 tam

224 5053 504 5119 mirabile,
540 5061 598 5108 et
623 5049 918 5118 ineﬁ‘abile,
949 5058 1114 5122 atque
1138 5051 1677 5122 incomprehensibile
1709 5054 1816 5109 dici

223 5155 429 5220 posset.
452 5142 555 5213 Qui
576 5143 746 5200 Deum
762 5141 937 5198 credit
960 5132 1405 5213 omnipotentem,
1437 5144 1609 5198 credit
1630 5147 1818 5215 utique

221 5249 353 5298 una
381 5235 538 5294 facile
558 5247 719 5305 posse
745 5233 813 5290 de
843 5248 901 5288 re
938 5233 1147 5304 aliqua,
1179 5233 1323 5303 quod
1353 5233 1487 5300 vult,
1524 5233 1724 5290 facere.
1760 5235 1816 5290 Si

223 5330 331 5393 hoc
358 5334 503 5385 esset
530 5328 625 5394 ita,
647 5324 1043 5398 comprehendi
1062 5339 1225 5380 sensu
1251 5334 1307 5381 et
1336 5325 1516 5383 verbis
1537 5325 1642 5382 dici
1671 5336 1822 5382 certe

226 5419 509 5494 potuisset.
542 5418 638 5474 νει
653 5432 742 5472 um
781 5417 905 5486 quia
945 5414 1102 5486 longe
1138 5414 1298 5470 aliter
1329 5429 1388 5470 se
1420 5413 1583 5471 habet
1615 5416 1821 5472 veritas

225 5513 366 5573 tati
395 5510 662 5585 mysterii,
679 5524 844 5582 quam
870 5517 928 5564 tu
949 5508 1210 5565 hieretieo
1233 5507 1490 5579 deceptus
1515 5508 1707 5579 spiritu
1734 5524 1822 5562 ar-

227 5603 474 5672 bitraris,
505 5610 656 5659 recte
681 5600 880 5658 dicitur
903 5601 1222 5672 mysterium
1248 5598 1395 5657 ﬁdei.
1420 5597 1538 5655 Non
1561 5599 1705 5654 enim
1728 5600 1823 5655 hu-

228 5709 391 5754 mano
415 5693 691 5754 intellectu
719 5692 1106 5764 comprehendi
1143 5698 1197 5746 et
1240 5689 1426 5746 subtili
1454 5692 1666 5746 ratione
1691 5706 1819 5763 per-

231 5788 391 5861 pendi
421 5788 586 5852 valet,
609 5785 708 5842 sed
740 5783 1004 5855 simplicis
1037 5783 1162 5841 ﬁdei
1200 5783 1547 5841 dcvotissima
1587 5785 1823 5854 puritate

230 5887 374 5957 capi.
405 5884 558 5942 Unde
585 5882 846 5940 Dominus
879 5881 949 5937 de
981 5881 1086 5937 hoc
1122 5888 1467 5937 sacramento
1499 5879 1820 5950 quibusdam

236 5976 512 6050 discipulis
544 5989 652 6032 non
673 5971 1020 6031 credentibus
1051 5973 1296 6043 loquens,
1326 5971 1402 6031 ait
1430 5986 1444 6026 :
1491 5968 1675 6040 Verbo,
1703 5989 1819 6044 qua

1917 4776 2091 4832 Crede
2123 4789 2338 4833 mecum
2370 4784 2580 4833 tantum
2600 4819 2615 4843 ,
2645 4777 2772 4850 quia
2801 4777 3048 4835 Christus
3081 4781 3239 4837 nobis
3270 4785 3510 4854 quotidie

1919 4871 2276 4926 ministratur.
2326 4867 2578 4928 Christus
2627 4877 2714 4926 est
2757 4869 2910 4926 cibus
2926 4877 2994 4944 let
3034 4882 3194 4942 potus
3233 4875 3506 4938 Ecclesiin.

1917 4960 2058 5015 Caro
2104 4961 2289 5027 cibus,
2345 4975 2566 5033 sanguis
2616 4970 2798 5031 potus.
2849 4960 3060 5032 Cujus?
3101 4965 3319 5023 Christi.
3373 4969 3510 5028 Audi

1919 5052 2094 5124 ipsum
2139 5049 2410 5108 dicentem
2459 5065 2475 5105 :
2526 5048 2639 5107 Hoc
2684 5061 2763 5108 est
2809 5068 2998 5126 corpus
3049 5072 3222 5111 meum
3273 5058 3509 5126 (Matth.

1920 5161 2073 5208 xxix,
2117 5141 2253 5215 εδ),
2295 5150 2388 5198 et:
2424 5141 2540 5214 Ego
2579 5159 2693 5196 sum
2725 5145 2878 5214 panis
2903 5145 3022 5201 vita
3053 5144 3246 5219 (locis.
3283 5165 3365 5215 vn,
3394 5153 3507 5222 48).

1923 5233 2040 5289 Hoc
2061 5233 2217 5303 facite
2236 5234 2291 5288 in
2309 5248 2478 5288 meam
2499 5235 3042 5297 commemorationem
3060 5237 3211 5313 (Luc.
3238 5256 3371 5309 xxu,
3397 5245 3505 5316 l9).

1920 5325 2036 5382 lloc
2061 5339 2194 5397 ergo
2222 5322 2520 5398 agendum,
2550 5321 2656 5379 hoc
2683 5321 3132 5396 frequentandum
3164 5337 3510 5391 commenda-

1923 5416 1999 5470 vit
2052 5414 2345 5480 Ecclesia,
2394 5427 2675 5485 quousque
2725 5415 2908 5471 veniat
2964 5417 3018 5472 in
3074 5417 3238 5476 ﬁnem
3292 5425 3508 5491 saeculi,

1921 5507 2140 5578 quando
2158 5507 2264 5563 erit
2290 5515 2606 5562 sanctorum
2639 5507 2885 5580 requies;
2912 5523 3020 5565 non
3048 5511 3224 5568 adhuc
3252 5513 3308 5571 in
3331 5531 3512 5571 sacra-

1922 5610 2140 5668 mento,
2171 5615 2282 5674 quo
2315 5601 2370 5656 in
2416 5599 2521 5656 hoc
2555 5606 2798 5671 tempore
2843 5604 3190 5666 consectatur
3229 5606 3470 5665 Ecclesia
3493 5649 3511 5674 ,

1923 5693 2159 5764 quandiu
2190 5693 2412 5760 bibitur,
2435 5692 2580 5763 quod
2604 5693 2672 5748 de
2696 5691 2898 5752 Christi
2930 5693 3103 5754 latere
3126 5702 3383 5765 manavit,
3417 5702 3513 5756 sed

1925 5795 2105 5841 tamen
2137 5786 2193 5841 in
2229 5785 2344 5856 ipsa
2375 5781 2708 5856 perfectione
2743 5785 2933 5842 salutis
2964 5795 3212 5858 internas,
3240 5807 3364 5847 cum
3401 5802 3511 5847 tra-

1922 5879 2080 5932 detur
2109 5873 2336 5949 regnum
2377 5875 2488 5933 Deo
2527 5876 2709 5943 Patri,
2743 5885 2803 5933 ut
2835 5877 2893 5936 in
2934 5878 3025 5936 illa
3061 5884 3344 5954 perspicua
3382 5899 3511 5938 con-

1924 5969 2270 6041 templatione
2294 5968 2748 6029 incommutabilis
2779 5972 3023 6028 veritatis
3058 5975 3217 6030 nullis
3243 5977 3512 6048 mysteriis
