4090 6494
615 419 752 476 {Oili

613 552 892 611 egeamus.
929 535 1048 592 Noli
1093 535 1275 606 itaque
1304 533 1563 598 diuidere,
1599 548 1774 605 neque
1811 530 2045 595 diiliteri,
2078 543 2201 582 cum
2233 529 2278 584 Α

615 630 798 690 cernis
829 638 1134 686 creaturam
1167 628 1324 699 panis
1365 635 1420 682 et
1451 627 1560 681 vini
1584 626 1650 681 de
1687 621 2019 694 simplicibus
2051 629 2208 675 terra:

615 724 862 798 frugibus
905 733 1198 792 sumptam.
1244 721 1460 778 intuere
1504 718 1952 789 omnipotentiam
2003 714 2100 769 Dei
2153 722 2210 767 et

617 817 830 876 Domini
867 815 1038 872 nostri
1062 813 1190 870 Jcsu
1220 813 1444 878 Christi,
1469 812 1560 883 qui
1589 825 1786 881 corpus
1813 819 1867 864 et
1891 807 2208 878 sanguinem

617 927 776 968 suum
805 909 921 966 solo
957 917 1088 963 nutu
1120 905 1280 962 eilicit
1319 906 1434 961 sine
1467 905 1647 974 aliqua
1683 917 1831 957 mora
1862 915 1926 956 ex
1973 901 2071 954 eis.
2102 895 2210 953 Sed

616 1019 730 1060 non
776 1004 894 1058 sine
937 1015 1104 1056 causa
1155 999 1239 1070 agi
1285 997 1450 1055 debes
1481 996 1731 1054 credere.
1777 992 1992 1063 quando
2028 990 2211 1044 vinum

616 1111 759 1167 aqua
803 1096 1026 1151 mistum
1069 1092 1250 1150 oil‘erri
1275 1092 1443 1147 vides.
1483 1091 1559 1146 De
1598 1090 1768 1146 latere
1802 1089 1946 1142 enim
1985 1085 2209 1149 Christi,

619 1192 711 1261 qui
757 1190 881 1245 vitis
918 1197 1004 1244 est
1044 1203 1204 1252 vera,
1238 1187 1452 1258 quando
1500 1183 1822 1240 transﬁxum
1871 1190 1956 1236 est
2001 1181 2210 1242 lancea,

621 1296 759 1354 aqua
795 1297 916 1337 cum
951 1281 1215 1351 sanguine
1249 1288 1333 1334 est
1365 1293 1605 1350 egressa.
1649 1276 1741 1332 ille
1777 1274 1994 1346 sanguis
2038 1274 2090 1327 in
2127 1288 2212 1327 re-

619 1377 933 1433 missionem
981 1373 1286 1446 peccatoris
1332 1371 1485 1427 fusus
1520 1381 1622 1426 est.
1657 1369 1810 1439 Aqua
1847 1367 1936 1422 illa
1977 1366 2214 1421 salutare

621 1474 891 1536 temperat
911 1464 1182 1537 poculum.
1209 1463 1336 1518 Haec
1369 1471 1423 1516 et
1453 1462 1728 1516 lavacrum
1759 1466 2000 1530 pnestat,
2037 1465 2091 1510 et
2121 1470 2216 1526 po-

626 1568 759 1614 tum.
799 1554 924 1611 Haec
951 1565 1081 1610 sunt
1114 1555 1259 1610 enim
1284 1562 1622 1609 sacramenta
1649 1550 1922 1615 Ecclesiae,
1955 1549 2074 1604 sine
2096 1544 2216 1618 qui-

624 1651 726 1707 bus
760 1649 828 1706 ad
863 1663 1046 1702 veram
1072 1647 1236 1702 vitam
1259 1661 1364 1712 non
1401 1646 1650 1708 intratur,
1675 1642 1799 1711 quia
1822 1639 1987 1696 nimia
2014 1638 2217 1709 pietate

625 1750 682 1797 et
725 1755 911 1798 amore
961 1741 1261 1810 timoreque
1310 1752 1505 1808 magno
1549 1735 1753 1806 agenda
1784 1739 1943 1798 sunt,
1978 1740 2033 1788 et
2075 1730 2217 1786 acci-

623 1833 840 1904 pienda.
881 1831 1092 1889 Accede
1145 1829 1374 1886 ﬁdeliter
1422 1828 1490 1884 ad
1525 1827 1670 1893 haec,
1717 1826 1851 1882 nihil
1897 1824 2216 1890 discutiens,

1451 418 1513 476 B.
1553 417 1616 475 Ρ.
1659 416 1882 475 ALBINI
1922 413 2056 472 SEU
2095 408 2372 468 ALCUINI
2425 405 2710 466 OPERUM
2751 403 2929 461 PARS
2968 399 3100 459 Vill.

3747 393 3902 451 i093

2431 523 2599 584 Agnus
2628 521 2905 570 ll0n0randa
2928 530 3068 566 sacer
3094 515 3173 584 hic
3192 518 3430 584 mactatur
3451 514 3500 584 in
3525 525 3606 564 ara

2497 579 2708 633 linulitnr
2737 586 2783 631 in
2810 589 3000 642 partes;
3031 579 3251 642 partibus
3273 580 3435 628 ollutis
3451 579 3596 626 inest.

2431 648 2677 698 llamlitur
2705 641 2826 692 alma
2847 656 2979 702 caro,
3008 641 3210 704 sanguis
3229 641 3510 700 bibiturque
3535 645 3753 688 sacratus

2494 709 2696 770 Integer
2723 709 2828 770 ipse.
2853 713 3015 755 tamen
3042 707 3178 765 Vivit,
3205 704 3390 766 ubique
3411 714 3626 752 manens.

2380 792 2510 848 Vill.
2553 792 2677 847 liaac
2708 799 2790 845 est
2823 789 2987 859 igitur
3020 788 3151 842 ﬁdes
3177 801 3296 841 mea
3318 794 3374 843 et
3396 801 3539 857 spes,
3566 800 3687 857 qua:
3717 784 3772 840 in
3808 799 3901 842 me

2309 885 2449 942 dono
2484 881 2864 950 misericordia:
2891 879 2984 935 Dei
3013 889 3114 934 est.
3151 877 3255 934 Pro
3284 893 3388 948 qua
3416 878 3648 932 maxime
3671 885 3903 948 paratos

2311 995 2409 1036 nos
2437 993 2558 1035 esse
2583 977 2798 1041 debere,
2833 975 3023 1030 beatus
3059 973 3252 1028 Petrus
3279 971 3540 1044 praecipit,
3573 973 3639 1027 ad
3665 987 3900 1042 respon-

2312 1073 2541 1130 dendum
2568 1071 2714 1125 omni
2749 1068 2988 1139 poscenti
3025 1083 3122 1122 nos
3156 1067 3441 1122 rationem.
3478 1065 3602 1120 Haec
3634 1074 3717 1120 est
3747 1073 3904 1120 certe

2314 1167 2466 1232 ﬁdes,
2504 1180 2664 1236 quam
2701 1161 2860 1218 corde
2893 1171 3076 1226 teneo,
3113 1175 3205 1215 ore
3232 1159 3507 1231 proﬁteor,
3533 1173 3653 1213 cum
3683 1157 3789 1213 hac
3819 1157 3902 1211 vi-

2317 1273 2441 1314 vere
2476 1272 2562 1312 me
2594 1265 2755 1327 opto,
2791 1269 2913 1309 cum
2949 1253 3061 1324 ipsa
3095 1261 3221 1306 ante
3257 1249 3491 1306 tribunal
3527 1247 3728 1306 Christi
3764 1247 3903 1303 assi-

2315 1360 2478 1408 stere.
2518 1350 2624 1406 Per
2659 1351 2799 1404 hanc
2843 1364 2872 1402 a
2911 1348 3145 1418 peccatis
3179 1346 3314 1400 meis
3351 1344 3554 1400 absolvi
3592 1357 3680 1398 me
3711 1343 3897 1400 credo.

2316 1445 2443 1501 Haec
2472 1451 2534 1500 ut
2564 1443 2615 1498 in
2643 1457 2728 1498 me
2748 1483 2762 1508 ,
2785 1439 2927 1512 quod
2949 1441 3145 1495 bonum
3175 1447 3280 1503 est,
3310 1452 3406 1509 per
3429 1436 3783 1493 humilitatem
3819 1435 3900 1490 di—

2318 1538 2709 1607 lectionemque
2744 1549 2955 1603 semper
2988 1547 3159 1602 usque
3192 1532 3244 1587 in
3283 1530 3442 1586 ﬁnem
3472 1539 3744 1600 operetur,
3770 1540 3901 1602 opto

2315 1629 2690 1692 vehementer,
2728 1633 2785 1680 et
2822 1624 3032 1678 Domini
3067 1623 3493 1679 misericordiam
3525 1637 3736 1694 precor.
3773 1622 3902 1679 Haec

2320 1718 2452 1774 ﬁdes
2473 1725 2556 1772 est
2578 1714 2802 1770 baculus
2831 1711 3156 1769 defensionis
3187 1729 3340 1778 meae,
3374 1728 3480 1782 quo
3507 1713 3729 1769 callidos
3753 1723 3806 1769 et
3829 1716 3902 1770 si-

2317 1810 2615 1867 mulatores
2649 1809 2704 1862 in
2735 1807 2916 1877 lingua
2955 1804 3144 1861 feriam
3177 1803 3473 1872 falsidicos,
3497 1805 3588 1876 qui
3624 1806 3780 1863 nobis
3805 1822 3903 1878 per

626 1901 754 1998 quia
792 1924 1105 1998 mysterium
1153 1931 1239 1979 est
1274 1920 1416 1979 ﬁdei.
1452 1919 1661 1976 Accede
1702 1926 1924 1992 pacate,
1961 1918 2088 1989 quia
2121 1932 2214 1972 sa-
2247 1901 2294 1962 Β
2317 1909 2462 1964 viam
2485 1906 2643 1976 hujus
2664 1905 2844 1964 saeculi
2871 1902 3272 1959 transeuntibus
3300 1902 3640 1998 insidiantur.
3680 1901 3796 1959 Hoc
3821 1913 3901 1959 est

625 2025 965 2074 crumentum
988 2023 1072 2070 est
1093 2014 1316 2071 unitatis
1355 2032 1368 2068 :
1405 2012 1509 2067 ﬁde
1534 2019 1589 2067 et
1628 2026 1792 2083 opere
1815 2011 1996 2066 unitus
2022 2025 2080 2066 es
2102 2025 2217 2066 ma-

625 2110 698 2167 tri
743 2108 1019 2166 Ecclesite.
1068 2107 1181 2164 Hoc
1227 2116 1407 2163 autem
1456 2107 1670 2178 signant
1715 2104 1873 2175 panis
1919 2118 1988 2158 ex
2033 2101 2217 2184 multis

627 2204 830 2273 granis,
858 2211 914 2258 et
936 2203 1122 2259 vinum
1157 2215 1221 2255 ex
1255 2200 1436 2256 multis
1471 2199 1660 2255 acinis.
1697 2197 1908 2253 Accede
1938 2211 2061 2252 cum
2088 2209 2215 2267 gra-

628 2299 826 2354 tiarum
852 2296 1081 2361 actione,
1109 2296 1234 2367 quia
1256 2294 1569 2368 mysterium
1590 2301 1674 2349 est
1701 2290 2002 2362 charitatis.

700 2386 809 2441 γη.
849 2386 996 2442 Illius
1040 2384 1196 2456 panis
1232 2393 1284 2439 et
1326 2382 1511 2439 calicis
1554 2381 1757 2439 oblatio
1793 2381 1985 2437 mortis
2013 2377 2217 2436 Christi

629 2487 716 2534 est
744 2477 1187 2535 commemoratio
1213 2483 1270 2531 et
1298 2473 1654 2530 annuntiatio.
1682 2472 1811 2539 Quae
1831 2487 1938 2528 non
1970 2479 2080 2525 tam
2104 2484 2220 2524 ver-

629 2573 716 2629 bis
734 2587 896 2644 quam
921 2570 1192 2643 mysteriis
1219 2571 1348 2641 ipsis
1370 2571 1564 2641 agitur,
1593 2581 1690 2639 per
1709 2581 1828 2638 qua:
1848 2566 2048 2620 nostris
2068 2579 2192 2618 men

631 2666 773 2721 tibus
795 2680 942 2720 mors
963 2663 1051 2719 illa
1071 2664 1304 2735 pretiosa
1328 2662 1486 2718 altius
1504 2671 1560 2716 et
1580 2660 1774 2716 fortius
1789 2658 2215 2715 commendatur.

629 2756 753 2812 ideo
779 2755 882 2811 hoc
909 2762 1306 2811 sacramentum
1331 2753 1608 2824 discipulis
1627 2750 1874 2807 ultimum
1899 2749 2136 2814 tradidit,
2159 2757 2221 2805 ut

630 2846 908 2904 memoria:
930 2855 1092 2902 tanta:
1112 2845 1414 2912 charitatis,
1437 2860 1543 2915 qua
1564 2859 1664 2899 nos
1682 2843 1762 2900 sic
1782 2843 2000 2907 amavit,
2022 2841 2102 2896 sic
2120 2838 2224 2894 sal-

628 2939 799 3004 vavit,
833 2938 1047 2994 illorum
1082 2945 1138 2994 et
1165 2937 1367 2994 nostris
1400 2935 1672 2992 mentibus
1696 2934 1854 2989 altius
1880 2933 2218 3004 imprimere-

631 3039 740 3086 tur.
769 3029 979 3087 Accede
1001 3039 1152 3086 casto
1187 3034 1244 3084 et
1279 3028 1477 3083 mundo
1508 3027 1687 3082 corde.
1723 3023 1782 3080 Si
1816 3024 2060 3080 cecidisti
2091 3037 2219 3094 gra-

631 3125 790 3190 viter,
825 3122 870 3180 si
894 3123 1071 3179 adhuc
1094 3121 1344 3177 allectum
1381 3118 1638 3192 peccandi
1671 3118 1867 3182 habes,
1896 3131 1993 3186 age
2016 3115 2222 3172 fructus

634 3219 824 3287 dignos
853 3215 1203 3287 paenitentite.
1239 3214 1431 3270 Munda
1459 3213 1606 3284 prius
1643 3212 2053 3268 conscientiam.
2085 3208 2222 3266 Gra-

633 3311 750 3365 vari
793 3311 1028 3381 poteris,
1075 3324 1181 3363 non
1224 3307 1522 3373 sublevari,
1555 3307 1601 3362 si
1640 3306 1947 3362 immundus
1988 3306 2217 3362 accedis.

636 3403 809 3459 Tanta
839 3411 924 3458 est
949 3402 1120 3458 virtus
1143 3399 1300 3471 hujus
1327 3401 1600 3467 sacriﬁcii,
1639 3407 1699 3455 ut
1732 3400 1860 3456 solis
1877 3398 2036 3468 justis
2069 3397 2222 3473 [non]

633 3494 1013 3565 peccatoribus
1044 3509 1241 3566 corpus
1279 3494 1350 3550 sit
1389 3505 1444 3549 et
1485 3493 1704 3568 sanguis
1743 3491 1965 3550 Christi.
2006 3491 2227 3547 Mundat
2260 3557 2262 3559 _

635 3594 886 3657 peccata,
915 3587 1031 3642 sine
1058 3587 1250 3657 quibus
1278 3584 1394 3641 h:cc
1428 3586 1537 3641 vita
1567 3585 1749 3657 peragi
1792 3600 1898 3640 non
1940 3592 2136 3656 potest.
2181 3582 2226 3640 Ο

639 3687 1038 3734 sacramentum
1081 3678 1326 3749 pietatis!
1365 3677 1499 3744 Quia
1539 3676 1781 3732 Christus
1825 3674 2096 3746 praescivit
2129 3689 2228 3729 nos

638 3777 958 3844 peccaturos
981 3778 1102 3840 post
1136 3769 1298 3834 illam,
1332 3782 1434 3839 qua
1460 3782 1558 3822 nos
1581 3765 1827 3831 redemit,
1851 3765 2223 3831 salvationem,

637 3859 938 3918 instituitur
959 3862 1062 3915 hoc
1093 3858 1359 3917 ineﬁ‘abile
1381 3867 1777 3915 sacramentum
1796 3899 1812 3926 ,
1845 3855 1998 3926 cujus
2025 3857 2226 3912 sancti-

640 3956 890 4012 ﬁcatione
940 3955 1056 4011 sine
1103 3953 1500 4010 intermissione
1542 3952 1905 4024 erpiaremur.
1951 3949 2075 4006 Ideo
2110 3949 2230 4020 qui-

639 4049 867 4104 busdam
899 4047 1145 4118 provenit
1171 4046 1237 4100 ad
1270 4043 1641 4101 remissionem
1668 4051 2037 4113 peccatorum,
2071 4049 2126 4095 et
2161 4039 2228 4095 ad

641 4148 988 4211 augmentum
1022 4138 1279 4192 virtutum
1319 4155 1330 4191 :
1363 4136 1685 4206 quibusdam
1714 4136 1782 4190 ad
1808 4133 1996 4204 iudicii
2019 4133 2230 4204 pondus

639 4237 697 4284 et
717 4219 1006 4283 maximam
1052 4227 1425 4299 perditionem.
1453 4225 1665 4283 Accede
1693 4234 2007 4282 reverenter
2027 4233 2082 4278 et
2106 4238 2229 4278 cum

644 4329 877 4375 tremore
902 4318 1089 4385 multo,
1113 4319 1239 4391 quia
1267 4333 1373 4374 non
1406 4317 1567 4384 aliud,
1599 4315 1692 4373 sed
1714 4315 1963 4373 Christus
1985 4315 2143 4370 datur
2163 4313 2230 4368 ad

645 4412 1095 4468 manducandum.
1143 4411 1221 4466 Ne
1268 4412 1494 4477 timeas,
1533 4425 1655 4466 cum
1699 4407 1867 4466 Deum
1913 4408 2227 4464 manducas.

643 4506 761 4577 Ipse
787 4505 1060 4578 prmeepit.
1090 4505 1222 4562 Cum
1245 4504 1491 4561 Christus
1513 4504 1888 4569 manducatur,
1915 4503 2047 4574 quid
2065 4500 2228 4569 aliud,

646 4604 807 4668 quam
852 4598 959 4652 vita
1000 4597 1391 4652 manducatur?
1429 4592 1484 4652 Si
1531 4596 1888 4652 manducatur
1917 4595 2057 4660 vita,
2105 4594 2226 4660 hoc,

647 4688 788 4761 quod
815 4703 920 4744 non
942 4687 1188 4754 moritur,
1213 4687 1400 4759 procul
1431 4687 1591 4744 dubio
1616 4686 1989 4743 manducatur.
2018 4685 2230 4742 Accede

646 4778 897 4836 credulus
928 4791 984 4834 et
1031 4778 1278 4834 mundus.
1325 4778 1584 4835 Manduca
1625 4779 1790 4833 vitam
1815 4819 1828 4844 ,
1877 4777 2000 4833 bibe
2043 4777 2227 4833 vitam.

647 4870 800 4926 Tunc
819 4879 994 4926 autem
1027 4869 1128 4925 hoc
1153 4869 1275 4935 erit,
1311 4869 1363 4924 id
1387 4880 1490 4936 est,
1523 4869 1632 4925 vita
1665 4869 1956 4939 unicuique
1988 4868 2092 4923 erit
2115 4884 2234 4924 cor-

645 4981 747 5036 pus
773 4973 828 5020 et
855 4965 1071 5036 sanguis
1093 4963 1316 5030 Christi,
1351 4964 1395 5019 si
1430 4964 1573 5035 quod
1609 4963 1663 5020 in
1691 4976 2030 5020 sacramento
2051 4964 2234 5020 visibi-

647 5059 772 5113 liter
807 5057 1053 5121 sumitur,
1081 5057 1135 5112 in
1168 5057 1279 5128 ipsa
1303 5057 1530 5113 veritate
1553 5057 1904 5128 spiritualiter
1938 5057 2233 5111 manduce-

647 5158 759 5215 tur,
797 5149 1146 5220 spiritualiter
1179 5149 1412 5204 bibatur.
1452 5149 1583 5204 illud
1616 5149 1798 5204 bibere
1835 5147 1965 5218 quid
2007 5156 2091 5202 est
2129 5148 2234 5203 nisi

647 5241 867 5296 vivere?
893 5239 1022 5296 illud
1055 5241 1404 5306 manducare,
1433 5241 1579 5296 reﬁci
1607 5251 1708 5296 est.
1737 5239 1842 5296 Sed
1865 5240 1944 5294 sic
1974 5237 2232 5306 reﬁceris,

649 5342 838 5387 utnon
869 5331 1112 5396 deﬁciat,
1147 5333 1289 5387 unde
1324 5332 1580 5390 reﬁceris.
1615 5333 1845 5388 Habebis
1872 5333 2016 5387 enim
2045 5332 2231 5398 vitam,

651 5432 706 5476 et
732 5423 937 5493 integra
959 5431 1044 5477 est
1065 5423 1192 5476 vita.
1219 5421 1444 5494 Suscipe
1465 5422 1746 5479 Dominum
1767 5422 1951 5479 Jesum
1974 5433 2066 5479 tuo
2086 5436 2238 5476 men-

651 5517 721 5570 tis
755 5514 1007 5584 hospitio.
1053 5510 1153 5569 Ubi
1197 5529 1392 5586 corpus
1423 5513 1558 5585 ejus,
1597 5512 1668 5568 ibi
1705 5513 1952 5570 Christus
1983 5523 2066 5569 est
2087 5526 2235 5568 vere.

654 5607 789 5660 llinc
809 5605 1026 5674 quidam
1055 5605 1186 5660 tanti
1214 5605 1453 5677 mysterii
1479 5606 1829 5660 admiratione
1854 5617 1906 5661 et
1930 5621 2112 5662 amore
2130 5605 2238 5678 ple-

654 5716 754 5754 nus
785 5701 882 5754 hos
913 5697 1080 5752 edidit
1110 5697 1404 5753 versiculos

778 5831 817 5882 Ο
841 5845 926 5879 res
950 5834 1071 5881 mira
1097 5830 1263 5882 nimis!
1292 5830 1580 5894 Quishnjus
1605 5842 1816 5880 cernere
1843 5833 1992 5894 possit

843 5896 1010 5944 intima
1039 5897 1278 5959 mysterii,
1302 5893 1433 5958 quod
1458 5892 1606 5944 .losus
1632 5892 1877 5947 instituit?

2316 2006 2528 2052 scutum
2563 2011 2742 2053 meum
2763 2037 2777 2062 ,
2811 2011 2919 2065 quo
2953 2002 3214 2050 venenata
3251 1992 3502 2068 animalia
3533 2003 3588 2049 et
3619 1995 3896 2066 pestiferas

2316 2087 2382 2142 de
2412 2087 2661 2142 cavernis
2696 2092 3043 2155 erumpentes
3083 2084 3337 2140 bestiolas
3373 2083 3632 2156 repellere
3670 2085 3892 2152 valeam,

2317 2194 2380 2235 ac
2413 2180 2607 2246 vitare,
2645 2192 2713 2233 ne
2746 2177 2961 2246 aliquod
2990 2192 3043 2231 ιιι
3073 2192 3161 2232 me
3184 2185 3373 2246 patens
3397 2176 3729 2242 membrum,
3761 2188 3816 2234 et
3840 2179 3903 2235 de

2261 2297 2268 2305 -
2314 2281 2650 2344 protectione
2698 2271 2822 2328 ﬁdei
2859 2273 3089 2337 nudum,
3141 2271 3342 2327 framea
3381 2271 3645 2339 hostium,
3679 2288 3802 2344 quae
3841 2273 3909 2328 ad

2317 2362 2642 2419 saeviendum
2676 2363 2995 2427 destinatur,
3028 2361 3286 2419 inveniat.
3325 2361 3424 2418 ilic
3456 2352 3642 2419 noster
3671 2361 3905 2429 libellus,

2317 2454 2407 2511 hic
2439 2453 2600 2528 415
2632 2453 2754 2510 ﬁdei
2793 2470 2927 2511 mea:
2961 2455 3277 2520 thesaurus,
3325 2470 3488 2527 quem
3533 2456 3588 2511 in
3629 2456 3904 2515 catholicae

2317 2546 2574 2604 Ecclesiae
2607 2561 2738 2618 agro
2758 2547 2895 2603 bene
2918 2547 3066 2604 culto
3087 2548 3284 2618 reperi.
3315 2545 3442 2605 Haec
3460 2555 3546 2604 est
3564 2547 3904 2620 (umquam

2318 2636 2374 2692 in
2407 2639 2527 2694 sinu
2556 2639 2748 2694 matris
2773 2638 3027 2695 Ecclesia:
3060 2653 3147 2695 me
3182 2638 3384 2695 Christi
3411 2640 3583 2710 gratia
3615 2640 3815 2706 docuit,
3851 2652 3904 2697 el

2317 2731 2461 2790 hanc
2481 2733 2613 2789 mihi
2633 2748 2665 2787 a
2685 2740 2926 2804 tempore
2951 2732 3204 2805 baptismi
3228 2746 3443 2802 semper
3467 2748 3666 2807 augere
3687 2735 3908 2807 dignata

2319 2835 2420 2884 est.
2457 2826 2549 2884 Sic
2572 2842 2757 2885 coram
2785 2829 2895 2886 Deo
2927 2830 3230 2895 credimus,
3272 2829 3351 2885 sic
3383 2845 3568 2886 coram
3601 2832 3903 2890 hominian

2319 2919 2479 2978 labiis
2499 2920 2840 2986 conﬁtemur,
2867 2932 2927 2978 ut
2954 2929 3008 2977 et
3031 2921 3338 2976 hominibus
3365 2924 3603 2992 cognitio
3626 2939 3727 2979 sua
3750 2923 3901 2980 ﬁdem

2320 3010 2503 3078 faciat,
2534 3020 2590 3069 et
2611 3013 2722 3070 Deo
2757 3015 2935 3086 imago
2973 3029 3067 3068 sua
3110 3015 3478 3070 testimonium
3517 3015 3731 3072 reddat.
3765 3016 3907 3074 Hanc

2323 3101 2379 3158 in
2402 3104 2588 3159 statuti
2619 3104 2794 3175 legem
2827 3113 2902 3171 tu,
2936 3106 3006 3159 mi
3031 3104 3267 3171 Christe,
3293 3106 3450 3161 unica
3474 3122 3616 3178 spes,
3654 3117 3710 3163 et
3738 3110 3910 3166 virtus

2325 3199 2513 3256 salutis
2549 3215 2714 3268 mete,
2757 3209 2979 3272 protege
3013 3215 3244 3271 semper,
3280 3209 3442 3271 atque
3466 3202 3705 3269 custodi,
3734 3220 3802 3260 ne
3827 3203 3910 3262 ille

2249 3269 2297 3333 (ἶ
2327 3294 2646 3351 durissimus
2675 3295 2856 3368 praedo
2883 3304 2942 3351 et
2961 3311 3051 3352 rex
3082 3293 3409 3353 confusionis
3430 3312 3664 3368 unquam
3687 3313 3720 3354 a
3747 3301 3914 3358 corde

2326 3402 2449 3444 meo
2472 3388 2747 3460 surripiat.

2397 3480 2488 3536 lx.
2534 3478 2592 3537 in
2636 3497 2744 3553 quo
2783 3482 3034 3539 videlicet
3078 3483 3202 3540 ﬁdei
3250 3499 3384 3542 mem
3429 3484 3706 3556 opusculo,
3756 3489 3916 3559 quod

2326 3577 2515 3649 pietati
2554 3584 2660 3634 tute
2685 3576 2890 3645 oﬁ‘ero,
2920 3579 2966 3635 si
2995 3581 3174 3636 minus
3202 3580 3376 3651 perite
3410 3589 3501 3636 aut
3522 3594 3713 3653 parum
3745 3593 3920 3642 caute

2327 3671 2562 3742 positum
2585 3679 2672 3726 est
2706 3671 2904 3741 aliquid
2926 3713 2941 3735 .
2965 3687 3035 3728 ne
3061 3674 3342 3743 respicias,
3373 3689 3571 3746 quaeso,
3604 3683 3818 3731 tantum
3849 3679 3922 3735 ad

2329 3763 2399 3828 id,
2423 3763 2567 3834 quod
2589 3765 2719 3829 dixi,
2753 3771 2810 3820 tu
2836 3764 3111 3835 inspector
3137 3766 3410 3834 cordium,
3448 3775 3708 3839 quantum
3736 3769 3807 3825 ad
3841 3772 3915 3836 id,

2328 3859 2474 3929 quod
2502 3859 2683 3916 dicere
2707 3859 2871 3914 volui.
2916 3859 2995 3914 Tu
3025 3861 3163 3923 scis,
3187 3859 3446 3929 Domine,
3473 3877 3633 3932 quem
3663 3863 3741 3918 nil
3761 3862 3915 3930 latet,

2328 3966 2490 4022 quam
2529 3967 2666 4022 pure
2709 3961 2765 4007 et
2805 3951 3035 4008 ﬁdeliter
3061 3954 3263 4020 omnia,
3289 3971 3412 4026 quas
3449 3956 3518 4011 ad
3553 3956 3914 4014 rectissimam

2329 4041 2644 4100 orthodoxa:
2673 4041 2794 4097 ﬁdei
2834 4057 3082 4098 normam
3127 4045 3422 4114 pertinent,
3471 4054 3529 4101 et
3565 4047 3788 4103 credere
3824 4064 3917 4105 eo.

2330 4148 2447 4188 ram
2477 4141 2530 4188 te
2555 4174 2571 4198 ,
2613 4142 2669 4188 et
2692 4133 2936 4189 conﬁteri
2985 4150 3168 4190 coram
3196 4135 3439 4194 Ecclesia
3485 4147 3578 4194 tua
3615 4149 3802 4196 sancta
3844 4157 3909 4196 cr

2332 4231 2444 4280 toto
2471 4225 2635 4280 corde
2661 4225 2927 4280 desidem.
2992 4225 3117 4283 Haec
3145 4227 3361 4297 quidem
3379 4271 3392 4294 ,
3424 4247 3546 4302 qua:
3573 4233 3640 4288 de
3669 4249 3781 4288 mea
3807 4232 3907 4288 ﬁde

2331 4317 2551 4388 digessi.
2580 4317 2624 4374 si
2654 4328 2802 4374 recte
2829 4335 2888 4374 se
2915 4320 3134 4382 habent.
3152 4322 3268 4387 tibi,
3292 4325 3377 4378 cui
3402 4325 3685 4390 debentur,
3713 4327 3906 4398 gratias

2332 4407 2517 4465 reddo.
2561 4407 2618 4464 Si
2649 4411 2791 4465 enim
2823 4412 2956 4466 nihil
2983 4429 3050 4468 ex
3084 4412 3239 4469 nobis
3268 4413 3393 4469 honi
3425 4424 3540 4482 est,
3583 4416 3717 4472 nihil
3744 4416 3912 4474 laudis

2330 4516 2398 4557 ex
2441 4503 2648 4558 nostris
2679 4503 2835 4560 bonis
2874 4505 3005 4561 dare
3055 4507 3212 4564 nobis
3251 4506 3532 4564 debemus.
3583 4507 3736 4576 Quod
3765 4510 3811 4566 si
3847 4525 3914 4568 ex

2334 4602 2389 4651 te
2412 4604 2606 4652 cuncta
2635 4606 2763 4652 sunt
2783 4598 2944 4661 bona,
2973 4599 3065 4670 qui
3094 4599 3240 4655 solus
3275 4615 3338 4656 es
3377 4601 3586 4665 bonus,
3627 4603 3724 4659 tibi
3767 4613 3920 4660 certe

2334 4696 2418 4744 est
2437 4704 2615 4753 omne,
2645 4689 2788 4760 quod
2822 4705 2940 4744 esse
2979 4700 3180 4761 potest,
3218 4691 3419 4748 bonum
3449 4692 3814 4753 referendum.
3856 4695 3915 4756 Si

2334 4794 2464 4835 vero
2510 4781 2687 4852 aliqua
2719 4795 2776 4836 re
2821 4797 2850 4835 a
2892 4782 3013 4837 ﬁdei
3054 4783 3234 4854 regula
3274 4781 3410 4840 forte
3443 4784 3754 4841 discordant
3787 4788 3917 4850 ista.

2336 4887 2457 4943 qua:
2481 4873 2668 4943 posui,
2712 4889 2741 4927 a
2788 4873 2961 4929 servis
2989 4875 3096 4929 tuis
3125 4874 3357 4930 dominis
3381 4877 3516 4932 meis
3549 4887 3768 4947 paratus
3793 4893 3916 4934 sum

2336 4963 2633 5020 emendari.
2671 4961 2787 5020 Non
2820 4965 2893 5019 ita
2920 4980 3035 5020 sum
3057 4975 3268 5022 amator
3297 4968 3421 5032 mei,
3448 4975 3509 5023 ut
3535 4983 3596 5023 ea
3618 4983 3736 5039 quae
3762 4969 3916 5027 dixe-

2338 5056 2462 5121 rim,
2493 5054 2702 5110 meliori
2748 5057 3029 5112 sententia:
3066 5057 3324 5129 praeferre
3361 5061 3704 5116 contendam.
3744 5060 3917 5118 Nemo

2337 5157 2420 5203 est
2471 5146 2758 5202 haereticus
2780 5187 2797 5211 ,
2843 5147 2945 5204 nisi
2975 5150 3324 5206 contentione
3348 5149 3442 5206 ﬁat
3473 5153 3774 5208 naereticus.
3818 5154 3918 5212 Ast

2337 5238 2428 5311 qui
2469 5239 2789 5308 reprehendi
2824 5253 2932 5295 non
2963 5241 3271 5307 erubescit,
3323 5258 3498 5312 neque
3527 5245 3723 5317 corrigi
3765 5245 3915 5301 dedi-

2336 5339 2552 5403 gnatur,
2597 5346 2936 5402 nequaquam
2984 5332 3087 5386 dici
3129 5342 3304 5403 potest
3352 5333 3654 5391 haereticus.
3718 5335 3826 5391 Sed
3870 5346 3918 5392 te

2339 5437 2493 5490 rogo,
2529 5422 2810 5477 doctorum
2843 5422 3052 5486 doctor,
3104 5423 3348 5488 Domine,
3397 5426 3532 5483 utsi
3571 5427 3668 5482 tibi
3711 5426 3916 5498 aliquid

2337 5514 2420 5570 vel
2447 5515 2498 5569 in
2522 5515 2683 5570 corde
2712 5530 2833 5570 meo
2856 5516 2938 5570 vel
2971 5516 3024 5572 in
3049 5517 3212 5573 dictis
3235 5519 3302 5574 de
3340 5517 3447 5574 ﬁde
3476 5534 3597 5574 mea
3642 5520 3914 5588 displicet,

2335 5617 2391 5663 tu
2418 5608 2686 5680 praecipue
2720 5611 2997 5674 emendes,
3021 5621 3076 5664 tu
3108 5613 3328 5677 doceas,
3363 5614 3537 5669 virtus
3565 5623 3619 5669 et
3648 5617 3914 5685 sapientia

2334 5699 2530 5758 Patris.
2555 5699 2632 5754 Tu
2652 5715 2736 5756 me
2759 5701 3054 5757 secundum
3080 5706 3408 5772 promissum
3437 5714 3584 5760 tuum
3615 5706 3665 5761 in
3696 5721 3912 5762 omnem

2334 5795 2503 5849 ducas
2533 5794 2815 5848 veritatem
2839 5835 2855 5860 ,
2899 5810 2997 5864 per
3022 5791 3283 5866 Spiritum
3323 5805 3566 5852 sanctum
3600 5807 3779 5860 tuum,
3823 5797 3912 5868 qui

2335 5885 2491 5941 docet
2521 5877 2634 5942 sine
2656 5886 2882 5957 strepitu
2908 5887 3192 5943 verborum
3223 5901 3409 5944 servos
3443 5902 3589 5946 suos.
3633 5887 3712 5944 Tu
3745 5888 3910 5951 nosti.
