4090 6546
357 477 496 538 1093

1036 477 1188 536 ΟΡΡ.
1229 477 1461 537 DUBIA.
1500 508 1548 518 —
1608 472 1837 533 ALBlNl
1873 472 2256 532 CONFESSIO
2294 472 2496 532 FlDEl.
2537 504 2606 516 -—-
2640 472 2820 531 PARS
2858 472 2923 527 IV

3491 466 3632 529 1094

353 597 441 670 pie
464 636 480 660 ,
529 597 655 668 quia
683 594 822 651 sicut
853 594 1055 652 veritas
1099 611 1159 652 se
1186 596 1351 652 habet
1381 596 1435 650 in
1476 593 1648 650 oculis
1674 595 1785 650 tuis
1804 635 1819 659 ,
1851 593 1944 664 qui
1970 594 2024 652 Δ
2048 605 2168 647 mea
2194 592 2448 663 loquitur,
2476 602 2531 647 et
2559 607 2753 647 manus
2772 592 2976 662 scripto
3005 598 3255 657 testatur,
3278 589 3444 645 etiam
3476 591 3641 648 meri-

354 690 466 745 f‘alli
499 705 609 745 non
635 697 869 761 possunt
892 688 947 744 in
976 690 1090 745 veri
1117 691 1362 759 rectique
1382 688 1578 744 intuitu
1596 728 1613 755 ,
1643 688 1719 742 ita
1739 687 1807 742 de
1825 701 1945 740 om-

354 782 517 839 nibus
545 790 601 837 et
632 782 856 838 credere
898 789 954 837 et
995 780 1248 837 conﬁteri
1274 781 1456 853 cupio.
1497 781 1565 837 Et
1593 782 1696 837 hoc
1734 794 1947 851 quoque

352 890 548 948 parum
577 877 711 933 mihi
740 876 974 943 videtur,
1021 876 1147 948 quia
1178 892 1286 933 non
1323 877 1501 933 solum
1527 885 1677 933 recte
1701 877 1945 941 credere,

354 968 450 1024 sed
486 966 653 1023 etiam
679 967 819 1025 bene
853 968 1039 1024 vivere
1076 978 1223 1040 opto.
1279 968 1527 1025 Alterum
1550 968 1751 1040 pendet
1774 983 1841 1023 ex
1872 966 1949 1021 al-

354 1069 496 1125 tero,
519 1068 578 1117 et
602 1075 773 1118 unum
804 1061 903 1118 tibi
934 1061 1054 1119 sine
1081 1062 1189 1117 alie
1220 1076 1567 1133 nequaquam
1608 1062 1824 1133 placere
1850 1076 1949 1133 pe-

353 1161 480 1210 test.
519 1153 567 1211 0
603 1170 766 1225 quam
816 1154 1044 1227 pulchra
1083 1170 1367 1229 compago,
1415 1157 1464 1212 si
1512 1165 1744 1227 utraque
1786 1153 1947 1211 simul

353 1247 485 1303 sint.
523 1247 635 1321 Ego
654 1250 802 1305 enim
824 1250 1073 1321 quamvis
1085 1259 1342 1321 peccator
1367 1252 1489 1316 sim,
1516 1259 1700 1307 tamen
1726 1259 1949 1323 propter

356 1339 446 1395 illa
463 1355 630 1396 aurea
666 1350 821 1397 scuta
846 1342 1067 1414 triginta
1087 1354 1135 1408 ι,
1155 1357 1297 1398 aerea
1321 1341 1501 1399 facere
1522 1342 1666 1399 nolo.
1691 1342 1784 1398 llle
1803 1356 1947 1397 aerea

352 1445 455 1502 pre
473 1431 657 1487 aureis
686 1431 850 1499 facit,
895 1433 989 1504 qui
1011 1432 1190 1490 reddit
1224 1434 1480 1489 tinnitum
1507 1433 1661 1491 vocis
1683 1433 1802 1488 sine
1823 1431 1951 1487 effe-

352 1532 443 1578 ctu
470 1523 675 1594 eperis,
706 1532 763 1579 et
788 1540 913 1581 cum
942 1526 1170 1581 devotus
1194 1524 1444 1582 videatur
1472 1524 1528 1580 in
1551 1538 1799 1589 numero,
1821 1537 1949 1579 reus

353 1611 629 1670 invenitur
674 1630 739 1672 ex
791 1614 1054 1688 ponderis
1096 1616 1294 1687 pretio.
1363 1615 1591 1671 Scutum
1634 1615 1783 1670 enim
1822 1612 1948 1671 ﬁdei

351 1703 527 1761 forma
571 1716 660 1763 est
684 1748 699 1773 ,
726 1705 884 1777 juxta
908 1708 1228 1780 Apostolum
1262 1708 1480 1783 (Ephes.
1510 1725 1591 1775 vt,
1620 1707 1729 1782 l6).
1793 1706 1949 1764 Unde

352 1810 485 1867 rege
509 1797 767 1868 pietatem
794 1806 975 1865 tuam,
999 1800 1333 1857 circumcide
1369 1799 1424 1856 in
1451 1814 1539 1855 me
1565 1799 1748 1855 omnia
1766 1796 1949 1854 cordis

349 1894 408 1955 et
447 1890 695 1958 corporis
729 1890 881 1945 vitia.
941 1890 1018 1948 Da
1058 1891 1191 1946 mihi
1236 1898 1617 1963 augmentum,
1661 1888 1948 1961 perfectio-

350 1954 586 2052 nemque
636 1984 924 2038 virtutum.
986 1984 1062 2040 Da
1096 1985 1230 2041 mihi
1262 1954 1403 2041 bevne
1443 1954 1751 2047 vivere,-et
1780 1982 1947 2038 multa
1982 1954 2028 2016 Β

349 2072 513 2128 scire.
555 2072 665 2129 Fac
690 2088 777 2130 me
819 2090 917 2146 per
958 2076 1193 2147 gratiam
1218 2084 1401 2142 tuam,
1445 2091 1661 2149 semper
1682 2086 1738 2132 et
1764 2077 1818 2132 in
1848 2076 1954 2132 fide

350 2163 628 2230 stabilem,
653 2173 710 2221 et
730 2166 783 2220 in
811 2182 980 2237 opere
1000 2165 1301 2236 efﬁcacem,
1324 2178 1385 2224 ut
1406 2168 1568 2225 fidem
1591 2177 1761 2232 tuam.
1787 2183 1954 2240 quam

352 2254 536 2328 lingua
567 2272 688 2313 mea
713 2257 975 2329 loquitur,
1002 2268 1061 2316 et
1092 2275 1286 2316 manus
1314 2262 1521 2332 scripto
1558 2269 1814 2326 testatur,
1844 2262 1955 2316 vita

351 2345 455 2417 piis
479 2346 691 2404 actibus
718 2349 985 2421 bonisque
1013 2351 1257 2407 moribus
1284 2351 1539 2419 fateatur,
1569 2352 1659 2409 hic
1676 2362 1733 2408 et
1756 2353 1957 2424 ubique

350 2453 498 2493 nunc
516 2447 574 2494 et
594 2454 812 2512 semper
838 2451 895 2498 et
922 2443 976 2498 in
1002 2442 1199 2499 saecula
1230 2444 1571 2501 smculorum.
1599 2444 1796 2503 Amen.

422 2529 491 2586 Χ.
530 2530 823 2604 llueusque
869 2543 1215 2607 omnipotens
1263 2537 1407 2595 Deus
1448 2538 1724 2607 Trinitas,
1773 2540 1957 2597 cordis

351 2622 458 2679 mei
482 2622 762 2695 inspector
782 2635 841 2683 et
872 2636 1183 2695 scrutator,
1236 2629 1523 2688 confessus
1553 2646 1673 2688 sum
1705 2633 1955 2704 omnipo—

350 2716 583 2772 tentiam
609 2719 919 2790 majestatis
945 2728 1079 2789 tuae,
1099 2731 1155 2778 et
1179 2723 1525 2795 majestatem
1546 2726 1958 2797 omnipotentiae

352 2817 477 2875 tum,
511 2811 811 2866 essentiam
838 2812 1109 2871 claritatis
1135 2824 1261 2882 tuae,
1290 2824 1347 2873 et
1375 2815 1679 2873 claritatem
1703 2820 1959 2875 essentia:

350 2908 479 2955 tuae.
518 2899 677 2958 Nunc
716 2912 901 2960 autem
946 2905 1183 2977 qualiter
1226 2908 1467 2964 humano
1508 2911 1696 2983 generi
1747 2912 1802 2968 in
1847 2911 1957 2969 fine

352 3000 662 3064 temporum
687 2995 981 3052 subvenire
1005 2998 1256 3070 dignatus
1288 3015 1348 3056 es
1368 3041 1382 3066 ,
1429 3002 1568 3057 sicut
1605 3002 1768 3059 corde
1793 3004 1958 3061 crede

354 3083 424 3138 ad
447 3081 739 3153 justitiam,
766 3087 841 3143 ita
864 3102 963 3145 ene
991 3104 1178 3146 coram
1208 3099 1260 3148 te
1287 3092 1557 3150 confiteor
1585 3093 1653 3149 ad
1688 3094 1951 3162 salutem;

354 3182 418 3229 ut
436 3175 711 3248 signatum
745 3193 910 3251 super
962 3194 1064 3237 nos
1116 3180 1300 3238 lumen
1339 3183 1522 3241 vultus
1562 3184 1641 3240 tui
1684 3184 1781 3241 tibi
1824 3201 1959 3242 mem

2047 680 2151 737 bus
2174 683 2285 738 vita
2316 681 2509 756 (donec
2552 683 2638 738 his
2681 682 2962 754 fragilibus
3004 682 3244 739 subsiste
3273 682 3551 755 membris)
3580 683 3641 740 in

2048 774 2305 831 omnibus
2327 783 2385 832 et
2408 792 2507 848 per
2528 776 2711 832 omnia
2735 774 2986 832 fateatur.
3078 845 3081 847 Α

2121 869 2212 926 XI.
2254 869 2684 928 Clementissime
2721 880 2779 928 et
2802 870 3192 943 benignissime
3221 879 3431 928 amator
3458 871 3641 927 homi-

2047 977 2177 1019 num
2204 963 2370 1030 Deus,
2414 964 2507 1036 qui
2533 978 2631 1036 per
2657 963 2854 1020 Filium
2883 973 3036 1020 tuum
3075 964 3360 1022 Dominum
3394 974 3642 1021 nostrum

2049 1057 2234 1113 Jesum
2265 1054 2541 1112 Christum
2559 1095 2574 1120 ,
2603 1064 2659 1111 et
2684 1050 2808 1112 cum
2827 1055 3023 1127 perditi
3049 1055 3339 1113 fuissemus
3359 1055 3514 1128 culpa
3540 1071 3639 1111 ne-

2049 1154 2163 1202 stra
2190 1187 2207 1214 ,
2254 1147 2458 1218 pietate
2483 1156 2539 1202 et
2559 1146 2801 1203 bonitate
2831 1156 2923 1202 tua
2952 1147 3272 1204 mirabiliter
3308 1148 3639 1220 recuperasti

2049 1256 2169 1297 nos.
2207 1239 2427 1298 Gratias
2457 1257 2559 1313 age
2584 1240 2701 1309 tibi,
2733 1249 2789 1298 et
2814 1240 3013 1297 multas
3035 1241 3237 1313 gratias
3258 1240 3441 1298 refero
3468 1256 3536 1297 ex
3564 1250 3642 1297 te-

2052 1333 2120 1389 tis
2148 1334 2463 1406 praecordiis
2509 1334 2684 1402 meis,
2754 1334 2882 1406 quia
2922 1335 3121 1392 misisti
3161 1335 3410 1392 eumdem
3448 1334 3642 1391 Filium

2053 1435 2200 1481 tuum
2232 1426 2298 1482 de
2328 1426 2449 1482 sinu
2470 1436 2565 1482 tuo
2589 1427 2657 1482 ad
2684 1426 2960 1498 publicum
2993 1436 3240 1483 nostrum
3258 1468 3273 1495 ,
3311 1426 3520 1483 salvare
3544 1442 3645 1483 nos

2049 1525 2404 1591 peccatores,
2458 1517 2598 1574 filios
2641 1524 2773 1574 tunc
2801 1516 2895 1575 irae
2938 1525 2993 1573 et
3031 1517 3369 1589 perditionis.
3426 1516 3646 1574 Gratias

2050 1609 2149 1666 tibi
2182 1625 2285 1682 age
2327 1626 2428 1682 pre
2472 1618 2661 1667 sancta
2705 1610 3078 1667 incarnatione
3115 1618 3170 1666 et
3204 1612 3486 1667 nativitate
3507 1610 3645 1680 ejus,

2051 1721 2118 1763 ac
2139 1705 2375 1777 gloriosa
2405 1706 2668 1778 genitrice
2696 1706 2814 1777 ejus
2839 1705 3057 1762 domina
3086 1720 3205 1761 mea
3224 1746 3239 1773 ,
3282 1706 3349 1763 de
3392 1719 3501 1778 qua
3530 1706 3649 1778 ipse

2052 1812 2272 1853 carnem
2300 1811 2578 1855 assumere
2603 1797 2856 1870 dignatus
2881 1807 2965 1854 est
2993 1806 3216 1869 propter
3243 1808 3484 1854 nostram
3510 1796 3651 1854 salu-

2054 1895 2184 1944 tem.
2241 1887 2461 1945 Gratias
2502 1888 2597 1944 tibi
2635 1903 2736 1961 age
2770 1904 2869 1961 pre
2902 1889 3153 1945 omnibus
3181 1889 3436 1960 operibus
3471 1897 3528 1946 et
3555 1888 3651 1945 do-

2053 1980 2323 2036 cumentis
2342 1980 2479 2052 ejus,
2511 1995 2740 2053 quorum
2764 1981 3012 2052 exemplo
3034 1980 3359 2038 instruimur
3380 1990 3437 2037 et
3475 1979 3648 2037 infer-

2055 2088 2268 2130 mamur
2311 2076 2381 2130 ad
2415 2074 2582 2131 vitam
2608 2074 2805 2131 bonam
2836 2073 3119 2145 agendam.
3184 2071 3402 2129 Gratias
3431 2072 3527 2130 tibi
3548 2087 3651 2145 ago

2055 2178 2154 2236 pro
2176 2167 2431 2237 passione
2460 2175 2513 2223 et
2537 2180 2702 2223 cruce
2730 2165 2869 2238 ejus,
2896 2181 2997 2239 pro
3023 2165 3326 2238 opprobriis
3350 2173 3407 2223 et
3430 2164 3653 2240 flagellis

2056 2257 2194 2328 ejus,
2222 2272 2321 2328 pro
2352 2257 2525 2328 sputis
2560 2265 2617 2313 et
2648 2256 2819 2329 alapis
2844 2258 2963 2329 ejus
2986 2299 3001 2326 ,
3050 2272 3153 2329 pre
3192 2267 3369 2315 morte
3390 2267 3445 2315 et
3469 2274 3655 2315 resur-

2058 2350 2296 2406 rectione
2325 2348 2462 2418 ejus,
2486 2365 2583 2421 pre
2612 2349 2932 2406 ascensione
2957 2349 3077 2421 ejus
3106 2349 3159 2404 in
3186 2348 3414 2416 caelum,
3442 2356 3498 2403 et
3524 2348 3654 2406 sede

2058 2438 2358 2510 majestatis
2382 2438 2502 2512 ejus
2543 2440 2613 2496 ad
2650 2441 2929 2498 dexteram
2961 2451 3129 2496 tuam.
3181 2437 3399 2497 Gratias
3427 2439 3523 2497 tibi
3549 2455 3651 2515 age

2056 2546 2158 2604 pro
2200 2531 2569 2588 sacratissima
2618 2529 2880 2588 effusione
2920 2531 3144 2603 pretiosi
3188 2530 3470 2603 sanguinis
3510 2531 3650 2603 ejus,

2058 2638 2166 2696 quo
2194 2640 2383 2681 sumus
2410 2624 2708 2696 redempti,
2756 2632 2814 2680 et
2840 2638 2941 2696 pro
2975 2631 3330 2681 sacrosancte
3356 2631 3414 2680 et
3436 2623 3654 2682 viviflce

2058 2717 2319 2789 mysterio
2341 2718 2591 2789 corporis
2611 2728 2668 2774 et
2702 2719 2981 2791 sanguinis
3005 2719 3123 2792 ejus
3139 2760 3154 2787 ,
3193 2734 3302 2792 quo
3327 2718 3569 2791 quotidie
3595 2720 3651 2776 in

2058 2806 2302 2864 Ecclesia
2328 2818 2420 2865 tua
2443 2819 2632 2867 sancta
2677 2811 2955 2881 pascimur
2994 2820 3051 2869 et
3090 2820 3361 2885 potamur,
3384 2812 3655 2871 abluimur

2057 2908 2116 2957 et
2135 2900 2570 2968 sanctificamur,
2600 2910 2655 2958 et
2676 2902 2838 2960 unius
2861 2918 3194 2975 summaeque
3221 2904 3520 2961 divinitatis
3550 2912 3655 2962 tua:

2057 2992 2353 3065 participes
2392 2991 2675 3051 efficimur.
2737 2992 2955 3052 Gratias
3001 2995 3096 3051 tibi
3147 2993 3344 3062 refero,
3385 2996 3653 3068 piissime,

2057 3100 2160 3157 pro
2203 3085 2455 3143 omnibus
2498 3085 2890 3143 misericordiis
2920 3087 3026 3144 tuis
3049 3129 3066 3155 ,
3109 3086 3305 3158 quibus
3336 3086 3657 3146 mirabiliter

2059 3179 2218 3235 nobis
2257 3179 2485 3252 perditis
2529 3180 2818 3238 subvenire
2857 3181 3115 3253 dignatus
3154 3197 3215 3239 es
3257 3197 3357 3254 per
3403 3181 3654 3240 eumdem

356 3263 480 3321 fidei
526 3268 899 3375 testimonium
943 3272 1153 3329 reddat.
1219 3273 1301 3329 Tu
1336 3275 1555 3347 quidem
1599 3275 1761 3333 Pater
1808 3276 1952 3334 Deus
1980 3310 2027 3375 ο
2059 3269 2225 3346 5.16
2243 3272 2441 3329 Filium
2467 3281 2637 3343 tuum,
2668 3272 3009 3332 Salvatorem
3029 3283 3087 3332 et
3103 3284 3538 3348 recuperatorem
3559 3291 3657 3333 no—

357 3372 623 3430 nusquam
646 3359 847 3433 legeris
874 3364 1093 3420 missus.
1134 3366 1210 3422 De
1230 3366 1368 3423 Filio
1398 3376 1579 3423 autem
1605 3376 1699 3424 tuo
1730 3367 1804 3424 ita
1819 3370 1956 3425 scri—

355 3450 434 3506 bit
471 3451 767 3524 Apestelus
810 3474 822 3509 :
867 3452 1000 3510 Cum
1029 3457 1164 3512 venit
1190 3457 1463 3530 plenitudo
1505 3458 1775 3530 temporis,
1817 3458 1960 3515 misit

354 3538 499 3598 Deus
530 3540 732 3598 Filium
761 3561 920 3601 suum
963 3543 1106 3619 (Gal.
1139 3564 1217 3616 tv,
1246 3549 1325 3621 4).
1384 3548 1519 3606 Cum
1559 3551 1692 3606 dicit
1719 3591 1735 3618 ,
1789 3552 1958 3618 misit,

354 3633 492 3691 satis
512 3635 787 3704 ostendit,
852 3638 996 3708 quod
1023 3638 1078 3694 in
1100 3640 1246 3697 hunc
1272 3641 1534 3699 mundum
1566 3642 1769 3698 missus
1798 3643 1961 3699 adve-

357 3725 457 3780 nit.
501 3724 610 3782 Sed
639 3727 770 3799 quid
791 3735 910 3797 est,
961 3731 1107 3801 quod
1137 3732 1204 3788 de
1230 3730 1321 3790 illo
1353 3733 1657 3805 prmcipuus
1689 3732 1962 3806 evangeli-

357 3824 571 3874 starum
591 3818 669 3873 ait
697 3839 709 3874 :
746 3818 815 3875 In
844 3821 1043 3877 mundo
1064 3833 1198 3889 erat,
1227 3834 1276 3880 et
1299 3826 1530 3881 mundus
1565 3841 1660 3897 per
1679 3827 1852 3897 ipsum
1878 3826 1962 3897 ﬁa-

357 3920 475 3967 ctus
501 3921 578 3967 est
621 3911 805 3985 (Joau.
846 3931 885 3981 ι,
913 3913 1024 3987 10).
1080 3916 1210 3974 llluc
1244 3933 1375 3991 ergo
1410 3920 1609 3975 missus
1638 3928 1724 3976 est
1744 3934 1843 3991 per
1870 3921 1965 3976 hu-

358 4005 703 4070 manitatem,
739 4006 829 4061 ubi
870 4022 1090 4078 seraper
1130 4008 1231 4065 fuit
1255 4026 1354 4082 per
1390 4011 1745 4067 divinitatem.
1788 4010 1963 4078 Quam

358 4096 614 4153 videlicet
642 4095 765 4152 Filii
798 4100 1112 4156 missionem
1133 4141 1148 4167 ,
1202 4102 1476 4174 mysteriis
1498 4101 1682 4160 multis
1718 4104 1960 4176 magnis-

357 4204 466 4260 que
492 4188 799 4260 gravidam,
834 4205 972 4260 opus
1016 4207 1138 4249 esse
1163 4193 1329 4251 totius
1366 4203 1571 4251 sanctze
1599 4193 1884 4251 Trinitatis
1908 4202 1964 4251 et

359 4282 528 4339 corde
553 4280 740 4348 crede,
772 4291 828 4337 et
852 4296 953 4339 ore
976 4284 1261 4341 confiteor.
1303 4285 1496 4342 Dicere
1528 4286 1692 4359 igitur
1716 4287 1841 4357 quis
1867 4302 1963 4359 po-

361 4386 505 4443 test,
544 4378 822 4448 quomodo
863 4386 918 4434 et
943 4389 1207 4449 quantum
1255 4396 1356 4436 nos
1401 4380 1631 4447 amasti,
1661 4380 1750 4451 pie
1777 4379 1959 4448 Pater,

359 4469 453 4539 qui
490 4483 595 4539 pro
636 4470 909 4526 cbaritate
953 4480 1181 4537 nostra,
1210 4473 1403 4533 ,etiam
1444 4470 1663 4543 preprio
1691 4470 1828 4528 Filio
1852 4488 1960 4529 non

359 4560 696 4630 pepercisti,
737 4562 832 4617 sed
872 4576 972 4633 pro
1014 4562 1174 4619 nobis
1230 4562 1407 4635 impiis
1464 4563 1738 4620 tradidisti
1776 4563 1961 4620 illum?

2060 3375 2254 3432 strum,
2287 3366 2379 3436 qui
2400 3372 2650 3424 mortuus
2679 3374 2764 3424 est
2793 3376 3020 3439 propter
3043 3375 3264 3439 peccata
3284 3407 3301 3434 ,
3332 3374 3387 3422 et
3409 3381 3655 3424 resurre-

2059 3456 2140 3510 xit
2163 3466 2385 3528 propter
2408 3456 2836 3514 vivificatiencm
2861 3466 3127 3525 nostram,
3160 3468 3216 3515 et
3245 3471 3391 3515 nunc
3409 3459 3561 3516 sedet
3588 3458 3655 3514 ad

2060 3547 2339 3603 dexteram
2387 3558 2533 3604 tuam
2556 3589 2572 3617 ,
2602 3557 2659 3604 et
2684 3549 2990 3621 interpellat
3019 3565 3120 3622 pro
3164 3549 3321 3608 nobis
3356 3569 3369 3606 :
3401 3558 3456 3607 et
3493 3550 3655 3609 simul

2062 3648 2241 3697 tecum
2274 3641 2565 3698 miseretur
2586 3683 2601 3709 ,
2644 3642 2770 3713 quia
2815 3641 2959 3701 Deus
2984 3652 3069 3701 est
3095 3659 3163 3702 ex
3209 3651 3264 3700 te
3301 3642 3479 3712 Patre,
3511 3659 3654 3702 coar-

2061 3741 2251 3790 tcrnus
2282 3733 2376 3790 tibi
2417 3743 2474 3789 et
2515 3735 3021 3801 consubstantialis;
3073 3738 3218 3793 unde
3259 3747 3440 3809 potest
3470 3754 3570 3798 nos
3598 3739 3655 3795 in

2060 3832 2381 3895 perpetuum
2406 3824 2641 3881 salvare.
2681 3824 2789 3882 Sed
2816 3834 2872 3883 et
2893 3826 3190 3883 secundum
3216 3827 3290 3893 id,
3320 3828 3464 3899 quod
3488 3828 3652 3886 homo

2060 3924 2167 3982 est,
2203 3916 2331 3972 data
2366 3926 2453 3974 est
2479 3917 2529 3973 ei
2559 3932 2590 3974 a
2623 3925 2674 3975 te
2700 3919 2870 3974 omnis
2892 3929 3118 3992 potestas
3144 3920 3200 3974 in
3221 3918 3349 3975 calo
3381 3928 3430 3976 et
3465 3920 3523 3976 in
3546 3930 3652 3976 ter-

2063 4024 2147 4075 ra,
2173 4019 2231 4065 ut
2258 4010 2315 4065 in
2348 4009 2709 4085 nominalem
2736 4027 2887 4065 omne
2901 4026 3036 4082 genu
3054 4012 3320 4082 ﬂectatur,
3343 4009 3650 4088 eteiqstium,

2064 4103 2414 4169 terrestrium,
2454 4094 2881 4174 “inferuerunt,
2914 4114 2964 4161 et
2996 4103 3167 4159 omnis
3192 4103 3374 4175 lingua
3409 4104 3667 4174 conﬁtens

2063 4204 2152 4250 tur
2191 4196 2317 4267 quia
2346 4195 2606 4251 Dominus
2640 4195 2799 4265 Iesus
2838 4205 2914 4252 est
2949 4196 3002 4252 in
3048 4196 3221 4269 gloria
3262 4206 3355 4253 tua
3404 4198 3423 4270 (
3457 4196 3651 4269 Philip.

2063 4305 2124 4356 ιι,
2159 4289 2226 4344 l0
2252 4288 2408 4362 δεξεμ),
2438 4288 2579 4345 Deus
2608 4286 2787 4345 Pater.
2827 4288 3096 4346 Benedice
3120 4302 3251 4361 ergo
3276 4303 3476 4345 nomen
3499 4296 3654 4345 tuum

2064 4390 2337 4448 sanctum,
2361 4391 2419 4439 et
2438 4380 2680 4453 glerifice
2699 4395 2767 4439 ex
2801 4389 2914 4440 toto
2939 4381 3107 4440 corde
3128 4398 3285 4449 meo,
3313 4396 3414 4454 pre
3434 4381 3523 4439 illa
3546 4382 3653 4440 mi-

2065 4473 2222 4530 rabili
2243 4483 2299 4530 et
2320 4473 2669 4531 inenarrabili
2696 4472 3090 4543 conjunctione.
3103 4474 3402 4534 divinitatis
3449 4484 3506 4531 et
3548 4476 3654 4532 hu-

2063 4565 2340 4620 manitatis
2364 4564 2420 4620 in
2439 4564 2647 4621 unitate
2674 4580 2940 4636 personae,
2980 4573 3042 4621 ut
3085 4581 3191 4639 non
3219 4565 3357 4625 alter
3384 4564 3549 4634 Deus,
3577 4565 3655 4623 al-

362 4650 624 4709 Subditus
651 4651 740 4709 ille
767 4653 862 4708 tibi
888 4668 1061 4725 usque
1089 4654 1157 4710 ad
1183 4664 1412 4711 mortem
1441 4654 1641 4722 crucis,
1677 4671 1777 4727 pre
1803 4656 1960 4714 nobis
1991 4677 2042 4742 ο
2066 4665 2149 4712 ter
2169 4656 2367 4724 homo,
2417 4655 2513 4714 sed
2541 4672 2682 4714 unus
2718 4658 2968 4729 idemque
2997 4657 3139 4715 foret
3180 4657 3323 4715 Deus
3367 4667 3424 4716 et
3469 4659 3649 4726 homo,

360 4744 535 4801 victor
559 4755 615 4802 et
640 4746 859 4802 victima
885 4747 1043 4804 datus
1067 4756 1172 4813 est,
1196 4756 1254 4803 et
1281 4747 1403 4803 ideo
1425 4747 1620 4814 victor,
1648 4748 1777 4820 quia
1803 4748 1962 4805 victi-

361 4854 471 4894 tua.
503 4839 610 4897 Pro
638 4839 795 4896 nobis
844 4840 939 4896 tibi
964 4840 1143 4896 factus
1182 4848 1267 4895 est
1312 4839 1567 4897 sacerdos
1606 4840 1958 4909 sacrificium,

359 4940 417 4987 et
445 4932 567 4989 ideo
590 4933 871 5000 sacerdos,
904 4934 1031 5004 quia
1060 4932 1411 4991 sacrificium.
1456 4932 1649 4990 Merito
1675 4934 1808 4989 mihi
1835 4949 1963 5006 spes

360 5025 541 5083 valida
586 5027 641 5082 in
696 5027 788 5082 illo
823 5036 947 5092 est,
996 5026 1140 5098 quod
1187 5027 1409 5083 sanabis
1447 5041 1639 5082 omnes
1672 5025 1965 5100 langueres

360 5135 534 5187 meos,
561 5135 661 5192 per
685 5136 811 5177 eum
839 5121 931 5191 qui
954 5120 1187 5177 sedetad
1207 5120 1489 5176 dexteram
1515 5131 1687 5187 tuam,
1710 5128 1767 5176 et
1792 5121 1962 5175 inter-

361 5210 527 5283 pellat
552 5227 654 5283 pre
696 5212 876 5269 nobis.
933 5212 1234 5284 Desperare
1272 5213 1461 5284 utique
1499 5212 1820 5284 potuissem,
1853 5212 1980 5270 nisi.

365 5304 508 5360 Deus
522 5303 760 5360 Verbum
782 5312 935 5361 tuum
968 5319 1099 5361 caro
1130 5304 1286 5360 fleret
1313 5312 1371 5360 et
1396 5304 1666 5359 habitaret
1688 5304 1741 5359 in
1770 5304 1957 5371 nobis;

362 5395 460 5453 sed
486 5396 776 5469 desperare
797 5395 913 5467 jam
933 5410 1041 5453 non
1061 5397 1254 5463 audeo,
1279 5395 1405 5468 quia
1424 5410 1550 5457 cum
1572 5396 1778 5452 inimici
1810 5411 1959 5453 esse-

364 5502 504 5555 mus,
533 5487 873 5546 reconciliati
898 5504 1086 5546 sumus
1106 5503 1206 5560 per
1230 5495 1459 5545 mortem
1486 5483 1607 5555 ejus
1641 5485 1757 5552 tibi,
1783 5500 1957 5556 quan-

364 5591 421 5638 to
445 5580 619 5652 magis
646 5596 793 5645 nunc
820 5580 958 5637 salvi
990 5577 1121 5637 facti
1146 5579 1217 5636 ab
1253 5579 1333 5635 ira
1373 5592 1472 5651 per
1501 5578 1713 5651 ipsum?
1753 5576 1810 5632 ln
1840 5575 1956 5646 ejus

362 5670 587 5729 nomine
614 5682 763 5727 tuam
791 5670 1220 5729 misericordiam
1259 5685 1420 5742 rege,
1467 5668 1555 5725 fac
1584 5684 1669 5725 me
1700 5684 1797 5740 per
1834 5667 1959 5741 Spi-

364 5768 535 5824 ritum
554 5777 802 5823 sanctum
831 5776 984 5824 tuum
1013 5767 1149 5823 etin
1189 5765 1296 5823 fide
1333 5766 1605 5832 stabilem,
1635 5774 1690 5821 et
1716 5766 1770 5820 in
1793 5780 1958 5836 epcre

364 5872 779 5935 perseveranter
799 5862 1073 5919 efficacem
1088 5904 1104 5930 ,
1135 5872 1195 5917 ut
1222 5860 1385 5919 fidem
1414 5872 1583 5927 tuam,
1598 5877 1759 5933 quam
1774 5860 1959 5934 lingua

2066 4749 2230 4805 homo
2258 4756 2313 4805 et
2346 4747 2521 4817 Deus,
2550 4764 2692 4805 unus
2717 4748 2887 4805 Filius
2916 4758 3042 4805 tuus
3069 4748 3331 4806 Dominus
3357 4758 3542 4809 noster
3565 4748 3654 4807 Je-

2064 4859 2160 4898 sus
2185 4842 2436 4901 Christus
2457 4884 2473 4909 ,
2518 4857 2585 4899 ex
2613 4842 2823 4900 duabus
2851 4842 3092 4899 existens
3117 4842 3466 4910 substantiis,
3512 4852 3566 4899 et
3594 4844 3653 4899 in

2065 4935 2329 4993 ambabus
2357 4950 2571 5009 semper
2592 4936 2900 4994 consistens
2923 4936 3041 4993 sine
3073 4936 3409 4994 confusione.

2135 5026 2245 5083 Xll.
2283 5027 2328 5084 Ο
2349 5027 2667 5085 admirabile
2689 5027 3033 5100 mysterium!
3060 5025 3104 5085 Ο
3123 5026 3480 5086 inenarrabile
3502 5043 3653 5088 cem-

2063 5117 2359 5175 mercium!
2388 5117 2433 5175 Ο
2461 5118 2601 5174 mira
2626 5132 2951 5191 semperque
2995 5117 3243 5173 miranda
3290 5119 3486 5176 divinze
3525 5134 3652 5191 pro-

2058 5208 2359 5281 pitiatienis
2387 5208 2730 5280 benignitas!
2776 5207 2931 5265 Servi
2967 5206 3114 5281 digni
3161 5222 3269 5263 non
3312 5206 3511 5265 fuimus
3538 5249 3553 5276 ,
3598 5216 3654 5267 et

2060 5317 2207 5366 ecce,
2246 5299 2339 5357 filii
2364 5299 2459 5357 Dei
2491 5300 2615 5357 facti
2644 5300 2866 5359 sumus!
2902 5298 3148 5355 "(credes
3177 5299 3386 5371 quidem
3411 5299 3529 5367 Dei,
3563 5317 3649 5356 eo-

2058 5394 2292 5450 hwredes
2322 5403 2498 5449 autem
2535 5391 2733 5449 Christi
2786 5392 2977 5468 (Rom.
3008 5406 3131 5458 vm,
3163 5390 3282 5463 17).
3352 5389 3506 5448 Unde
3549 5391 3653 5449 hoc

2059 5487 2238 5553 nobis,
2266 5495 2323 5542 et
2345 5487 2476 5559 quid
2506 5502 2607 5544 nos
2630 5486 2701 5542 ad
2732 5487 2893 5543 hami
2935 5482 3044 5542 Sed
3065 5498 3198 5556 rege
3236 5492 3310 5551 te,
3338 5483 3646 5544 clementis:

2061 5582 2200 5638 sime
2231 5580 2395 5636 Pater
2436 5579 2610 5647 Deus,
2659 5596 2758 5653 per
2790 5582 2965 5654 ipsum
2994 5591 3263 5634 summum
3291 5577 3649 5643 sacerdotem,

2062 5685 2118 5732 et
2142 5690 2330 5732 verum
2352 5672 2684 5745 pontiﬁcem,
2705 5675 2799 5747 qui
2819 5690 2878 5733 se
2899 5675 2997 5733 tibi
3015 5669 3213 5745 obtulit
3234 5668 3285 5725 in
3300 5665 3649 5735 sacrificium,

2060 5781 2269 5839 ponens
2307 5766 2543 5823 animam
2591 5781 2745 5822 suam
2788 5781 2891 5839 pro
2915 5783 3077 5841 grege
3098 5775 3237 5828 suo,
3265 5775 3364 5832 per
3392 5759 3567 5831 ipsum
3598 5764 3654 5815 te

2061 5876 2217 5933 rege,
2243 5875 2311 5917 ne
2335 5861 2620 5934 permittas
2642 5877 2742 5918 nos
2762 5876 2882 5919 esse
2902 5861 3143 5935 ingratos
3171 5856 3337 5913 tantis
3351 5850 3648 5921 δεηθίὶοῖῖξρ

437 5992 464 6021 ει
502 5977 617 6035 lme
671 5988 914 6037 trecenta
974 5992 1039 6035 ex
1081 5976 1146 6033 111
1188 5977 1320 6051 Reg.
1374 5993 1442 6045 ι,
1475 5977 1570 6047 t7,
1624 5986 1678 6033 et
1724 5977 1764 6031 ll
1797 5975 1919 6031 Par.
1960 5989 2037 6046 is,
2086 5973 2169 6030 16.
