4090 6490
576 435 718 499 1095

1373 429 1434 492 Β.
1478 433 1541 492 ε’.
1600 431 1827 491 ΑωιΝι
1868 430 2001 494 SEU
2040 425 2320 494 ALCUINI
2369 426 2656 488 OPEltU-M
2691 424 2871 484 PARS
2905 420 3041 484 Vill.

3708 415 3859 478 {696

574 563 631 608 et
655 549 903 623 indignos
931 560 1041 608 tam
1068 546 1252 608 multis
1289 548 1745 608 miserationibus.
1796 549 2022 607 lul‘unde
2049 562 2163 607 cm-
2187 557 2234 619 Α
2261 543 2631 609 committere;
2660 541 2727 595 de
2746 538 3133 612 temporalibus
3149 550 3249 593 nec
3268 532 3853 608 gaudercneciugerc;

575 643 704 703 litus
730 643 985 701 cordibus
1012 646 1214 701 nostris
1235 642 1498 716 Spiritum
1528 653 1676 699 tuum
1697 650 1968 706 sanctum,
1995 651 2052 699 et
2080 642 2164 699 iac

574 753 678 797 nos
702 748 916 795 tantum
944 741 1266 811 mysterium
1288 748 1349 796 et
1377 736 1674 810 intelligere
1701 748 1758 793 et
1791 735 2027 794 reVereri
2046 777 2062 801 ,
2088 735 2163 791 si-

574 844 669 892 cut
699 841 916 908 oportet
958 843 1014 891 et
1058 836 1232 892 decet.
1303 834 1413 890 Fac
1440 848 1539 889 nos
1579 830 1957 888 celsitudinem
2000 834 2167 884 tanta

576 927 858 1001 dignitatis
884 928 989 999 piis
1014 929 1228 985 actibus
1259 937 1315 983 et
1340 926 1497 983 bonis
1529 924 1771 981 moribus
1799 920 2045 994 adipisci.
2085 920 2167 978 Da

576 1021 734 1079 nobis
762 1030 1201 1092 perseverantem
1230 1021 1286 1077 in
1314 1030 1408 1078 tua
1427 1019 1705 1077 voluntate
1728 1015 2082 1073 famulatum:
2109 1021 2169 1071 et

577 1114 647 1169 da
676 1112 831 1168 nobis
862 1114 1079 1167 tandem
1106 1111 1244 1167 bona
1269 1121 1377 1178 tua,
1410 1125 1533 1182 quae
1555 1105 1871 1181 praeparasti
1890 1103 2166 1177 diligentl-

578 1205 681 1263 bus
698 1214 770 1262 te.
795 1205 937 1261 Deus
952 1203 1255 1269 ineil‘abilis,
1279 1214 1333 1258 et
1348 1200 1832 1272 incircumscriptus
1842 1206 2069 1262 naturae,
2086 1196 2169 1252 ln-

578 1297 799 1352 stitutor
816 1297 1060 1351 omnium
1085 1310 1267 1349 rerum
1284 1336 1298 1359 ,
1322 1302 1377 1349 et
1397 1293 1605 1350 Domini
1628 1290 1799 1349 nostri
1820 1287 1944 1345 Iesu
1965 1288 2168 1346 Christi

581 1392 757 1456 Pater,
783 1393 874 1464 qui
899 1392 1145 1447 eumdem
1171 1390 1367 1446 Filium
1392 1399 1544 1446 tuum
1566 1388 1821 1445 dilectum
1838 1388 1904 1443 de
1924 1388 2045 1443 sinu
2074 1395 2168 1443 tuo

580 1483 776 1538 misisti
804 1483 873 1536 ad
902 1482 1175 1551 publicum
1204 1489 1451 1538 nostrum
1470 1521 1485 1546 ,
1525 1480 1801 1551 suscipere
1826 1488 2066 1534 nostram
2083 1479 2168 1534 vi-

582 1582 711 1639 tam,
742 1584 801 1628 ut
821 1572 975 1630 nobis
1002 1572 1232 1628 donaret
1258 1587 1431 1637 suam,
1455 1580 1706 1643 essetque
1734 1568 2007 1642 perfectus
2027 1566 2171 1625 Deus

581 1683 648 1720 ex
674 1666 855 1732 Patre,
883 1675 938 1720 et
956 1664 1227 1736 perfectus
1248 1666 1410 1722 homo
1426 1680 1492 1719 ex
1521 1673 1713 1728 matre,
1751 1673 1897 1718 totus
1917 1661 2081 1728 Deus,
2114 1668 2173 1717 et

581 1765 730 1813 totus
758 1760 937 1822 homo,
958 1772 1096 1811 unus
1126 1756 1375 1828 idemque
1396 1755 1671 1817 Christus,
1698 1764 1933 1810 aeternus
1959 1761 2015 1806 et
2036 1762 2172 1808 tem-

582 1849 804 1922 poralis,
828 1848 1149 1904 immortalis
1177 1858 1233 1904 et
1257 1847 1572 1912 moriturus,
1603 1851 1821 1901 creator
1848 1854 1903 1900 et
1930 1852 2167 1909 creatus,

2266 649 2418 706 spem
2445 633 2499 688 in
2532 637 2587 686 te
2619 628 2736 685 solo
2759 642 2984 700 ponere.

2336 724 2476 783 XIV.
2505 722 2616 779 Fac
2642 737 2730 778 me
2750 721 2893 777 Deus
2918 734 3093 783 meus,
3118 733 3323 789 quaeso,
3343 731 3563 790 semper
3582 724 3638 773 et
3662 716 3717 773 in
3738 712 3859 773 ﬁdo

2264 813 2538 880 stabilem,
2567 822 2624 869 et
2654 813 2709 867 in
2748 824 2913 883 opere
2947 807 3263 869 eliicacem:
3317 808 3370 863 in
3401 808 3559 863 bonis
3599 819 3857 879 perseve-

2266 915 2500 972 rantem,
2530 918 2639 960 non
2670 919 2702 959 a
2727 900 2940 959 delictis
2976 899 3403 956 irrevocabiiem.
3459 897 3568 954 Fac
3608 912 3696 955 me
3727 900 3859 956 sine

2265 997 2501 1056 elatione
2525 1011 2792 1062 veracem,
2824 994 2942 1049 sine
2976 991 3193 1048 fictione
3227 991 3507 1057 humilem,
3537 991 3654 1047 sine
3676 988 3858 1047 disso-

2267 1091 2473 1148 lutione
2496 1089 2745 1155 hilarem,
2777 1086 2896 1143 sine
2914 1084 3214 1153 dejectione
3237 1083 3471 1147 tristem,
3518 1081 3639 1137 sine
3662 1091 3860 1135 errore

2260 1185 2491 1257 justum,
2527 1181 2646 1238 sine
2682 1178 2962 1250 impietate
2991 1175 3244 1247 rigidum,
3274 1175 3391 1232 sine
3418 1172 3737 1229 crudelitate
3762 1171 3857 1229 di-

2269 1276 2542 1339 strictum,
2574 1272 2693 1333 sine
2718 1269 3045 1330 hebetudine
3066 1270 3287 1334 bonum,
3317 1267 3436 1324 sine
3464 1264 3727 1321 emisioue
3754 1262 3864 1320 mi-

2269 1365 2621 1430 sericordem.
2644 1364 2765 1443 sine
2784 1360 3045 1433 iactantia
3076 1359 3287 1422 mitem,
3324 1358 3442 1413 sine
3467 1354 3743 1411 simultate
3756 1367 3863 1426 pa-

2269 1457 2508 1521 ciﬁcum,
2530 1456 2649 1511 sine
2668 1454 2879 1510 insania
2911 1450 3247 1524 vigilantem,
3278 1450 3398 1507 sine
3424 1449 3743 1507 inﬁrmitate
3764 1444 3859 1517 ιο.

2265 1546 2569 1620 innantem,
2609 1546 2729 1604 sine
2756 1545 3056 1616 pertinacia
3102 1548 3465 1608 constantem,
3516 1539 3634 1597 sine
3661 1538 3866 1596 timore

2270 1641 2634 1705 obedientem,
2656 1638 2774 1695 sine
2794 1636 3212 1712 intemperantia
3237 1632 3557 1700 ferventem,
3581 1631 3703 1690 sine
3720 1646 3867 1704 pre-

2271 1735 2587 1809 cipitatione
2627 1739 2900 1804 agentem,
2947 1731 3065 1786 sine
3112 1727 3485 1801 inquietudine
3539 1725 3864 1792 sollicitum,

2273 1828 2392 1882 sine
2411 1825 2743 1898 procacitate
2770 1823 3025 1888 liberum,
3067 1820 3187 1877 sine
3215 1818 3447 1892 segnitie
3493 1828 3864 1884 mansuetum,

583 1907 740 1998 l’ortis
763 1949 819 1995 ct
840 1940 1106 2003 inﬁrmus,
1135 1941 1371 1997 nutritor
1385 1948 1440 1997 et
1460 1907 1716 2003 nutritus,
1744 1945 1934 2008 pastor
1951 1944 2008 1991 et
2028 1907 2167 2004 ovis,

2283 1918 2391 1973 sine
2418 1916 2632 1989 pigritia
2653 1916 2922 1986 quietum,
2965 1913 3084 1968 sine
3110 1910 3479 1982 indignatione
3508 1907 3861 1973 taciturnum,

583 2033 955 2105 temporaliter
983 2044 1248 2099 mortuus,
1279 2031 1375 2088 sed
1397 2040 1574 2088 tecum
1595 2030 1649 2086 in
1678 2037 1939 2085 aeternum
1961 2027 2166 2092 vivens,

582 2126 700 2183 suis
718 2124 1066 2181 dilectoribus
1095 2124 1219 2181 vita:
1239 2123 1628 2195 municipatum
1655 2121 1978 2191 promittens
2002 2118 2167 2183 dedit,

583 2226 643 2274 et
670 2217 828 2272 nobis
854 2217 991 2270 dixit
1017 2234 1030 2269 :
1082 2213 1443 2285 Quodcunque
1469 2213 1725 2285 petieritis
1754 2210 1967 2266 Patrem
1990 2210 2046 2264 in
2075 2227 2173 2264 no-

582 2313 724 2365 asine
742 2326 873 2373 meo,
899 2308 1043 2363 dabit
1068 2307 1209 2363 nobis
1233 2306 1414 2376 (Joan.
1437 2322 1533 2372 xv,
1563 2303 1673 2378 16).
1727 2302 1967 2360 Obsecro
1990 2304 2175 2373 itaque

588 2413 662 2472 te,
702 2402 948 2465 Domine,
1003 2400 1059 2456 in
1088 2399 1308 2455 nomine
1339 2398 1509 2470 ipsius
1545 2397 1726 2452 dilecti
1782 2394 1902 2451 Filii
1952 2396 2049 2459 tui,
2104 2393 2173 2449 da

584 2496 721 2553 mihi
759 2494 1077 2568 sapientiam
1107 2501 1162 2550 et
1190 2491 1544 2559 intellectum,
1598 2499 1659 2546 ut
1702 2500 1950 2546 teunum
2002 2487 2172 2543 Deum

585 2602 712 2645 cum
744 2587 932 2642 eodem
965 2585 1103 2640 Filio
1138 2592 1249 2649 tuo,
1276 2592 1333 2639 et
1365 2582 1571 2653 Spiritu
1601 2588 1793 2637 sancto
1816 2577 2175 2636 essentialiter

588 2682 814 2752 sapiam,
869 2680 1178 2749 triuumque
1212 2676 1569 2749 personaliter
1606 2676 1838 2746 capiam.
1903 2671 2174 2744 Quidquid

587 2775 837 2831 naturale
883 2782 963 2827 est
1016 2771 1397 2843 indisruptum,
1442 2770 1586 2841 quod
1641 2766 1927 2841 personale
1972 2775 2057 2823 est
2093 2768 2177 2822 in-

589 2864 871 2921 eoni‘usum
900 2908 904 2915 .
940 2865 1177 2918 Verbum
1206 2872 1385 2917 autem
1417 2870 1567 2918 tuum
1597 2861 1829 2916 voluisse
1861 2858 2053 2915 Filium
2079 2858 2179 2914 bo-

593 2960 752 3017 minis
782 2958 920 3023 iieri,
957 2966 1206 3014 neutram
1243 2965 1424 3011 tamen
1455 2955 1508 3010 in
1554 2954 1780 3011 alteram
1818 2954 2175 3011 substantiam

591 3051 948 3110 commutari:
997 3048 1282 3106 Trinitatis
1314 3049 1573 3119 mysterio
1611 3046 1861 3119 quartam
1891 3062 1998 3102 non
2053 3047 2177 3103 addi

594 3158 907 3215 personam:
940 3142 1103 3203 uniri.
1138 3156 1243 3195 non
1270 3137 1526 3194 confundi
1561 3137 1655 3193 Dei
1685 3137 2029 3212 hominisque
2055 3138 2178 3193 sub-

595 3241 869 3295 stantiam.

667 3417 801 3473 Xlll.
845 3418 940 3479 Dn,
995 3415 1238 3479 Domine,
1275 3429 1376 3485 per
1425 3413 1601 3485 ipsum
1629 3420 1683 3466 et
1722 3425 1846 3466 cum
1876 3409 1993 3480 ipse
2042 3406 2182 3462 Filio

597 3520 712 3575 mo,
746 3511 872 3582 quia
903 3525 1130 3580 quorum
1162 3523 1269 3563 una
1295 3516 1377 3563 est
1423 3506 1748 3567 substantia,
1799 3516 1968 3558 unum
1996 3508 2081 3557 est
2130 3508 2183 3555 ct

600 3604 809 3659 datum.
871 3599 950 3657 Da
981 3601 1135 3667 mihi,
1197 3615 1344 3671 rogo,
1398 3613 1504 3655 non
1536 3596 1658 3669 plus
1684 3596 1970 3666 minusque
1994 3608 2184 3667 sapere

601 3693 753 3760 velle,
810 3708 971 3763 quam
1004 3702 1089 3749 sat
1116 3699 1221 3756 est,
1270 3706 1378 3746 non
1410 3690 1634 3746 illodere
1662 3686 2052 3749 nescientibus,
2085 3701 2185 3740 nec

600 3787 1018 3859 sapientioribus
1047 3785 1323 3850 invidere;
1374 3792 1464 3838 tua
1495 3782 1592 3837 tibi
1621 3782 1760 3838 dona
1793 3778 2015 3843 referre,
2066 3791 2187 3834 mea

601 3883 734 3941 mihi
766 3890 945 3937 emta
970 3878 1221 3935 ﬂebiliter
1249 3880 1564 3951 increpare;
1606 3889 1729 3944 qua!
1753 3871 1956 3935 oderis,
2013 3871 2184 3934 odire,

602 3991 815 4046 semper
839 3988 1025 4028 amare
1046 3981 1161 4027 toto
1184 3970 1370 4034 corde,
1412 3984 1534 4039 qua:
1561 3966 1770 4037 diligis;
1819 3979 1886 4019 ex
1917 3961 2189 4030 iidejussa

602 4065 876 4136 complere
908 4078 1093 4135 Opera,
1129 4062 1222 4115 sed
1252 4059 1375 4114 ﬁdei
1401 4074 1507 4113 non
1530 4056 1805 4130 prtei‘erre.
1864 4053 2189 4109 Patientiam

605 4157 830 4222 habere,
860 4170 968 4212 non
1000 4153 1254 4209 duritiam
1278 4148 1623 4206 simulatione
1645 4147 1917 4218 patientiae
1936 4143 2186 4215 palliare;

607 4246 978 4306 inrtitudincm
1022 4250 1392 4313 temperanter
1416 4254 1523 4295 non
1573 4236 1867 4293 crudeliter
1894 4248 2189 4297 exercere;

609 4348 849 4398 astutum
898 4351 1040 4402 esse,
1073 4349 1178 4390 non
1211 4333 1328 4389 fieri
1369 4329 1803 4391 fraudulentum;
1850 4324 2193 4381 obedientem

606 4431 861 4495 existere,
876 4444 981 4484 non
996 4423 1397 4497 praecipientem
1410 4421 1572 4484 velle;
1593 4416 1918 4490 simplicitati
1932 4417 2191 4481 animum,

610 4539 720 4582 non
740 4518 1053 4577 hebetudini
1076 4515 1493 4573 accommodare
1514 4530 1529 4579 ;
1553 4526 1818 4583 nusquam
1834 4509 2082 4580 superbis
2106 4524 2196 4564 ce-

610 4615 761 4678 dere,
789 4611 883 4667 sed
910 4617 1128 4682 propter
1156 4616 1206 4663 te
1236 4604 1530 4661 humilibus
1557 4601 1892 4665 consentire;
1932 4600 2190 4655 innocen-

612 4716 723 4767 tem
752 4703 890 4771 lteri,
928 4716 1034 4758 non
1080 4710 1384 4763 amentem;
1437 4697 1584 4768 pium
1613 4695 1869 4756 existere,
1900 4708 2005 4746 non
2054 4691 2192 4763 inju-

612 4807 784 4862 stnm;
817 4794 1018 4851 malum
1045 4805 1320 4860 nunquam
1344 4802 1529 4843 amare
1554 4802 1755 4853 meum,
1787 4800 1892 4841 non
1937 4799 2192 4854 arrogan-

614 4902 698 4948 ter
726 4902 952 4961 arguere
973 4886 1240 4949 alienum;
1295 4897 1382 4938 me
1413 4881 1586 4952 magis
1611 4880 1666 4934 in
1696 4877 1903 4935 delictis
1918 4875 2193 4947 despicere

615 4999 777 5054 quam
805 4981 1142 5055 proximum;
1175 4989 1420 5032 meorum
1444 4988 1627 5028 curam
1658 4985 1847 5043 gerere
1890 4969 2190 5031 vulnerum,

615 5092 721 5132 non
745 5073 972 5129 aliorum
1004 5067 1249 5139 nequiter
1274 5064 1391 5120 ﬁeri
1422 5063 1723 5123 curiosum;
1756 5074 1857 5114 nec
1882 5055 2196 5128 suspicioni-

617 5171 721 5226 bus
748 5179 1074 5241 quemquam
1091 5159 1357 5231 judicare,
1390 5155 1483 5212 sed
1507 5154 1696 5218 rebus;
1727 5152 1992 5208 sinceram
2017 5146 2199 5221 pacili-

622 5263 701 5317 cis
728 5240 945 5315 servare
972 5268 1179 5328 pacem,
1208 5262 1482 5319 nunquam
1512 5246 1596 5300 vel
1634 5245 1834 5315 ﬁngere
1855 5240 2042 5304 malis;
2092 5252 2201 5294 non

621 5352 867 5408 homines
885 5348 1056 5406 odire.
1084 5345 1177 5399 sed
1208 5341 1436 5405 malum;
1474 5352 1572 5392 nec
1596 5335 1824 5391 interire
1852 5333 1988 5387 velle
2019 5331 2200 5388 homi-

622 5457 741 5503 nes.
766 5440 859 5496 sed
883 5439 1185 5493 animarum
1216 5441 1525 5492 necatores,
1553 5428 1697 5481 vitiis
1720 5424 1995 5489 resistere,
2026 5420 2200 5480 malo-

624 5550 744 5590 rum
773 5532 1011 5587 omnium
1043 5527 1279 5582 radicem
1303 5528 1611 5591 amputare;
1659 5515 1887 5589 ﬂagello,
1919 5530 2041 5571 cum
2068 5516 2211 5570 irro-

625 5628 857 5702 gaveris,
890 5638 996 5679 non
1024 5619 1315 5679 resnltare;
1354 5629 1457 5670 nec
1477 5612 1657 5671 dolere
1688 5608 2094 5666 retributionem
2120 5605 2205 5676 ju-

627 5698 810 5783 stitia,
830 5716 923 5772 sed
944 5726 1159 5768 causam
1180 5707 1429 5769 alicns'e;
1452 5703 1778 5776 patientibus
1791 5699 2049 5768 eompati,
2072 5698 2208 5752 bene

629 5812 908 5885 agentibus
935 5804 1188 5863 collatari
1211 5819 1224 5867 ;
1249 5814 1370 5855 eum
1392 5797 1645 5852 ﬂentibus
1668 5793 1817 5856 ilere,
1840 5807 1961 5848 rum
1976 5789 2209 5863 gauden-

632 5905 775 5961 tibus
804 5902 1068 5971 gaudere;
1109 5895 1283 5952 danda
1315 5892 1436 5945 vitzr
1471 5890 1795 5953 necessaria,
1856 5887 2079 5941 arbitrio
2118 5893 2209 5941 tuo

2272 2009 2390 2064 sine
2411 2008 2702 2064 tenacitate
2726 2019 2974 2077 parcum,
3003 2002 3122 2059 sine
3145 2000 3444 2059 calliditate
3472 2007 3717 2065 cautum,
3744 1998 3859 2055 sine

2272 2101 2614 2160 simulatione
2639 2106 2912 2163 sanctum,
2941 2103 2998 2154 et
3024 2095 3144 2151 sine
3170 2090 3474 2149 maniiestis
3495 2090 3663 2157 vitiis,
3696 2091 3859 2146 siun-

2270 2193 2503 2264 latisque
2530 2192 2825 2249 virtutibus
2848 2203 2951 2244 suo
2976 2201 3194 2258 semper
3219 2183 3442 2241 servitio
3474 2182 3737 2240 deditum.
3755 2180 3865 2240 Fac

2272 2296 2362 2342 me
2414 2281 2701 2353 providum
2731 2280 2801 2337 ad
2832 2279 3039 2342 omnia,
3075 2277 3372 2333 discretum
3416 2275 3471 2328 in
3498 2272 3729 2329 cunctis.
3785 2270 3866 2328 Da

2273 2374 2409 2432 mihi
2430 2374 2567 2431 bene
2580 2373 2786 2439 vivere,
2809 2378 2864 2427 et
2883 2367 3053 2428 multa
3070 2368 3232 2432 scim,
3251 2364 3471 2423 doctum
3490 2362 3709 2420 studere
3722 2361 3863 2428 ﬁeri,

2274 2484 2383 2525 non
2411 2478 2760 2539 armgantem
2786 2463 2925 2520 velle
2954 2461 3148 2517 videri.
3207 2456 3448 2515 Docilem
3476 2469 3862 2527 nonnunquam

2275 2562 2344 2618 ad
2365 2561 2650 2617 scientiam
2670 2558 3169 2631 pertinentem,pro
3193 2560 3284 2607 tua
3308 2564 3397 2605 me
3418 2547 3586 2604 facito
3602 2546 3857 2603 bonitate.

2275 2655 2354 2711 Da
2382 2651 2715 2722 intelligendi
2769 2662 3022 2715 acumen,
3058 2645 3304 2703 discendi
3362 2643 3698 2709 facilitatem,
3733 2637 3869 2698 reti-

2276 2746 2441 2804 nendi
2459 2746 2831 2802 tenacitatem.
2878 2737 3078 2797 Tribue
3098 2739 3335 2812 linguam
3360 2736 3652 2802 eruditam,
3678 2744 3871 2792 etver‘

2274 2841 2474 2897 borum
2510 2836 2820 2892 factmdiam
2852 2849 2976 2891 cum
3001 2841 3154 2888 tanta
3181 2840 3235 2887 et
3266 2839 3375 2886 tam
3400 2827 3668 2899 profunda
3696 2828 3871 2883 humi-

2277 2933 2454 2999 litate,
2480 2939 2540 2987 ut
2566 2930 2744 2986 nullus
2774 2931 2829 2983 in
2852 2943 2941 2983 me
2965 2934 3151 2999 pateat
3173 2924 3321 2981 locus
3340 2922 3660 2979 execranda:
3684 2936 3872 2994 super-

2279 3025 2403 3081 biae.
2471 3022 2677 3079 Prmsta
2704 3019 2840 3091 legis
2886 3028 2991 3073 tua":
3013 3017 3287 3089 geminum
3321 3015 3745 3070 instrumentum
3782 3026 3880 3069 ea.

2279 3129 2432 3189 pere,
2462 3112 2568 3170 duo
2586 3120 2854 3184 praecepta
2919 3108 3151 3167 ﬁdeliter
3177 3104 3418 3178 implere.
3474 3103 3675 3174 Legem
3702 3102 3882 3161 Even.

2284 3206 2458 3278 geiiis,
2495 3204 2786 3276 Evangelia
2816 3201 2920 3272 legi
2948 3208 3002 3255 et
3028 3198 3327 3271 prophetis,
3356 3196 3520 3253 nullis
3558 3204 3884 3254 controver-

2206 3283 2252 3347 C
2283 3298 2377 3354 siis
2403 3295 2697 3359 dissidere;
2734 3295 2831 3351 sed
2859 3290 3190 3362 temporibus
3239 3289 3592 3361 congruentia
3626 3298 3680 3344 te
3707 3288 3883 3347 mini-

2281 3400 2485 3444 stmsse
2514 3388 2666 3443 doce.

2351 3498 2468 3556 XV.
2509 3497 2609 3561 Da,
2661 3496 2909 3559 Domine,
2960 3491 3215 3549 allectum
3266 3499 3551 3559 actumque
3607 3487 3704 3543 tibi
3750 3485 3887 3560 pla-

2281 3588 2440 3645 cendi
2464 3586 2827 3650 consimilem,
2852 3592 3015 3655 atque
3038 3585 3091 3638 in
3120 3590 3175 3639 te
3197 3579 3574 3655 perseverandi
3601 3579 3889 3633 irrevoca-

2283 3678 2445 3735 bilem
2472 3677 2910 3740 destinationem,
2938 3682 2993 3731 et
3020 3673 3224 3729 nullam
3250 3688 3374 3728 cum
3400 3669 3704 3728 inﬁdelibus
3739 3683 3884 3740 por-

2288 3766 2519 3831 tionem;
2555 3765 2724 3821 Deum
2759 3772 2810 3819 te
2838 3778 3047 3828 verum,
3094 3761 3350 3817 omnibus
3378 3775 3497 3833 quae
3518 3757 3714 3823 iecisti,
3771 3774 3886 3815 no-

2286 3856 2477 3926 bisque
2532 3857 2664 3927 ipsis
2712 3853 3037 3918 timendum,
3089 3850 3374 3907 colendum
3406 3892 3421 3916 ,
3475 3849 3885 3921 amandumque

2287 3945 2450 4021 417
2486 3960 2827 4018 proponere;
2852 3944 3095 4000 omnium
3130 3956 3253 4013 quae
3280 3940 3478 4007 iecisti,
3516 3956 3624 3997 non
3663 3950 3717 3995 te
3741 3940 3886 3995 indi.

2290 4041 2489 4110 guisse,
2516 4037 2609 4093 sed
2630 4036 2795 4092 etiam
2816 4034 3015 4093 futuris
3035 4032 3547 4104 semperDominum
3570 4032 3881 4097 exstitisse;

2291 4147 2398 4188 non
2452 4132 2519 4186 ad
2550 4128 2885 4185 iracundiam
2916 4126 3348 4182 murmuratione
3374 4140 3713 4195 provocare;
3762 4126 3878 4189 tibi,

2292 4233 2348 4280 et
2385 4224 2512 4289 tuis,
2561 4226 2617 4279 in
2645 4221 2843 4295 quibus
2888 4219 2986 4275 tibi
3009 4220 3146 4276 bene
3169 4219 3453 4289 placuerit,
3510 4218 3873 4288 romplacere;

2292 4328 2348 4376 et
2376 4319 2466 4374 ubi
2504 4332 2611 4373 non
2632 4323 2719 4371 est
2743 4315 2906 4371 timor
2928 4326 3093 4368 causa
3123 4311 3199 4366 tui
3227 4311 3485 4375 nominis,
3518 4326 3627 4365 non
3656 4311 3868 4373 timere;

2292 4410 2536 4483 pulchris
2576 4408 2633 4463 in
2663 4408 2825 4462 rebus
2848 4404 3130 4461 laudandis
3153 4410 3456 4461 creatorem
3480 4401 3746 4457 bonorum
3770 4415 3877 4455 omo

2296 4506 2445 4560 nium
2477 4508 2531 4556 te
2560 4497 2842 4562 admirari,
2897 4506 2952 4551 et
2981 4495 3226 4551 amandis
3249 4508 3525 4564 nunquam
3556 4491 3754 4547 talibus
3783 4492 3884 4546 im-

2294 4594 2519 4668 plicari;
2543 4590 2793 4648 universa
2820 4590 2875 4642 in
2911 4588 3269 4660 prtesentibus
3294 4585 3574 4641 mutabilia
3602 4582 3753 4639 velut
3776 4597 3881 4653 pe:-

2298 4692 2467 4746 ritura
2499 4685 2798 4756 despicere,
2831 4680 3025 4737 l‘uturte
3048 4678 3402 4737 beatitudinis
3426 4676 3760 4747 perennibus
3791 4675 3889 4729 hn-

2293 4782 2380 4836 nis
2409 4773 2813 4848 infatigabiliter
2838 4771 3077 4835 inhiare;
3098 4770 3215 4825 hac
3226 4765 3623 4838 przdestinatis
3644 4763 3888 4819 indebita

2296 4866 2666 4929 misericordia
2689 4862 2976 4935 impertiri,
2999 4860 3093 4917 sed
3119 4854 3645 4929 incomprehensibili
3673 4862 3731 4909 et
3749 4854 3890 4908 irre-

2296 4957 2644 5034 prchensibili
2692 4954 2920 5024 iustitia,
2957 4951 3243 5008 obstinatis
3268 4964 3377 5011 non
3405 4947 3556 5010 dari;
3611 4945 3889 4999 neminem

2299 5058 2417 5113 sine
2447 5051 2692 5121 ilde,qna
2708 5048 2853 5102 intra
2880 5052 3111 5100 matrem
3138 5041 3422 5097 ecclesiam
3442 5038 3690 5097 vivimus.
3724 5048 3891 5107 posse

2302 5144 2540 5209 salvari,
2586 5140 2681 5197 sed
2725 5137 2922 5197 salvari
2971 5132 3292 5207 perditionis
3321 5130 3460 5184 filios
3505 5142 3613 5182 non
3663 5124 3885 5180 debere.

2303 5217 2833 5307 Scientla'spirltuaii
2864 5229 3076 5302 augeri,
3105 5243 3213 5284 non
3242 5222 3441 5282 inﬂari.
3474 5220 3619 5277 Velle
3647 5218 3889 5274 animam

2301 5330 2439 5387 mori
2484 5327 2772 5383 salubriter
2800 5324 2955 5387 mibi,
3003 5332 3058 5377 ot
3104 5320 3290 5375 vivere
3314 5316 3443 5378 tibi;
3484 5310 3884 5387 paenitudinem

2299 5435 2399 5493 pro
2434 5416 2742 5475 commissis
2766 5414 3055 5470 eiiieaciter
3088 5425 3296 5483 gerere,
3338 5423 3459 5464 cum
3505 5405 3675 5462 multa
3703 5405 3890 5463 cordis

2304 5512 2631 5569 contritione
2656 5516 2713 5564 et
2753 5506 3118 5579 lacrymarum
3142 5502 3318 5565 fonte;
3353 5500 3609 5571 fugitivos
3650 5499 3890 5557 honores

2306 5614 2363 5659 et
2381 5603 2649 5676 perituras
2660 5613 2792 5670 opes
2805 5612 2905 5654 nec
2926 5610 3188 5669 quaerere,
3212 5608 3314 5651 nee
3326 5590 3656 5650 desiderare,
3673 5587 3770 5644 sed
3781 5589 3890 5643 nti-

2307 5695 2535 5758 lltatem,
2557 5690 3065 5758 extremitatequ
3083 5700 3297 5757 semper
3324 5696 3540 5747 amare;
3565 5679 3891 5739 necessariis

2311 5785 2690 5842 famulantium
2718 5781 2994 5850 obsequiis
3021 5787 3077 5832 et
3099 5778 3345 5846 impensa
3382 5789 3410 5830 a
3438 5771 3697 5827 fratribus
3738 5783 3889 5823 γενος

2316 5879 2488 5934 rentia
2516 5887 2789 5946 nunquam
2815 5870 3020 5936 extolli,
3046 5868 3229 5927 omnia
3265 5868 3319 5923 in
3345 5864 3611 5926 charitate
3640 5857 3887 5918 iacienda
