4090 6498
172 352 184 380 λ
245 392 389 457 lca?
494 390 499 395 ’

923 401 1069 459 OPP.
1118 399 1349 460 DL'BIA.
1393 434 1450 445 —
1500 400 1921 464 DISPUTATIO
1961 400 2370 460 PIIEROllHl.
2413 432 2484 444 -—
2524 402 2866 460 MONITUM.

3407 403 3545 465 1098

236 512 530 586 perﬂuere,
560 521 614 569 et
639 518 829 578 totum,
855 517 1001 586 quod
1024 517 1293 588 expletur,
1312 518 1413 573 tibi
1441 519 1714 589 operatori
1744 519 1840 574 bo-
1872 520 1913 576 Α
1943 529 2157 585 quaero;
2206 518 2298 573 sed
2338 518 2797 589 priepetlientibus
2833 519 3072 590 peccatis
3104 520 3261 585 meis,
3305 523 3545 595 reperire

240 619 441 662 norum
466 605 709 661 omnium
751 605 999 675 Domino,
1059 611 1177 665 sine
1206 626 1315 682 quo
1362 610 1439 666 nil
1470 611 1597 667 boni
1657 611 1838 670 facere

239 709 554 767 possumus,
595 704 870 771 reputare.

314 786 450 844 XVI.
491 788 559 844 Et
578 790 834 859 quoniam
857 800 980 862 post
1000 800 1276 865 acceptam
1301 793 1556 868 baptismi
1580 796 1836 868 gratiam,

234 886 297 936 et
334 892 458 953 post
484 880 674 949 iidem,
713 897 877 954 quam
923 885 1018 941 tibi
1060 888 1308 957 promisi,
1340 889 1471 954 imo,
1513 889 1657 960 quod
1686 872 1841 959 pejus

233 980 355 1037 est,
398 980 523 1044 post
562 982 839 1044 acceptam
885 975 1026 1032 hanc
1074 980 1324 1035 monachi
1378 989 1615 1046 vestem,
1667 982 1836 1037 multa

232 1062 523 1129 commisi,
553 1063 739 1128 corde,
767 1081 884 1131 ore,
912 1076 965 1121 et
988 1084 1172 1140 opere,
1197 1082 1253 1126 ct
1288 1070 1498 1128 inﬁnita
1526 1073 1839 1145 perpetravi

231 1156 376 1210 mali
406 1169 504 1225 per
531 1156 842 1226 superbiam
868 1167 926 1214 et
945 1162 1459 1233 concupiscentiam,
1492 1177 1591 1234 per
1619 1163 1756 1219 iram
1782 1172 1841 1221 et

228 1244 653 1316 impatientiam,
697 1265 795 1321 per
833 1249 1079 1308 fraudem
1109 1263 1164 1309 et
1197 1253 1484 1320 desidiam,
1523 1268 1623 1327 per
1663 1265 1836 1313 tumo-

231 1352 351 1394 rem
381 1348 439 1394 et
467 1343 859 1416 arrogantiam,
890 1344 1117 1416 supplex
1148 1346 1380 1419 imploro
1407 1349 1834 1407 misericordiam

229 1438 412 1494 tuam,
441 1429 585 1487 Deus
612 1431 794 1500 Pater,
835 1435 888 1490 in
916 1435 1138 1491 nomine
1162 1436 1342 1494 dilecti
1376 1437 1495 1494 Filii
1529 1437 1628 1504 tui,
1654 1443 1835 1511 propi-

226 1521 341 1578 tius
367 1531 485 1578 esto
511 1520 638 1580 mihi
669 1526 980 1583 miserrimo
1002 1530 1299 1598 peccatori,
1332 1540 1493 1588 nocte
1519 1538 1574 1587 et
1602 1533 1708 1599 die,
1740 1534 1838 1590 bo-

225 1616 308 1672 ris
334 1627 391 1671 et
421 1627 711 1675 momentis
737 1619 962 1675 multum
991 1636 1177 1677 coram
1216 1630 1271 1678 te
1306 1625 1553 1695 peccanti
1572 1666 1585 1685 .
1619 1633 1676 1681 et
1712 1640 1837 1698 pec-

222 1714 350 1763 cata
396 1707 635 1778 peccatis
685 1708 1156 1767 inumneraliilitcr
1201 1714 1455 1781 addenti,
1502 1725 1559 1772 et
1603 1716 1656 1772 in
1705 1718 1835 1788 ipsis

223 1796 462 1871 turpiter
495 1814 615 1856 mea
650 1801 808 1871 culpa
831 1799 1059 1870 jacenti.
1102 1804 1208 1860 Per
1237 1806 1411 1878 ipsum
1440 1823 1711 1865 summum
1747 1827 1833 1866 sa—

1943 622 2051 663 non
2094 607 2265 664 valeo.
2314 608 2490 673 Unde,
2538 609 2681 665 Deus
2721 610 2980 665 terribilis
3020 611 3076 667 in
3105 612 3348 669 consiliis
3380 626 3547 687 super

1945 696 2084 754 filios
2114 699 2419 765 hominum,
2467 708 2614 755 tuam
2657 711 2903 757 sanctam
2933 710 2988 756 et
3029 702 3377 771 immensam,
3416 719 3546 777 sup-

1939 789 2064 863 plex
2103 798 2161 846 et
2203 791 2429 847 multum
2474 800 2735 858 tremens,
2777 793 3040 864 deprecor
3080 794 3439 856 clementiam.
3487 797 3541 853 is

1940 881 2164 939 nomine
2190 880 2433 954 ejusdem
2464 883 2645 940 dilecti
2668 883 2789 940 Filii
2817 887 2915 949 tui,
2952 894 3010 941 ut
3038 892 3119 951 tu,
3150 886 3239 957 qui
3271 885 3540 945 neminem

1939 972 2025 1030 vis
2044 972 2247 1045 perire,
2275 972 2370 1029 sed
2397 988 2589 1030 omnes
2627 976 2808 1031 salvos
2835 975 3036 1039 facere,
3064 990 3172 1031 non
3198 990 3286 1033 me
3309 975 3541 1035 derelin-

1940 1078 2078 1134 quas
2108 1064 2163 1120 in
2194 1078 2359 1120 manu
2391 1065 2603 1121 consilii
2641 1065 2770 1133 mei,
2804 1083 2982 1139 neque
3016 1068 3071 1121 in
3093 1065 3299 1135 judicio
3327 1065 3539 1126 arbitrii

1939 1158 2069 1221 mei,
2117 1172 2294 1230 neque
2332 1157 2387 1213 in
2428 1166 2697 1229 potestate
2734 1169 2829 1215 aut
2870 1159 3165 1233 tentatione
3207 1160 3536 1229 damnatum,

1941 1268 2119 1323 neque
2160 1253 2215 1308 in
2256 1262 2473 1310 errante
2511 1251 2734 1323 judicio,
2773 1262 2867 1310 aut
2894 1256 3057 1310 noxio
3099 1254 3330 1312 consilio
3364 1254 3541 1313 homi-

1940 1360 2090 1409 num,
2135 1346 2230 1400 sed
2276 1360 2376 1415 pro
2415 1345 2618 1416 pietate
2662 1353 2715 1399 et
2761 1344 3002 1402 bonitate
3046 1356 3155 1406 tua.
3192 1344 3347 1415 juxta
3386 1352 3539 1404 tuam

1939 1435 2385 1507 benignissimam
2410 1475 2424 1500 ,
2470 1447 2593 1505 quze
2642 1435 2696 1490 in
2739 1436 2824 1490 sui
2868 1434 3226 1507 dispesitione
3270 1433 3382 1493 falli
3424 1448 3538 1493 non

1937 1533 2136 1597 potest,
2167 1525 2590 1599 providentiam,
2618 1526 2846 1596 dispone
2868 1527 2961 1583 hic
2983 1534 3041 1582 et
3065 1526 3287 1599 ubique,
3314 1542 3461 1586 nunc
3481 1523 3540 1586 et

1937 1632 2174 1690 semper,
2202 1619 2318 1674 dies
2339 1620 2466 1674 vita:
2495 1634 2631 1673 mea:
2660 1619 2714 1674 in
2745 1617 3084 1689 beneplacito
3113 1628 3204 1673 tuo
3233 1635 3247 1673 :
3278 1629 3336 1675 et
3364 1617 3540 1693 dirige

1938 1726 2036 1782 per
2062 1710 2326 1781 Spiritum
2357 1718 2610 1767 sanctum
2639 1717 2812 1775 tuum,
2840 1726 2954 1773 cor,
2986 1711 3245 1783 linguam,
3275 1720 3541 1787 actusque

1938 1818 2090 1859 meos
2110 1804 2316 1877 iugiter
2346 1802 2645 1860 secundum
2685 1810 2832 1859 tuam
2864 1802 3195 1860 voluntatem
3228 1806 3279 1862 in
3313 1814 3404 1862 tua
3432 1807 3539 1863 mi-

220 1888 527 1957 cerdotem,
559 1898 616 1947 ct
640 1907 829 1947 verum
870 1893 1202 1962 pontiﬁcem,
1231 1898 1325 1968 qui
1354 1912 1414 1953 se
1455 1899 1551 1954 tibi
1597 1900 1832 1957 hostiam
1867 1895 1908 1955 ii
1939 1895 2267 1961 sel'icordia.
2302 1903 2363 1950 ιιι
2392 1905 2446 1950 ιο
2476 1904 2691 1952 recwre
2718 1904 2776 1951 et
2802 1902 2853 1950 le
2881 1896 3039 1961 duce.
3072 1903 3124 1952 ιε
3155 1896 3455 1969 inspirante
3479 1905 3540 1957 et

221 1983 426 2051 vivam,
456 1999 646 2056 puram
667 2026 682 2050 ,
711 1994 767 2041 et
795 1986 1201 2049 immaculatum
1229 1990 1282 2046 in
1312 2006 1405 2046 ara
1430 1993 1613 2048 cruris
1638 1994 1834 2051 obtulit

219 2089 322 2149 pro
347 2075 505 2132 nobis
541 2078 757 2132 miseris
791 2080 1191 2147 peccatoribus,
1212 2078 1423 2137 Filium
1464 2091 1615 2139 tuum
1650 2083 1833 2141 Dami-

222 2180 354 2223 num
397 2175 645 2224 nostntm
688 2166 872 2225 Jesum
903 2169 1211 2237 Christum;
1258 2184 1312 2229 te
1355 2188 1509 2245 rogo,
1556 2175 1833 2247 benignis-

218 2257 362 2314 sime
398 2266 614 2315 amator
642 2260 921 2317 hominum
961 2262 1125 2327 Deus,
1166 2265 1429 2320 miserere
1473 2269 1599 2330 mei,
1639 2267 1831 2324 miscr-

218 2350 347 2408 rimi
381 2358 440 2407 et
479 2350 684 2424 indigni
716 2354 858 2409 servi
906 2355 1003 2419 tui,
1037 2354 1165 2425 quia
1206 2371 1316 2411 non
1353 2371 1473 2411 sum
1503 2357 1642 2412 sicut
1675 2359 1830 2413 innu-

217 2442 358 2499 meri
384 2451 440 2498 et
465 2443 792 2515 multiplices
819 2444 1005 2500 famuli
1032 2447 1132 2512 tui,
1163 2447 1255 2517 qui
1287 2446 1382 2503 tibi
1409 2449 1480 2503 ab
1504 2447 1638 2519 ipsis
1663 2466 1767 2504 cun
1791 2470 1831 2492 ί-

216 2533 363 2592 bulis
392 2536 742 2593 devotissime
772 2539 1101 2605 servierunt,
1136 2554 1245 2595 non
1287 2537 1625 2597 declinantes
1652 2554 1829 2611 neque

214 2627 286 2683 sd
310 2626 591 2684 dexteram
623 2641 801 2699 neque
827 2629 896 2684 ad
919 2630 1220 2686 sinistram.
1251 2628 1366 2686 Non
1399 2644 1519 2687 sum
1557 2629 1700 2687 sicut
1726 2630 1825 2697 illi,

211 2718 311 2790 qui
351 2727 472 2792 post
507 2718 723 2792 publica
765 2719 967 2792 ﬂagitia
1009 2723 1345 2794 ptenitcnflo,
1379 2722 1474 2778 iiii
1511 2732 1830 2779 meruerunt

212 2824 337 2868 esse
374 2808 579 2867 devmi.
625 2810 743 2867 Non
773 2828 893 2868 sum
924 2813 1065 2869 sicut
1093 2814 1365 2869 nonnulla:
1389 2812 1714 2870 Christianam
1748 2812 1829 2871 ἰο-

212 2901 398 2970 utinm,
451 2903 585 2961 vitis
630 2902 961 2975 conjunctae,
1004 2906 1104 2963 tibi
1151 2916 1332 2963 tamen
1382 2909 1685 2965 servientes
1724 2923 1830 2981 pro

212 2993 361 3050 scire
404 3009 506 3053 suo
539 3012 666 3054 cum
715 3013 924 3055 summa
970 2998 1281 3056 devotione.
1330 2998 1447 3055 Non
1491 3014 1613 3057 sum
1658 3001 1821 3058 etiam

213 3086 363 3142 sicut
390 3086 542 3144 multi
574 3089 811 3155 illorum,
843 3090 934 3162 qui
962 3090 1016 3146 in
1046 3089 1219 3145 oculis
1249 3089 1533 3147 hominum
1562 3101 1821 3163 tanquam

1938 1995 1990 2042 te
2021 1985 2334 2057 adjuvante,
2381 1993 2436 2042 te
2476 1986 2774 2058 incipiente
2801 1998 2856 2043 et
2894 1994 2948 2043 te
2987 1985 3327 2060 perficiente,
3356 2004 3389 2044 a
3427 2002 3539 2062 quo

1933 2079 2255 2150 procedunt,
2278 2085 2335 2134 et
2361 2093 2462 2150 per
2482 2095 2643 2150 quem
2667 2078 3028 2149 perficiuntur
3051 2079 3233 2135 omnia
3256 2080 3421 2147 bona,
3446 2079 3535 2137 ills

1932 2186 2148 2243 semper
2180 2172 2428 2229 studeam
2468 2171 2731 2243 cogitare,
2770 2169 2939 2244 loqui,
2979 2179 3035 2227 et
3066 2185 3250 2245 agere,
3279 2188 3401 2245 qua:
3439 2170 3539 2233 tibi

1930 2262 2182 2331 placeant
2210 2264 2263 2318 in
2296 2262 2548 2325 veritate,
2584 2270 2640 2316 et
2664 2276 2752 2317 me
2782 2261 3000 2317 tandem
3040 2260 3110 2317 ad
3140 2261 3310 2319 vitam
3336 2264 3539 2336 perduv

1928 2360 2055 2407 cant
2080 2361 2371 2419 aeternam;
2398 2361 2453 2408 te
2475 2351 2791 2413 miserante,
2813 2359 2865 2405 te
2891 2350 3142 2416 donante,
3164 2364 3265 2424 per
3282 2353 3535 2410 eumdem

1929 2443 2113 2501 Iesum
2136 2443 2332 2500 Filium
2358 2452 2508 2498 tuum
2535 2444 2862 2499 salvatorem
2887 2450 2943 2498 et
2969 2453 3407 2515 recuperaturem
3437 2460 3540 2502 no-

1930 2546 2130 2601 strum,
2160 2537 2253 2607 qui
2300 2543 2550 2590 mortuus
2587 2542 2673 2589 est
2713 2542 2935 2604 propter
2972 2544 3196 2606 peccata
3236 2544 3444 2603 nostra,
3481 2544 3542 2595 et

1930 2632 2234 2686 resurrexit
2260 2636 2486 2701 propter
2513 2628 2936 2684 vivitica‘ionem
2966 2634 3230 2684 nosti-am.
3260 2640 3263 2641 '

2006 2719 2192 2779 XVlll.
2231 2718 2338 2775 Per
2367 2720 2544 2790 ipsum
2573 2733 2845 2774 summum
2873 2716 3234 2783 sacerdotem,
3261 2727 3321 2774 et
3347 2731 3539 2775 verum

1928 2811 2265 2882 pontiﬁcem,
2290 2811 2386 2882 qui
2412 2824 2472 2867 se
2500 2810 2597 2866 tibi
2621 2810 2821 2867 obtulit
2843 2810 2895 2866 iu
2923 2807 3278 2877 sacriﬁcium,
3303 2816 3358 2865 te
3380 2822 3535 2883 rogo,

1932 2906 2140 2977 respice
2192 2919 2315 2969 me,
2369 2913 2428 2961 et
2477 2905 2742 2960 miserere
2790 2905 2929 2970 mei;
2982 2904 3179 2960 exaudi
3229 2902 3538 2963 orationem

1927 2980 2133 3064 meam,
2163 3005 2219 3053 et
2256 2998 2322 3053 da
2372 2997 2511 3053 mihi
2558 2998 2789 3067 gratiam
2832 3006 2981 3051 tuam
3026 3003 3252 3067 propter
3292 2993 3541 3053 multim-

1928 3090 2112 3146 dinem
2143 3088 2404 3146 bonitatis
2432 3096 2567 3154 tum;
2595 3097 2653 3144 et
2680 3089 2747 3143 de
2776 3087 3072 3158 praeteritis
3101 3086 3259 3144 malis
3288 3088 3429 3144 meis
3451 3086 3542 3143 iu-

214 3176 349 3233 mali
373 3187 429 3235 et
471 3182 709 3252 perversi
742 3182 1009 3237 videntur.
1058 3180 1175 3237 Heu
1219 3183 1352 3239 mihi
1396 3182 1630 3240 infelici!
1677 3184 1823 3253 Qus-
1858 3245 1893 3253 __
1930 3181 2290 3253 dulgentiam,
2322 3181 2391 3237 de
2426 3181 2788 3252 prmsenzibus
2830 3168 3066 3237 concede
3108 3179 3241 3235 mihi
3281 3179 3539 3238 emenda-

213 3269 382 3327 modo
406 3245 494 3329 me
519 3273 659 3330 elata
683 3275 898 3332 cervice
939 3274 1273 3342 ambulante,
1315 3290 1507 3333 omnes
1541 3245 1777 3350 peneiii-
1798 3295 1825 3334 s
1848 3245 1897 3310 θ
1934 3245 2134 3330 tionem
2153 3314 2169 3339 ,
2206 3275 2272 3330 de
2302 3245 2501 3329 fut-iris
2528 3271 2705 3343 culpis
2726 3271 2930 3345 jugilcr
2960 3272 3160 3362 largire
3190 3270 3321 3329 mihi
3348 3278 3537 3328 custo-

212 3361 342 3418 vitm
364 3378 497 3422 mese
522 3365 575 3421 in
596 3366 837 3423 vanitate
858 3367 1163 3438 consumpti
1187 3368 1344 3422 sunt!
1381 3366 1664 3436 Quomodo
1688 3378 1825 3425 tem-
1928 3366 2075 3422 diam
2129 3374 2292 3436 atque
2342 3364 2634 3419 cautelam.
2690 3364 2766 3419 Da
2822 3363 2996 3421 locum
3048 3370 3105 3418 et
3154 3362 3424 3434 spatium,
3475 3370 3537 3420 et

209 3468 315 3526 pus
352 3473 534 3516 meum
575 3461 850 3531 prasterivi
898 3459 953 3516 in
992 3460 1416 3531 cogitationibus
1458 3462 1724 3521 terrenis,
1769 3470 1826 3518 et
1928 3456 2139 3513 fructus
2168 3458 2362 3527 dignos
2387 3456 2752 3527 pmnizcntizc;
2797 3454 2865 3512 da
2895 3471 2989 3513 cor
3011 3456 3305 3514 contritum
3346 3463 3403 3511 et
3434 3455 3536 3511 ltu-

208 3549 530 3620 superfluis!
574 3551 717 3622 Quid
753 3552 884 3608 utile
924 3552 979 3607 in
1018 3552 1167 3609 omni
1192 3551 1302 3607 vita
1342 3566 1461 3607 mea
1500 3552 1616 3625 egi!
1661 3551 1823 3626 Miser
1926 3554 2233 3617 miliatuni,
2279 3554 2348 3609 da
2398 3554 2635 3623 gratiam
2684 3552 3083 3619 lacrymarum,
3132 3550 3199 3606 da
3249 3552 3429 3607 lumen
3478 3553 3533 3606 lu

208 3641 344 3711 ego!
374 3641 465 3699 Va:
490 3644 623 3701 mihi
646 3644 976 3708 miserrimo,
1000 3644 1094 3715 qui
1119 3643 1312 3700 falsum
1350 3658 1547 3701 nomen
1569 3644 1820 3702 monachi
1925 3647 2110 3711 corde,
2155 3646 2225 3701 da
2254 3646 2400 3700 vires
2440 3649 2491 3702 in
2533 3660 2780 3717 corpore,
2826 3646 2893 3701 da
2935 3645 3085 3700 illum
3122 3646 3322 3717 ignem,
3366 3659 3530 3715 quem

211 3729 351 3799 fero,
375 3733 508 3791 nihil
532 3735 751 3806 dignum
776 3734 936 3805 hujus
958 3735 1194 3793 nominis
1216 3746 1271 3792 ct
1292 3735 1513 3793 habitus
1534 3752 1721 3810 agens.
1926 3739 2126 3795 misisti
2156 3740 2386 3794 veniens
2417 3741 2467 3793 in
2498 3748 2719 3801 terram,
2751 3747 2806 3793 et
2828 3754 2990 3809 quem
3016 3738 3099 3793 vis
3123 3747 3182 3793 ut
3209 3737 3416 3793 ardeat.
3451 3738 3528 3793 Da

285 3824 446 3881 XVII.
492 3824 895 3893 Verumtamen,
923 3827 1170 3893 Domine,
1197 3828 1241 3884 si
1264 3832 1394 3901 quid
1427 3832 1555 3886 boni
1592 3829 1817 3885 forsitan
1922 3835 2117 3887 ar-lerc
2146 3831 2435 3887 charitatis
2476 3832 2618 3901 igne,
2664 3832 2729 3887 cla
2771 3832 2955 3887 lucere
2987 3828 3309 3886 obedientia:
3350 3828 3530 3900 splen-

210 3915 373 3983 facio,
401 3918 482 3972 vel
508 3918 690 3976 fecero
712 3930 805 3976 tua
835 3920 1010 3991 gratia
1045 3920 1334 3994 largiente,
1360 3936 1467 3993 quo
1492 3921 1599 3977 line
1620 3922 1817 3978 faciam
1922 3924 2074 3985 dure,
2105 3923 2170 3977 da
2200 3921 2412 3978 fervere
2440 3921 2747 3978 dilectionis
2776 3936 2984 3988 amore,
3016 3920 3082 3975 da
3118 3920 3262 3977 inter
3286 3918 3526 3992 pericula

210 4009 350 4075 hinc,
373 4023 549 4080 quave
574 4010 914 4067 districtione
944 4028 977 4067 a
1008 4019 1061 4067 te
1092 4021 1413 4083 pensentur,
1442 4013 1655 4086 ignoro.
1698 4012 1820 4069 Scis
1924 4018 2204 4073 interitum
2236 4031 2344 4071 non
2373 4016 2598 4081 habere,
2625 4016 2694 4070 da
2723 4013 2791 4070 de
2816 4014 3072 4086 periculis
3100 4011 3333 4069 feliciter
3353 4012 3527 4077 exine.

210 4098 390 4166 enim,
432 4115 596 4171 quem
637 4101 712 4159 nil
749 4101 901 4165 latet.
944 4104 1076 4175 quid
1118 4103 1253 4159 mibi
1291 4101 1556 4160 acciderit
1598 4114 1820 4176 propter
1921 4108 1988 4163 da
2020 4107 2089 4163 ad
2125 4114 2275 4163 tuam
2305 4106 2648 4163 dulcedinem
2675 4105 2955 4170 festinare,
2986 4104 3057 4160 da
3086 4105 3154 4160 ad
3184 4111 3332 4159 tuam
3362 4103 3531 4159 visio-

209 4201 438 4264 peccata
464 4208 582 4249 mea
611 4210 623 4247 :
648 4194 921 4266 quomodo
944 4197 996 4250 in
1024 4197 1124 4261 via,
1165 4209 1272 4267 qua
1306 4192 1674 4260 ambulabam,
1697 4197 1819 4251 abs-
1921 4215 2045 4255 nem
2070 4198 2362 4272 tranquille
2382 4198 2592 4262 venire,
2615 4200 2684 4256 da
2713 4206 2820 4253 ture
2843 4198 3068 4255 visionis
3087 4194 3525 4253 manifestatione

210 4282 516 4341 condemnat
556 4285 685 4341 mihi
723 4285 974 4357 laqueum
1018 4286 1226 4344 inimici
1263 4287 1389 4343 mei.
1433 4285 1644 4354 Quibus
1683 4287 1815 4344 mihi
1922 4294 2235 4365 perenniter
2256 4293 2472 4357 satiari,
2500 4295 2567 4348 da
2583 4291 2708 4347 tein
2724 4291 3046 4348 mulorum
3071 4290 3378 4349 mternitate
3403 4289 3525 4349 siue

208 4392 311 4450 per
348 4376 656 4443 hominem,
699 4388 755 4435 ut
802 4395 943 4445 reor,
990 4378 1403 4445 insidiantibus,
1447 4381 1584 4451 proh
1626 4380 1812 4436 dolor!
1922 4384 2030 4439 line
2059 4383 2301 4437 laudare.
2348 4380 2477 4437 Jesn
2516 4382 2616 4435 Fili
2666 4379 2835 4437 David
2861 4380 3125 4437 miserere
3150 4378 3281 4445 mei,
3324 4378 3521 4437 illumi-

212 4468 372 4526 amisi
411 4468 591 4528 locum
629 4470 842 4528 dilecta:
880 4471 1206 4535 solitudinis,
1253 4472 1491 4527 amicum
1539 4470 1813 4531 ηιωιῸι-ἰε.
1920 4491 2059 4530 nans
2084 4474 2271 4530 oculos
2297 4488 2471 4538 meos,
2500 4481 2559 4527 ut
2587 4471 2819 4535 videam,
2851 4485 2958 4539 quo
2982 4471 3049 4527 ad
3089 4479 3143 4528 te
3170 4471 3520 4544 perveniam;

210 4559 434 4631 quietis,
465 4570 524 4616 et
552 4562 759 4635 pmnitu
784 4564 926 4629 linis,
957 4578 1120 4633 quem
1147 4562 1216 4619 ab
1243 4562 1464 4620 ineunte
1486 4570 1646 4619 :etate
1674 4578 1816 4620 sem-
1844 4606 1890 4665 ο
1921 4566 2148 4621 ﬁrmans
2188 4567 2241 4623 in
2284 4573 2337 4620 te
2376 4578 2594 4638 gressus
2633 4577 2800 4664 meos.
2842 4578 2915 4665 ire
2938 4561 3312 4665 transgrediar
3338 4562 3516 4665 visume

210 4664 310 4724 per
332 4650 517 4711 dilexi.
551 4652 760 4712 idcirco
796 4655 851 4711 in
878 4654 1130 4728 angustia
1156 4662 1211 4711 et
1246 4669 1484 4712 maerore
1520 4654 1693 4712 multo
1718 4671 1813 4727 po-
1844 4648 1890 4665 “’
1918 4655 2170 4725 aperiens
2194 4669 2258 4710 os
2284 4668 2483 4717 meum,
2513 4662 2573 4707 ut
2599 4650 2801 4724 possim
2825 4651 2893 4709 de
2921 4660 2975 4707 te
3005 4650 3172 4723 loqui.
3201 4652 3292 4722 qui
3323 4648 3518 4709 dedisti

211 4742 318 4802 sita
345 4752 431 4802 est
468 4746 649 4803 anima
692 4762 834 4811 mea,
876 4754 1029 4805 tuum
1072 4759 1240 4819 super
1280 4760 1339 4802 se
1379 4745 1636 4817 ignorans
1666 4745 1813 4815 judi-
1919 4747 2050 4805 mihi
2095 4746 2231 4801 velle
2278 4755 2394 4810 tua,
2436 4754 2711 4817 utcunque
2750 4743 3041 4817 potuerim,
3084 4741 3253 4815 loqui.
3292 4743 3363 4803 Et
3387 4743 3515 4817 quia

210 4832 386 4900 cium,
416 4836 542 4908 quia
580 4844 848 4895 secretum
877 4837 1051 4895 solitas
1076 4838 1278 4910 quietis
1304 4846 1360 4893 et
1396 4848 1714 4911 opportuna:
1744 4838 1811 4894 ad
1917 4836 2136 4895 dilectio
2186 4837 2418 4907 proximi
2469 4837 2697 4894 inhaeret
2743 4836 3019 4897 dilectioni
3072 4845 3211 4905 tua).
3261 4835 3329 4893 da
3379 4835 3514 4896 mihi

213 4935 267 4985 te
290 4928 611 4995 vacationis,
638 4928 784 5003 quod
823 4930 989 4988 semel
1033 4929 1287 4987 incautus
1312 4929 1494 4994 amisi,
1519 4930 1700 4986 denuo
1732 4931 1814 4989 iu-
1919 4944 2176 4990 exercere
2206 4929 2498 4986 utilitatem
2523 4928 2658 5000 ejus.
2692 4944 2812 4998 qua:
2838 4928 3037 4989 formet
3060 4929 3293 4986 salutem
3323 4928 3431 4993 illi,
3460 4937 3517 4985 et

210 5020 401 5081 venire
426 5037 531 5082 non
562 5023 733 5096 potui.
762 5021 876 5082 Hoc
901 5032 1083 5082 autem
1112 5031 1244 5096 opto
1271 5022 1469 5088 adhuc,
1499 5022 1731 5096 suspiro,
1756 5033 1811 5077 et
1917 5020 2199 5095 perveniat
2225 5022 2278 5079 in
2306 5020 2520 5080 laudem
2540 5027 2599 5077 et
2619 5020 2847 5093 gloriam
2867 5021 3101 5081 nominis
3123 5019 3219 5077 tui.
3246 5018 3439 5077 Amen.

480 5161 3501 5195 mw

248 5171 469 5197 ῃ

1004 5286 1880 5407 DISPUTATIO
1967 5285 2741 5405 PUERORUM

810 5488 979 5557 PER
1041 5483 1958 5552 INTERROGATIONES
2019 5484 2130 5547 ET
2197 5485 2911 5552 RESPONSIONES.

544 5676 713 5754 διε
743 5675 1066 5737 IONITUM
1104 5675 1468 5737 PREVIUM.

1935 5696 2069 5761 gensi
2094 5694 2201 5757 900
2223 5708 2511 5758 annorum,
2541 5697 2728 5748 notato
2749 5705 2898 5750 num.
2922 5689 3010 5753 67,
3036 5684 3506 5761 deprehendimus;

286 5768 440 5844 Quod
464 5769 586 5829 loco
613 5767 851 5849 secundo
876 5767 1212 5849 interdubia
1236 5768 1383 5849 beati
1411 5766 1811 5849 Alcuinicalu-
1915 5758 2180 5849 Quoniam
2212 5780 2351 5849 vero
2376 5763 2582 5849 nullum
2613 5760 2855 5849 auctgris
2884 5758 3508 5849 nomept'ibihprzcllsgum

218 5829 408 5905 bemus
426 5838 744 5913 opusculum
773 5838 828 5896 in
853 5846 1169 5914 pervetusto
1193 5839 1379 5897 codice
1404 5855 1506 5897 ms.
1535 5837 1811 5895 Salisbur—
1918 5829 2083 5905 Esset,
2107 5836 2478 5892 hmsitavimus
2509 5833 2816 5905 aliquandiu
2838 5847 2904 5887 an
2926 5831 3055 5886 illud
3078 5829 3245 5890 beato
3258 5829 3506 5899 Aleuine,

621 5932 896 5993 l’sraoa.
934 5929 1034 5997 Ci.

2996 5922 3072 5984 35
