4090 6494
579 267 714 327 1099

1415 258 1474 314 Β.
1517 256 1579 312 F.
1614 255 1842 312 ALBINI
1881 255 2012 314 SEU
2056 253 2331 312 ALCUINI
2369 252 2654 310 OPERCM
2695 251 2872 308 PARS
2911 252 3041 308 VIII.

3724 246 3875 301 ilco

574 395 640 440 an
667 377 820 435 aiteri
843 375 987 430 illius
1010 370 1107 428 αενί
1133 369 1381 442 scriptori
1398 378 1550 442 esset
1576 369 1997 442 attribuendum.
2024 367 2158 442 Nec-
2186 373 2234 431 Α
2263 367 2408 438 eipio
2437 367 2620 438 operis
2667 365 3008 430 Conditoris;
3041 364 3249 420 idcirco
3295 363 3342 418 si
3389 370 3587 416 vestra:
3613 360 3878 415 domina-

571 439 700 507 dum
726 461 856 504 vero
893 445 1027 500 certi
1066 439 1340 514 quidpiam
1378 441 1448 514 de
1483 439 1576 514 illo
1610 439 1966 514 pronuntiare
1997 439 2161 514 aude-

574 536 715 583 mus,
745 516 992 589 quamvis
1033 508 1271 569 rationes
1306 508 1637 589 mutilet-es
1665 510 1775 589 sint
1798 526 1918 589 qua:
1943 525 2042 580 pro
2072 508 2162 562 Al-

573 580 737 647 euino
765 580 1058 660 'pugnant,
1101 599 1239 655 quas
1280 582 1509 638 eruditis
1556 580 1927 652 dijudicandas
1968 594 2164 651 propo-

573 677 773 718 ulmus.

647 722 1106 798 Primo'namque
1149 726 1202 780 in
1250 724 1438 798 eodem
1484 722 1667 777 codice
1714 722 1817 776 alia
1863 721 2165 776 indubitata

572 801 786 858 Alcuini
836 797 1093 868 opuscula
1146 797 1513 868 continentur,
1567 802 1623 846 et
1668 802 1800 868 post
1844 800 2166 868 praesentem

579 861 892 928 Tractatum
918 867 1108 924 eadem
1133 882 1297 921 manu
1336 864 1641 932 descriptus
1668 861 1898 918 habetur
1925 861 2166 932 ejusdem

577 941 1010 1000 Commentarius
1054 939 1109 992 in
1147 937 1383 1007 psalmus
1416 933 1834 1007 pwuitentiales,
1874 941 2004 1007 ct_c.,
2043 946 2168 1007 cum

579 1013 806 1084 cpistola
826 1013 895 1084 ad
913 1001 1188 1084 Arnonent
1216 1001 1695 1084 archiepiscopum.
1727 1003 1974 1084 Secundo
1997 1001 2169 1084 stylus

581 1072 967 1140 e't'methodus
1003 1078 1163 1145 hujus
1203 1072 1468 1132 tractatus
1506 1072 1646 1145 st'ylo
1689 1090 1753 1129 ac
1792 1072 2171 1130 metbodo’Al—

581 1156 726 1211 enini
755 1156 827 1209 ita
849 1151 1052 1206 similes
1075 1157 1219 1213 sunt,
1239 1157 1301 1202 ut
1319 1163 1480 1202 ovum
1507 1162 1624 1206 ovo,
1653 1145 1795 1214 quod
1818 1159 1997 1210 nemo,
2023 1158 2167 1208 reor,

584 1224 933 1286 inficiabitur,
964 1222 1056 1292 qui
1095 1222 1149 1276 in
1178 1217 1522 1292 scriptis__viri
1550 1215 1889 1292 celeberrimi
1927 1222 2172 1271 versatus

581 1297 746 1352 fuerit
785 1314 796 1348 :
844 1308 944 1349 nec
982 1286 1124 1346 ullus
1168 1286 1307 1346 alius
1352 1289 1495 1344 illius
1537 1286 1734 1354 anatis,
1777 1301 1883 1356 qua
1931 1301 2173 1358 praesens

585 1365 914 1437 Opusculum
942 1372 1221 1437 exaratum
1258 1374 1380 1415 esse
1407 1360 1661 1437 diximus,
1694 1355 2169 1437 autante'riorali-

580 1428 703 1508 quis
737 1437 969 1508 scriptor
1002 1432 1213 1489 ostendi
1237 1438 1454 1508 potest,
1491 1429 1577 1508 cui
1619 1429 1788 1508 stylus
1831 1428 1920 1481 ille
1963 1428 2174 1508 metho-

588 1499 797 1577 dusque
827 1499 1012 1577 magis
1025 1499 1328 1577 conveniat.
1369 1500 1940 1577 tientineturinsuper
1977 1500 2032 1553 in
2074 1499 2174 1577 hoc

588 1569 813 1648 scripto,
839 1569 950 1648 sub
989 1572 1166 1648 {arma
1189 1571 1403 1648 dialogi,
1444 1571 1625 1648 brevis
1663 1569 1752 1626 illa
1780 1569 2176 1648 Commentatio

585 1651 640 1704 in
668 1640 796 1704 illud
822 1645 1049 1701 Genesis
1073 1663 1084 1698 :
1122 1640 1406 1698 Faciam—us
1434 1642 1694 1696 hominem
1725 1640 1794 1695 ad
1819 1641 2109 1711 imaginem
2123 1649 2173 1693 et

584 1718 981 1774 uimiiitudinem
1019 1725 1286 1780 nostram,
1330 1729 1491 1783 quam
1531 1714 1600 1766 cl.
1644 1709 2036 1783 Quercetanus,
2080 1709 2172 1783 de-

585 1801 759 1846 tracta
782 1789 954 1844 forma
984 1786 1264 1857 dialogica.
1291 1782 1416 1854 post
1431 1785 1826 1857 expositionem
1859 1783 1913 1836 in
1934 1782 2170 1857 Ge_aesin

591 1861 760 1918 edidit
787 1875 855 1913 ex
885 1858 1003 1913 cod.
1049 1852 1155 1910 ms:
1192 1852 1487 1918 Sirinondi,
1513 1852 1614 1909 ubi
1655 1852 1906 1909 exstabat
1944 1854 2044 1908 sub
2081 1867 2175 1906 no-

2265 461 2399 517 tioni
2423 458 2611 515 audire
2631 458 2915 530 placuerit,
2949 458 3002 510 in
3023 462 3288 526 quantum
3339 469 3407 508 eo
3456 452 3743 523 largiente,
3771 449 3877 521 qui

2264 558 2458 605 cuncta
2490 549 2720 614 creavit,
2754 549 3088 613 conceditur,
3118 545 3366 602 volumus
3394 544 3463 600 de
3503 543 3878 599 distinctioni—

2264 642 2367 698 bus
2392 657 2488 698 sex
2515 640 2728 696 dierum
2759 655 2986 717 operum
3037 639 3091 692 in
3121 637 3412 710 przcsentia
3461 643 3640 691 vestra
3666 632 3878 706 aliquid

2267 735 2495 790 rationis
2522 734 2813 790 deducere.
2844 732 2939 786 Eia
2979 730 3370 802 condiscipulo,
3419 729 3677 800 quoniam
3724 728 3876 786 sicut

2267 829 2398 894 dixi,
2431 835 2486 881 et
2516 828 2632 900 ipse
2665 825 2829 892 nosti,
2855 840 2956 880 nec
2981 839 3270 896 possumus
3296 839 3396 878 nec
3426 826 3687 881 audemus
3707 821 3876 878 altius

2269 922 2483 978 initium
2510 929 2714 976 nostrae
2730 919 3053 992 protrahere
3078 918 3489 992 disputationis,
3523 918 3566 974 si
3591 917 3690 972 tibi
3723 916 3872 972 vidc-

2270 1021 2358 1070 tur
2381 1011 2706 1087 inetpiamus
2733 1011 2802 1068 ab
2824 1010 3015 1066 eodem
3035 1009 3323 1082 principio,
3371 1016 3428 1064 et
3474 1015 3637 1080 prout
3681 1005 3874 1062 Domi-

2271 1126 2375 1166 nus
2395 1109 2601 1164 donare
2629 1108 2906 1180 dignatur,
2936 1104 3277 1178 disputemus
3312 1103 3382 1159 de
3430 1099 3881 1158 distinctionibus

2269 1198 2616 1272 prmfatarum
2638 1214 2732 1255 sex
2751 1199 2961 1255 dierum
2975 1209 3315 1267 suorumque
3326 1207 3577 1266 operum.
3600 1191 3757 1262 Resp.
3779 1189 3884 1246 Ne-

2271 1307 2544 1364 quaquam
2571 1290 2997 1362 disputationem
3051 1298 3294 1344 nostram
3345 1285 3544 1342 alicubi
3572 1284 3771 1342 melius
3797 1284 3884 1339 in-

2271 1383 2452 1454 cipere
2474 1397 2635 1452 posse
2665 1380 2926 1446 arbitror,
2944 1394 3106 1448 quam
3130 1378 3200 1434 ab
3220 1379 3338 1449 ipsa
3368 1376 3544 1449 prima
3569 1381 3879 1439 creatione,

2272 1485 2328 1531 et
2349 1491 2379 1530 a
2409 1474 2729 1546 praescripto
2749 1483 2968 1528 sacrato
2993 1480 3049 1527 et
3071 1470 3316 1543 perfecto
3337 1483 3586 1533 numero,
3612 1467 3755 1522 sicut
3783 1480 3881 1521 as-

2273 1567 2510 1632 seruisti,
2543 1566 2635 1637 qui
2665 1579 2732 1620 ex
2755 1563 2901 1620 omni
2939 1573 3094 1635 parte
3120 1562 3395 1634 perfectus
3420 1569 3523 1615 est.

2348 1656 2514 1713 Inter.
2554 1655 2673 1712 1am
2707 1656 2836 1727 quia
2867 1653 3240 1723 itajudicasti,
3269 1654 3364 1707 tiat
3388 1653 3484 1708 ita.
3512 1649 3620 1707 Sed
3642 1649 3886 1722 primum

2204 1737 2248 1799 Β
2275 1759 2418 1823 peto,
2464 1759 2524 1805 ut
2571 1749 2756 1814 dicas,
2810 1746 3082 1819 quomodo
3131 1745 3408 1818 perfectus
3458 1758 3585 1801 esse
3631 1742 3889 1799 constet?

2275 1841 2429 1913 Resp.
2458 1842 2584 1897 Ideo
2607 1841 2753 1896 enim
2779 1837 3054 1911 perfectus
3083 1853 3205 1893 esse
3232 1836 3452 1901 dicitur,
3478 1834 3607 1905 quia
3630 1833 3885 1906 partibus

594 1932 737 2007 mine
775 1929 987 1985 Alcuini
1033 1939 1078 2007 μ.
1121 1927 1195 2007 _Et
1229 1926 1535 2007 verosimile
1571 1925 1728 2007 nobis
1765 1924 2000 2006 videtur,
2035 1924 2176 2007 hanc
2269 1936 2388 1992 suis
2417 1935 2740 2007 completur,

590 2003 761 2074 ipsam
786 1997 1391 2074 commentatinnculam
1431 2011 1461 2052 a
1496 1997 1761 2074 quapiam
1778 2010 1878 2074 pro
1915 1994 2175 2074 singulari

588 2065 690 2129 usu
720 2087 819 2128 suo
845 2086 911 2124 ex
944 2070 1109 2140 hocce
1150 2065 1700 2140 Dialogoextractam
1737 2065 2179 2140 fuisse,_pr;cfiso

591 2144 748 2200 titulo
777 2157 790 2196 :
823 2142 977 2197 Dicta
1008 2139 1146 2195 beati
1167 2136 1342 2196 Albini
1369 2136 1540 2209 levita!
1563 2153 1720 2209 super
1743 2136 1876 2190 illud
1899 2137 2176 2209 Genescos,

592 2224 723 2280 εις..
768 2212 912 2284 quod
942 2211 1092 2284 idem
1118 2209 1343 2284 factum
1391 2207 1558 2284 [uisse
1604 2206 1850 2284 suspicor
1887 2223 2010 2261 cum
2041 2206 2180 2284 aliis

584 2278 810 2355 scriptis
834 2283 920 2338 hic
940 2282 1182 2355 insertis,
1204 2296 1258 2355 v.
1282 2296 1360 2355 g._,
1391 2278 1464 2355 De
1485 2279 1887 2355 proprietatibus
1911 2278 2178 2355 nominum

587 2346 842 2428 ψαίρᾳο
865 2346 1621 2428 attribuun_tu_ririscripturis,
1644 2349 1786 2428 quod
1803 2347 1953 2428 inter
1977 2346 2181 2428 scripta

591 2417 804 2483 'Alcuini
837 2433 1079 2479 recenset
1107 2417 1441 2476 Tritbemius
1470 2419 1609 2474 libro
1637 2417 1676 2474 η
1704 2421 1770 2474 de
1803 2418 1944 2472 Viris
1986 2417 2180 2470 illuslr.

594 2497 657 2574 ρ.
691 2496 751 2574 S._
784 2496 866 2574 il,
896 2507 1018 2563 cap.
1046 2489 1560 2574 ἳϐιβςιτρῑὶεᾳιῇρηςξ
1587 2488 1826 2574 §ymboli
1853 2487 2183 2574 etpmtionis

601 2565 908 2628 Dominica',
947 2559 1084 2630 quas
1113 2559 1340 2616 Alcuino
1369 2560 1558 2615 tribuit
1587 2560 1850 2630 Yepesius
1883 2560 2083 2612 Clu-ou.
2118 2559 2179 2612 0.

601 2579 908 2628 υυηιιηισαι,
986 2579 1084 2617 uas
1113 2579 1332 2616 AlClllnG

598 2639 654 2693 S.
689 2637 753 2692 Β.
784 2643 916 2690 tom.
934 2579 1030 2697 'ﬂl,
1059 2648 1179 2703 pag.
1211 2631 1332 2703 ηδ.

666 2711 738 2764 At
775 2707 973 2761 mirum
1001 2699 1172 2758 vifleri
1205 2702 1439 2772 cuipiam
1483 2701 1685 2771 possit,
1725 2699 2187 2772 nemincmlutjus

598 2776 842 2850 opusculi
884 2775 1218 2850 meminisse,
1260 2771 1403 2844 quod
1448 2782 1625 2828 tamen
1667 2780 1826 2826 :etate
1863 2771 2078 2826 Alcuini
2123 2785 2186 2825 ac

598 2845 852 2918 doinceps
888 2845 959 2918 ob
987 2846 1337 2900 materiarum
1357 2883 1371 2907 ,
1407 2857 1545 2918 quas
1570 2850 1895 2918 pertractat,
1925 2851 2186 2918 praestan-

601 2919 733 2976 tiam
757 2912 814 2974 εἰ
851 2915 1108 2973 selectum
1148 2928 1345 2985 magno
1374 2912 1492 2985 usui
1525 2912 1662 2985 esse
1682 2913 1859 2985 potuit
1888 2912 1951 2966 at:
1981 2912 2184 2985 debuit.

601 2989 801 3046 Verum
825 2987 932 3043 hoc
955 3002 1056 3054 ego
1082 2983 1385 3042 oscitantite
1417 2983 1630 3039 illorum
1655 2983 2002 3039 librariorum
2034 2984 2190 3036 attri-

602 3065 730 3125 buo,
747 3061 840 3131 qui
859 3057 1117 3131 opuscula
1142 3056 1284 3111 beati
1308 3055 1422 3131 viri
1436 3066 1790 3131 recensentes
1805 3055 1980 3131 nudos
2001 3054 2188 3108 titulos

601 3124 1056 3194 dederuntfnulln
1084 3127 1224 3182 facta
1257 3125 1531 3181 mentione
1553 3126 1690 3180 iuitii
1713 3126 1794 3180 vel
1818 3124 1940 3180 ﬁnis
1961 3135 2184 3179 conten-

601 3213 811 3263 torum,
844 3209 936 3254 aut
968 3199 1225 3254 methodi.

672 3272 999 3327 Passerinus
1023 3279 1077 3324 et
1099 3269 1186 3324 alii
1212 3271 1352 3338 inter
1379 3266 1579 3338 scripta
1610 3267 1822 3323 Alcuini
1854 3275 2142 3322 numerant
2174 3286 2184 3320 :

600 3342 946 3413 Dialogorum
991 3341 1067 3413 ad
1101 3337 1394 3413 discipulos
1433 3336 1625 3413 librum
1671 3355 1855 3413 unum.
1907 3338 2192 3413 Speculum

603 3408 1024 3485 parvulorumde
1034 3408 1274 3481 dogmate
1289 3408 1657 3485 ccciesiastico.
1678 3408 1752 3464 De
1763 3408 2094 3485 dogmatibus
2111 3425 2193 3462 cc-

598 3477 910 3538 i'lesiasticis
936 3477 1124 3536 librum
1150 3496 1334 3534 unum.
1365 3477 1759 3535 Sententiarum
1787 3479 1977 3533 librum
2009 3495 2190 3534 unum.

607 3556 665 3609 In
688 3553 1020 3608 Bibliotheca
1046 3550 1406 3606 Laurentiana
1437 3549 1690 3616 Medicea,
1711 3551 1899 3621 pluteo
1921 3550 2008 3616 i2,
2042 3565 2189 3604 num.

607 3623 699 3688 τη,
728 3634 866 3679 teste
891 3623 1322 3678 Montel'auconiu
1349 3621 1488 3674 Bibl.
1519 3621 1677 3687 Bibl.,
1707 3637 1827 3692 pag.
1862 3621 1988 3692 εἷς),
2019 3629 2197 3676 exstat

596 3704 730 3766 post
759 3693 1173 3766 Alcuini__le_\'it.e
1209 3695 1276 3766 ad
1301 3693 1554 3766 tiarolutn
1584 3691 1717 3766 imp.
1744 3691 1810 3766 de
1840 3691 2107 3766 Trinitate
2136 3691 2196 3743 li-

610 3763 737 3821 bros
765 3775 876 3821 tres
903 3785 913 3819 :
961 3763 1111 3818 Fidci
1141 3763 1412 3816 catholicav
1437 3763 1820 3832 Recapitulatio
1847 3779 1941 3832 per
1976 3763 2198 3816 interro-

604 3837 841 3905 gationes
870 3846 916 3890 et
946 3834 1226 3904 Responsa.
1268 3833 1334 3888 Et
1371 3835 1474 3905 sub
1515 3831 1599 3890 his
1629 3831 1801 3905 titulis
1828 3831 1921 3886 aut
1946 3846 2053 3886 uno
2081 3831 2200 3886 illo-

613 3903 733 3962 ium
779 3916 1024 3962 nostrum
1044 3903 1160 3960 hoc
1189 3903 1505 3974 opusculum
1547 3920 1642 3958 seu
1675 3903 1975 3974 Disputatio
2003 3918 2200 3974 puero—

609 3993 730 4032 rum
755 3993 853 4048 per
865 3973 1329 4048 interrogationes
1351 3982 1406 4028 et
1433 3975 1812 4048 responsiones
1844 3973 2010 4048 facile
2031 3974 2200 4048 latere

611 4042 811 4118 potest.
844 4047 911 4102 Et
945 4042 1192 4100 fortassis
1225 4046 1310 4099 hic
1347 4042 1610 4118 tractatus
1640 4053 1731 4118 est
1751 4045 1840 4100 ille
1878 4043 2029 4099 Liber
2063 4042 2199 4118 S_en-

607 4114 910 4181 tentiarum,
938 4130 1097 4186 quem
1129 4122 1268 4171 inter
1299 4117 1498 4186 scripta
1525 4115 1736 4172 Alcuini
1765 4124 2052 4186 recensent
2076 4114 2200 4168 Tri-

614 4189 870 4252 themius,
912 4185 1259 4251 Passerinus,
1301 4185 1632 4242 lielinandus
1665 4195 1720 4240 et
1759 4186 1869 4240 alii.
1917 4185 2013 4240 Est
2055 4185 2203 4239 enim

617 4257 776 4328 hujus
815 4266 1077 4313 tractatus
1117 4258 1304 4312 titulus
1341 4277 1350 4310 :
1394 4256 1586 4328 Incipit
1627 4256 1899 4313 Sententia
1929 4257 2100 4327 prima
2140 4255 2204 4310 de

614 4327 856 4399 operibus
884 4345 975 4384 ser
1003 4329 1226 4382 dierum.

689 4399 763 4453 Es
800 4400 914 4466 his,
956 4414 1098 4464 reor,
1137 4399 1239 4454 viri
1269 4397 1466 4454 eruditi
1501 4397 1848 4469 iudicabunt,
1885 4396 2202 4469 opusculum

616 4484 876 4540 praesens,
901 4462 947 4526 si
975 4462 1252 4526 non-certo
1279 4462 1545 4540 genuinis,
1571 4468 1748 4525 dubiis
1769 4462 1960 4524 saltem
1985 4467 2203 4540 Alcuini
2235 4462 2284 4525 υ

617 4538 871 4611 operibus
891 4540 1015 4610 jure
1053 4555 1084 4594 a
1127 4538 1300 4595 nobis
1323 4541 1598 4611 accenseri
1640 4541 1900 4611 potuisse.
1936 4540 2016 4594 Ex
2059 4538 2203 4593 illius

621 4609 776 4665 initio
800 4612 940 4666 haud
963 4614 1251 4666 obscurmn
1280 4619 1388 4674 est,
1410 4609 1946 4682 deﬁcere'prologum
1974 4618 2068 4664 aut
2090 4611 2204 4680 epi-

619 4682 816 4735 stolam
857 4682 1242 4736 dedicatoriam
1281 4681 1616 4750 autographa
1659 4683 1755 4736 abs
1789 4681 1953 4736 dubio
1992 4683 2206 4752 apposio

622 4762 752 4806 tam.
802 4753 896 4808 Est
931 4767 1058 4808 vero
1099 4761 1270 4807 totum
1312 4768 1447 4822 pene
1492 4753 2201 4822 opusculumcompilatum

621 4822 786 4905 (quod
820 4839 994 4905 genus
1031 4821 1556 4905 §Cfib0illiit1i0lliﬂ9
1594 4832 1778 4903 nostro
1809 4821 2072 4905 familiare
2101 4822 2204 4894 est)

620 4892 684 4946 ex
727 4892 876 4948 libris
904 4893 1182 4964 Originum
1216 4893 1798 4964 sctrlitymologiarum
1838 4892 2062 4964 aliisque
2098 4892 2206 4947 tra—

622 4964 858 5043 etatibus
883 4936 1266 5043 sanciatilsidoi'i
1297 4936 1814 5043 ttisﬁatei.§i1',"££.3'§

625 5035 816 5106 rimus,
845 5045 900 5088 et
925 5049 989 5089 ex
1022 5034 1127 5090 illis
1156 5050 1540 5104 nonnunquam
1565 5051 1628 5091 ea
1656 5051 1774 5106 qua:
1800 5036 1853 5090 iu
1880 5050 1981 5091 ms.
2011 5035 2205 5106 depra-

623 5112 744 5158 vata
773 5105 1010 5170 fuerant,
1040 5106 1395 5160 correximus.

1019 5195 1186 5268 419
1229 5195 1459 5254 CAPUT
1497 5196 1786 5252 PRIMUM.

628 5304 676 5342 ΙΝ
720 5302 916 5341 Νουιεηε
951 5303 1130 5342 DIVINO
1169 5303 1331 5343 TRINO
1368 5304 1565 5344 INCIPIT
1603 5305 1902 5344 SENTENTIA
1944 5302 2106 5342 PRIMA
2145 5301 2211 5342 DE

698 5373 954 5413 OI‘EBIBUS
993 5374 1088 5412 SEX
1139 5375 1340 5415 ωειιιτδι
1386 5377 1491 5415 CUI!
1537 5375 1820 5415 PUERORUM
1876 5374 2210 5415 INTERROGA-

701 5444 944 5484 TIONIBUS
989 5445 1058 5483 ΕΤ
1097 5445 1537 5487 RESPONSIOSIBIIS
1573 5448 1712 5486 ειυς.

703 5523 961 5594 lnterrog.
1007 5523 1071 5578 Et
1098 5525 1223 5594 quia
1246 5525 1480 5579 humana
1510 5524 1774 5594 fragilitas
1799 5541 1898 5582 nec
1920 5524 2100 5586 audet,
2118 5537 2216 5577 nec

630 5623 808 5687 potest
830 5615 1045 5670 aliunde
1066 5617 1350 5671 exordium
1377 5631 1592 5671 sumere
1621 5617 1867 5682 rationis,
1885 5617 1988 5670 nisi
2017 5632 2044 5669 a
2068 5615 2217 5686 priu-

705 5740 730 5768 ι
771 5714 901 5787 Vide
934 5737 1062 5786 tom.
1098 5728 1116 5787 ἰ
1143 5709 1299 5793 huius
1331 5725 1487 5796 etlitL,
1519 5729 1620 5786 col.
1651 5729 1772 5784 367i.

2349 2026 2513 2082 Inter.
2547 2026 2665 2096 Qua
2697 2024 2943 2081 ratione?
2995 2020 3146 2093 Resp.
3205 2020 3381 2077 liabet
3427 2019 3629 2092 quippe
3675 2033 3875 2084 unum;

2276 2119 2420 2190 quod
2448 2127 2531 2174 est
2559 2126 2714 2173 sexta
2741 2132 2868 2188 pars
2897 2114 3044 2184 ejus;
3084 2114 3213 2176 duo,
3231 2111 3378 2184 quod
3405 2121 3490 2166 est
3520 2112 3722 2177 tertia;
3753 2120 3877 2175 tres.

2278 2213 2421 2284 quo]
2453 2221 2539 2268 est
2568 2211 2838 2276 medium;
2873 2224 3040 2264 unum
3069 2222 3220 2280 ergo.
3252 2207 3380 2272 duo,
3418 2213 3622 2261 etr'tres
3663 2221 3763 2263 sex
3812 2203 3889 2260 fa-

2280 2309 2453 2371 ciunt,
2478 2306 2632 2374 cujus
2651 2301 2916 2374 perfectio
2950 2303 3021 2356 ita
3047 2299 3314 2371 completa
3347 2306 3452 2354 est.

2353 2396 2521 2452 Inter.
2544 2395 2810 2464 Quoniam
2837 2395 2906 2449 ab
2930 2395 3018 2449 illo
3037 2393 3307 2465 principio
3325 2391 3688 2463 incipiendam
3706 2389 3886 2461 dispu—

2283 2490 2540 2545 tationem
2585 2497 2829 2544 nostram
2874 2501 2995 2542 esse
3028 2485 3308 2548 censuisti,
3353 2483 3442 2539 dic
3483 2481 3625 2538 mihi
3671 2483 3722 2536 in
3770 2497 3881 2551 quo

2283 2581 2551 2653 principio
2585 2580 2757 2651 ipsam
2782 2579 3116 2635 creationem
3154 2576 3486 2633 condidisset
3540 2574 3884 2645 omnipotens

2286 2675 2459 2740 Deus;
2496 2675 2548 2728 in
2599 2673 2868 2745 principio
2913 2672 3195 2742 temporis,
3225 2687 3294 2727 an
3343 2671 3395 2724 in
3426 2668 3693 2742 principio
3719 2668 3888 2723 Verbi

2287 2763 2403 2830 Dei,
2428 2765 2572 2836 quod
2603 2772 2685 2818 est
2709 2764 3019 2834 unigenitus
3066 2758 3247 2818 Filius
3286 2761 3419 2816 Dei?
3471 2758 3630 2829 Resp.
3682 2757 3806 2814 Non
3838 2759 3889 2813 in

2287 2855 2555 2926 principio
2605 2856 2887 2926 temporis,
2918 2853 3014 2910 sed
3066 2853 3120 2910 in
3177 2851 3446 2922 principio
3475 2849 3636 2905 Verbi
3668 2847 3790 2913 Dei,
3828 2849 3889 2905 de

2290 2965 2397 3022 quo
2421 2957 2477 3003 et
2500 2948 2691 3003 beatus
2715 2945 2956 3003 Joannes
3000 2944 3334 3017 evangelista
3359 2943 3435 2999 ait
3474 2961 3486 2997 :
3516 2940 3584 2996 In
3633 2941 3892 3013 principio

2292 3051 2407 3094 crat
2470 3038 2720 3104 Verbum,
2758 3048 2806 3093 et
2845 3036 3070 3092 Verbum
3097 3045 3207 3091 erat
3239 3036 3380 3107 apud
3411 3033 3596 3099 Deum,
3659 3043 3710 3087 et
3755 3031 3899 3087 Deus

2295 3143 2404 3186 erat
2443 3129 2691 3197 Verbum,
2721 3131 2898 3186 omnia
2921 3147 3014 3202 per
3039 3131 3208 3204 ipsum
3236 3128 3381 3200 facta
3402 3136 3547 3192 sunt,
3572 3135 3622 3181 et
3646 3126 3762 3180 sine
3783 3127 3902 3194 ipso

2294 3226 2494 3296 factum
2519 3235 2592 3279 est
2631 3225 2761 3280 nihil
2791 3221 2976 3297 (Joan.
3016 3239 3056 3288 ι,
3091 3223 3166 3295 1).
3202 3220 3360 3278 [inde
3397 3231 3454 3276 et
3485 3223 3601 3292 ipse
3626 3217 3901 3274 Dominus

2295 3319 2349 3374 in
2375 3318 2666 3389 Evangelia
2695 3315 3163 3388 interrogantibus
3190 3332 3201 3369 ;
3233 3311 3309 3367 Tu
3345 3313 3462 3386 quis
3512 3330 3566 3366 cs
3590 3312 3616 3365 Ρ
3653 3311 3910 3380 Respon-

2297 3418 2374 3473 dit
2405 3436 2416 3470 :
2445 3416 2557 3488 Ego
2581 3416 2814 3479 initium,
2840 3415 2932 3486 qui
2963 3422 3012 3468 et
3037 3412 3223 3485 loquor
3258 3407 3598 3483 robis(Joan.
3628 3423 3747 3471 νιιι,
3779 3406 3905 3460 ϊὶὶ.

2297 3513 2354 3568 ln
2378 3515 2477 3570 hoc
2504 3528 2634 3584 ergo
2657 3509 2926 3583 principio
2972 3509 3099 3564 fecit
3152 3507 3492 3577 omnipotens
3521 3503 3666 3558 Deus
3695 3501 3910 3558 omium

2297 3616 2352 3660 et
2377 3615 2600 3669 terram,
2634 3619 2786 3660 mare
2811 3611 2866 3657 et
2887 3601 3091 3666 omnia,
3127 3614 3253 3671 qua:
3285 3599 3340 3653 in
3363 3599 3444 3652 eis
3472 3605 3615 3651 sunt.

2372 3695 2538 3751 Inter.
2570 3695 2725 3750 Nunc
2746 3693 2888 3756 volo,
2921 3700 2982 3746 ut
3012 3707 3204 3748 omnes
3246 3689 3623 3745 distinctiones
3652 3682 3912 3756 singulo-

2301 3806 2422 3850 rum
2471 3803 2697 3860 Operum
2761 3785 3200 3857 supradictorum
3252 3781 3466 3838 dierum
3521 3795 3618 3853 per
3657 3778 3917 3835 ordinem

2301 3880 2436 3936 mihi
2461 3893 2724 3948 exponas.
2761 3874 2913 3946 Resp.
2941 3873 3129 3930 Primo
3173 3874 3261 3930 die
3305 3873 3396 3928 lux
3429 3887 3494 3926 ex
3547 3870 3719 3927 nihilo
3764 3869 3915 3926 facta

2301 3980 2414 4035 est;
2451 3967 2511 4024 2°
2537 3967 2944 4023 ﬁrmamentum
2970 3966 3023 4020 in
3046 3964 3229 4021 medio
3277 3977 3576 4034 aquarum;
3608 3957 3666 4015 3'
3699 3959 3914 4031 species

2303 4061 2470 4116 maris
2501 4068 2554 4114 et
2586 4066 2745 4113 terra:
2778 4072 2899 4113 cum
2927 4056 3030 4118 bis,
3057 4069 3179 4126 qua:
3212 4063 3373 4110 terra:
3426 4053 3694 4110 radicitus
3737 4051 3910 4106 inhae-

2306 4161 2456 4218 rent;
2483 4151 2540 4205 4°
2564 4148 2857 4204 luminaria
2891 4146 3014 4204 cmli
3042 4147 3108 4203 de
3142 4144 3364 4211 lumine,
3391 4144 3570 4217 primo
3603 4143 3692 4199 die
3734 4141 3904 4199 facto:

2305 4245 2362 4299 5ο
2397 4244 2598 4299 natalia
2627 4252 2683 4299 et
2711 4241 2950 4298 volatilia
2984 4240 3052 4297 de
3081 4242 3268 4311 aquis;
3306 4239 3364 4294 6°
3395 4253 3530 4295 vero
3556 4237 3765 4310 reliqua
3787 4235 3901 4290 ani-

2305 4335 2466 4392 malia
2491 4335 2558 4390 de
2591 4345 2768 4402 terra;
2795 4342 2852 4391 et
2876 4333 3041 4389 homo
3064 4345 3230 4388 carne
3250 4330 3472 4403 quidem
3497 4331 3564 4386 de
3593 4339 3763 4394 terra,
3790 4327 3904 4382 ani-

2310 4441 2397 4481 ma
2423 4411 2605 4481 autem
2640 4425 2708 4480 de
2735 4423 2908 4480 nihilo
2927 4431 3164 4489 constat,
3197 4423 3265 4479 de
3286 4437 3415 4494 quo,
3465 4437 3590 4478 cum
3645 4417 3911 4476 creandus

2309 4527 2472 4583 esset,
2503 4517 2648 4572 Deus
2679 4517 2755 4571 ait
2781 4534 2794 4572 :
2828 4513 3120 4570 Faciamus
3139 4514 3400 4570 hominem
3431 4513 3500 4567 ad
3535 4513 3816 4583 imaginem
3867 4517 3913 4563 ct

2309 4611 2708 4666 simi!itudincm
2739 4618 2978 4665 nostram
3008 4606 3160 4683 (Gen.
3187 4623 3226 4673 l,
3254 4605 3370 4680 26).

2953 4720 3184 4778 CAPUT
3219 4720 3281 4776 Π.

2811 4809 2877 4848 DE
2914 4808 3134 4849 ΝΑτωιλ
3159 4808 3400 4850 HOIINIS.

2384 4884 2549 4939 Inter.
2588 4883 2857 4952 Quoniam
2883 4895 3101 4939 creator
3146 4885 3391 4940 omnium
3436 4883 3502 4938 ad
3535 4883 3830 4954 imaginem
3865 4891 3918 4936 et

2315 4975 2722 5030 similitudinem
2772 4991 2925 5032 suam
2974 4975 3248 5031 hominem
3283 4989 3475 5030 creare
3524 4974 3776 5042 dignatus
3808 4982 3918 5038 est,

2318 5067 2654 5138 inquiramus
2676 5067 2986 5138 diligenter,
3013 5067 3286 5137 quomodo
3309 5078 3403 5121 aut
3424 5067 3657 5136 qualiter
3681 5066 3750 5119 ad
3781 5066 3919 5119 ima-

2319 5160 2496 5231 ginem
2527 5160 2644 5230 ejus
2660 5161 2822 5216 bomo
2855 5167 3071 5215 creatus
3095 5173 3218 5215 esse
3253 5159 3506 5214 dicatur?
3539 5156 3693 5228 Resp.
3728 5154 3922 5211 Facia-

2321 5268 2442 5308 mus
2469 5260 2529 5308 ut
2571 5253 2729 5319 dicis,
2772 5267 2840 5308 eo
2871 5253 3018 5323 quod
3067 5267 3292 5309 necesse
3327 5261 3412 5308 est
3459 5251 3616 5306 nobis
3655 5250 3820 5315 scire,
3869 5249 3919 5303 in

2320 5355 2582 5416 quantum
2616 5345 2685 5400 ab
2714 5360 2780 5400 eo
2814 5345 3154 5410 conceditur,
3208 5342 3442 5415 qualiter
3487 5342 3559 5397 ab
3603 5343 3722 5413 ipso
3750 5343 3920 5396 creati

2321 5453 2528 5501 smnus,
2563 5447 2622 5492 ut
2653 5436 2770 5508 ejus
2795 5435 3226 5491 misericordiam
3271 5435 3445 5504 magis
3479 5431 3705 5488 laudare
3746 5430 3918 5485 valea-

2324 5542 2466 5592 mus,
2492 5527 2639 5596 quia,
2666 5535 2726 5580 ut
2757 5526 2832 5580 ita
2857 5525 3056 5591 dicam,
3096 5525 3140 5580 si
3164 5524 3346 5580 omnia
3388 5522 3630 5578 membra
3658 5530 3843 5576 nostra
3871 5519 3920 5572 in

2325 5619 2534 5691 linguas
2556 5621 2797 5676 converti
2823 5620 3147 5691 potuissvnl,
3174 5618 3483 5674 nullatenus
3510 5631 3609 5687 pro
3635 5614 3748 5671 sola
3771 5626 3906 5670 ore:
