4090 6552
312 388 445 444 ΗΜ

1228 387 1375 442 OPP.
1418 389 1644 444 Dl'BlA.
1698 419 1745 428 —
1785 385 2194 442 illSPUTATIO
2232 383 2638 465 PUERORUM.

3429 373 3572 430 “0‘2

311 504 479 570 tione,
509 518 614 573 qua
644 517 742 558 nos
772 518 960 559 creare
989 503 1236 573 tilgttttitts
1274 513 1377 567 est,
1406 502 1593 570 dignas
1622 504 1668 555 ei
1706 502 1892 556 laudes
1924 505 1968 564 Α
1997 500 2410 567 beatitudinem,
2460 500 2578 556 sine
2606 498 2728 555 aliis
2756 497 2965 554 duobus
3015 497 3283 567 integrum
3336 500 3571 552 constat.

311 596 519 655 referre
548 596 925 654 valuissemus.

382 687 552 745 Inter.
578 687 871 746 Consentio
890 703 988 761 per
1010 688 1211 753 omnia,
1236 695 1297 743 ut
1331 687 1488 751 dicis,
1520 687 1615 743 sed
1640 694 1766 757 peto
1798 684 1902 740 iut—

312 777 533 846 utiliter,
559 787 620 834 ut
646 777 915 849 quomodo
936 776 1021 834 vel
1067 776 1299 848 qualiter
1347 776 1417 832 ab
1460 792 1527 832 eo
1565 777 1733 832 creati
1780 788 1901 830 esse.

314 868 599 935 fateamur,
626 875 888 940 quantum
913 883 980 924 es
1024 876 1078 923 te
1125 878 1227 933 est,
1256 868 1386 924 mihi
1422 867 1663 924 indicare
1692 882 1796 922 non
1825 883 1904 922 rc-

314 974 471 1017 nuas.
508 958 664 1030 Resp.
703 958 1014 1015 Secundum
1054 960 1198 1028 quod
1241 957 1367 1029 legi,
1408 958 1605 1016 faciam
1637 958 1779 1027 quod
1805 972 1899 1028 pc-

314 1052 448 1109 tisti.
482 1064 510 1095 ι
541 1051 715 1111 Tanta
761 1051 999 1124 dignitas
1044 1052 1292 1111 humano:
1314 1051 1642 1109 conditionis
1671 1065 1792 1129 esse
1811 1066 1903 1106 co-

312 1144 613 1215 gnoscitur,
656 1152 716 1199 ut
765 1159 873 1200 non
899 1141 1016 1199 solo
1038 1141 1280 1212 iubentis
1318 1158 1590 1207 sermone,
1634 1144 1775 1198 sicut
1797 1141 1901 1197 alia

315 1249 413 1293 sex
434 1236 644 1294 dierum
698 1250 888 1309 opera,
921 1244 1017 1295 sed
1049 1235 1277 1293 consilio
1301 1247 1505 1296 sancite
1537 1234 1816 1292 Trinitatis
1850 1241 1904 1289 et

312 1342 480 1400 opere
525 1327 721 1386 divine
766 1327 1065 1401 Maiestatis
1108 1335 1326 1385 creatus
1367 1338 1455 1386 est
1504 1328 1686 1394 homo,
1712 1328 1766 1382 in
1794 1340 1904 1399 quo

314 1422 393 1479 ait
424 1439 437 1476 :
470 1419 758 1480 Faciamus
789 1421 1055 1477 hominem
1089 1419 1161 1475 ad
1194 1420 1475 1489 imaginem
1509 1430 1560 1475 et
1606 1418 1908 1473 similitudi-

317 1530 433 1570 nem
460 1520 691 1570 nostram
715 1510 868 1584 (Cen.
901 1530 943 1579 ι,
964 1513 1080 1584 26),
1109 1512 1255 1583 quod
1281 1510 1405 1566 ideo
1422 1512 1474 1567 ei
1501 1511 1749 1581 pmtitit
1774 1526 1904 1567 con—

316 1604 479 1670 ditor,
503 1613 563 1659 ut
583 1613 736 1660 tanto
756 1605 1037 1660 ardentius
1065 1619 1189 1659 eum
1235 1610 1463 1669 amaret,
1491 1612 1697 1675 quanto
1718 1618 1777 1658 se
1798 1602 1900 1657 mi-

2072 593 2239 649 Inter.
2279 594 2469 650 Adhuc
2493 592 2561 649 de
2585 592 2774 649 eadem
2805 605 2866 646 re
2894 605 2928 646 a
2978 599 3031 646 te
3072 588 3261 644 audire
3302 585 3574 644 desidero.

2001 684 2152 757 Resp.
2170 684 2238 741 Et
2256 698 2357 758 ego
2382 684 2477 740 tibi
2497 693 2658 755 prout
2683 685 2817 748 scio,
2835 683 3010 739 adhuc
3034 681 3229 737 dicam.
3255 677 3413 735 Sicut
3429 678 3576 735 enim

2001 773 2142 831 Deus
2174 773 2354 842 Pater,
2384 774 2528 832 Deus
2561 775 2750 842 Filius,
2776 775 2918 831 Deus
2949 773 3181 845 Spiritus
3216 781 3435 828 sanctus
3472 778 3577 835 est,

2000 882 2108 923 non
2131 876 2311 924 tamen
2338 876 2450 923 tres
2478 868 2550 923 dii
2572 876 2717 934 sunt,
2749 868 2841 925 sed
2870 882 3012 922 unus
3062 865 3202 920 Deus
3244 874 3356 929 tres
3374 863 3583 920 habent

2002 973 2292 1029 personas;
2322 960 2396 1017 ita
2420 964 2595 1017 anima
2620 961 2943 1025 intellectus,
2968 961 3144 1014 anima
3171 959 3442 1024 voluntas,
3467 956 3586 1013 ani-

2002 1067 2089 1106 ma
2123 1053 2401 1119 memoria,
2431 1069 2536 1109 non
2567 1063 2750 1111 tamen
2773 1062 2885 1110 tres
2907 1055 3100 1109 animm
3120 1053 3175 1107 in
3200 1067 3309 1106 uno
3331 1065 3579 1122 corpore,

2002 1144 2096 1200 sed
2120 1157 2225 1199 una
2251 1145 2433 1200 anima
2478 1152 2590 1201 tres
2635 1145 2839 1201 habens
2871 1144 3174 1215 dignitates,
3226 1144 3467 1215 atquein
3494 1142 3584 1198 his

2004 1234 2175 1290 tribus
2204 1234 2322 1305 ejus
2344 1236 2629 1308 imaginem
2659 1235 2979 1292 mirabiliter
3004 1234 3144 1306 gerit
3164 1236 3217 1291 in
3246 1248 3342 1291 sua
3387 1243 3582 1290 natura

2004 1336 2189 1384 noster
2214 1328 2443 1385 interior
2469 1330 2665 1394 homo;
2703 1344 2771 1384 ex
2799 1328 2997 1400 quibus
3045 1328 3198 1399 quasi
3239 1324 3587 1385 excellentio-

2006 1421 2153 1478 ribus
2199 1426 2393 1481 animat
2418 1423 2766 1498 dignitatibus
2807 1422 3061 1494 jubemur
3097 1422 3320 1494 diligere
3344 1421 3589 1477 condito-

2006 1530 2146 1581 rem,
2168 1524 2229 1570 ut
2247 1522 2507 1585 quantum
2537 1513 2884 1586 intelligatur,
2937 1514 3206 1585 diligatur,
3238 1520 3295 1569 et
3324 1521 3587 1583 quantum

2003 1606 2258 1678 diligatur
2305 1621 2519 1678 semper
2569 1606 2625 1662 in
2669 1607 2928 1663 memoria
2958 1605 3246 1671 habeatur;
3295 1620 3394 1662 nec
3441 1604 3589 1661 solus

319 1695 543 1752 rabiiius
569 1695 637 1751 ab
660 1712 727 1751 eo
751 1711 873 1751 esse
898 1697 1176 1752 conditum
1227 1695 1553 1766 intelligeret
1586 1715 1602 1750 :
1631 1706 1687 1750 et
1712 1712 1779 1750 ne
1802 1695 1903 1751 hoc
2006 1695 2203 1751 sullieit
2229 1696 2294 1751 de
2321 1710 2389 1751 eo
2421 1694 2745 1762 intellectus,
2796 1694 2902 1751 nisi
2940 1694 3030 1749 ﬁat
3056 1694 3111 1750 in
3140 1707 3323 1751 amore
3346 1691 3465 1764 ejus
3490 1707 3589 1749 vo-

317 1788 492 1846 solum
532 1789 583 1846 ei
619 1789 907 1853 concessit,
941 1789 1085 1861 quod
1114 1789 1340 1845 consilio
1363 1797 1567 1845 sancta:
1618 1788 1904 1845 Trinitatis
2008 1790 2216 1856 lunias;
2246 1804 2349 1845 nec
2375 1788 2536 1845 etiam
2571 1790 2685 1844 lucc
2706 1788 2812 1843 duo
2838 1784 3125 1852 sulliciuut,
3174 1786 3279 1842 nisi
3328 1785 3589 1843 memoris

317 1885 397 1941 sic
417 1900 542 1942 eum
571 1883 834 1951 condidit,
871 1884 966 1938 sed
989 1884 1154 1939 etiam
1196 1882 1339 1954 quod
1390 1883 1458 1937 ad
1518 1882 1807 1953 imaginem
1852 1892 1906 1937 et
1939 1861 1983 1922 Β
2011 1883 2262 1948 addatur,
2292 1897 2398 1953 qua
2422 1896 2639 1952 semper
2661 1880 2714 1935 in
2741 1889 2922 1937 mente
2970 1880 3315 1953 intelligentia
3357 1888 3413 1936 et
3463 1878 3590 1936 diii-

317 1973 723 2033 simiiitudinem
773 1989 927 2028 suam
978 1988 1104 2028 eum
1146 1972 1372 2037 creavit,
1428 1974 1572 2043 quod
1622 1971 1753 2028 nulli
1802 1972 1909 2028 alio

318 2066 493 2141 μεθ..
530 2066 644 2139 alii]
678 2082 743 2123 ex
775 2067 1044 2123 creaturis
1076 2066 1315 2121 donavit.

388 2156 557 2214 Inter.
583 2158 783 2215 Verum
806 2164 906 2223 est,
941 2165 1001 2212 ut
1026 2158 1248 2223 asscris,
1272 2159 1366 2214 sed
1387 2157 1657 2229 quomodo
1677 2158 1745 2214 ad
1769 2159 1908 2214 ima-

314 2249 496 2321 ginem
523 2265 674 2306 suam
704 2265 830 2307 cum
861 2259 1123 2315 creasset,
1149 2258 1208 2305 ut
1234 2251 1367 2306 mihi
1394 2253 1627 2322 aperias,
1654 2252 1902 2309 obsecro.

317 2338 472 2411 Resp.
503 2338 687 2396 Primo
714 2341 931 2415 quidem
966 2342 1033 2395 ad
1058 2342 1351 2414 imaginem
1381 2357 1537 2398 suam
1580 2357 1703 2398 eum
1746 2357 1905 2399 crea-

316 2430 416 2499 vit,
464 2432 609 2503 quod
640 2432 693 2487 in
725 2432 1005 2488 nobilitate
1051 2432 1331 2491 interioris
1380 2433 1613 2490 hominis
1661 2434 1907 2491 conside-

318 2538 444 2580 rare
472 2522 752 2589 debemus,
785 2533 845 2580 ut
895 2525 1055 2582 sicuti
1107 2524 1248 2581 Deus
1277 2541 1419 2581 unus
1462 2540 1678 2597 semper
1708 2527 1908 2598 ubique

316 2624 462 2671 totus
473 2625 581 2683 est,
596 2616 773 2672 omnia
786 2616 1087 2683 viviﬁcaris,
1103 2633 1344 2683 movens,
1359 2626 1415 2673 et
1426 2619 1753 2688 gubernans,
1769 2619 1909 2675 sicut

315 2708 604 2783 Apostolus
629 2709 939 2780 conﬁrmat,
956 2712 1098 2778 QIIOd
1127 2712 1181 2767 in
1202 2728 1262 2767 eo
1286 2711 1524 2777 risimus,
1553 2728 1840 2778 moventur,
1859 2722 1908 2767 et

315 2815 501 2856 sums
525 2798 665 2872 (Act.
700 2816 835 2865 xvu,
859 2800 973 2873 28),
1003 2802 1084 2857 sic
1114 2802 1293 2858 anima
1322 2802 1378 2857 in
1402 2818 1501 2859 suo
1533 2818 1763 2873 corpore
1786 2804 1919 2861 ubi-v

309 2907 424 2963 que
444 2900 559 2950 tota
578 2893 739 2967 viget,
764 2892 1045 2950 viviticans
1069 2908 1217 2961 eum,
1244 2908 1468 2953 movens
1501 2904 1557 2952 et
1575 2896 1903 2969 gubernans.

390 2983 558 3040 Inter.
590 2984 684 3041 Dic
716 2984 870 3050 mihi,
900 2984 945 3040 si
970 2986 1157 3042 eadem
1179 2987 1380 3053 anima,
1404 3002 1565 3058 quam
1593 2987 1908 3043 interiorem

316 3074 595 3130 hominem
620 3090 741 3131 esse
762 3075 966 3141 dixisti,
991 3077 1045 3131 in
1071 3076 1396 3146 quibusdam
1422 3076 1718 3147 majoribus
1740 3094 1911 3135 mem-

319 3165 435 3221 bris
455 3170 699 3239 corporis
725 3168 810 3222 sui
827 3168 898 3222 sit
920 3166 1110 3237 major,
1134 3176 1191 3223 et
1212 3169 1266 3224 in
1293 3169 1597 3227 minoribus
1624 3170 1789 3244 420
1808 3172 1910 3226 mi-

319 3259 458 3314 nor?
491 3258 597 3314 Aut
623 3260 787 3314 etiam
810 3259 855 3315 si
886 3259 1213 3330 singularem
1266 3260 1444 3317 locum
1479 3260 1533 3317 in
1558 3262 1749 3318 eodem
1781 3276 1905 3319 cor-

319 3365 454 3421 pore
498 3360 700 3418 teneat,
750 3367 818 3407 an
852 3352 995 3407 non?
1036 3349 1189 3423 Resp.
1221 3350 1334 3411 Nec
1357 3353 1535 3409 locum
1570 3351 1643 3409 ibi
1667 3353 1907 3425 singula—

318 3459 437 3502 rem
465 3444 694 3509 obtinet,
726 3460 827 3499 nec
859 3443 915 3499 in
945 3444 1241 3516 majoribus
1268 3444 1527 3503 membris
1550 3444 1744 3516 major,
1773 3454 1832 3502 et
1858 3448 1910 3504 in

317 3537 624 3595 minoribus
655 3535 852 3603 minor,
882 3535 977 3592 sed
1005 3536 1058 3592 in
1089 3536 1327 3593 minimis
1357 3545 1466 3593 tota
1496 3547 1553 3594 et
1579 3537 1633 3595 in
1659 3538 1914 3594 maximis

317 3636 433 3685 tota
460 3646 474 3685 :
500 3637 557 3685 et
601 3628 715 3685 inec
753 3638 841 3684 cst
885 3629 1063 3700 imago
1112 3630 1338 3685 unitatis
1375 3630 1764 3703 omnipotentis
1791 3631 1909 3699 Dei,

318 3736 485 3791 quam
507 3720 691 3776 anima
717 3719 880 3775 habet
906 3721 959 3776 in
988 3736 1067 3777 se.

395 3836 560 3893 Inter.
572 3837 757 3894 Potest
778 3838 968 3893 eadem
988 3839 1167 3896 anima
1186 3840 1423 3912 aliquam
1446 3836 1738 3897 Trinitatis
1749 3841 1915 3898 habe-

318 3944 383 3984 re
397 3929 707 4000 imaginem,
724 3944 796 3985 an
809 3930 953 3986 non?
973 3928 1127 4003 Resp.
1158 3931 1355 4003 Utique
1370 3940 1567 4005 potest.
1585 3931 1750 3989 Inter.
1770 3931 1917 4001 Quo-

322 4019 513 4076 modo?
527 4019 680 4090 Iiesp.
693 4018 877 4075 Primo
888 4020 1036 4075 enim
1051 4020 1194 4078 sicut
1206 4020 1351 4079 Deus
1364 4031 1470 4090 est,
1500 4022 1654 4091 vivit,
1679 4032 1735 4078 et
1753 4024 1915 4095 sapit,

318 4114 399 4169 ita
424 4112 604 4168 anima
632 4112 931 4168 secundum
958 4128 1117 4170 suum
1148 4114 1369 4172 modum
1385 4121 1489 4183 est,
1514 4115 1651 4173 vivit
1665 4123 1725 4172 et
1749 4113 1911 4187 sapit.

398 4202 561 4260 Inter.
587 4201 774 4261 Potest
799 4202 855 4259 in
876 4204 979 4260 hoc
1005 4204 1166 4262 aliam
1192 4206 1395 4263 habere
1426 4207 1729 4265 rationem?
1758 4206 1912 4278 Resp.

326 4296 530 4353 Potest.
564 4293 731 4351 Inter.
760 4295 1079 4364 Quomodo?
1114 4295 1272 4369 Resp.
1316 4298 1415 4354 Est
1439 4299 1586 4355 enim
1622 4297 1727 4354 alia
1759 4298 1918 4356 trini-

325 4401 411 4448 tas
441 4393 494 4450 in
522 4407 609 4460 ea,
640 4407 747 4463 qua
788 4390 855 4447 ad
885 4390 1173 4463 imaginem
1204 4390 1287 4446 sui
1314 4390 1631 4455 conditoris,
1661 4389 1918 4461 perfectae

319 4486 543 4557 quidem
584 4496 638 4542 et
666 4499 891 4543 summa:
934 4485 1235 4554 Trinitatis,
1271 4500 1393 4557 qute
1435 4494 1520 4542 est
1571 4485 1625 4541 in
1671 4484 1836 4542 Patre
1862 4495 1918 4541 et

2007 1978 2182 2049 gentis
2212 1983 2430 2031 maneat
2452 1975 2623 2041 Deus;
2646 1982 2703 2030 ct
2732 1975 2871 2029 sinit
2898 1974 3105 2030 nullum
3134 1981 3313 2045 potest
3333 1987 3453 2029 esse
3476 1987 3594 2029 mo-

2009 2078 2271 2134 mentum,
2301 2082 2407 2139 quo
2429 2068 2591 2123 homo
2609 2081 2716 2123 non
2745 2074 2928 2122 utatur
2953 2067 3034 2123 vel
3075 2065 3288 2122 fruatur
3316 2065 3412 2123 Dei
3434 2066 3595 2123 boni-

2007 2168 2119 2215 tate
2142 2170 2195 2214 ct
2218 2158 2605 2225 misericordia,
2634 2159 2707 2214 ita
2729 2158 2934 2216 nullum
2958 2160 3154 2217 debeat
3192 2172 3313 2215 esse
3349 2175 3594 2217 momen-

2008 2258 2143 2314 tum,
2169 2266 2278 2322 quo
2302 2259 2623 2322 praesentem
2645 2264 2768 2307 cum
2793 2267 2897 2307 non
2924 2251 3123 2308 habeat
3145 2252 3426 2311 memoria.

2076 2340 2245 2396 Inter.
2285 2339 2411 2398 llaec
2442 2342 2508 2397 de
2554 2342 2792 2414 imagine
2839 2343 2945 2400 hac
2974 2344 3089 2399 vice
3119 2343 3252 2399 mihi
3284 2342 3590 2413 subiciunt;

2007 2434 2100 2490 sed
2123 2433 2357 2506 qualiter
2379 2434 2447 2491 ad
2471 2434 2877 2491 similitudinem
2919 2434 3013 2492 Dei
3039 2436 3207 2493 creati
3236 2451 3423 2492 sumus
3442 2436 3597 2493 inno-

2010 2535 2173 2581 tesce.
2228 2523 2384 2596 Resp.
2435 2523 2494 2581 in
2541 2533 2802 2596 quantum
2844 2525 2963 2596 ipso
3010 2525 3290 2585 conditore
3334 2526 3598 2599 largiente

2009 2613 2180 2681 valeo,
2202 2614 2418 2670 faciam.
2452 2613 2606 2671 Sicut
2626 2616 2770 2671 enim
2796 2614 2937 2671 Deus
2984 2624 3219 2684 creator,
3261 2617 3359 2689 qui
3403 2631 3505 2676 nos
3525 2617 3598 2677 ad

2009 2704 2416 2761 similitudinem
2446 2718 2600 2760 suam
2630 2705 2854 2771 creavit,
2881 2707 3245 2773 estcharitas,
3273 2715 3357 2765 est
3398 2708 3595 2778 bonus,

2002 2794 2186 2866 justus
2211 2803 2266 2853 et
2289 2797 2525 2868 patiens,
2550 2797 2699 2856 mitis
2724 2806 2778 2854 et
2801 2799 3054 2867 mundus,
3074 2810 3239 2872 atque
3259 2800 3593 2870 misericors,

2009 2894 2064 2942 et
2083 2899 2282 2944 ctetera
2306 2889 2569 2948 virtutum
2589 2900 2900 2948 sanctarum
2924 2891 3175 2963 insignia,
3198 2908 3320 2965 qua
3345 2895 3411 2951 de
3429 2911 3499 2952 eo
3526 2896 3601 2952 ie-

2010 2992 2243 3055 guntnr;
2277 2983 2351 3040 ita
2373 2983 2534 3040 homo
2556 2992 2772 3042 creatus
2790 2992 2895 3053 est,
2920 2992 2979 3041 ut
3007 2985 3327 3044 chat-itatem
3349 2988 3597 3055 haberet,

2010 3084 2072 3131 ut
2098 3076 2273 3133 bonus
2291 3085 2439 3133 esset
2464 3084 2519 3132 et
2538 3076 2738 3150 justus,
2757 3086 2816 3134 ut
2839 3078 3048 3150 patiens
3072 3088 3234 3151 atque
3252 3081 3416 3147 mitis,
3442 3096 3599 3137 mun-

2012 3169 2113 3224 dus
2142 3177 2199 3225 et
2228 3169 2541 3226 misericors
2572 3170 2746 3235 foret;
2772 3186 2912 3241 quas
2940 3171 3023 3227 vir
3049 3180 3167 3227 utes
3186 3181 3386 3245 quanto
3404 3173 3524 3246 plus
3543 3175 3599 3231 in

2016 3262 2172 3318 nobis
2197 3263 2482 3330 habemus,
2511 3270 2660 3320 tanto
2704 3264 2927 3336 propius
2951 3279 3137 3321 sumus
3177 3265 3306 3331 Deo.
3338 3275 3395 3323 et
3425 3265 3599 3338 majo-

2015 3371 2130 3411 rem
2150 3356 2323 3412 nostri
2353 3356 2654 3414 conditoris
2674 3358 2913 3428 gerimus
2940 3357 3366 3414 similitudinem.

2086 3441 2255 3497 Inter.
2294 3442 2353 3499 Si
2382 3453 2585 3511 autem,
2628 3444 2773 3517 quod
2820 3444 2983 3512 absit,
3016 3454 3261 3501 nostrum
3285 3445 3480 3517 aliquis
3504 3460 3604 3520 per

2014 3534 2172 3591 devia
2202 3537 2481 3604 vitiorum,
2500 3542 2560 3592 et
2585 3535 2817 3592 divortia
2840 3537 3131 3593 criminum
3162 3537 3230 3592 ab
3255 3537 3359 3595 hac
3383 3539 3606 3596 nobilis.

2012 3628 2151 3685 sima
2197 3628 2279 3685 sui
2328 3627 2628 3685 conditoris
2682 3628 3036 3685 similitudine
3075 3628 3315 3702 degener
3356 3631 3601 3699 oberrat,

2015 3720 2146 3791 quid
2175 3721 2225 3777 ei
2255 3719 2498 3778 futurum
2547 3736 2669 3777 esse
2697 3722 2937 3779 asset-ts?
2980 3719 3136 3794 Resp.
3190 3719 3367 3789 Absit,
3402 3730 3462 3778 ut
3498 3724 3604 3780 hoc

2017 3811 2141 3866 ﬁat!
2181 3810 2316 3866 Nam
2338 3812 2387 3866 si
2405 3810 2633 3868 forsitan
2656 3812 2923 3879 evenerit,
2948 3813 3076 3885 quid
3099 3812 3267 3881 aliud,
3292 3813 3479 3870 nisiut
3504 3813 3606 3870 im-

2017 3903 2229 3975 pleatur
2256 3904 2311 3960 in
2338 3905 2516 3971 nobis,
2551 3906 2696 3976 quod
2722 3905 2988 3978 scriptum
3029 3914 3116 3961 est
3146 3924 3158 3961 :
3186 3902 3378 3972 IIomo,
3402 3922 3521 3960 cum
3545 3907 3601 3963 in
3665 3966 3668 3969 λ

2018 3998 2215 4052 honore
2239 4009 2393 4064 esset,
2415 4013 2520 4052 non
2548 3996 2830 4062 intellexit,
2874 4007 3209 4071 comparatus
3246 4009 3325 4053 est
3344 3998 3604 4069 jumeutis

2017 4090 2404 4163 insipientibus,
2434 4099 2484 4145 et
2533 4085 2719 4148 sitnilis
2747 4088 2922 4161 [actus
2949 4099 3026 4145 est
3058 4089 3164 4146 illis
3186 4088 3362 4163 (Psal.
3411 4104 3601 4156 xu'tn,

2020 4184 2130 4257 i5).
2150 4183 2282 4252 Quae
2301 4182 2474 4258 [Leg.,
2501 4182 2645 4258 quis]
2665 4183 2840 4255 major
2853 4183 3027 4240 honor
3049 4184 3223 4255 potuit
3236 4182 3438 4240 homini
3461 4198 3602 4250 esse,

2006 4290 2183 4345 quam
2211 4283 2271 4332 ut
2290 4274 2359 4332 ad
2383 4274 2794 4331 similitudinem
2819 4274 2906 4332 sui
2934 4272 3157 4330 factoris
3181 4274 3522 4336 conderetur.
3550 4285 3606 4330 et

2017 4369 2221 4424 eisdem
2270 4366 2531 4423 virtutum
2574 4365 2913 4422 vestimentis
2960 4374 3269 4433 ornaretur,
3314 4365 3509 4437 quibus
3551 4376 3607 4423 ct

2016 4460 2292 4525 conditor,
2318 4459 2384 4515 de
2425 4473 2532 4529 quo
2560 4457 2757 4532 legitur
2791 4478 2803 4513 :
2838 4458 3096 4514 Dominus
3138 4461 3394 4531 regnavit,
3419 4460 3607 4516 decore

328 4549 464 4634 Pilio
486 4585 541 4633 et
580 4574 783 4649 Spiritu
834 4586 1041 4643 sancto,
1089 4549 1327 4644 conditi,
1352 4594 1472 4649 quae
1494 4578 1625 4634 licet
1652 4578 1813 4633 unius
1845 4580 1915 4634 sit
1944 4587 1996 4651 υ
2019 4555 2235 4651 ίηᾷηηξε
2268 4561 2344 4609 ⁸⁸⁸
2373 4549 2546 4651 (pm!)
2581 4568 2713 4651 mf"
2737 4551 2813 4651 4);
2841 4550 2893 4651 if!
2926 4560 3030 4651 θῗίν
3076 4554 3318 4609 omnium
3346 4554 3605 4651 “'1‘me

328 4676 556 4734 naturae,
590 4677 700 4723 tres
731 4676 916 4723 tamen
942 4667 996 4723 in
1021 4683 1080 4723 se
1101 4668 1391 4739 dignitates
1414 4669 1599 4726 habet.

398 4757 564 4813 Inter.
596 4755 727 4824 Quae
748 4766 874 4813 sunt
897 4758 1013 4813 hae?
1038 4755 1192 4831 Resp.
1226 4760 1281 4816 ld
1308 4766 1411 4826 est,
1440 4758 1793 4827 intellectum,
1820 4777 1917 4818 vo-

326 4849 586 4904 lnntatem
608 4855 665 4904 et
694 4848 1032 4904 memoriam.
1060 4847 1214 4905 Unde
1235 4858 1289 4905 et
1312 4849 1571 4906 Dominus
1598 4850 1653 4906 in
1672 4850 1919 4922 Evange-

329 4939 401 4999 lio
433 4956 445 4994 :
480 4937 676 5009 Diliges
700 4936 983 4994 Dominum
1007 4938 1177 4995 Deum
1202 4949 1350 4995 tuum
1391 4956 1455 4996 ea:
1489 4951 1597 4996 toto
1620 4943 1777 4997 corde
1802 4952 1912 5006 tuo,

324 5037 378 5087 et
396 5045 462 5085 ea:
488 5038 598 5085 tota
623 5029 803 5085 anima
835 5038 954 5095 tua,
981 5039 1031 5083 et
1069 5046 1133 5085 ea:
1159 5039 1271 5086 tota
1296 5041 1464 5089 mente
1492 5043 1605 5099 tua,
1632 5032 1684 5088 id
1708 5040 1811 5099 est,
1847 5048 1917 5089 ex

328 5127 441 5175 toto
462 5120 755 5187 intellectu,
774 5129 827 5175 et
841 5136 906 5175 ex
921 5130 1033 5177 tota
1047 5123 1340 5188 voluntate,
1360 5131 1492 5180 otex
1509 5132 1617 5181 tota
1632 5125 1913 5181 memoria.

400 5209 568 5266 Inter.
616 5208 733 5279 Qua
791 5212 1004 5268 ratione
1028 5213 1145 5269 haec
1188 5213 1291 5269 sibi
1335 5213 1702 5271 conveniunt?
1756 5214 1910 5287 Resp.

327 5303 466 5372 Quia
493 5304 637 5361 sicut
662 5319 729 5360 ex
752 5303 913 5361 Patre
933 5314 1227 5378 generatur
1251 5306 1442 5374 Filius,
1466 5321 1535 5364 ex
1559 5306 1722 5365 Patre
1747 5306 1915 5364 Filio-

328 5414 434 5469 que
454 5398 699 5470 procedit
723 5398 962 5471 Spiritus
983 5410 1237 5467 ssnctus;
1267 5401 1340 5458 ita
1366 5416 1435 5457 ex
1459 5400 1737 5458 intellectu
1758 5416 1919 5473 gene-

331 5499 483 5547 ratur
512 5492 778 5556 voluntas,
811 5501 864 5547 οι
890 5509 955 5547 ex
983 5493 1067 5548 bis
1095 5495 1223 5548 item
1249 5493 1513 5550 ambobus
1533 5492 1780 5565 procedit
1803 5508 1918 5549 me-

2019 4644 2327 4717 splendore,
2356 4652 2410 4702 et
2438 4644 2602 4701 totius
2646 4644 2906 4701 bonitatis
2946 4644 3142 4702 decore
3185 4654 3427 4701 ornatus.
3464 4645 3533 4703 Et
3572 4661 3609 4706 ο

2018 4750 2207 4797 contra
2231 4739 2376 4812 quod
2398 4737 2573 4809 majus
2590 4739 2640 4794 ei
2666 4746 2845 4810 potest
2870 4753 2993 4795 esse
3021 4736 3273 4803 dedecus,
3305 4747 3398 4795 aut
3425 4738 3604 4795 infeli-

2020 4839 2136 4893 cior
2164 4839 2405 4903 miseria,
2436 4851 2598 4907 quam
2638 4845 2700 4890 ut
2747 4835 2851 4890 hac
2895 4833 3263 4891 similitudinis
3305 4832 3471 4904 gloria
3522 4832 3603 4888 sui

2021 4934 2316 4990 conditoris
2357 4933 2577 4998 amissa,
2611 4931 2678 4986 ad
2715 4930 3001 4986 informem
3052 4937 3106 4984 et
3156 4926 3604 4996 irrationabilium

2020 5028 2301 5084 brutdrum
2319 5026 2688 5098 jnmentorum
2710 5023 2992 5079 delabatur
3011 5020 3440 5078 similitudinem.
3465 5019 3604 5089 Qua-

2022 5128 2261 5192 propter,
2308 5136 2342 5174 ο
2388 5118 2739 5174 dilectissime
2777 5115 2975 5171 frater!
3032 5115 3251 5172 attende
3298 5112 3606 5187 diligentius

2020 5213 2210 5285 prima:
2232 5210 2561 5268 conditionis
2589 5219 2790 5264 nostris
2833 5207 3229 5274 excellentiam,
3257 5215 3313 5262 et
3344 5221 3609 5263 veneran-

2021 5303 2145 5360 dam
2168 5313 2368 5360 sancta:
2392 5300 2674 5358 Trinitatis
2697 5315 2930 5374 agnosce
2961 5300 3273 5373 imaginem,
3319 5300 3610 5357 honorem-

2021 5411 2129 5469 que
2150 5396 2520 5452 similitudinis
2547 5396 2763 5463 divinat,
2791 5395 2858 5451 ad
2895 5411 3058 5467 quam
3103 5404 3319 5451 creatus
3344 5408 3421 5457 es,
3452 5393 3610 5449 nobi-

2020 5489 2229 5545 litatem
2278 5506 2522 5557 morum,
2571 5490 2890 5545 exercitium
2937 5488 3232 5553 virtutum,
3292 5487 3608 5561 dignitatem

330 5586 528 5640 moria.
559 5582 625 5640 Et
654 5585 760 5641 hoc
785 5584 946 5642 facile
991 5587 1218 5660 intelligi
1267 5595 1467 5659 potest,
1498 5587 1627 5660 quia
1674 5586 1791 5643 sine
1833 5588 1921 5643 his
2023 5597 2237 5638 morum
2273 5581 2700 5652 meritorumque
2744 5580 2947 5635 habere
2985 5580 3272 5645 contende,
3304 5586 3365 5633 ut
3391 5577 3609 5649 quando

330 5678 509 5734 tribus
534 5678 776 5750 perfecta
807 5680 985 5735 anima
1033 5696 1153 5738 esse
1205 5697 1316 5737 non
1351 5688 1562 5754 potest;
1592 5696 1692 5738 nec
1722 5681 1918 5737 horum
2022 5685 2304 5745 appareat,
2334 5673 2510 5743 qualis
2539 5673 2628 5735 sit.
2662 5679 2793 5728 tunc
2821 5672 3014 5728 similis
3040 5673 3089 5726 ei
3118 5686 3398 5742 appareas,
3433 5669 3525 5741 qui
3556 5676 3609 5722 te

333 5769 498 5825 trium
547 5785 712 5825 unum
772 5770 1009 5843 aliquod,
1059 5780 1321 5843 quantum
1370 5777 1439 5831 ad
1474 5788 1626 5843 suam
1682 5773 1919 5843 pertinet
2024 5766 2343 5821 mirabiliter
2371 5764 2439 5820 ad
2487 5761 2891 5820 similitudinem
2941 5779 3094 5820 suam
3136 5764 3188 5818 in
3232 5764 3406 5835 primo
3441 5760 3606 5815 Adam

408 5940 432 5968 ι
456 5926 581 5983 lit-t-
610 5936 728 5981 sunt
761 5926 912 5981 Dicm
944 5926 1150 5982 Alruini
1177 5944 1332 5997 super
1357 5927 1493 5984 illud
1508 5926 1721 5984 Genesis
1740 5946 1756 5985 :
1776 5926 2063 5984 Faciamus
2091 5928 2374 5994 hominem,
2395 5931 2594 5995 ctc.,‘t.
2627 5921 2788 5990 l,coi.
2821 5922 2944 5991 363,
2972 5923 3171 5979 omissa
3199 5920 3368 5975 forma
3389 5917 3603 5987 dialogi.
