4090 6494
462 394 600 450 1105

1282 394 1342 451 Β.
1385 392 1447 451 F.
1490 391 1715 450 ALBINI
1754 390 1886 450 SBE
1924 388 2201 448 ALCUNI
2240 389 2522 449 OPILRUI
2562 393 2741 449 PARS
2780 390 2909 451 Vill.

3608 391 3743 456 ηοι

455 510 715 575 condidit,
734 510 1142 582 mirabiliusque
1164 511 1217 565 in
1244 509 1480 566 secundo
1507 508 1817 565 reformavit
1847 521 1892 559 ³.
1916 504 2039 560 llzec
2070 508 2117 565 Α
2145 502 2271 560 lista
2313 504 2387 561 ita
2432 506 2654 576 protulit
2700 507 2922 562 dicens:
2958 506 3027 563 Et
3074 508 3325 565 inclinato
3366 510 3538 581 capite
3570 510 3742 566 emisit

455 602 523 659 de
548 601 783 674 imagine
803 610 859 658 et
885 601 1237 658 similitudine
1261 600 1473 656 habeto.

526 691 693 747 Inter.
732 691 956 763 Expleta
984 692 1193 747 ratione
1247 691 1499 764 imaginis
1528 690 1595 745 ad
1631 686 2042 747 similitudinem

452 781 729 840 interioris
760 783 1014 852 hominis,
1038 798 1158 853 qua:
1179 782 1408 847 cunctis,
1432 783 1574 838 sicut
1593 781 1873 851 hucusque
1897 789 2043 834 retu-

452 874 585 939 listi,
610 872 868 945 praecedit
889 872 1175 938 creaturis,
1198 872 1372 942 qualis
1395 872 1513 942 ejus
1540 879 1733 926 natura
1759 870 1829 926 sit
1848 884 2043 926 secun-

451 971 579 1023 dum
622 966 883 1019 rationem
932 965 1222 1021 exterioris
1262 964 1521 1029 hominis,
1551 962 1697 1018 velut
1742 963 1874 1035 quid
1922 963 2038 1034 ipsa

451 1068 645 1114 natura
691 1058 918 1121 dicatur,
961 1056 1247 1128 diligenter
1286 1072 1517 1127 expone.
1555 1055 1714 1126 Resp.
1764 1056 1794 1096 δ
1834 1053 2037 1112 Natura

448 1151 595 1205 dicta
620 1158 703 1205 est
747 1150 814 1202 ab
853 1162 938 1212 eo,
971 1147 1117 1216 quod
1141 1148 1290 1201 nasci
1334 1146 1550 1216 aliquod
1572 1144 1761 1207 faciat,
1786 1145 2037 1217 gignendi

445 1245 595 1298 enim
613 1252 669 1297 et
691 1239 919 1297 faciendi
946 1249 1140 1312 potens
1162 1249 1263 1293 est.
1292 1239 1445 1294 lianc
1461 1239 1680 1308 quidam
1707 1236 1861 1310 [Ms.,
1889 1253 2040 1308 quae-

448 1332 597 1404 dam]
622 1333 789 1389 Deum
818 1348 940 1388 esse
971 1333 1244 1396 dixerunt,
1276 1346 1309 1386 a
1339 1346 1448 1401 quo
1473 1331 1653 1386 om..ia
1682 1339 1865 1386 creata
1910 1338 2037 1384 sunt

447 1436 504 1482 et
527 1428 792 1483 existunt.

517 1517 684 1571 Inter.
720 1516 856 1582 Quid
881 1523 961 1571 est
981 1512 1189 1586 genus?
1221 1511 1375 1585 Resp.
1402 1510 1585 1567 Genus
1602 1518 1685 1566 est
1712 1526 1741 1565 a
1764 1508 2034 1582 gignendo

445 1609 666 1671 dictum,
696 1609 782 1663 cui
804 1605 1160 1662 derivativum
1182 1619 1379 1658 nomen
1406 1620 1434 1655 ιι
1464 1612 1629 1661 terra,
1654 1615 1718 1656 ex
1748 1615 1850 1670 qua
1874 1599 2029 1672 [Ms.,

444 1719 511 1758 ex
538 1700 671 1774 quo]
702 1700 880 1757 omnia
905 1700 1215 1770 gignuntur.
1244 1695 1412 1751 Inter.
1436 1695 1751 1762 Quomodo?
1778 1692 1933 1763 Resp.
1958 1689 2034 1747 Ge

444 1799 588 1852 enim
613 1811 787 1869 grzece
816 1804 961 1851 terra
989 1794 1209 1851 dicitur.
1245 1792 1411 1848 Inter.
1466 1791 1585 1846 \‘ita
1628 1791 1771 1845 unde
1795 1790 2031 1848 dicitur?

2145 600 2387 669 spiritum
2434 598 2617 671 (Joan.
2648 599 2903 673 311,50).
2948 600 3015 656 Et
3052 600 3255 658 idcirco
3299 601 3434 658 nihil
3477 602 3622 659 aliud
3655 613 3744 660 est

2144 691 2392 761 spiritum
2414 691 2681 758 emittere,
2696 691 2801 747 nisi
2822 692 2968 764 quod
2990 701 3046 750 et
3063 693 3301 750 animam
3322 710 3542 766 ponere.
3570 695 3735 752 Inter.

2141 784 2321 847 Quare
2345 780 2490 838 dicta
2520 791 2606 839 est
2630 782 2856 838 anima?
2882 780 3036 854 Resp.
3068 784 3263 841 Anima
3303 796 3387 842 est
3419 786 3567 843 enim
3592 786 3739 843 dicta

2139 882 2360 944 propter
2384 873 2528 944 quod
2558 873 2712 930 vivit.

2213 958 2380 1018 Inter.
2420 962 2601 1033 Quare
2630 975 2857 1022 vocatur
2882 966 3153 1038 spiritus?
3179 965 3337 1040 Resp.
3368 966 3603 1040 Spiritus
3639 982 3737 1024 att-

2141 1059 2248 1106 tem
2275 1052 2575 1124 appellatus
2609 1063 2713 1121 est,
2748 1054 2833 1112 vel
2869 1072 2969 1128 pro
2995 1056 3264 1130 spirituali
3293 1067 3511 1123 natura,
3535 1056 3617 1113 vel
3636 1071 3737 1131 pro

2138 1156 2224 1209 eo,
2255 1144 2401 1214 quod
2433 1145 2665 1218 inspiret
2689 1147 2745 1203 in
2773 1162 3025 1220 corpore.

2209 1234 2376 1292 Inter.
2422 1237 2569 1294 lnter
2614 1240 2856 1298 animum
2907 1248 2963 1298 et
3003 1243 3241 1300 animam
3292 1243 3423 1314 quid
3466 1243 3737 1301 interest?

2130 1323 2297 1397 Resp.
2341 1328 2573 1385 Animus
2608 1329 2752 1386 idem
2791 1340 2897 1397 est,
2924 1332 3071 1403 quod
3097 1342 3153 1388 et
3177 1333 3358 1390 anima
3383 1352 3397 1401 ;
3429 1335 3524 1391 sed
3553 1334 3735 1393 anima

2135 1419 2260 1474 vitae
2288 1429 2390 1485 est,
2433 1421 2647 1477 animus
2688 1422 2921 1479 consilii.
2976 1423 3131 1481 Unde
3177 1424 3364 1481 dicunt
3406 1425 3733 1499 philosophi,

2134 1509 2294 1564 etiam
2324 1509 2444 1566 sine
2487 1511 2671 1568 animo
2710 1513 2881 1568 vitam
2911 1529 3153 1581 manere,
3198 1525 3251 1571 et
3276 1517 3396 1570 sine
3426 1527 3605 1572 mente
3634 1519 3736 1573 du-

2135 1615 2259 1656 rare
2283 1603 2542 1668 animam,
2574 1605 2718 1661 unde
2738 1617 2794 1662 et
2820 1615 3083 1663 amentes.
3121 1608 3255 1663 Nam
3279 1620 3515 1666 mentem
3539 1612 3735 1668 vocari

2134 1692 2367 1769 [volunt]
2397 1705 2458 1754 ut
2490 1700 2647 1766 sciat,
2695 1700 2931 1757 animam
2961 1716 3111 1766 vero,
3144 1714 3198 1757 ut
3223 1702 3369 1757 velit.

2204 1785 2375 1843 Inter.
2403 1786 2556 1846 Mens
2579 1790 2721 1847 unde
2744 1795 3014 1848 vocatur?
3055 1791 3210 1867 Resp.
3244 1794 3392 1851 Mens
3429 1806 3609 1853 autem
3637 1812 3735 1852 vo-

445 1888 602 1960 Resp.
619 1865 758 1945 vVita
788 1889 933 1943 dicta
959 1895 1041 1941 est
1069 1894 1289 1956 propter
1330 1884 1591 1955 vigorem,
1620 1883 1702 1937 vel
1751 1880 1892 1953 quod
1921 1882 2029 1937 vim
2066 1865 2108 1927 Β
2132 1884 2277 1943 cata,
2301 1878 2446 1947 quod
2474 1879 2677 1935 eminet
2695 1880 2748 1935 in
2771 1882 2976 1947 anima,
3011 1882 3093 1938 vel
3118 1865 3263 1955 quod
3284 1886 3549 1944 meminit.
3580 1884 3739 1944 Unde

445 1990 624 2036 teneat
676 1978 952 2042 nascendi,
1007 1986 1171 2046 atque
1218 1974 1521 2038 crescendi,
1549 1972 1689 2028 unde
1717 1980 1773 2027 et
1805 1971 2031 2028 arbores

442 2072 608 2126 vitam
636 2069 837 2126 habere
858 2067 1134 2129 dicuntur,
1160 2066 1287 2136 quia
1311 2067 1609 2137 gignuntur
1632 2073 1689 2117 et
1710 2071 1984 2120 crescunt.

513 2163 679 2218 Inter.
736 2162 907 2218 Homo
959 2161 1102 2216 unde
1144 2168 1231 2216 est
1272 2157 1482 2214 dictus?
1522 2155 1673 2227 Resp.
1710 2155 1837 2211 ldeo
1883 2156 2030 2211 enim

444 2260 607 2313 homo
632 2266 714 2312 est
740 2255 1058 2327 appellatus,
1089 2252 1215 2323 quia
1237 2267 1303 2309 ex
1330 2252 1497 2307 humo
1521 2258 1604 2306 est
1648 2247 1856 2315 factus;
1888 2248 2030 2305 sicut

439 2359 497 2405 et
526 2351 579 2403 in
608 2346 803 2405 Genesi
833 2347 1032 2403 dicitur
1074 2362 1086 2398 :
1120 2343 1189 2398 Et
1239 2343 1433 2399 crearit
1481 2341 1624 2396 Deus
1672 2340 1934 2394 Itmninent
1962 2341 2028 2394 de

438 2444 599 2495 [tumo
632 2439 763 2512 [Al.,
790 2438 939 2512 limo]
963 2449 1117 2495 terra?
1144 2433 1298 2510 (Gen.
1348 2452 1410 2502 ll,
1454 2435 1527 2509 7).
1560 2433 1796 2490 Abusive
1843 2443 2025 2490 autem

440 2531 662 2601 ponitur
705 2546 770 2586 ex
827 2540 1056 2599 utraque
1103 2526 1406 2583 substantia
1444 2525 1792 2587 totusltomo,
1826 2525 1879 2581 id
1917 2535 2023 2592 est,

439 2637 507 2677 ex
549 2620 811 2679 societate
856 2620 1051 2676 animat
1093 2628 1147 2675 et
1174 2619 1446 2690 corporis;
1471 2632 1595 2672 nam
1616 2616 1835 2687 proprie
1863 2617 2027 2674 homo

441 2714 511 2769 ab
546 2715 731 2771 humo.

508 2810 677 2867 Inter.
714 2809 884 2866 Homo
904 2810 1173 2881 quomodo
1192 2817 1417 2863 vocatur
1439 2806 1659 2864 Grece?
1674 2804 1828 2877 Resp.
1848 2803 2023 2861 (iunci

439 2917 625 2961 autem
659 2904 930 2961 hominem
959 2902 1281 2973 antroplium
1313 2901 1736 2972 appellaverunt,
1772 2914 1840 2955 co
1880 2898 2023 2969 quod

436 3012 652 3051 sursum
680 2986 887 3066 spectet
914 2993 1223 3051 sublevatus
1247 2992 1316 3047 ab
1337 2993 1498 3046 immo
1518 2991 1583 3045 ad
1609 2989 2022 3060 contemplatio-

444 3108 567 3146 nem
595 3089 822 3144 artiﬁcis
843 3087 950 3151 sui,
976 3087 1120 3157 quod
1134 3084 1364 3141 Obidius
1387 3082 1558 3156 [Leg.,
1584 3082 1833 3153 Ovidius]
1861 3092 2021 3153 poeta

437 3184 702 3255 designat,
730 3196 857 3237 cum
884 3178 1015 3234 dicit
1044 3179 1080 3250 (ι
1116 3176 1238 3232 Met.
1270 3175 1360 3249 86)
1396 3192 1410 3230 :

561 3314 817 3376 Pronaque
835 3315 1149 3376 conspectam
1162 3306 1393 3376 animalia
1408 3314 1588 3376 cetera
1609 3312 1817 3376 terram,

559 3378 629 3425 0s
648 3369 826 3425 homini
845 3369 1053 3423 sublime
1076 3371 1231 3434 dedit,
1253 3370 1527 3434 caelquue
1544 3369 1715 3434 videre

558 3439 732 3495 Jussit,
758 3445 808 3486 et
825 3444 1021 3486 erectos
1039 3434 1096 3483 ad
1120 3428 1288 3485 sidera
1310 3432 1484 3483 tollere
1504 3428 1687 3482 vultus.

504 3542 663 3615 42],
698 3539 859 3595 Inter.
919 3538 1028 3596 Cur
1055 3537 1221 3593 homo
1264 3534 1507 3607 aspicere
1556 3533 1752 3591 omium
1784 3536 2024 3590 dicitur?

416 3633 592 3707 Resp.
627 3636 749 3690 Ideo
775 3633 917 3689 enim
942 3638 1157 3688 erectus
1188 3629 1253 3684 ad
1285 3626 1481 3685 caelum
1510 3627 1724 3698 aspicit,
1756 3635 1816 3681 ut
1852 3626 2021 3683 Deum

432 3737 658 3799 quaerat,
689 3742 793 3780 non
828 3732 887 3779 ul
914 3731 1111 3778 terram
1147 3720 1408 3784 intendat,
1455 3718 1619 3774 veluti
1654 3732 1871 3789 pecora,
1899 3734 2022 3789 quae

433 3828 627 3876 natura
657 3832 824 3891 prona
863 3825 917 3871 et
944 3815 1122 3871 ventri
1148 3812 1453 3869 otedientia
1482 3810 1655 3866 tinxit.

511 3909 669 3966 Inter.
693 3908 786 3964 Est
815 3910 974 3963 homo
1001 3904 1251 3977 simplex,
1293 3920 1363 3959 an
1386 3901 1626 3973 duplex?
1658 3901 1814 3972 Resp.
1846 3900 2021 3959 Homo

434 4012 613 4059 autem
641 3999 835 4071 dupiex
862 4008 966 4063 est,
992 3995 1216 4053 interior
1237 4005 1292 4051 et
1312 3994 1574 4052 exterior.

508 4094 673 4149 Inter.
700 4088 1022 4161 Quomodo?
1049 4086 1202 4160 Resp.
1230 4085 1459 4143 laterior
1493 4084 1676 4142 homo.
1713 4083 1891 4142 anima
1918 4104 1933 4153 ;
1967 4097 2023 4143 et

434 4186 673 4245 exterior
697 4185 880 4251 homo,
908 4196 1125 4253 corpus.

509 4277 673 4333 Inter.
698 4275 890 4332 Anima
913 4274 1054 4332 unde
1084 4287 1278 4332 nomen
1304 4274 1557 4347 accepit?
1578 4273 1734 4347 Resp.
1761 4276 1809 4332 Δ
1846 4275 2020 4347 genti-

436 4374 575 4427 libus
616 4368 795 4443 [Isid.,
835 4383 865 4423 a
888 4365 1085 4441 ventis}
1125 4366 1268 4424 enim
1302 4368 1481 4424 anima
1525 4383 1721 4424 nomen
1763 4368 2021 4440 sumpsit,

434 4480 501 4519 eo
536 4461 679 4534 quod
703 4470 897 4517 vcntus
921 4458 1011 4525 sit,
1034 4459 1174 4515 unde
1193 4467 1250 4517 et
1272 4468 1465 4515 ventus
1490 4457 1679 4514 Graece
1708 4476 1919 4514 anemos
1940 4460 2022 4516 di-

2132 1977 2188 2023 et
2216 1967 2563 2026 immemores
2588 1980 2853 2026 amentes.
2903 1972 3244 2046 Quapropter
3279 1991 3386 2033 non
3427 1977 3609 2035 anis
3635 1981 3735 2035 sed

2130 2061 2276 2132 quod
2313 2062 2528 2119 excellit
2562 2065 2616 2120 in
2643 2066 2846 2129 anima,
2885 2081 3040 2123 mens
3068 2078 3315 2136 vocatur,
3355 2080 3615 2143 tanquam
3641 2088 3739 2128 ca-

2130 2160 2227 2223 put
2264 2153 2382 2226 ejus
2418 2154 2505 2211 vel
2546 2157 2739 2212 oculus
2780 2176 2793 2212 :
2826 2160 2967 2216 unde
2996 2169 3051 2213 et
3080 2160 3244 2217 homo
3270 2163 3386 2233 ipse
3430 2164 3735 2222 secundum

2130 2252 2369 2301 mentem
2415 2246 2592 2319 imago
2634 2245 2729 2304 Dei
2774 2247 2998 2306 dicitur.
3052 2251 3127 2307 Ita
3172 2260 3354 2309 autem
3396 2254 3513 2310 haec
3546 2255 3732 2311 omnia

2128 2334 2384 2406 adjuncta
2412 2348 2540 2397 sunt
2567 2341 2784 2407 animm,
2816 2351 2877 2398 ut
2906 2356 3012 2398 una
3034 2358 3125 2399 res
3151 2343 3261 2409 sit;
3301 2358 3402 2415 pro
3428 2343 3733 2401 eilicientiis

2126 2429 2272 2485 enim
2288 2446 2577 2489 causarum
2599 2434 2812 2493 diversa
2830 2436 3049 2493 nomina
3071 2438 3263 2494 sortita
3277 2448 3365 2494 est
3376 2439 3576 2495 anima.
3598 2438 3728 2496 Nam

2125 2530 2183 2578 et
2226 2524 2488 2579 memoria
2503 2539 2659 2581 mens
2682 2534 2789 2592 est.
2842 2528 2989 2584 unde
3008 2537 3063 2584 et
3085 2530 3433 2587 immemores
3462 2543 3721 2592 amentes.

2200 2612 2370 2671 Inter.
2400 2614 2523 2685 Qua
2552 2616 2804 2674 ratione?
2830 2616 2990 2691 Resp.
3029 2622 3165 2677 Cum
3190 2636 3321 2692 ergo
3338 2622 3583 2679 viviﬁcat
3610 2638 3729 2681 cor-

2126 2723 2247 2778 pus,
2264 2710 2445 2765 anima
2469 2719 2554 2766 est
2572 2727 2585 2778 ;
2601 2712 2730 2767 dum
2745 2710 2881 2779 vult,
2905 2714 3122 2771 animus
3141 2724 3226 2770 est
3249 2732 3264 2781 ;
3289 2721 3417 2770 dum
3439 2716 3563 2783 scit,
3579 2732 3734 2773 mens

2124 2807 2209 2855 est
2230 2817 2246 2866 ;
2266 2798 2397 2857 dum
2425 2800 2640 2867 recolit,
2664 2802 2928 2858 memoria
2956 2815 3080 2869 est;
3107 2803 3234 2859 dum
3271 2812 3479 2861 rectum
3499 2804 3732 2873 iudicat,

2124 2890 2267 2946 ratio
2290 2900 2405 2956 est;
2461 2890 2589 2948 dum
2614 2891 2805 2963 spirat,
2836 2892 3060 2964 spiritus
3080 2902 3168 2949 est
3191 2908 3206 2959 ;
3228 2893 3359 2949 dum
3380 2893 3583 2965 aliquid
3606 2908 3734 2951 sen-

2127 2982 2210 3048 tit,
2240 2998 2435 3039 sensus
2455 2992 2579 3040 est:
2620 2999 2747 3041 nam
2778 2984 2904 3042 inde
2958 2986 3171 3041 animus
3198 3000 3389 3043 sensus
3415 2986 3611 3043 dicitur
3634 2999 3738 3058 pro

2124 3073 2230 3140 his,
2276 3089 2399 3145 quae
2427 3076 2614 3143 sentit,
2665 3076 2811 3133 unde
2852 3086 2908 3132 et
2949 3079 3221 3134 sententia
3263 3093 3458 3135 nomen
3498 3083 3731 3153 accepit.

2204 3164 2372 3223 Inter.
2404 3168 2614 3241 Corpus
2644 3169 2787 3227 unde
2811 3169 3017 3227 dictum
3041 3173 3171 3227 est?
3201 3170 3356 3243 Resp.
3406 3171 3620 3230 Dictum
3649 3186 3736 3231 est

2129 3261 2277 3319 enim
2321 3276 2539 3333 corpus,
2587 3275 2655 3319 eo
2695 3261 2844 3333 quod
2890 3273 3210 3335 corruptum
3260 3265 3403 3335 perit
3440 3284 3456 3333 ;
3506 3266 3735 3323 solubile

2126 3350 2272 3408 enim
2304 3360 2469 3424 atque
2494 3352 2723 3410 mortale
2749 3364 2857 3421 est,
2885 3365 2943 3411 et
2968 3354 3258 3426 aliquando
3286 3356 3618 3416 solvendum.

2198 3442 2367 3499 Inter.
2415 3441 2567 3501 Unde
2611 3444 2756 3504 dicta
2798 3454 2885 3503 est
2909 3448 3085 3505 caro?
3120 3447 3280 3521 Resp.
3323 3448 3462 3506 Caro
3488 3460 3665 3506 autem
3693 3466 3729 3507 a

2125 3534 2365 3592 creando
2387 3545 2477 3592 est
2500 3536 2788 3608 appellata.
2843 3534 3014 3594 Inter.
3059 3538 3382 3608 Quomodo?
3410 3538 3567 3614 Resp.
3596 3542 3724 3598 Cri»

2125 3638 2367 3686 mentum
2396 3629 2547 3685 enim
2573 3643 2761 3687 semen
2786 3638 2870 3687 est
2893 3630 3140 3697 masculi,
3172 3633 3317 3688 unde
3338 3633 3644 3689 animalium
3670 3644 3727 3689 σοι

2124 3719 2405 3776 hominum
2454 3735 2685 3793 corpora
2727 3721 3156 3796 concipiuntur;
3204 3724 3329 3781 hinc
3380 3732 3436 3781 et
3480 3737 3731 3798 parentes

2123 3821 2402 3870 creatures
2430 3821 2720 3871 vocantur.

2197 3902 2365 3961 Inter.
2393 3905 2601 3975 Quibus
2637 3922 2708 3965 ex
2736 3910 2921 3967 causis
2947 3919 3169 3970 constat
3192 3912 3363 3969 caro?
3395 3909 3554 3985 Resp.
3586 3913 3733 3970 Caro

2123 4010 2306 4058 autem
2348 4016 2417 4058 es
2461 4009 2699 4073 quatuor
2742 4001 3027 4061 elementis
3074 4015 3357 4078 compacta
3402 4016 3506 4063 est.
3557 4004 3725 4063 Inter.

2122 4090 2375 4162 Quibus?
2404 4089 2564 4166 Resp.
2593 4090 2733 4151 Nam
2766 4103 2916 4152 terra
2962 4095 3018 4153 in
3059 4111 3227 4153 carne
3267 4106 3384 4163 est;
3425 4111 3525 4155 aer
3549 4099 3606 4155 in
3634 4098 3732 4155 ha-

2121 4182 2243 4251 litu,
2272 4184 2469 4240 humor
2506 4185 2560 4241 in
2587 4184 2877 4258 sanguine,
2905 4186 3049 4259 ignis
3095 4187 3152 4242 in
3200 4186 3381 4245 calore
3411 4185 3561 4245 vitali
3588 4207 3603 4255 ;
3632 4189 3733 4246 ha-

2120 4273 2254 4332 bent
2272 4275 2419 4331 enim
2460 4276 2519 4333 in
2562 4274 2719 4334 nobis
2739 4275 3011 4334 elementa
3038 4292 3194 4333 suam
3236 4291 3466 4350 queque
3490 4288 3728 4352 partem,

2120 4368 2277 4439 cujus
2323 4365 2507 4440 [Isid.,
2534 4364 2756 4441 mnibus]
2783 4368 2917 4441 quid
2939 4366 3167 4425 debetur
3186 4383 3447 4441 compage
3468 4369 3725 4427 resoluta.

2194 4456 2362 4514 Inter.
2391 4455 2535 4514 inter
2569 4472 2791 4516 carnem
2813 4467 2870 4514 et
2895 4472 3094 4531 corpus
3113 4457 3241 4531 quid
3270 4459 3538 4517 interest?
3568 4457 3727 4533 Resp.

434 4557 593 4620 citur,
622 4552 765 4625 quod
791 4566 885 4607 ore
916 4550 1192 4606 trahentes
1217 4565 1397 4607 aerem
1422 4552 1603 4606 vivere
1627 4549 1781 4623 [ιιι.
1812 4551 2019 4627 videre]
2048 4584 2101 4647 υ
2120 4548 2266 4647 Caro
2288 4549 2437 4647 enim
2463 4560 2522 4605 et
2545 4563 2747 4647 corpus
2770 4550 2985 4608 diversa
3014 4550 3341 4624 signiﬁcant.
3377 4550 3545 4609 Inter.
3576 4552 3728 4622 Quo-

435 4650 747 4704 videumur:
782 4644 875 4700 sed
908 4642 1247 4714 apertissime
1272 4643 1467 4697 falsum
1498 4650 1601 4699 est.

506 4740 672 4795 Inter.
707 4738 822 4806 Qua
845 4732 1097 4791 ratione?
1125 4731 1281 4803 Resp.
1315 4732 1455 4801 Quia
1478 4734 1647 4790 multo
1672 4735 1822 4804 prius
1848 4734 2021 4805 gigni-

436 4849 522 4891 tur
544 4834 742 4894 anima,
772 4845 934 4901 quam
962 4828 1169 4899 concipi
1198 4824 1337 4899 [ore]
1380 4842 1474 4881 aer
1520 4826 1708 4897 possit,
1738 4827 1867 4897 quia
1907 4823 2015 4893 iam

438 4930 488 4981 in
523 4922 799 4991 genitricis
825 4930 976 4976 utero
1008 4919 1155 4983 vivit,
1182 4928 1237 4972 et
1280 4919 1399 4972 ideo
1426 4935 1528 4972 non
1570 4928 1656 4973 est
1683 4934 1778 4973 aer
1811 4920 2010 4984 anima,

434 5016 577 5087 quod
606 5022 930 5086 putaverunt
954 5010 1197 5080 quidam,
1242 5010 1369 5079 quia
1413 5006 1566 5080 [.Hs.,
1598 5008 1742 5081 quas]
1778 5025 1887 5065 non
1914 5026 2011 5079 po-

436 5118 654 5164 tuerunt
676 5108 1049 5177 incorpoream
1075 5100 1193 5170 ejus
1223 5102 1459 5173 cogitare
1484 5111 1755 5156 naturam.

510 5202 671 5253 Inter.
705 5199 801 5253 Dic
825 5197 975 5261 mihi,
1002 5196 1044 5250 si
1076 5195 1218 5249 idem
1247 5195 1319 5249 sit
1357 5193 1600 5264 spiritus,
1634 5193 1779 5265 quod
1806 5202 1862 5249 et
1899 5195 2017 5250 ani-

440 5294 573 5346 ma?
619 5290 769 5359 Resp.
816 5289 1073 5359 Spiritum
1118 5285 1258 5340 idem
1300 5299 1437 5350 esse,
1489 5287 1630 5355 quod
1676 5294 1731 5341 et
1777 5287 2015 5342 animam

436 5381 761 5451 evntigelista
795 5378 1105 5447 pronuntiat
1133 5375 1318 5429 dicens
1346 5393 1355 5427 :
1390 5374 1704 5430 Potestatem
1732 5377 1895 5431 habeo
1918 5393 2014 5447 po-

439 5472 595 5527 rtendi
620 5471 848 5524 animum
875 5484 1063 5530 meatu,
1094 5474 1141 5519 et
1183 5482 1362 5519 rursus
1406 5476 1707 5535 potestatem
1737 5468 1900 5522 habeo
1929 5485 2020 5522 stt-

436 5564 609 5619 meudi
638 5578 752 5615 eam
789 5557 970 5631 (Icari.
1002 5572 1055 5622 ι,
1101 5558 1205 5627 18).
1247 5557 1319 5611 De
1360 5558 1459 5612 hac
1502 5571 1714 5628 quoque
1759 5560 1873 5628 ipsa
1918 5557 2021 5615 Do-

438 5657 569 5712 mini
612 5655 787 5709 anima
822 5651 1087 5723 passionis
1134 5662 1373 5720 tempore
1416 5659 1747 5706 memoratus
1794 5666 2024 5722 evattge-

512 5806 533 5829 ιι
566 5788 659 5842 llic
685 5787 940 5841 liniuntur
960 5784 1108 5839 Dicta
1126 5782 1332 5839 Alcuiui
1354 5784 1405 5839 in
1422 5781 1686 5852 Operihus
1705 5783 1871 5841 illius,
1891 5792 2018 5846 ete.,

439 5860 540 5916 lue.
569 5864 660 5914 cit.

2122 4642 2329 4699 modo?
2354 4640 2512 4713 Resp.
2545 4641 2605 4699 lu
2631 4658 2801 4700 carne
2846 4658 3063 4716 semper
3087 4659 3287 4717 corpus
3314 4653 3422 4713 est,
3451 4660 3559 4702 non
3584 4658 3729 4702 aem-

2122 4750 2221 4806 per
2248 4736 2303 4790 in
2330 4749 2561 4806 corpore
2581 4748 2733 4793 curo.
2762 4732 2929 4790 Inter.
2962 4738 3082 4803 Qua
3107 4734 3364 4792 ratione?
3411 4733 3563 4809 Resp.
3589 4734 3727 4793 Nam

2120 4842 2253 4882 caro
2293 4834 2398 4891 est,
2428 4840 2551 4896 qua:
2598 4825 2748 4892 vivit,
2797 4824 2941 4882 idem
2971 4833 3028 4881 et
3068 4840 3308 4897 corpus;
3351 4841 3549 4898 corpus
3582 4826 3729 4899 quod

2121 4932 2231 4971 non
2262 4917 2418 4981 vivit,
2444 4917 2586 4974 idem
2608 4931 2716 4972 non
2737 4931 2870 4973 caro
2891 4915 3073 4990 [Isid.,
3105 4918 3247 4975 idem
3266 4929 3324 4974 et
3349 4917 3522 4992 caro].
3554 4917 3726 4978 Inter.

2121 5008 2403 5075 Quomolo
2423 5008 2445 5060 ?
2470 5004 2623 5081 Resp.
2649 5006 2785 5064 Nam
2805 5022 3004 5078 corpus
3014 5008 3215 5066 dicitur
3237 5010 3488 5080 autquod
3505 5017 3625 5080 post
3643 5011 3729 5068 vt-

2122 5110 2234 5155 tatn
2261 5108 2346 5154 est
2375 5106 2686 5165 mortuum;
2716 5107 2811 5154 aut
2830 5098 2948 5156 sine
2970 5099 3082 5155 vita
3105 5106 3194 5157 est
3216 5099 3514 5157 conditum.
3556 5099 3728 5161 Inter-

2122 5194 2252 5250 dum
2264 5202 2316 5249 et
2334 5206 2459 5248 eum
2472 5193 2580 5249 vita
2595 5207 2793 5263 corpus
2806 5201 2861 5250 et
2874 5208 2982 5249 non
3006 5209 3157 5258 caro,
3173 5204 3234 5249 ut
3249 5195 3420 5251 herba
3430 5206 3485 5253 et
3499 5197 3721 5271 lignum.

2195 5284 2364 5339 Inter.
2399 5284 2605 5341 Sensus
2630 5285 2877 5355 corporis
2903 5295 3037 5355 quot
3076 5294 3202 5339 sunt
3218 5286 3244 5339 ?
3269 5283 3424 5357 Resp.
3454 5285 3722 5359 Quinque.

2125 5375 2291 5430 Inter.
2347 5376 2630 5445 Quomodo
2682 5376 2994 5432 vocantur?
3040 5374 3199 5448 Resp.
3255 5375 3435 5442 Visus,
3486 5377 3723 5446 auditus,

2123 5470 2404 5534 odoratus,
2434 5478 2624 5541 gustus
2643 5476 2698 5523 et
2719 5476 2915 5523 tactus.

2197 5560 2363 5615 Inter.
2396 5561 2499 5629 Qui
2542 5576 2609 5617 es
2640 5559 2727 5615 bis
2766 5559 3089 5628 aperiuntur
3133 5567 3188 5614 et
3236 5558 3603 5615 clauduntur?
3630 5557 3725 5630 qui

2126 5666 2255 5705 vero
2281 5658 2409 5705 sunt
2442 5649 2730 5720 patentes?
2763 5646 2919 5719 Resp.
2963 5646 3119 5704 Oculi
3162 5657 3218 5706 et
3240 5662 3303 5703 os
3330 5649 3645 5721 aperiuntur
3670 5657 3725 5705 et

2207 5785 2233 5823 ι»
2262 5782 2343 5839 Ex
2366 5764 2555 5839 lsidor.
2589 5780 2708 5839 libr.
2737 5798 2790 5837 st
2814 5781 2961 5853 Orig.
2997 5782 3173 5854 cap.l.
