4090 6510
345 361 484 421 “05

1255 363 1409 422 OI’P.
1455 360 1698 419 DliBlA-
1727 390 1797 402 —
1836 357 2253 418 DISPL'TATIO
2294 360 2703 420 PEERORUM.

3485 357 3625 416 “06

336 479 702 543 clauduntur;
749 493 907 534 aures
946 492 1073 533 vero
1114 485 1167 531 et
1199 491 1361 531 nares
1385 481 1636 544 patentes
1669 471 1929 529 existunt.
1961 472 2010 533 Α
2107 470 2274 527 Inter.
2307 469 2459 529 Unde
2479 472 2730 528 dicuntur
2753 471 2973 542 capilli?
3000 470 3152 544 Resp.
3175 470 3365 542 Capilli
3388 480 3512 527 sunt
3533 486 3624 527 vo—

409 568 575 627 Inter.
605 569 789 638 Quare
812 584 1003 625 sensus
1034 566 1336 623 vocantur?
1374 564 1530 634 Resp.
1558 562 1766 619 Sensus
1806 569 1933 616 sunt

336 659 488 726 dicti,
516 660 644 732 quia
670 675 769 730 per
807 674 901 715 eos
930 659 1109 714 anima
1152 655 1504 713 subtilissime
1530 662 1701 710 totum
1730 667 1932 723 corpus

335 748 504 823 agitat
531 750 717 821 vigore
740 748 1035 813 sentiendi,
1052 746 1194 803 unde
1219 757 1278 802 et
1296 744 1578 817 pra'sentia
1611 755 1931 813 nuncupan-

338 852 448 909 tur,
474 844 620 917 quod
662 844 774 899 sint
812 859 922 913 pra:
965 840 1240 902 sensibus;
1270 840 1411 893 sicut
1453 849 1566 907 pra:
1592 835 1786 898 oculis,
1812 847 1934 905 quae

336 944 535 1007 pasto
561 943 683 989 sunt
708 931 898 989 oculis.

407 1023 576 1081 Inter.
606 1021 748 1091 Quid
772 1030 858 1077 est
884 1019 1081 1076 visus?
1119 1016 1272 1089 Resp.
1304 1017 1465 1074 Visus
1499 1027 1606 1081 est,
1634 1015 1726 1086 qui
1752 1029 1781 1068 a
1800 1013 1930 1097 phi-

337 1111 576 1185 iosopbis
601 1114 799 1168 bumor
825 1110 1031 1165 vitreus
1056 1107 1373 1179 appellatur.
1407 1106 1575 1177 Inter.
1602 1104 1763 1160 Visus
1791 1100 1934 1158 unde

337 1202 442 1257 fit?
466 1199 618 1272 Resp.
656 1201 843 1256 Visum
870 1209 1052 1256 autem
1093 1199 1211 1254 lteri
1240 1198 1459 1269 quidam
1495 1201 1814 1252 asseverant
1841 1200 1935 1247 aut

334 1301 581 1349 extrema
609 1292 832 1348 mtlleria
862 1292 1002 1356 luce,
1031 1298 1127 1347 aut
1170 1291 1384 1345 interno
1410 1286 1600 1359 spiritu
1637 1285 1817 1341 lucido
1836 1300 1935 1355 per

337 1392 527 1440 tenues
552 1384 669 1439 vias
697 1398 728 1439 a
759 1382 987 1439 cerebro
1012 1381 1293 1437 venientes
1326 1388 1488 1450 atque
1524 1379 1823 1449 penetratis
1852 1383 1935 1432 tn-

337 1473 478 1532 nicis
503 1474 558 1529 in
600 1488 728 1530 aere
758 1480 1037 1539 exeuntes,
1075 1480 1130 1527 et
1171 1481 1302 1528 tunc
1329 1469 1709 1527 commistione
1742 1468 1934 1523 similis

336 1565 581 1621 materie
603 1566 780 1620 visum
806 1562 1017 1619 dantes.

410 1655 579 1711 Inter.
608 1655 761 1712 Unde
783 1655 982 1710 dicitur
1009 1654 1202 1710 visus?
1244 1652 1396 1725 Resp.
1433 1654 1594 1710 Visus
1621 1662 1706 1708 est
1732 1653 1931 1716 dictus,

336 1764 403 1804 eo
424 1748 569 1819 quod
610 1748 854 1802 vivacior
881 1749 953 1801 sit
986 1748 1198 1803 caeteris
1224 1746 1475 1802 sensibus
1500 1760 1566 1801 ac
1588 1746 1934 1817 praestantior

2034 561 2163 626 cati,
2193 562 2563 634 quasicapitis
2588 561 2703 634 pili,
2736 561 2865 618 facti
2892 570 2951 616 ut
2979 571 3034 618 et
3055 562 3307 618 decorem
3345 571 3621 633 praestent,

2033 661 2088 707 et
2115 650 2397 708 cerebrum
2441 650 2703 708 adversus
2734 650 2903 722 frigus
2946 652 3215 711 muniant.
3257 661 3419 722 atque
3452 669 3483 707 a
3512 653 3627 708 sole

2032 743 2338 801 defendant.

2106 835 2271 892 Inter.
2319 836 2419 895 Pili
2455 854 2627 910 quare
2654 841 2961 894 vocantur?
3004 838 3157 912 Resp.
3192 842 3330 897 Dicti
3371 850 3497 898 sunt
3526 858 3627 898 au-

2034 938 2144 985 tem
2170 929 2262 1000 pili
2288 944 2318 983 a
2340 930 2497 1000 pelle,
2523 931 2591 987 de
2621 945 2724 1002 qua
2752 932 3015 1002 prodeunt
3041 950 3053 996 ;
3086 933 3225 988 sicut
3266 945 3321 988 et
3344 936 3510 1007 pilum
3540 937 3626 991 di-

2034 1018 2178 1074 citur
2204 1034 2233 1074 a
2263 1019 2389 1090 pila,
2422 1020 2511 1075 ubi
2538 1021 2874 1092 pigmentum
2902 1024 3266 1079 contunditur.

2106 1107 2274 1163 Inter.
2306 1107 2568 1165 Caesaries
2611 1111 2751 1167 unde
2789 1109 3131 1182 appellatur?
3165 1111 3319 1184 Resp.
3366 1114 3626 1174 Caesaries

2036 1214 2064 1251 a
2098 1197 2354 1253 caedendo
2393 1209 2475 1254 est
2500 1207 2708 1263 vocata,
2742 1200 2971 1271 ideoque
3014 1209 3224 1257 tantum
3252 1206 3492 1260 virorum
3521 1218 3621 1262 est.

2036 1289 2200 1345 Inter.
2260 1288 2440 1358 Quare
2487 1292 2725 1347 virorum
2778 1299 2831 1347 et
2881 1307 2986 1347 non
3037 1291 3420 1349 feminarum?
3471 1297 3621 1367 Resp.

2037 1383 2305 1452 Quoniam
2332 1385 2507 1439 virum
2543 1385 2696 1440 decet
2744 1392 2961 1441 tonsum
3010 1400 3147 1450 esse,
3199 1388 3479 1443 mulierem
3519 1406 3627 1445 non

2035 1474 2207 1530 decet.

2105 1564 2273 1620 Inter.
2306 1564 2444 1634 Quid
2475 1575 2600 1621 sunt
2630 1570 2839 1623 coma)?
2869 1565 3018 1639 Resp.
3048 1568 3228 1627 Comm
3255 1581 3380 1625 sunt
3414 1573 3628 1642 pri-prie

2036 1675 2143 1714 nan
2182 1657 2542 1729 caesi‘capilli,
2570 1670 2624 1716 et
2656 1671 2740 1715 est
2780 1676 2962 1716 sermo
3006 1660 3249 1720 Gracus.
3298 1663 3461 1719 Inter.
3513 1665 3627 1733 Qua

2038 1750 2282 1805 ratiune?
2324 1747 2476 1819 Resp.
2508 1749 2704 1807 Cumas
2730 1757 2884 1807 enim
2906 1751 3079 1809 αι’ηεί
3104 1752 3313 1811 Cannas
3341 1772 3373 1809 a
3393 1757 3629 1811 secando

335 1841 453 1897 sive
478 1838 735 1905 velocior,
779 1836 1119 1907 ampliusque
1140 1838 1338 1911 vigeat,
1377 1846 1641 1908 quantum
1672 1836 1933 1891 memoria
1971 1820 2012 1881 Β
2040 1837 2248 1911 [Forte,
2293 1841 2471 1907 κόμας,
2503 1858 2532 1896 a
2570 1845 2765 1905 κόπτω,
2818 1842 2956 1915 seco]
3014 1846 3336 1909 nominant;
3393 1848 3535 1903 unde
3576 1857 3630 1902 et

338 1932 483 1987 inter
513 1939 710 1987 caetera
739 1930 937 1985 mentis
981 1927 1157 1984 oilicia
1183 1947 1199 1995 ;
1244 1928 1474 1984 vicinior
1498 1935 1583 1983 est
1606 1928 1751 1983 enim
1779 1941 1934 1983 cerc-

337 2018 456 2085 bro,
491 2020 632 2076 unde
659 2020 842 2076 omnia
872 2026 1136 2086 manant;
1164 2035 1234 2075 es
1258 2034 1367 2090 quo
1408 2017 1486 2083 fit,
1525 2028 1582 2074 ut
1610 2032 1695 2083 ea,
1722 2032 1843 2089 qua:
1868 2018 1937 2075 ad

339 2113 477 2170 alios
501 2115 774 2186 pertinent
814 2129 1030 2179 sensus,
1077 2112 1260 2168 videre
1288 2110 1563 2168 dicamus:
1615 2113 1778 2167 veluti
1812 2127 1938 2168 cum

339 2204 605 2263 dicimus:
635 2204 769 2264 Vide
794 2205 1081 2278 quomodo
1108 2212 1294 2271 sonat,
1319 2204 1441 2260 vide
1467 2204 1735 2275 quomodo
1772 2206 1935 2277 sapit,

341 2292 423 2348 sic
451 2302 506 2349 et
531 2303 748 2350 caetera.

412 2380 580 2437 Inter.
610 2382 836 2441 Auditus
860 2398 1031 2455 quare
1050 2384 1352 2456 appellatur
1373 2386 1396 2427 ν
1414 2383 1572 2456 Resp.
1605 2383 1835 2440 Auditus
1855 2393 1938 2440 est

341 2471 642 2546 appellatus
667 2489 735 2528 eo
766 2473 911 2545 quod
937 2489 1097 2531 voces
1120 2474 1356 2541 hauriat,
1387 2477 1491 2531 hoc
1520 2482 1624 2539 est,
1666 2489 1791 2529 acre
1819 2489 1939 2529 ver—

344 2566 536 2624 berato
570 2567 832 2638 suscipiat
854 2582 1040 2625 sonos.

418 2654 583 2713 Inter.
620 2658 800 2727 Quare
826 2659 1026 2715 dicitur
1044 2659 1345 2717 odoratus?
1372 2658 1526 2730 Resp.
1558 2659 1764 2714 Dicitur
1791 2660 1940 2715 enim

340 2749 621 2817 odoratus,
645 2752 799 2822 quasi
818 2753 962 2808 aeris
983 2752 1166 2809 odoris
1180 2760 1417 2809 attactus
1431 2750 1569 2825 [Isid
1578 2792 1612 2816 .,
1633 2750 1937 2823 attractus].

341 2839 509 2896 Tactu
537 2842 685 2895 enim
715 2854 842 2897 aere
869 2843 1122 2907 sentitur,
1155 2842 1234 2898 sic
1275 2851 1331 2898 et
1355 2841 1606 2907 olfactus,
1633 2843 1777 2911 quod
1810 2842 1942 2898 odo—

338 2931 490 2988 ribus
509 2929 794 2988 atliciatur.
828 2930 994 2987 Inter.
1027 2931 1232 2989 Gustus
1260 2930 1403 2990 unde
1424 2931 1765 3004 appellatur?
1783 2931 1934 3005 Resp.

338 3023 543 3081 Gustus
568 3024 716 3080 enim
748 3040 779 3079 a
805 3034 1025 3098 gutture
1047 3034 1135 3083 est
1157 3027 1353 3084 dictus.

412 3115 577 3174 Inter.
612 3116 815 3174 Tactus
841 3133 1011 3191 quare
1038 3118 1306 3175 vocatur?
1343 3118 1508 3191 Resp.
1535 3119 1735 3176 Tactus
1760 3118 1941 3176 dictus

2037 1930 2201 2001 Byrin
2230 1930 2700 2003 ιιιιιᾶετειῌνόνιε,
2729 1937 2926 2005 κείμην,
2961 1935 3203 2009 tundere]
3248 1936 3455 2006 dicunt.
3500 1940 3629 1994 lndc

2037 2031 2094 2078 et
2110 2022 2242 2078 cirri
2268 2031 2528 2080 vocantur
2553 2042 2566 2089 ;
2600 2024 2742 2093 quod
2763 2027 2928 2081 etiam
2959 2025 3119 2082 iidem
3144 2027 3321 2085 [ἔπεσί
3350 2028 3630 2085 motionem

2038 2113 2245 2189 [Forte,
2277 2132 2306 2170 a
2330 2117 2536 2189 paean.
2583 2115 3017 2189 lana-promissa]
3051 2128 3261 2175 vocant.
3308 2120 3474 2177 Inter.
3508 2119 3629 2176 Cri-

2037 2224 2136 2264 nes
2160 2208 2311 2264 undc.
2329 2209 2628 2264 vocantur?
2661 2207 2813 2279 Resp.
2841 2208 3033 2268 Crines
3062 2220 3241 2268 autem
3267 2216 3484 2285 proprie
3515 2231 3632 2270 mu-
3705 2232 3708 2237 ·

2037 2303 2230 2360 lierum
2274 2312 2422 2367 sunt,
2452 2312 2506 2358 et
2534 2303 2664 2359 dicti
2712 2304 2893 2360 crines
2936 2319 3003 2359 eo
3049 2306 3195 2377 quod
3236 2307 3388 2362 vittis
3426 2307 3635 2364 discer-
3718 2358 3719 2361 η

2039 2402 2257 2458 nuntur,
2292 2394 2435 2449 unde
2461 2403 2514 2449 et
2542 2394 2929 2449 discriminalia
2967 2396 3239 2462 dicuntur,
3271 2412 3303 2451 a
3328 2397 3526 2470 quibus
3551 2398 3635 2456 di-

2038 2486 2169 2541 visa:
2195 2483 2512 2556 religantur.

2111 2575 2277 2631 Inter.
2327 2576 2464 2644 Quid
2507 2586 2634 2632 sunt
2682 2585 2928 2648 tympora
2973 2577 3084 2653 [Ita
3120 2580 3277 2646 catt;
3320 2583 3445 2652 leg.,
3488 2591 3630 2639 tetu-

2039 2665 2239 2739 pora]?
2267 2665 2421 2737 Resp.
2457 2666 2725 2738 'i‘ympora
2748 2678 2875 2724 sunt
2904 2684 3024 2739 quae
3050 2670 3302 2728 calvaria
3322 2672 3512 2729 dextra
3540 2673 3633 2729 ιω-

2042 2772 2217 2828 vaque
2239 2757 2543 2828 subiacent.

2110 2847 2279 2904 Inter.
2310 2849 2491 2918 Quare
2534 2852 2607 2905 ita
2639 2852 2944 2908 vocantur?
2971 2850 3124 2924 Resp.
3156 2852 3281 2911 Ideo
3306 2855 3386 2912 sic
3424 2869 3633 2913 nuncu-

2041 2950 2261 3013 pantur,
2281 2941 2408 3011 quia
2429 2952 2732 3008 moventur,
2755 2943 2979 3014 ipsaque
3008 2943 3304 3001 mobilitate
3321 2947 3477 3018 quasi
3496 2953 3633 3004 tem-

2039 3045 2173 3104 pora
2201 3047 2234 3087 a
2263 3032 2587 3103 quibusdam
2616 3031 2910 3089 intervallis
2937 3041 3237 3090 mutantur.

2111 3121 2278 3180 Inter.
2311 3123 2491 3194 Quare
2516 3125 2660 3181 dicta
2690 3134 2775 3181 est
2812 3124 3023 3181 facies?
3046 3125 3199 3198 Resp.
3234 3126 3424 3185 Facies
3454 3131 3524 3186 ab
3546 3131 3629 3186 ef-

342 3220 446 3278 cst,
472 3226 540 3269 eo
558 3212 702 3284 quod
730 3169 1026 3283 pertractat
1050 3221 1105 3269 et
1136 3222 1339 3286 tangat,
1363 3224 1425 3271 et
1442 3169 1543 3287 per
1562 3217 1743 3271 omnia
1768 3229 1937 3271 mem-
1965 3169 2014 3234 Ο
2042 3212 2168 3286 tigie
2194 3221 2279 3271 est
2317 3169 2481 3278 dicta,
2527 3214 2615 3270 ubi
2649 3213 2853 3287 [Fort.,
2882 3214 2978 3288 ibi]
3006 3227 3089 3272 est
3129 3169 3274 3273 ernim
3299 3228 3413 3274 tota
3442 3217 3629 3291 [Isid.,

343 3307 441 3364 bra
468 3307 711 3381 vigorem
738 3323 931 3364 sensus
959 3318 1230 3380 aspergat.
1281 3308 1415 3366 Nam
1453 3318 1597 3365 tactu
1645 3310 1936 3381 probamus

339 3396 599 3470 quidquid
633 3399 848 3455 caeteris
876 3398 1122 3456 sensibus
1141 3399 1389 3468 judicare
1417 3417 1525 3457 non
1555 3417 1863 3473 possumus.

414 3488 579 3546 Inter.
615 3490 827 3549 Genera
873 3499 1050 3547 tactus
1086 3499 1217 3563 quot
1258 3506 1384 3549 esse
1426 3492 1725 3549 dicuntur?
1773 3492 1930 3565 Resp.

343 3584 480 3640 Duo.
504 3580 671 3639 Inter.
703 3582 877 3652 Quae?
914 3581 1068 3653 Resp.
1100 3580 1210 3639 Aut
1228 3583 1375 3638 enim
1400 3584 1742 3640 extrinsecus
1771 3587 1935 3651 venit,

341 3672 487 3747 quod
514 3671 713 3738 feriat;
744 3680 839 3730 aut
868 3673 1014 3728 intus
1045 3673 1096 3729 in
1125 3672 1241 3743 ipso
1259 3686 1490 3744 corpore
1513 3672 1709 3739 oritur,
1737 3682 1797 3727 ut
1815 3688 1934 3729 sen-

343 3767 529 3824 tiatur.

414 3857 583 3915 Inter.
613 3856 791 3917 ﬂuitet
828 3857 1199 3930 unusquisque
1238 3871 1431 3915 sensus
1456 3855 1732 3929 propriam
1779 3862 1939 3911 natu-

344 3966 481 4017 ram,
506 3966 576 4007 an
622 3950 771 4008 non?
815 3948 971 4021 Resp.
1012 3947 1188 4006 liabet
1210 3949 1448 4022 quidem.
1489 3946 1654 4003 Inter.
1699 3947 1818 4019 Qua
1845 3963 1937 4005 ra-

344 4044 533 4100 tione?
562 4041 719 4114 Resp.
750 4041 903 4111 Quod
934 4042 1081 4098 cnim
1104 4040 1393 4099 videndum
1418 4047 1524 4105 est,
1567 4039 1741 4097 oculis
1784 4040 1935 4113 capi-

344 4146 472 4199 tur;
500 4134 645 4206 quod
672 4132 1023 4200 audiendum,
1059 4131 1323 4199 auribus;
1354 4146 1518 4203 quam
1550 4129 1732 4187 mollia
1774 4129 1938 4206 ω

343 4238 401 4287 ει
428 4230 581 4295 dura,
615 4234 761 4283 tactu
796 4226 1173 4293 mstimantur;
1216 4239 1379 4297 sapor
1403 4238 1533 4280 vero
1558 4232 1758 4295 gustu;
1804 4226 1938 4281 odor

345 4329 529 4376 autem
557 4319 786 4376 naribus
811 4316 1047 4374 ducitur.

416 4411 585 4470 Inter.
614 4412 746 4483 Quae
777 4421 860 4469 est
888 4410 1065 4483 prima
1094 4423 1223 4482 pars
1260 4407 1542 4466 hominis?
1566 4406 1722 4479 Resp.
1753 4406 1937 4464 Prima

2041 3311 2154 3361 tota
2174 3302 2342 3379 facta]
2371 3305 2538 3377 figura
2569 3306 2824 3375 hominis,
2856 3316 2910 3363 et
2941 3307 3362 3381 uniuscujusque
3386 3326 3631 3382 persona

2036 3395 2292 3469 cognitio.

2109 3486 2275 3541 Inter.
2311 3485 2490 3555 Quare
2539 3488 2737 3543 dicitur
2778 3490 3001 3545 vultus?
3031 3489 3185 3563 Resp.
3227 3491 3418 3549 Vultus
3448 3493 3628 3549 dictus

2039 3584 2141 3640 est,
2170 3592 2238 3634 eo
2258 3576 2401 3649 quod
2425 3592 2525 3649 per
2545 3593 2668 3635 eum
2692 3579 2942 3636 voluntas
2967 3582 3131 3636 animi
3160 3583 3480 3639 ostenditur.

2111 3666 2275 3723 Inter.
2306 3667 2423 3736 Qua
2450 3669 2700 3724 ratione?
2745 3668 2896 3740 Resp.
2946 3671 3252 3727 Secundum
3296 3673 3630 3730 voltmtatem

2035 3759 2185 3816 enim
2214 3760 2266 3814 iu
2298 3759 2478 3816 varios
2502 3769 2681 3816 motus
2706 3768 2963 3827 mutatur,
2994 3763 3135 3818 unde
3156 3772 3210 3819 et
3246 3762 3499 3821 diﬂ‘erunt
3525 3765 3630 3822 sibi

2040 3858 2307 3921 utraque;
2335 3865 2460 3907 nam
2490 3850 2659 3907 facies
2698 3851 3015 3923 simpliciter
3049 3853 3313 3924 accipitur
3340 3856 3406 3911 de
3444 3855 3631 3914 unius-

2038 3942 2298 4015 cujusque
2336 3942 2574 3999 naturali
2598 3951 2858 4014 aspeetu;
2891 3942 3072 4001 vultus
3118 3952 3298 4000 autem
3323 3947 3627 4004 animorum

2039 4034 2363 4105 qualitatem
2384 4032 2668 4108 signiﬁcat.

2110 4122 2276 4180 Inter.
2309 4122 2484 4180 Frons
2529 4124 2672 4180 unde
2717 4140 2912 4182 nomen
2959 4126 3208 4199 accepit?
3234 4125 3405 4200 Resp.
3453 4129 3626 4185 Frons

2037 4217 2183 4273 enim
2227 4215 2296 4273 ab
2331 4216 2610 4274 oculorum
2635 4216 2995 4274 foraminibus
3026 4219 3304 4275 nominata
3345 4230 3465 4288 est;
3512 4224 3627 4279 inec

2040 4308 2219 4381 imago
2242 4308 2488 4379 quaedam
2518 4308 2710 4375 animi,
2738 4310 3043 4380 mentisque
3078 4319 3283 4367 motum
3323 4314 3502 4383 specie
3528 4330 3625 4369 sua

2037 4399 2468 4471 exprimit,dum
2498 4399 2581 4456 vel
2606 4400 2726 4456 ista
2754 4400 2836 4456 vel
2862 4401 3031 4459 tristis
3060 4412 3164 4459 est.

344 4521 474 4579 pars
495 4505 741 4577 corporis
767 4512 951 4575 caput.
980 4501 1148 4556 Inter.
1181 4500 1361 4568 Quare
1387 4500 1463 4556 ita
1484 4499 1751 4556 vocatur?
1777 4496 1932 4572 Resp.
1963 4525 2016 4589 ο
2080 4586 2088 4589 Α
2110 4488 2236 4547 Haec
2259 4489 2375 4589 tibi,
2402 4490 2572 4589 frater
2592 4491 2687 4558 mi,
2708 4489 2775 4547 de
2796 4493 3274 4589 rationebumanm
3300 4505 3505 4551 natura:
3523 4495 3625 4554 hac

345 4595 472 4653 Ideo
493 4595 638 4651 enim
664 4595 849 4650 datum
876 4602 965 4649 est
991 4592 1065 4646 illi
1094 4592 1197 4647 hoc
1224 4604 1442 4657 nomen,
1470 4604 1538 4647 eo
1563 4590 1707 4661 quod
1728 4597 1786 4647 et
1812 4604 1935 4647 sen-
1963 4583 1997 4589 ⁷
2041 4586 2159 4643 vice
2185 4584 2451 4642 suﬂiciant
2480 4583 2793 4657 (ﬂuensque
2820 4602 2885 4641 ex
2908 4585 3043 4641 Isid.
3050 4592 3090 4659 ).

346 4701 448 4743 sus
463 4700 657 4743 omnes
684 4694 740 4741 et
764 4684 913 4740 nervi
943 4682 1066 4738 inde
1093 4680 1307 4737 initium
1331 4681 1569 4752 capiant,
1594 4688 1758 4752 atque
1781 4696 1937 4738 exeo

346 4777 524 4835 omnis
551 4775 766 4849 vigendi
790 4789 954 4830 causa
982 4774 1228 4838 oriatur;
1257 4770 1330 4829 ibi
1355 4772 1501 4828 enim
1525 4786 1716 4829 omnes
1742 4786 1936 4830 sensus

348 4883 647 4950 apparent;
677 4875 817 4931 unde
862 4873 1029 4945 ipsius
1057 4873 1269 4937 animas,
1299 4885 1419 4942 quae
1441 4869 1677 4926 consulit
1699 4871 1933 4941 corpori,

348 4965 743 5039 quodammodo
763 4964 898 5036 gerit
918 4977 1225 5035 personam.

2668 4695 2897 4754 CAPUT
2932 4697 3017 4753 lli.

2641 4784 2707 4823 Dii
2733 4784 2869 4824 SPIRI
2877 4784 3048 4826 TIBIIS.

2112 4861 2277 4918 Inter.
2310 4861 2417 4918 ista
2442 4861 2570 4917 mihi
2602 4859 2890 4927 sufficiunt,
2918 4859 3014 4916 sed
3053 4861 3101 4916 si
3146 4860 3337 4932 placet,
3387 4868 3625 4918 revertar

2041 4970 2165 5011 mur
2200 4954 2267 5010 ad
2312 4953 2577 5009 rationem
2628 4952 2869 5023 spiritus,
2917 4952 2985 5007 de
3023 4967 3132 5023 quo
3176 4950 3334 5022 paulo
3376 4953 3623 5023 superius

421 5054 588 5112 Inter.
621 5054 762 5124 Quid
787 5062 873 5110 est
899 5053 1074 5109 vcrtix
1100 5051 1212 5125 [Ita
1240 5049 1432 5124 eod.]?
1455 5048 1607 5123 Resp.
1643 5051 1833 5108 Vertit
1853 5058 1942 5108 est
2032 5048 2148 5117 jam
2173 5045 2374 5116 aliquid
2416 5042 2706 5116 protulisti,
2747 5052 2802 5097 et
2840 5045 3245 5116 investigemus,
3280 5045 3331 5100 in
3366 5055 3623 5114 quantum

350 5164 417 5206 ea
439 5162 591 5221 pars,
614 5161 724 5219 qua
750 5143 929 5217 capilli
951 5143 1146 5215 capitis
1173 5140 1522 5215 colliguntur,
1546 5149 1603 5199 et
1629 5142 1683 5197 in
1709 5157 1815 5214 qua
1833 5156 1937 5199 car-

352 5240 526 5299 saries
550 5237 787 5301 vertitur,
815 5234 958 5290 unde
984 5242 1039 5288 et
1067 5241 1432 5305 nuncupatur.

425 5328 591 5387 Inter.
622 5324 764 5395 Quid
785 5334 870 5381 est
896 5322 1131 5379 calvaria
1154 5322 1178 5377 ἲ
1218 5320 1370 5393 Resp.
1414 5317 1661 5377 Calvaria
1685 5328 1769 5377 est
1792 5321 1939 5378 dicta

354 5425 427 5482 ab
445 5420 660 5479 ossibus
680 5417 849 5477 calvis
874 5433 973 5489 per
991 5414 1371 5473 defectionem.
1395 5421 1454 5471 et
1477 5413 1792 5471 neutraliter
1811 5428 1938 5486 pro-

356 5515 652 5572 nuntiatur.

427 5603 590 5662 Inter.
628 5602 767 5672 Quid
792 5610 877 5658 est
904 5601 1250 5672 occipitium?
1290 5597 1442 5672 Resp.
1492 5597 1813 5671 Occipitium
1856 5607 1941 5655 cst

356 5695 551 5767 capitis
588 5708 716 5765 pars
758 5691 1047 5763 posterior,
1094 5690 1252 5760 quasi
1300 5697 1490 5750 contra
1537 5689 1812 5760 capitium,
1859 5687 1939 5743 vel

359 5786 504 5858 quod
532 5785 601 5842 sit
636 5784 827 5854 capitis
852 5789 1165 5838 retrorsum.

2040 5138 2153 5193 Deo
2194 5136 2536 5207 permittente
2582 5132 2877 5197 valeamus,
2920 5144 3050 5203 quot
3094 5133 3244 5206 μισ..
3271 5135 3414 5205 quod
3466 5136 3627 5205 spiric

2040 5240 2129 5283 tus
2151 5227 2291 5284 idem
2337 5234 2550 5281 creator
2582 5225 2821 5282 omnium
2865 5225 3143 5281 creasset?
3174 5224 3327 5297 Resp.
3384 5224 3626 5281 Diilicilis

2040 5334 2128 5374 res
2152 5325 2236 5374 est
2278 5317 2347 5373 ad
2391 5314 2842 5388 investigandum,
2886 5317 2978 5370 sed
3015 5324 3191 5371 tamen
3240 5316 3519 5380 faciamus,
3564 5326 3625 5371 ut

2040 5409 2196 5466 dicis.

2109 5499 2277 5555 Inter.
2328 5500 2422 5555 Dic
2455 5514 2580 5571 ergo
2623 5498 2777 5562 mihi,
2823 5510 2955 5569 quot
3002 5498 3223 5569 spiritus
3272 5498 3460 5555 vitales
3504 5514 3624 5555 esse

2041 5594 2373 5650 credantur?
2401 5592 2551 5664 Resp.
2586 5591 2893 5646 Secundum
2931 5593 3075 5661 quod
3105 5592 3225 5664 legi,
3265 5600 3376 5647 tres
3403 5592 3623 5662 spiritus

2043 5686 2233 5743 vitales
2262 5688 2464 5741 creavit
2496 5685 2840 5756 omnipotens
2871 5685 3028 5741 Deus.
3064 5686 3223 5740 Inter.
3256 5686 3356 5753 Qui
3386 5696 3511 5742 sunt
3535 5689 3626 5741 bi?

2042 5778 2194 5848 Resp.
2250 5777 2402 5834 Unus
2443 5785 2543 5839 est,
2592 5778 2682 5847 qui
2724 5792 2885 5832 carne
2930 5792 3034 5833 non
3078 5780 3310 5842 tegitur;
3355 5777 3489 5833 alios
3530 5770 3628 5842 qui
