4090 6514
1328 431 1384 486 Β.
1428 431 1488 486 ι’.
1530 430 1754 488 ALBINI
1795 427 1926 485 εει]
1968 421 2247 480 Αιεῑικι
2287 416 2573 479 ΟΡΕΚΕΜ
2613 413 2796 471 PARS
2833 412 2967 470 V'lll.

470 564 635 606 carne
664 548 882 619 tegitur,
911 546 1006 602 sed
1041 561 1148 600 nou
1189 560 1310 600 cum
1351 561 1515 600 carne
1555 545 1820 608 moritur;
1869 539 2059 596 tertius
2087 534 2133 594 Α
2162 530 2437 587 hominem
2472 532 2768 582 tumentem
2813 522 3044 594 spiritu;
3081 525 3172 573 aut
3211 515 3349 571 sicut
3393 512 3606 572 dicitur,
3637 513 3742 582 spi-

472 654 622 706 rero,
653 638 748 710 qui
773 651 936 694 carne
963 639 1177 708 tegitur,
1204 644 1407 691 etcum
1427 650 1590 692 carne
1610 635 1853 690 moritur.

545 752 715 812 Inter.
741 752 897 810 Nunc
923 768 1076 826 rogo,
1102 761 1164 808 ut
1194 751 1327 809 mihi
1353 753 1588 823 aperias,
1615 751 1706 824 qui
1734 766 1802 806 ex
1843 750 1930 808 bis
1953 763 2060 805 non

473 849 676 922 tegitur
699 862 902 916 carne;
933 853 990 903 et
1014 860 1178 902 carne
1217 844 1439 917 tegitur,
1478 844 1573 900 sed
1598 859 1705 900 non
1744 857 1869 901 cum
1899 857 2064 898 carne

473 931 746 1007 moritur;
767 938 862 1012 qui
885 951 1013 994 vero
1049 951 1215 992 carne
1240 935 1460 1009 tegitur,
1503 944 1708 994 etcum
1747 948 1913 990 carne
1949 947 2064 988 mo-

475 1029 618 1087 ritur
635 1030 660 1086 ?
680 1045 776 1088 seu
803 1030 969 1087 etiam
995 1027 1366 1100 unusquisque
1387 1041 1574 1084 eorum
1602 1026 1670 1082 ad
1693 1040 1856 1097 quam
1893 1023 2063 1096 perti-

475 1133 603 1180 neat
626 1121 977 1180 creaturam?
1002 1119 1154 1192 Resp.
1204 1119 1440 1193 Spiritus
1483 1135 1734 1192 namque,
1764 1120 1856 1190 qui
1903 1133 2067 1174 carne

475 1231 586 1275 non
631 1215 852 1288 tegitur,
900 1213 1215 1289 angelorum
1262 1222 1389 1279 est;
1439 1212 1665 1286 spiritus
1717 1221 1919 1275 autem,
1973 1211 2067 1280 qui

476 1319 643 1365 carne
692 1304 910 1380 tegitur,
953 1305 1051 1362 sed
1089 1319 1198 1363 non
1231 1319 1355 1361 cum
1401 1317 1567 1360 carne
1595 1301 1845 1366 moritur,
1894 1298 2071 1356 homi-

476 1415 612 1458 num
635 1407 757 1468 est;
801 1397 1025 1474 spiritus
1063 1412 1213 1464 vero,
1258 1397 1354 1469 qui
1393 1409 1562 1452 carne
1598 1395 1814 1466 tegitur,
1863 1401 2069 1448 etcum

478 1509 647 1550 carne
685 1493 936 1558 moritur,
977 1490 1366 1565 iumentorum,
1412 1488 1760 1557 omniumque
1787 1485 2070 1539 brutorum

482 1583 798 1641 animalium
823 1593 928 1639 est.

554 1695 722 1754 Inter.
770 1696 1048 1754 Habentur
1092 1695 1277 1767 plures
1324 1695 1570 1766 spiritus,
1613 1709 1682 1749 an
1713 1707 1818 1748 non
1844 1689 1873 1745 ἵ
1916 1691 2067 1761 Resp.

486 1791 685 1862 Utique
727 1790 1016 1848 habentur.
1066 1787 1232 1845 Inter.
1283 1787 1564 1857 Quomodo
1591 1787 1617 1840 ?
1661 1783 1816 1857 Resp.
1865 1783 2076 1839 Dicitur

2161 623 2298 678 ritus
2324 619 2610 690 superbiae,
2633 613 2858 686 spiritus
2881 626 3034 666 vana:
3058 608 3259 681 gloriae.

2234 709 2402 765 Inter.
2427 705 2709 776 Quomodo
2740 704 2807 758 ad
2837 701 3252 758 submissionem
3272 697 3297 749 ?
3329 693 3483 766 Resp.
3519 693 3593 748 Ad
3624 693 3756 752 sub.

2164 799 2477 857 missionem
2511 808 2743 867 quoque,
2778 794 2922 848 sicut
2954 792 3008 846 in
3042 790 3240 845 bonam
3273 794 3521 858 partem:
3564 783 3761 855 Inspi-

2165 896 2269 949 ritu
2285 890 2620 953 humi'itatis,
2641 896 2716 952 et,
2741 885 2875 940 beati
2894 897 3145 955 pauperes
3165 879 3354 950 spiritu
3372 875 3587 950 (Matth.
3603 891 3656 943 τ’,
3673 875 3755 948 5).

2165 985 2235 1042 Et
2263 981 2552 1054 Apostolus
2574 980 2640 1036 de
2665 992 2915 1034 sermone
2943 974 3037 1030 Dei
3066 972 3218 1038 dicit,
3257 970 3402 1041 quod
3446 969 3522 1025 sit
3553 970 3761 1038 pertin-

2165 1091 2290 1148 gens
2323 1087 2487 1144 usque
2532 1071 2602 1125 ad
2636 1067 2942 1124 divisionem
2986 1063 3200 1128 animle,
3232 1076 3294 1116 ac
3337 1059 3556 1131 spiritus
3593 1054 3755 1132 (IIeb.

2166 1183 2240 1232 tv,
2279 1166 2388 1238 l2).
2414 1162 2577 1220 Juxta
2615 1176 2778 1232 quem
2803 1156 2962 1214 talem
3005 1157 3225 1212 modum
3256 1155 3452 1211 dicitur
3485 1165 3540 1210 et
3575 1152 3763 1210 dit-ina

2167 1255 2565 1314 animadversio
2602 1251 2847 1324 spiritus,
2884 1250 3025 1306 sicut
3050 1246 3311 1319 scriptu...
3335 1253 3456 1301 est:
3511 1243 3595 1299 En
3627 1260 3758 1315 pro-

2169 1350 2336 1420 feram
2364 1346 2507 1404 vobis
2547 1343 2791 1418 spiritum
2833 1356 3029 1406 meum,
3069 1349 3120 1396 et
3161 1338 3432 1394 ostendam
3462 1335 3614 1391 verba
3641 1350 3764 1390 mea

2169 1439 2351 1515 (Prov.
2387 1456 2425 1506 l,
2452 1437 2567 1511 23).
2610 1437 2678 1492 Et
2707 1436 2930 1500 iterum,
2973 1431 3143 1502 iniqui
3167 1431 3424 1486 dicuntur
3458 1427 3618 1483 ﬂante
3651 1426 3764 1482 Deo

2169 1531 2419 1604 periisse,
2466 1537 2521 1584 et
2559 1527 2753 1600 spiritu
2796 1527 2891 1580 irae
2936 1521 3054 1593 ejus
3094 1535 3214 1578 esse
3249 1518 3576 1588 consumpti,
3617 1517 3766 1589 quod

2169 1625 2356 1696 utique
2383 1638 2490 1678 non
2513 1621 2730 1692 proprie
2762 1618 2962 1674 dicitur
3005 1615 3070 1672 de
3097 1614 3230 1680 Deo,
3263 1613 3358 1669 sed
3394 1611 3768 1682 metaphorice

2173 1717 2243 1773 ab
2282 1714 2535 1772 humanis
2569 1711 2808 1768 motibus
2848 1708 3170 1765 translatum
3200 1716 3285 1760 est
3316 1704 3384 1760 ad
3429 1703 3622 1759 Deum.

2248 1807 2412 1862 Inter.
2470 1805 2821 1860 inveniuntur
2863 1801 2952 1856 alii
2999 1798 3245 1869 spiritus,
3291 1811 3359 1850 an
3413 1793 3566 1848 non?
3609 1790 3764 1861 Resp.

482 1886 648 1942 etiam
671 1893 729 1942 ⁸⁸
747 1900 874 1972 Pais
895 1884 1108 1949 animat
1149 1883 1202 1939 id
1241 1893 1345 1948 δεῖν
1379 1880 1712 1938 "donamus
1740 1893 1914 1972 ηιεηεν
1953 1892 2075 1948 qm“
2107 1889 2151 1950 Β
2178 1900 2449 1969 Scriptum
2495 1902 2579 1952 est
2623 1893 2790 1950 etiam
2826 1901 2892 1947 de
2915 1889 3063 1946 sole:
3110 1885 3319 1959 Gyrans
3361 1883 3594 1955 gyrando
3626 1885 3770 1937 dedit

482 1977 674 2036 oculus
694 1986 779 2036 est
805 1970 1020 2044 animat,
1047 1975 1300 2049 spiritus,
1336 1988 1458 2044 qua:
1481 1987 1652 2044 capax
1680 1979 1765 2029 est
1809 1970 2076 2026 donorum

484 2071 772 2142 spirituum
813 2066 1021 2145 (Forte,
1053 2064 1459 2140 spiritualium],
1488 2073 1543 2121 et
1570 2064 1766 2119 dirinte
1806 2060 2078 2118 inhabita-

486 2162 652 2221 tionis
674 2163 901 2234 gratiam
931 2160 1139 2216 obtinet
1165 2156 1561 2230 participando,
1605 2155 1751 2211 sicut
1787 2151 2077 2224 Apostolus

487 2262 565 2310 ait
589 2273 602 2309 :
635 2252 971 2311 Renouamini
997 2253 1184 2324 spiritu
1209 2249 1391 2306 mentis
1413 2257 1596 2304 restria
1616 2243 1831 2320 (Epiros.
1863 2259 1936 2308 IV,
1957 2241 2074 2315 (ιιι).

485 2345 556 2402 Et
589 2347 785 2402 iterum
812 2363 825 2400 :
875 2343 933 2402 Si
961 2345 1177 2400 vivimus
1205 2343 1416 2416 spiritu.
1463 2340 1651 2413 spiritu
1674 2347 1723 2394 et
1751 2335 2076 2393 ambulemus

488 2436 633 2509 (Gal.
665 2437 853 2509 v.25).
885 2437 953 2493 Et
989 2437 1118 2493 item
1144 2453 1156 2490 :
1199 2432 1303 2490 Vos
1330 2444 1505 2490 autem
1534 2432 1589 2488 in
1618 2447 1776 2487 carne
1806 2446 1912 2485 non
1929 2427 2074 2492 estis,

487 2529 577 2585 sed
615 2530 670 2584 in
693 2528 880 2601 spiritu
906 2525 1077 2600 (Rom.
1108 2542 1223 2591 vm,
1252 2525 1328 2597 9).

565 2642 728 2699 Inter.
778 2641 878 2699 Est
905 2640 1003 2698 tibi
1046 2640 1250 2711 aliquid
1294 2639 1523 2710 amplius
1549 2637 1615 2693 ad
1658 2632 2080 2706 requirendum?

493 2733 651 2806 Resp.
699 2732 897 2789 Etiam.
949 2729 1116 2787 Inter.
1169 2728 1360 2799 Quid?
1408 2727 1561 2800 Resp.
1612 2726 1820 2782 Dicitur
1864 2737 2080 2796 quoque

491 2823 817 2898 generaliter
841 2831 954 2879 tota
995 2823 1174 2878 anima
1216 2819 1458 2892 spiritus,
1501 2819 1642 2874 sicut
1677 2817 1744 2873 de
1768 2815 1996 2871 Domino
2025 2813 2080 2868 in

494 2914 786 2988 Erangelio
833 2915 1094 2986 scriptum
1137 2920 1220 2968 est
1258 2930 1274 2967 :
1330 2910 1595 2967 Inclinato
1644 2909 1811 2980 capite
1859 2905 2082 2962 tradidit

493 3007 736 3080 spiritum
775 3006 956 3078 (Joan.
998 3021 1110 3069 xix,
1160 3003 1271 3074 50).
1320 3003 1387 3058 Et
1429 3000 1568 3058 Psal.
1615 3003 1681 3057 de
1720 2997 2030 3056 hominibus
2066 3016 2077 3050 :

495 3099 672 3158 Exieit
693 3101 910 3172 spiritus
945 3115 1123 3156 eorum
1147 3096 1318 3170 (Psal.
1354 3095 1569 3165 xw,.4).
1598 3092 1664 3151 Et
1684 3089 2041 3150 Ecclesiastes
2066 3106 2077 3142 :

498 3195 630 3262 Quis
665 3193 828 3260 novit,
865 3193 910 3248 si
938 3193 1156 3264 spiritus
1199 3190 1430 3261 filiorum
1467 3188 1637 3243 Adam
1683 3185 1920 3242 ascendit
1963 3198 2084 3238 sur-

2177 1991 2412 2065 spiritus.
2459 1987 2550 2042 Vel
2601 1989 2744 2042 sicut
2791 1984 2896 2039 alia
2939 1981 3108 2037 habet
3148 1977 3473 2034 translatio:
3511 1972 3773 2030 Lustrans

2178 2064 2417 2138 universi.
2451 2097 2544 2152 per
2583 2076 2862 2132 circuitum
2907 2073 3078 2147 pergit
3119 2069 3329 2142 spiritus
3374 2065 3572 2140 (Eccle.
3623 2081 3660 2132 l,
3689 2064 3772 2136 6).

2177 2179 2286 2236 Sed
2311 2179 2380 2234 de
2404 2178 2487 2233 his
2508 2171 2877 2246 superioribus
2912 2167 3086 2224 modis
3119 2174 3266 2238 patet
3302 2161 3522 2225 veritas,
3547 2173 3670 2230 quae
3690 2157 3780 2215 di-

2176 2279 2376 2328 cuntur
2415 2267 2675 2338 spiritus;
2715 2264 2783 2319 de
2820 2263 2926 2318 hoc
2962 2273 3198 2331 quoque,
3246 2254 3392 2327 quod
3430 2250 3514 2310 sol
3549 2250 3780 2322 spiritus

2179 2364 2392 2428 dicitur,
2432 2375 2538 2416 non
2575 2356 2838 2420 declarat,
2863 2368 3034 2424 quare
3061 2352 3295 2406 dicatur.
3323 2355 3463 2403 teste
3484 2344 3642 2401 beato
3659 2341 3775 2398 Att-

2180 2455 2414 2528 gnstino,
2451 2452 2547 2524 qui
2573 2452 2648 2507 ait
2677 2469 2688 2504 :
2725 2447 2918 2503 Dicant
2939 2447 3028 2516 qui
3058 2453 3293 2514 possunt,
3327 2446 3383 2495 et
3407 2435 3632 2508 reliqua.

2253 2546 2420 2601 Inter.
2459 2543 2556 2599 llis
2582 2544 2656 2598 ita
2682 2537 2932 2611 expletis,
2961 2535 3206 2608 supplico
3241 2531 3565 2588 charitatcm
3603 2537 3768 2591 tuam,

2182 2645 2243 2693 ut
2273 2636 2405 2693 mihi
2435 2635 2704 2690 veraciter
2754 2629 2992 2701 aperias,
3042 2627 3088 2683 si
3133 2627 3189 2681 in
3228 2621 3432 2680 sanctis
3481 2618 3776 2690 Scriptnris

2179 2731 2365 2802 plures
2399 2727 2620 2798 spiritus
2649 2726 2752 2780 sim
2785 2735 2950 2778 ausus
2973 2717 3301 2789 investigare
3321 2715 3348 2770 ἵ
3380 2712 3534 2783 Resp.
3559 2711 3778 2782 Utique.

2183 2824 2350 2880 Inter.
2375 2823 2493 2892 Qua
2521 2818 2776 2877 ratione?
2808 2815 2964 2888 Resp.
2995 2812 3254 2872 Summus
3275 2823 3510 2880 namque
3531 2805 3788 2863 conditor

2182 2925 2240 2971 et
2260 2913 2560 2970 viviﬁcator
2603 2910 2838 2982 Spiritus
2871 2903 3215 2976 omnipotens
3237 2901 3380 2957 Deus
3422 2904 3645 2969 propter
3672 2896 3789 2966 spi-

2187 3006 2396 3062 ritalem
2421 3013 2477 3060 et
2496 3005 2868 3073 incorporeum
2890 3005 3138 3054 naturam
3161 2992 3380 3066 spiritus
3403 2990 3619 3056 dicitur,
3642 2989 3788 3045 sicut

2187 3097 2400 3154 Veritas
2437 3097 2488 3150 in
2530 3091 2822 3164 Evangeiio
2845 3089 2961 3146 ait:
3019 3085 3252 3159 Spiritus
3287 3093 3362 3140 est
3398 3081 3565 3148 Deus,
3593 3089 3643 3136 et
3669 3095 3785 3144 eos,

2184 3189 2275 3261 qui
2295 3187 2521 3242 adorant
2550 3200 2694 3250 eum,
2725 3182 2782 3238 in
2807 3181 2996 3253 spiritu
3019 3187 3069 3235 et
3090 3179 3308 3236 veritate
3334 3181 3535 3248 oportet
3559 3171 3788 3229 adorare

496 3304 614 3344 sum
645 3285 843 3359 (Eccle.
897 3263 981 3352 tu,
1008 3283 1123 3356 2|).
1166 3281 1447 3348 Dicuntur,
1479 3280 1622 3336 sicut
1658 3276 1908 3349 superius
1943 3273 2076 3339 dixi,
2103 3265 2154 3330 Ο
2184 3279 2364 3353 (Joan.
2391 3293 2462 3343 IV,
2497 3275 2615 3347 24).
2656 3276 2919 3331 Dicuntur
2937 3271 3083 3328 enim
3113 3270 3254 3328 dona
3296 3267 3592 3342 gratiarum
3619 3263 3785 3336 spiri-

501 3381 696 3441 unima:
713 3380 954 3436 omnium
984 3377 1294 3434 animalium
1337 3375 1578 3445 spiritus,
1623 3372 1691 3428 de
1714 3370 1910 3442 quibus
1938 3368 2081 3424 idem

502 3471 860 3529 Ecclesiastes
886 3473 1001 3526 ait:
1051 3467 1181 3536 Quis
1208 3466 1365 3531 norit,
1397 3465 1440 3520 si
1466 3464 1681 3538 spiritus
1723 3463 2084 3534 iumentorum

500 3563 782 3620 descendat
810 3563 1078 3618 deorsum.
1106 3561 1175 3617 Et
1203 3561 1258 3616 in
1286 3560 1391 3615 llnc
1423 3557 1778 3630 psalmorum,
1807 3554 1950 3612 unde
1970 3554 2084 3627 iam

501 3659 706 3713 dictum
724 3662 845 3710 est:
880 3653 1064 3708 Omnis
1101 3653 1317 3725 spiritus
1357 3649 1537 3704 laudet
1578 3644 1862 3704 Dominum
1909 3640 2082 3716 (Psal.

500 3765 590 3813 ct,
619 3746 699 3819 6).
728 3745 786 3803 lu
815 3745 1078 3803 llebraico
1099 3743 1299 3801 etenim
1327 3741 1521 3813 legitur
1551 3760 1564 3794 :
1617 3737 1784 3795 Omne
1805 3737 1948 3809 quod
1983 3739 2089 3810 spi-

503 3853 609 3908 rat,
632 3841 810 3898 laudet
837 3839 1141 3897 Dominum.
1173 3840 1241 3895 Et
1263 3839 1319 3894 in
1335 3838 1531 3894 Genesi
1555 3855 1568 3892 :
1597 3834 1785 3892 Omnis
1807 3851 1953 3902 caro,
1971 3851 2090 3906 quis

503 3935 691 3990 habeat
715 3931 966 4006 ‘i'piritum
993 3932 1113 3988 rita:
1142 3930 1295 4004 (Gen.
1330 3943 1421 3995 vn,
1452 3929 1563 4002 l5).
1602 3927 1811 3984 Dicitur
1836 3928 1982 3982 enim
2003 3942 2093 3983 vo-

507 4026 640 4081 calis
667 4024 826 4081 ﬂatus
853 4023 908 4081 in
929 4023 1148 4080 homine
1176 4021 1418 4093 spiritus,
1459 4020 1602 4076 sicut
1643 4020 1720 4075 ait
1765 4017 2087 4089 Apostolus:

509 4116 652 4171 Nam
680 4118 726 4170 si
755 4133 896 4171 orem
925 4113 1128 4187 lingua,
1153 4114 1369 4186 spiritus
1390 4112 1598 4185 quidem
1621 4126 1765 4167 meus
1791 4119 1928 4174 orat,
1951 4126 2093 4164 mem

508 4217 680 4262 autem
711 4224 827 4262 mea
851 4208 962 4262 sine
989 4206 1162 4276 {ructu
1195 4217 1270 4260 est
1297 4203 1347 4278 (I
1372 4203 1495 4258 Cor.
1528 4219 1641 4268 xw,
1683 4203 1786 4273 li).

583 4317 750 4374 Inter.
779 4317 969 4374 Adhuc
991 4315 1059 4374 de
1087 4315 1298 4403 ratione
1325 4314 1612 4386 spirituum
1633 4328 1664 4369 a
1695 4322 1749 4368 te
1778 4313 1967 4368 audire
2004 4327 2099 4366 vo-

511 4407 752 4464 luissem.
780 4406 934 4480 Resp.
959 4405 1028 4463 Et
1063 4409 1178 4489 θεῄ
1189 4405 1304 4471 tibi,
1331 4413 1491 4477 prout
1516 4404 1650 4489 scio,
1693 4405 1870 4460 adhuc
1897 4403 2095 4459 dicam.

513 4409 752 4464 luissem.
780 4409 934 4480 Resp.
959 4409 1028 4463 Et
1063 4420 1127 4476 eg
1189 4409 1304 4471 tibi,
1331 4413 1491 4477 prout
1516 4409 1649 4470 scio,
1693 4409 1870 4460 adhuc
1897 4409 2095 4459 dicam.

513 4500 724 4557 Dicitur
747 4515 960 4572 quoque
1003 4409 1481 4672 llatns\'veutorum
1527 4483 1774 4569 spiritus,
1803 4496 1944 4552 sicut
1968 4497 2102 4551 scri-

513 4605 663 4666 ptum
685 4604 804 4650 est:
855 4593 1082 4666 Spiritus
1107 4610 1201 4667 pro
1264 4589 1456 4647 (larum
1483 4589 1653 4658 (Psal.
1689 4606 1744 4658 ι,
1772 4590 1842 4659 7;
1869 4599 1920 4646 et
1951 4587 2096 4646 Psal.

2187 3381 2297 3436 tus,
2338 3371 2480 3426 sicut
2512 3366 2841 3439 evangelista
2887 3372 3125 3420 testatur
3155 3377 3280 3420 cum
3331 3359 3514 3416 verbis
3545 3357 3784 3424 Domini,

2185 3464 2278 3534 qui
2315 3462 2426 3517 ait:
2475 3457 2726 3514 Flumina
2766 3457 2832 3512 de
2856 3465 3033 3512 centre
3076 3454 3192 3525 ejus
3219 3453 3384 3524 ﬂuent
3423 3463 3576 3522 aqua
3610 3447 3738 3504 siste
3760 3464 3786 3514 ,-

2186 3555 2496 3628 subjungit:
2537 3550 2653 3606 Hoc
2678 3562 2854 3608 autem
2880 3549 3086 3604 dicebat
3121 3545 3188 3602 de
3211 3545 3422 3620 spiritu,
3446 3557 3598 3617 quem
3633 3557 3788 3599 acce-

2187 3648 2329 3721 pturi
2365 3655 2513 3701 erant
2557 3642 2824 3698 credentes
2875 3642 2931 3696 in
2980 3654 3098 3696 eunt
3143 3636 3328 3695 (toan.
3370 3650 3465 3703 vn,
3501 3634 3615 3707 58).
3669 3631 3789 3690 Hoc

2190 3740 2350 3797 modo
2375 3738 2611 3809 Spiritus
2638 3743 2862 3791 sanctus
2893 3732 3156 3790 mentium
3197 3730 3472 3786 habitator
3501 3741 3621 3784 esse
3651 3726 3791 3785 dici-

2192 3846 2300 3901 tur,
2324 3834 2462 3890 sicut
2488 3830 2774 3904 Apostolus
2803 3829 2909 3885 ait:
2937 3827 3170 3900 Corpora
3193 3837 3366 3881 vestra
3389 3824 3639 3897 templum
3663 3831 3791 3881 sunt

2195 3928 2426 4000 Spiritus
2451 3927 2640 3980 sancti.
2669 3923 2739 3979 Et
2770 3931 2894 3993 post
2921 3933 3094 3989 pauca
3125 3937 3137 3973 :
3181 3917 3486 3987 Cloriﬁcats
3515 3927 3566 3972 et
3589 3923 3794 3984 portate

2193 4019 2363 4076 Deum
2388 4017 2443 4072 in
2481 4032 2696 4087 corpore
2723 4022 2893 4068 oestro
2919 4011 2978 4083 (I
3003 4010 3126 4066 Cor.
3157 4024 3233 4074 Vl,
3268 4009 3355 4075 19,
3382 4007 3498 4081 20).
3529 4009 3596 4064 Et
3622 4004 3746 4063 alibi
3775 4024 3792 4062 :

2195 4111 2442 4166 Charitas
2478 4107 2575 4163 Dei
2623 4105 2821 4176 diffusa
2851 4115 2927 4159 est
2956 4103 3012 4158 in
3056 4101 3299 4157 cordibus
3328 4098 3521 4154 nostris
3555 4113 3650 4166 per
3672 4094 3794 4168 Spi-

2197 4206 2353 4261 ritum
2380 4214 2638 4268 sanctum,
2679 4201 2770 4272 qui
2791 4200 2947 4253 elatus
2974 4204 3050 4252 est
3081 4194 3225 4250 nobis
3256 4193 3430 4260 (Rom.
3465 4208 3518 4259 ι’,
3556 4191 3633 4262 ii).
3674 4189 3792 4245 ilice

2197 4301 2266 4356 de
2287 4297 2568 4370 spiritibus
2587 4294 2806 4350 habeto.

2805 4402 3033 4462 CAPUT
3061 4401 3150 4457 IV.

2617 4515 2638 4544 ³
2670 4518 2734 4556 DE
2765 4511 2938 4555 ΒΕΖθεί
2963 4508 3052 4552 »ει
3075 4508 3381 4552 κοιιικιιιυε.

513 4605 663 4666 ptum
685 4604 804 4650 est:
855 4593 1082 4666 Spiritus
1107 4578 1456 4672 procellarum
1483 4589 1653 4658 (Psal.
1689 4606 1744 4658 ι,
1772 4590 1842 4659 7;
1869 4599 1920 4646 et
1951 4587 2096 4646 Psal.

2275 4600 2441 4655 Inter.
2461 4595 2678 4651 Prolata
2707 4591 2920 4646 ratione
2947 4587 3256 4658 spirituum,
3279 4596 3427 4639 nunc
3450 4581 3572 4638 volo
3603 4589 3660 4636 ut
3703 4578 3790 4634 di-

513 4701 736 4753 cxulu,
761 4687 838 4758 8).
865 4685 932 4741 Et
959 4685 1083 4740 alibi
1111 4705 1122 4740 :
1152 4682 1314 4784 m
1339 4682 1539 4756 Spiritu
1561 4681 1844 4740 vehementi
1867 4692 2100 4740 conteres

2202 4707 2296 4749 cas
2335 4689 2490 4753 mihi,
2515 4687 2712 4758 quibus
2743 4680 3051 4739 nominibus
3083 4679 3138 4733 in
3184 4672 3486 4746 Scripturis
3511 4673 3792 4729 sacris.....

2471 4783 2492 4784 η
2777 4778 2807 4784 --
2939 4775 2959 4784 -
3007 4772 3042 4784 .-
3184 4772 3224 4784 λ
3535 4769 3550 4784 .
3651 4764 3790 4784 ..-η

517 4793 674 4831 stares
722 4773 936 4831 Tharsis
975 4774 1146 4847 (Psal.
1176 4771 1342 4840 urit,
1379 4774 1456 4848 8).
1495 4772 1728 4830 Adduxit
1761 4791 1965 4847 quoque
1993 4771 2102 4829 Do-

517 4869 690 4924 minus
719 4866 956 4937 spiritum
983 4883 1137 4938 super
1156 4875 1373 4932 terram,
1410 4872 1460 4921 et
1486 4863 1756 4921 diminuta:
1784 4875 1902 4920 sunt
1947 4881 2100 4937 aqua:

518 4956 673 5030 (Gen.
696 4973 816 5023 rm,
842 4957 916 5029 Ι).
951 4959 1216 5014 Dicuntur
1243 4963 1298 5013 et
1323 4956 1648 5013 adversaria:
1672 4963 1967 5029 potestates
1992 4955 2102 5028 spi—

519 5051 676 5114 ritus,
703 5049 844 5106 sicut
879 5049 1134 5120 scriptum
1166 5057 1250 5105 est
1274 5067 1288 5104 :
1329 5046 1560 5119 Spiritus
1588 5047 1802 5104 Domini
1829 5048 2002 5104 malus
2031 5047 2105 5102 ir-

523 5143 709 5198 ruebat
742 5143 797 5199 in
827 5136 962 5198 Saul
1005 5141 1058 5214 (I
1084 5140 1209 5214 Reg.
1248 5157 1404 5207 xvm,
1440 5138 1548 5210 l0).
1579 5138 1648 5195 Et
1684 5139 1920 5196 iterum:
1970 5136 2105 5195 Cum

522 5235 824 5292 immundus
847 5236 1061 5308 spiritus
1089 5235 1270 5291 exierit
1302 5235 1370 5289 ab
1391 5233 1600 5288 nomine
1627 5231 1842 5306 (Matth.
1870 5248 1969 5299 xu,
1991 5231 2104 5306 45).

527 5329 733 5385 Dicitur
761 5328 926 5384 etiam
968 5335 1144 5384 motus
1170 5325 1338 5381 animi
1383 5324 1465 5381 vel
1496 5323 1563 5380 ad
1595 5323 1998 5390 excitationem,
2023 5322 2112 5378 vel

529 5422 597 5476 ad
630 5419 1044 5475 submissionem
1077 5418 1316 5488 spiritus.

600 5537 766 5592 Inter.
799 5531 1080 5602 Quomodo
1102 5533 1169 5587 ad
1201 5530 1630 5586 excitationem?
1656 5528 1808 5600 Resp.
1853 5529 1934 5583 Ad
1971 5527 2118 5583 esci-

532 5631 793 5687 tationem
829 5641 1085 5698 namque,
1131 5622 1272 5680 sicut
1320 5622 1555 5678 diximus
1595 5617 1803 5694 (Forte,
1839 5617 2111 5689 dicimus],

603 5844 630 5872 ι
653 5830 984 5887 Trithcinius
1009 5828 1098 5883 lib.
1118 5843 1153 5882 tt
1169 5827 1235 5881 de
1257 5824 1398 5880 Viris
1425 5820 1723 5878 illustribus
1737 5817 1797 5874 Ο.
1817 5819 1873 5872 S.
1891 5817 1975 5872 Β..
1994 5831 2110 5885 cap.

543 5906 894 5965 Qtinecensct
944 5900 1084 5956 inter
1143 5898 1340 5968 scripta
1394 5892 1603 5950 Alcuini
1642 5890 1760 5946 :Dc
1803 5888 2115 5960 proprit‘tatc

2204 4784 2438 4863 [Suppl.,
2469 4783 2614 4839 Deus
2638 4775 2982 4852 appellatur].
3002 4772 3151 4846 Resp.
3184 4772 3382 4827 Decem
3405 4769 3625 4824 nomina
3651 4764 3798 4822 Deus

2205 4857 2410 4936 habere
2433 4875 2649 4947 legitur.
2692 4869 2858 4924 Inter.
2884 4867 3015 4936 Qua:
3044 4873 3173 4921 sunt
3198 4863 3348 4918 luce?
3373 4859 3525 4932 Resp.
3553 4857 3795 4947 Primmn

2207 4968 2351 5043 apud
2380 4946 2622 5023 Hebrcos
2635 4977 2832 5019 nomen
2857 4959 2954 5015 Dei
2977 4957 3044 5012 El
3065 4954 3294 5021 dicitur;
3315 4951 3614 5010 secundum
3639 4946 3799 5016 Elei;

2207 5063 2428 5121 tertium
2454 5059 2614 5123 Eloe;
2636 5063 2892 5127 quartum
2915 5049 3182 5114 Sabaoth;
3207 5046 3456 5119 quintum
3476 5043 3664 5108 Elian;
3679 5056 3798 5098 set-

2210 5161 2326 5224 tum
2351 5148 2502 5215 Eiet;
2548 5145 2835 5220 septimum
2880 5139 3118 5203 Adonei,
3146 5146 3399 5195 octawm
3453 5133 3558 5198 Ia;
3598 5146 3797 5190 nonum

2212 5249 2692 5313 tetragrammaton,
2717 5233 2862 5306 quod
2891 5241 2974 5289 est
2997 5229 3131 5286 Jode
3157 5229 3328 5295 Jode;
3367 5227 3640 5283 decimum
3669 5238 3797 5281 vero

2216 5334 2401 5392 Sadai.

2290 5424 2456 5480 Inter.
2488 5421 2641 5477 Nunc
2667 5433 2797 5491 rogo
2824 5428 2884 5472 ut
2913 5417 3104 5472 horum
3130 5414 3372 5469 omnium
3414 5411 3680 5467 rationem
3721 5418 3798 5464 at-

2216 5537 2323 5594 que
2346 5514 2865 5588 interpretationem,
2881 5511 2948 5566 de
2969 5510 3165 5580 quibus
3185 5505 3394 5571 dixisti,
3415 5518 3588 5576 quare
3607 5516 3800 5558 rocen~

2219 5626 2326 5680 tur,
2351 5612 2482 5669 mihi
2509 5624 2766 5672 exponas.
2795 5604 2948 5676 Resp.
2976 5603 3281 5660 Secundum
3296 5599 3441 5671 quod
3465 5597 3586 5672 legi,
3608 5595 3794 5656 faciam

2219 5813 2505 5874 nominum,
2543 5826 2657 5882 qua:
2689 5806 2797 5864 Deo
2830 5806 3189 5863 attribuuntur
3213 5802 3267 5856 in
3300 5796 3586 5868 Scripturis
3615 5794 3804 5852 librum

2221 5899 2399 5938 unum.
