4090 6532
253 477 385 535 1109
1163 466 1313 524 ΟΡΡ.
1360 464 1584 522 DUBM.
1627 494 1693 503 —
1737 460 2152 519 Dl‘ﬁl‘UTATlO
2191 456 2596 516 PUEROllL'Sl.
3397 447 3525 500 me

248 589 388 662 quod
413 584 614 657 petisti.
643 595 666 623 ιι
688 580 935 636 Primum
958 578 1095 647 apud
1117 578 1353 632 llebreos
1379 576 1472 631 Dei
1495 589 1711 639 nomen,
1736 574 1836 628 sic—
1864 582 1912 640 Α
1941 581 2045 629 test
2074 590 2087 639 ;
2115 573 2209 628 sed
2234 589 2261 626 a
2289 570 2532 627 faciendo
2558 569 2697 639 quod
2732 568 2856 630 \ult,
2893 584 2995 621 tum
3028 588 3054 618 ,ι
3086 563 3357 634 patiendo,
3386 564 3529 632 quod

248 657 306 733 ut
323 675 456 741 dixi,
482 672 549 729 EI
573 670 793 733 dicitur,
812 666 955 738 quod
978 667 1068 720 alii
1098 667 1284 731 Deum,
1306 665 1393 719 alii
1417 663 1838 734 :ethimologiam
1941 680 2047 719 non
2078 664 2188 718 vult
2214 681 2224 728 ;
2256 664 2400 733 quod
2427 662 2470 716 si
2497 661 2787 723 accideret,
2813 673 3151 726 unumunum
3180 664 3325 711 esset
3353 657 3531 711 muni-

248 772 365 840 ejus
380 765 746 837 exprimentes
770 761 969 831 Cltyros
987 756 1195 829 {Forte},
1220 757 1491 832 ἱσχυρός],
1519 757 1691 821 idest,
1727 758 1836 810 l‘or-
1938 765 2164 826 potens;
2189 756 2319 810 facit
2339 755 2484 809 enim
2510 753 2768 823 quidquid
2792 751 2924 815 vult,
2944 757 3001 803 et
3024 750 3144 804 inde
3167 749 3530 818 omnipotens.

253 838 358 916 tem
405 855 744 929 interpretati
792 864 938 919 sunt,
987 853 1107 909 ideo
1144 852 1291 923 quod
1328 852 1475 907 nulla
1525 850 1840 905 inﬁrmitate
1939 850 2070 905 item
2092 848 2458 917 omnipotens,
2476 844 2929 914 quiaipsiussunt
2953 840 3157 905 omnia,
3190 854 3310 911 qua:
3333 838 3532 909 ubique

248 956 593 1029 opprimitur,
615 953 709 1010 sed
732 951 892 1009 fortis
919 959 1022 1016 est,
1051 962 1107 1005 et
1128 947 1403 1005 sulliciens
1420 947 1487 1002 ad
1509 948 1689 1003 omnia
1715 962 1839 1015 ρει·-

251 1048 529 1122 pctranda.
595 1045 905 1102 Secundum
942 1059 1161 1108 nomen,
1224 1041 1363 1107 Eloi,
1418 1043 1637 1097 tertium
1690 1040 1839 1102 Eloe,

251 1138 393 1209 ipicsd
412 1148 702 1207 utrumque
733 1138 784 1192 in
810 1135 1066 1191 Latinum
1096 1134 1234 1188 Deus
1275 1132 1505 1199 dicitur;
1544 1139 1628 1187 est
1663 1141 1844 1185 autem

253 1245 445 1287 nomen
469 1229 521 1283 in
544 1227 793 1282 Latinum
808 1242 875 1281 ex
891 1224 1077 1281 Graeca
1106 1222 1464 1295 appellatione
1491 1220 1806 1276 translatum
1828 1237 1842 1283 ;

254 1336 378 1376 nam
409 1320 550 1375 Deus
587 1317 775 1375 Graece
816 1316 981 1371 Theos
1010 1316 1227 1381 dicitur,
1261 1314 1313 1368 id
1349 1320 1452 1378 est,
1497 1312 1683 1377 timor,
1704 1310 1848 1367 unde

254 1417 488 1467 tractum
531 1416 618 1465 est
645 1422 842 1464 nomen
874 1407 1038 1472 Deus,
1092 1405 1239 1477 quod
1273 1418 1398 1459 eum
1438 1402 1742 1460 colentibus
1779 1401 1851 1455 sit

256 1502 448 1567 timor;
480 1498 623 1555 Deus
669 1506 851 1555 autem
905 1500 1128 1570 proprie
1177 1512 1373 1553 nomen
1405 1504 1489 1552 est
1545 1494 1847 1559 Trinitatis,

260 1591 534 1668 pertinens
564 1588 628 1644 ad
656 1588 895 1655 Patrem,
924 1597 976 1643 ct
1001 1587 1198 1642 Filium
1213 1595 1269 1640 et
1282 1585 1544 1656 Spiritum
1568 1591 1848 1649 sanctum;

258 1686 326 1738 ad
356 1696 519 1753 quam
548 1680 871 1737 Trinitatem
897 1681 1064 1736 etiam
1106 1680 1335 1750 reliqua,
1358 1692 1481 1749 quae
1508 1676 1646 1733 intra
1685 1677 1853 1731 Deum

257 1781 384 1828 sunt
419 1771 621 1843 posita,
647 1770 908 1827 vocabula
960 1769 1290 1826 referuntur.
1338 1768 1603 1834 Quartum
1657 1780 1855 1821 nomen

260 1862 356 1918 Dei
385 1862 584 1918 dicitur
614 1860 871 1926 Sabaoth,
899 1861 1043 1931 quod
1072 1861 1301 1915 vertitur
1326 1860 1380 1913 in
1406 1857 1662 1913 Latinum
1708 1872 1858 1911 exer-

1941 950 2104 1005 sunt;
2128 942 2275 996 solus
2300 938 2446 993 enim
2475 939 2642 993 totius
2669 934 2851 991 mundi
2885 936 3046 989 habet
3075 933 3375 1002 imperium.

2014 1031 2178 1086 Inter.
2210 1030 2306 1085 Est
2334 1029 2559 1092 licitum,
2589 1028 2743 1098 plura
2777 1026 2993 1080 nomina
3024 1023 3118 1079 Dei
3149 1024 3441 1094 inquirere.
3463 1036 3531 1076 an

1944 1126 2100 1183 non?
2141 1125 2290 1196 Resp.
2334 1123 2482 1180 Licet
2532 1124 2736 1192 utique.
2793 1118 2953 1173 Inter.
3001 1113 3319 1183 Quomodo?
3374 1112 3523 1183 Resp.

1946 1220 2207 1275 Dicuntur
2230 1216 2394 1273 etiam
2418 1223 2474 1270 et
2493 1213 2596 1269 alia
2619 1209 2864 1283 quaedam
2898 1210 2949 1263 in
3000 1208 3167 1263 Deum
3197 1205 3532 1261 substantia-

1946 1312 2088 1373 liter,
2105 1310 2343 1373 nomina,
2359 1317 2418 1362 ut
2434 1305 2770 1371 immortalis,
2788 1298 3226 1370 iueorruplibilis,
3246 1298 3540 1353 incommu—

1948 1403 2146 1467 tabilis,
2187 1410 2451 1465 aeternus;
2496 1398 2638 1454 unde
2674 1405 2730 1454 et
2750 1397 2945 1452 merito
2979 1401 3184 1451 cuncta!
3211 1391 3541 1465 praponitur

1950 1502 2244 1559 creaturae;
2270 1493 2469 1548 dicitur
2498 1492 2661 1547 etiam
2690 1487 2990 1551 invisibilis,
3016 1484 3380 1559 impassibilis,
3403 1484 3536 1539 sim-

1952 1586 2095 1658 plex,
2126 1586 2489 1655 incorporeus,
2524 1584 2818 1637 immensus
2845 1588 2898 1635 et
2923 1577 3210 1649 perfectus.

2028 1677 2190 1735 Inter.
2247 1676 2429 1744 Quare
2478 1674 2677 1730 dicitur
2730 1670 3083 1727 immortalis?
3126 1667 3279 1740 Resp.
3337 1666 3545 1723 Dicitur

1955 1774 2121 1827 etiam
2149 1768 2487 1831 immortalis,
2518 1768 2660 1823 sicut
2687 1765 2752 1819 de
2777 1779 2841 1818 eo
2867 1763 3130 1833 scriptum
3167 1768 3287 1816 est:
3330 1757 3436 1825 Qui
3460 1776 3546 1814 εον

1961 1863 2043 1919 Ius
2071 1863 2221 1917 habet
2247 1861 2693 1917 immortalitatem
2715 1858 2763 1928 (I
2794 1856 2928 1912 Tim.
2953 1872 3024 1921 vr,
3050 1854 3166 1925 l6);
3191 1854 3316 1926 quia
3347 1853 3399 1909 in
3428 1854 3545 1925 ejus

260 1954 480 2019 rituum,
513 1954 628 2009 sive
652 1952 923 2015 uirtutum,
968 1950 1037 2006 de
1074 1964 1182 2020 quo
1210 1950 1263 2005 in
1297 1948 1507 2020 psalmo
1538 1947 1607 2001 ab
1660 1945 1863 2017 angelis

1971 1963 2159 2010 natura
2179 1952 2321 2008 nulla
2346 1960 2431 2007 est
2452 1948 2834 2013 commutatio;
2863 1963 2987 2002 nam
3014 1945 3190 2001 omnis
3215 1943 3549 2000 mutabilitss

260 2046 494 2101 dicitur:
541 2045 671 2111 Quis
710 2052 787 2099 est
811 2042 913 2098 iste
944 2058 1035 2096 res:
1071 2040 1274 2111 glorior,
1309 2039 1566 2095 Dominus
1614 2041 1864 2093 virtutum

265 2132 438 2203 (Psal.
484 2149 640 2199 mu,
681 2133 756 2204 8).
801 2133 942 2188 Sunt
984 2133 1129 2187 enim
1180 2132 1233 2185 in
1287 2128 1594 2202 hujusmodi
1645 2127 1864 2184 ordina-

267 2227 412 2283 tione
436 2227 663 2282 virtutes
688 2226 887 2292 multre,
919 2234 981 2279 ut
998 2224 1193 2295 angeli,
1223 2222 1567 2295 archangeli,
1594 2220 1867 2293 principa-

268 2325 375 2384 tus,
411 2324 465 2372 et
484 2323 799 2388 potestates,
826 2316 1118 2385 cunctique
1145 2314 1385 2370 caelestis
1408 2311 1863 2375 militizeordines,

268 2422 497 2476 quorum
524 2416 702 2461 tamen
729 2414 785 2459 et
811 2404 899 2459 ille
926 2404 1187 2460 Dominus
1222 2412 1308 2459 est
1334 2420 1348 2469 ;
1378 2417 1568 2457 omnes
1596 2402 1741 2455 enim
1766 2399 1869 2456 sub

270 2499 387 2568 ipso
414 2506 559 2563 sunt,
615 2494 838 2567 ejusque
902 2495 1201 2551 dominatui
1254 2492 1558 2563 subjacent.
1610 2492 1867 2560 Quintum

271 2589 448 2657 Elian,
480 2590 624 2660 quod
662 2590 1049 2660 interpretatur
1074 2588 1129 2642 in
1175 2587 1430 2642 Latinum
1467 2584 1736 2649 excelsus,
1775 2586 1866 2657 qui

269 2696 431 2752 supra
458 2680 625 2737 caelos
644 2691 747 2746 est,
780 2681 921 2735 sicut
947 2678 1214 2750 scriptum
1253 2686 1337 2733 est
1375 2678 1443 2732 de
1466 2690 1531 2732 eo
1567 2694 1581 2731 ι
1614 2674 1868 2730 Excetsus

252 2772 547 2838 Dominus,
575 2786 732 2842 super
755 2771 910 2826 omlos
947 2768 1117 2842 gloria
1160 2769 1275 2840 ejus
1324 2765 1738 2841 (Psal.cxn,4).
1767 2767 1871 2823 Ex-

270 2865 450 2923 celsus
476 2872 658 2920 autem
682 2866 861 2919 dictus
890 2878 989 2936 pro
1015 2864 1170 2918 valde
1222 2862 1419 2928 celsus,
1469 2876 1535 2916 ea:
1580 2862 1724 2916 enim
1762 2876 1864 2932 pro

274 2958 423 3014 valde
453 2958 693 3028 ponitur,
722 2958 878 3028 quasi
907 2958 1160 3023 eximius,
1208 2955 1364 3028 quasi
1409 2955 1568 3012 valde
1602 2956 1863 3011 eminens.

277 3050 503 3105 Sestum
532 3048 671 3115 Eiei,
696 3050 747 3103 id
778 3058 883 3116 est,
912 3050 1096 3121 quiest
1128 3067 1140 3104 :
1184 3048 1328 3105 Deus
1373 3048 1518 3103 enim
1566 3045 1735 3112 solus,
1776 3047 1869 3119 qui

276 3146 533 3207 aeternus,
577 3150 674 3206 est,
698 3147 756 3195 et
804 3140 875 3196 ob
926 3140 1030 3196 hoc
1084 3140 1176 3210 qui
1233 3139 1518 3193 exordium
1564 3151 1670 3193 non
1708 3137 1873 3193 habet

275 3229 524 3286 essentne
543 3245 739 3286 nomen
769 3244 894 3287 vere
925 3238 1110 3286 tenet:
1136 3232 1237 3288 hoc
1264 3230 1408 3285 enim
1436 3246 1631 3285 nomen
1653 3231 1719 3285 ad
1746 3245 1872 3286 san-

1965 2060 2071 2100 non
2134 2043 2578 2100 inconvenienter
2624 2040 2930 2096 mortalitas
2975 2039 3205 2103 dicitur;
3252 2036 3547 2093 secundum

1964 2135 2106 2204 quod
2135 2139 2191 2189 et
2216 2134 2395 2187 anima
2422 2131 2620 2187 dicitur
2646 2130 2804 2195 mori,
2839 2144 2944 2185 non
2971 2128 3096 2199 quia
3126 2128 3178 2182 in
3217 2142 3433 2196 corpus,
3467 2124 3552 2181 vel

1966 2226 2021 2282 in
2045 2225 2281 2298 aliquam
2307 2225 2533 2280 alteram
2557 2224 2913 2279 substantiam
2950 2227 3193 2276 mutatur
3210 2228 3266 2274 et
3301 2218 3548 2284 vertitur,

1965 2317 2061 2372 sed
2091 2316 2145 2371 in
2175 2316 2292 2388 ipsa
2319 2330 2411 2371 sua
2440 2315 2759 2381 substantia,
2797 2313 3060 2384 quidquid
3089 2311 3195 2370 alio
3220 2310 3380 2367 modo
3411 2327 3555 2365 nunc

1964 2416 2070 2476 est,
2093 2419 2187 2463 aut
2226 2406 2348 2474 fuit,
2393 2406 2691 2463 secundum
2733 2405 2788 2462 id
2810 2406 2958 2477 quod
2998 2404 3206 2461 destitit
3240 2417 3363 2459 esse
3411 2403 3554 2473 quod

1966 2505 2106 2566 erat,
2125 2497 2372 2554 mortalis
2396 2497 2583 2567 utique
2605 2494 3059 2567 deprehenditur;
3092 2509 3157 2549 ac
3171 2507 3270 2563 per
3284 2493 3387 2549 hoc
3409 2492 3558 2548 solus

1967 2589 2113 2646 Deus
2134 2590 2332 2646 dicitur
2372 2587 2714 2655 immortalis,
2739 2588 2864 2660 quia
2916 2587 3066 2643 solus
3088 2593 3174 2644 est
3199 2586 3559 2641 incommuta-

1968 2681 2109 2737 bilis.

2038 2776 2203 2833 Iuter.
2234 2775 2415 2844 Quare
2441 2774 2637 2832 dicitur
2675 2773 3136 2846 incorruptibilis?
3176 2771 3330 2844 Resp.
3372 2772 3557 2828 lucor-

1970 2868 2241 2941 ruptibilis
2268 2867 2590 2940 appellatur,
2613 2868 2738 2938 quia
2783 2866 3055 2937 corrumpi
3083 2873 3141 2921 et
3184 2863 3404 2920 dissolvi
3453 2880 3560 2920 non

1969 2972 2166 3037 potest,
2191 2979 2293 3020 nec
2315 2962 2502 3025 dividi;
2527 2959 2785 3033 quidquid
2824 2960 2970 3015 enim
3013 2959 3160 3031 capit
3208 2957 3552 3021 divisionem,

1966 3066 2023 3112 et
2053 3057 2331 3112 interitum
2359 3054 2537 3127 capit;
2573 3053 2662 3109 ille
2688 3067 2787 3109 nec
2817 3052 2982 3110 dividi
3015 3058 3213 3124 potest,
3237 3066 3339 3107 nec
3368 3050 3563 3107 interi-

1970 3150 2064 3213 mi,
2095 3148 2237 3204 unde
2263 3146 2687 3219 incorruptibilis
2706 3152 2807 3201 est.

2043 3238 2208 3294 Inter.
2236 3237 2391 3295 Unde
2422 3238 2621 3294 dicitur
2646 3234 3141 3294 incommutabilis?
3172 3233 3327 3305 Resp.
3351 3233 3563 3290 Incom-

276 3329 427 3377 ctum
474 3320 689 3394 Moysen
715 3337 815 3393 per
844 3321 1091 3396 angelum
1120 3331 1204 3379 est
1258 3323 1496 3379 delatum
1530 3343 1543 3379 :
1600 3323 1865 3395 quaerenti
1892 3309 1941 3373 (ἶ
1973 3328 2250 3387 mutabilis
2278 3329 2401 3384 inde
2423 3335 2528 3395 est,
2551 3329 2678 3399 quia
2700 3341 2918 3397 semper
2940 3332 3142 3390 manet,
3166 3333 3223 3380 et
3246 3324 3444 3379 mutari
3467 3339 3563 3379 ne-

276 3416 443 3482 enim,
471 3417 615 3487 quod
635 3423 781 3472 esset
798 3430 991 3474 nomen
1007 3415 1146 3487 ejus,
1166 3416 1256 3486 qui
1284 3429 1407 3471 eum
1429 3430 1658 3488 pergere
1678 3416 1874 3488 praeci-

276 3509 459 3581 piebat
482 3510 548 3565 ad
573 3507 829 3579 populum
844 3522 908 3564 ex
925 3506 1159 3580 Egypto
1176 3507 1532 3572 liberandum,
1560 3507 1869 3577 respondit:

279 3598 394 3669 Ego
420 3598 639 3671 suntqui
666 3614 804 3665 sum,
820 3606 869 3651 et
891 3597 1031 3653 dices
1050 3597 1176 3667 ﬁliis
1193 3596 1380 3663 Israel,
1396 3598 1485 3668 qui
1519 3597 1769 3662 est,misit
1793 3613 1876 3653 nte

277 3691 350 3746 ad
376 3708 464 3747 vos
489 3689 687 3763 (Exod.
707 3707 791 3758 ut,
815 3691 930 3764 Η),
958 3701 1212 3762 tanquam
1233 3689 1285 3745 in
1309 3690 1427 3762 ejus
1444 3689 1872 3762 comparatione,

277 3788 373 3856 qui
400 3800 530 3841 vere
555 3794 662 3851 est,
687 3786 812 3856 quia
834 3783 1289 3840 incommutabilis
1310 3791 1411 3849 est,
1457 3799 1524 3837 ea
1566 3798 1687 3853 quae
1726 3797 1876 3838 con:-

281 3878 561 3936 mutabilia
590 3877 730 3932 facta
763 3888 910 3941 sunt,
936 3877 1092 3949 quasi
1110 3892 1216 3932 non
1235 3877 1364 3930 sint.
1388 3874 1544 3943 Quod
1568 3878 1712 3931 enim
1740 3875 1874 3931 dici-

282 3977 391 4033 tur,
422 3966 542 4037 fuit,
565 3983 672 4023 non
699 3975 815 4034 est;
848 3975 904 4022 et
928 3967 1071 4038 quod
1094 3967 1314 4032 dicitur,
1342 3968 1464 4030 erit,
1488 3965 1726 4022 nondum
1748 3974 1832 4023 est
1859 3983 1875 4032 ;

282 4059 426 4115 Deus
450 4067 634 4114 autem
656 4074 776 4115 esse
807 4066 1018 4114 tantum
1037 4058 1205 4124 novit,
1228 4056 1397 4113 fuisse
1418 4062 1474 4112 et
1499 4054 1739 4112 futurum
1755 4068 1880 4112 esse

285 4137 403 4205 non
421 4152 600 4214 novit;
626 4150 772 4206 solus
798 4149 939 4204 enim
964 4147 1127 4203 Pater
1153 4162 1278 4203 cum
1306 4146 1446 4201 Filio
1464 4158 1517 4201 et
1534 4144 1739 4218 Spiritu
1758 4162 1882 4200 sau-

286 4251 375 4298 cto
398 4243 665 4298 veraciter
690 4249 795 4308 est,
840 4240 994 4309 cujus
1040 4241 1291 4296 essentia;
1339 4247 1716 4310 comparatum
1758 4254 1879 4294 esse

283 4342 552 4399 nostrum,
585 4349 693 4389 non
722 4348 843 4390 esse
864 4342 966 4389 est.
998 4331 1151 4389 Unde
1174 4340 1229 4387 et
1255 4333 1308 4386 in
1330 4330 1597 4402 colloquio
1609 4329 1877 4386 dicimus:

284 4425 407 4480 uiuit
432 4425 593 4490 Deus,
615 4425 744 4496 quia
767 4424 1003 4481 essentia
1027 4424 1138 4480 vita
1169 4424 1321 4489 vivit,
1359 4438 1523 4494 quam
1573 4437 1721 4479 mors
1773 4436 1881 4478 non

287 4514 468 4571 habet.
498 4512 801 4585 Septimum
828 4515 1056 4581 Adonai,
1086 4515 1232 4586 quod
1261 4514 1588 4586 generaliter
1615 4513 1884 4584 interpre-

1971 3423 2101 3490 scit;
2135 3438 2236 3479 nec
2256 3421 2491 3495 prolicit,
2510 3423 2636 3494 quia
2663 3419 2935 3491 perfectus
2958 3428 3064 3485 est,
3093 3432 3194 3474 nec
3211 3416 3414 3483 deﬁcit,
3437 3418 3563 3489 quia

1973 3522 2207 3572 alemus
2235 3520 2335 3571 est.

2046 3604 2209 3660 Inter.
2242 3601 2523 3672 Quomodo
2546 3610 2632 3661 est
2648 3603 2915 3659 aeternus?
2942 3599 3097 3674 Resp.
3123 3600 3259 3670 Quia
3287 3599 3405 3656 sine
3421 3607 3564 3655 tem-

1973 3711 2105 3768 pore
2132 3702 2235 3761 est,
2264 3710 2371 3752 non
2396 3697 2542 3752 enim
2564 3697 2728 3752 habet
2748 3696 2982 3760 initium,
3012 3710 3189 3766 neque
3216 3694 3411 3759 linem;
3440 3676 3565 3749 hinc

1974 3796 2029 3843 et
2057 3788 2438 3858 sempiternus,
2470 3803 2536 3843 eo
2566 3788 2709 3861 quod
2732 3789 2804 3842 sit
2828 3802 3041 3859 semper
3064 3793 3319 3843 aeternus.

2048 3876 2215 3933 Inter.
2246 3879 2400 3936 Unde
2428 3879 2628 3935 dicitur
2668 3878 2943 3934 mternus?
2974 3875 3129 3949 Resp.
3167 3876 3207 3932 Δ
3245 3878 3565 3949 quihusdam

1978 3979 2160 4025 autem
2186 3976 2425 4024 aeternus
2451 3968 2519 4024 ab
2554 3968 2742 4023 ethere
2787 3967 3027 4023 creditur
3071 3966 3269 4033 dictus,
3312 3968 3566 4038 quondam

1979 4062 2176 4119 cmlum
2202 4061 2358 4117 sedes
2384 4062 2503 4135 ejus
2526 4062 2788 4124 habetur;
2820 4058 2963 4116 unde
2988 4068 3041 4115 et
3069 4060 3227 4115 illud:
3249 4056 3446 4115 Catum
3469 4076 3568 4116 cm.

1980 4153 2017 4205 Ii
2044 4153 2268 4207 Domino
2295 4150 2467 4224 (Psal.
2491 4166 2643 4216 εςιιι,
2679 4152 2785 4223 lii),
2804 4161 2859 4205 et
2886 4152 2983 4204 rel.

2052 4243 2217 4301 Inter.
2255 4245 2436 4312 Quare
2474 4243 2673 4299 dicitur
2704 4242 3019 4299 invisibilis?
3067 4241 3218 4313 Resp.
3245 4241 3381 4309 Quia
3432 4258 3569 4299 nun-

1982 4351 2142 4407 quam
2158 4350 2255 4408 per
2270 4334 2627 4390 substantiam
2643 4348 2795 4389 suam
2812 4332 3059 4403 apparuit
3073 4330 3243 4388 oculis
3258 4328 3565 4387 mortalium

1983 4427 2243 4495 Trinitas,
2271 4427 2377 4482 nisi
2398 4440 2498 4499 per
2542 4425 2777 4496 speciem
2816 4423 3071 4494 subiecta:
3117 4430 3383 4482 creatura:
3422 4438 3568 4479 eam-

1983 4519 2213 4589 demque
2257 4516 2440 4592 [Isid.,
2470 4516 2842 4591 ejusdemque]
2886 4531 3191 4587 corporeae;
3231 4530 3360 4571 nam
3412 4532 3570 4573 nemo

289 4612 434 4660 tatur
462 4603 735 4673 Dominus,
762 4605 905 4675 quod
930 4604 1239 4662 dominetur
1258 4611 1522 4659 creatum
1542 4611 1768 4669 cunctae,
1798 4602 1868 4658 vel

1982 4620 2163 4683 potest
2195 4613 2366 4682 ipsam
2398 4611 2885 4666 manifestationem
2916 4610 3164 4666 essentia:
3189 4608 3282 4666 Dei
3306 4609 3492 4665 videre
3513 4616 3568 4665 et

289 4694 453 4768 424
471 4695 616 4767 quod
646 4706 895 4753 creatura
911 4698 1088 4753 omnis
1113 4697 1407 4753 dominatui
1423 4694 1541 4765 eius
1559 4696 1829 4752 deserviat
1858 4712 1868 4762 ;

1981 4708 2185 4771 vivere,
2205 4706 2345 4761 sicut
2367 4712 2420 4759 et
2446 4705 2647 4760 dictum
2670 4713 2755 4759 est
2769 4703 2952 4775 Moysi.
2982 4701 3130 4758 Unde
3153 4710 3208 4757 et
3227 4688 3490 4756 Dominus
3513 4701 3566 4756 in

291 4785 550 4842 Dominus
562 4801 711 4859 ergo,
738 4795 791 4841 et
813 4786 953 4842 Deus
976 4804 991 4854 ;
1011 4786 1091 4842 vel
1111 4787 1255 4857 quod
1274 4786 1582 4843 dominetur
1596 4786 1871 4859 omnibus,

291 4878 376 4933 vel
401 4879 544 4948 quod
574 4879 829 4934 timeatur
855 4894 882 4932 a
910 4879 1137 4934 cunctis.
1176 4878 1461 4942 Octavum,
1501 4875 1596 4943 Ja,
1637 4875 1782 4946 quod
1805 4875 1874 4930 'in

291 4966 404 5023 Deo
439 4977 645 5022 tantum
670 4968 907 5039 ponitur,
931 4968 1072 5037 quod
1094 4967 1256 5021 etiam
1286 4966 1339 5021 in
1366 4964 1593 5018 Alleluia
1622 4964 1675 5019 in
1696 4964 1878 5019 novis-

291 5056 427 5110 sima
456 5056 656 5127 syllaba
681 5067 858 5111 sonat.
886 5056 1098 5111 Nonum
1126 5064 1612 5125 tetragrammaton,
1642 5053 1745 5108 hoc
1770 5060 1874 5117 est,

289 5156 524 5216 quatuor
550 5147 872 5213 litterarum,
912 5147 1055 5218 quod
1092 5146 1310 5217 proprie
1355 5144 1494 5216 apud
1542 5143 1783 5200 Hebreos
1822 5144 1874 5199 in

294 5237 405 5293 Deo
431 5238 667 5309 ponitur,
690 5237 846 5303 Iade,
880 5238 933 5293 id
961 5246 1064 5304 est,
1091 5237 1299 5293 duabus
1330 5236 1422 5302 .Ia,
1453 5252 1572 5307 quce
1610 5235 1879 5307 duplicata

294 5329 563 5389 ineﬂ'abile
598 5330 728 5385 illud
762 5342 817 5385 et
864 5330 1159 5401 gloriosum
1208 5328 1303 5384 Dei
1348 5342 1543 5383 nomen
1598 5326 1876 5390 elﬁciunt;

296 5424 495 5480 dicitur
528 5432 709 5477 autem
736 5420 1042 5487 inell‘abilis,
1072 5436 1179 5477 non
1203 5423 1327 5492 quia
1372 5422 1479 5477 dici
1531 5437 1636 5476 non
1685 5430 1877 5490 potest,

285 5516 394 5574 ’.οὐ
422 5515 547 5585 quia
579 5514 722 5570 ﬁniri
750 5529 912 5571 sensu
935 5526 992 5569 et
1020 5514 1291 5570 intellectu
1320 5512 1556 5568 humano
1582 5514 1886 5569 nullatenus

298 5612 497 5677 potest,
525 5611 581 5659 et
606 5603 751 5669 ideo,
794 5603 922 5675 quia
951 5602 1019 5658 de
1058 5617 1126 5657 eo
1155 5602 1286 5657 nihil
1339 5603 1497 5673 digne
1530 5600 1637 5657 dici
1685 5611 1883 5673 potest,

301 5694 586 5752 ineii'abilis
609 5704 712 5750 est.
745 5694 1023 5751 Decimum
1045 5711 1174 5751 vero
1212 5694 1401 5760 Sadai,
1431 5696 1485 5749 id
1512 5705 1615 5759 est,
1644 5695 1888 5764 omnipo—

304 5796 442 5842 tens.
470 5786 709 5841 Vocatur
726 5794 907 5840 autem
929 5787 1296 5856 omnipotens,
1325 5801 1391 5840 eo
1417 5786 1560 5855 quod
1580 5787 1759 5840 otnnia
1792 5800 1886 5855 po-

380 5924 405 5954 ι
429 5910 506 5965 Ex
529 5908 650 5966 Isid.
677 5910 769 5968 lib.
794 5927 870 5966 vn
896 5911 1204 5982 Originum,
1224 5928 1341 5984 νυν.
1370 5913 1419 5969 l.

1985 4797 2273 4868 Evangelio
2297 4798 2425 4852 dicit
2454 4815 2466 4851 :
2513 4795 2677 4851 Deum
2723 4811 2871 4849 nemo
2897 4794 3020 4848 ridit
3059 4808 3288 4864 unquam
3315 4790 3497 4865 (Joan.
3525 4807 3565 4856 ι.

1987 4890 2094 4961 l8).
2124 4888 2230 4945 Res
2260 4897 2344 4944 est
2368 4891 2511 4944 enim
2543 4888 2843 4952 invisibilis,
2885 4887 3110 4958 ideoque
3138 4903 3243 4941 non
3273 4885 3447 4952 oculo,
3472 4888 3566 4942 sed

1984 4981 2145 5036 corde
2172 4980 2492 5050 quaerendus
2519 4987 2620 5034 est.

2055 5076 2221 5133 Inter.
2254 5078 2534 5145 Quomodo
2566 5085 2650 5135 est
2673 5077 3054 5148 impassibilis?
3077 5076 3231 5149 Resp.
3275 5078 3412 5146 Quia
3450 5078 3567 5134 nul-

1986 5174 2051 5226 lis
2081 5169 2576 5241 perturbationibus
2598 5168 2844 5235 allicitur,
2873 5173 3070 5242 quibus
3094 5172 3355 5244 fragilitas
3378 5173 3569 5228 Imma-

1988 5282 2052 5319 na
2088 5264 2432 5326 succumbit;
2465 5278 2568 5317 non
2596 5263 2738 5317 enim
2768 5264 3178 5335 attingunteum
3208 5264 3330 5318 ulla:
3364 5265 3571 5335 passio-

1989 5370 2102 5418 nos,
2130 5361 2188 5407 ut
2214 5354 2396 5419 libido,
2426 5353 2719 5417 iracundia,
2751 5354 3037 5425 cupiditas,
3074 5357 3235 5411 timor
3261 5354 3447 5428 [Isid.,
3468 5355 3565 5411 do-

1986 5440 2113 5514 lor],
2133 5456 2362 5507 mceror,
2383 5441 2607 5507 invidia,
2633 5451 2687 5497 et
2709 5452 2926 5509 etatem,
2948 5444 3143 5514 quibus
3158 5460 3309 5503 nitens
3331 5445 3565 5499 humana

1993 5534 2258 5589 turbatur.
2284 5532 2388 5588 Sed
2408 5548 2530 5586 cum
2547 5532 2745 5589 dicitur
2774 5533 2916 5591 Deus
2940 5536 3120 5601 irasci,
3149 5544 3243 5591 aut
3266 5534 3451 5603 zelari,
3475 5547 3588 5592 aut-

1991 5622 2195 5689 dolere,
2229 5631 2414 5678 nostro
2437 5638 2538 5680 usu
2558 5624 2772 5679 dicitur.
2817 5624 2972 5696 Apud
2995 5625 3160 5680 Deum
3185 5627 3327 5682 enim
3349 5638 3503 5698 pertu
3514 5646 3565 5682 r-

1992 5714 2137 5769 batio
2161 5714 2302 5769 nulla
2324 5720 2430 5781 est,
2471 5714 2611 5786 apud
2629 5730 2792 5785 quem
2821 5715 3184 5786 tranquillitas
3221 5731 3430 5772 summa
3459 5729 3564 5774 est.

2063 5805 2228 5861 Inter.
2248 5805 2429 5874 Quare
2458 5815 2682 5864 vocatur
2704 5807 2968 5878 simplex?
2992 5806 3144 5882 Resp.
3175 5810 3414 5882 Simplex
3432 5811 3575 5869 diri-
