4090 6546
620 358 752 415 illi

1422 365 1481 421 Β.
1522 365 1582 420 F.
1625 365 1850 423 ALBINI
1896 368 2026 425 ΞΗ]
2066 369 2344 427 Αιιειέικι
2386 373 2675 432 OPERL'M
2717 377 2898 434 PARS
2940 376 3073 435 ΗΠ.

3768 378 3915 439 ιιι,

617 480 707 569 tur
750 473 865 530 sive
920 491 1023 530 non.
1064 478 1367 534 amittendo
1410 481 1555 548 quod
1585 479 1767 546 habet,
1796 496 1889 536 seu
1933 481 2062 551 quia
2107 497 2212 537 non
2244 486 2291 546 Δ
2320 485 2477 543 nobis
2506 489 2701 547 faciem
2753 501 2938 560 tuam;
2973 509 3036 550 ac
3066 494 3113 550 si
3135 494 3349 549 dicatur
3379 515 3390 548 :
3425 493 3501 551 Da
3528 494 3685 551 nobis
3720 499 3913 569 ανειὲ-

613 568 761 624 aliud
788 578 873 625 est
902 570 1034 640 ipse,
1062 570 1118 625 et
1144 570 1287 626 aliud
1314 572 1459 642 quod
1487 573 1541 626 in
1566 573 1681 642 ipso
1711 583 1826 639 est;
1864 573 2002 629 sicut
2024 575 2078 628 in
2107 576 2205 630 ho-

2315 579 2516 634 tionem
2547 589 2716 636 tuam.
2753 582 2843 637 Sic
2865 593 2919 639 et
2943 586 3160 656 vestigia
3188 583 3284 640 Dei
3310 584 3583 649 dicuntur.
3610 588 3741 658 quia
3761 603 3913 645 nunc

616 662 789 727 mine,
813 663 971 735 cujus
995 663 1139 720 aliud
1153 672 1388 729 estesse,
1408 666 1621 720 etaliud
1638 681 1850 735 sapere,
1873 682 2000 721 nam
2017 676 2210 723 etesse
2314 666 2456 722 Deus
2482 685 2582 741 per
2616 671 2894 742 speculum
2922 675 3270 745 cognoscitur
3296 690 3310 739 ;
3351 674 3420 729 ad
3450 674 3752 745 perfectum
3777 691 3915 733 vero

612 761 815 825 potest,
837 760 894 808 et
915 755 1131 825 sapiens
1161 770 1266 809 non
1290 771 1442 820 esse;
1470 756 1613 811 Deus
1639 766 1818 812 autem
1842 757 2007 811 habet
2022 770 2209 810 essen-
2309 759 2650 831 omnipotens
2702 764 3023 833 reperietur,
3060 763 3187 819 dum
3236 763 3290 817 in
3321 764 3502 819 futuro
3546 763 3685 822 facie
3721 767 3791 821 ad
3820 768 3910 823 fa-

611 845 769 911 tiam,
794 844 958 902 habet
978 854 1033 900 et
1053 846 1391 916 sapientiam,
1418 846 1509 902 sed
1538 861 1658 915 quae
1683 846 1866 910 habet,
1892 845 1995 901 hoc
2018 854 2073 900 et
2098 856 2203 909 est,

609 948 668 994 et
687 938 872 994 omnia
900 954 1038 994 unus
1059 947 1162 1000 est,
1191 956 1253 994 ac
1283 940 1507 1010 proinde
1548 940 1777 1009 simplex
1798 947 1900 1001 est,
1931 939 2057 1007 quia
2097 954 2203 994 non

607 1029 668 1084 in
688 1042 756 1086 eo
782 1029 986 1101 aliquid
1009 1031 1303 1086 accidentis
1328 1040 1433 1095 est,
1462 1030 1554 1086 sed
1583 1040 1638 1084 et
1668 1031 1811 1101 quod
1844 1037 1947 1095 est,
1979 1039 2035 1083 et
2057 1028 2201 1100 quod

609 1121 666 1177 in
690 1122 806 1192 ipso
824 1130 929 1186 est,
956 1122 1319 1180 essentialiter
1343 1131 1449 1189 est,
1478 1130 1707 1191 excepto
1731 1118 1875 1189 quod
1894 1119 2119 1174 relative
2134 1119 2203 1174 ad

605 1227 987 1285 quamcunque
1026 1228 1311 1284 personam
1349 1221 1449 1266 est.
1495 1211 1780 1266 Summum
1822 1209 2042 1274 bonum,
2076 1211 2199 1281 quia

604 1304 1067 1361 incommutabilis
1090 1314 1203 1368 est;
1244 1312 1494 1360 creatura
1532 1318 1662 1358 vero
1697 1304 1919 1362 bonum.
1957 1302 2050 1358 sed
2090 1318 2199 1357 non

606 1412 875 1453 summum
902 1406 1005 1463 est,
1026 1398 1150 1467 quia
1186 1397 1462 1453 mutabilis
1487 1404 1598 1459 est;
1622 1404 1676 1449 et
1701 1397 1826 1450 dum
1870 1394 1943 1448 sit
1980 1393 2197 1464 quidem

523 1558 529 1564 .
601 1489 824 1555 bonum,
855 1505 961 1545 non
992 1498 1170 1544 tamen
1198 1504 1319 1544 esse
1351 1496 1529 1559 potest
1548 1496 1601 1541 et
1622 1500 1911 1541 summum.

514 1570 517 1573 ’
674 1581 839 1637 Inter.
873 1582 1050 1649 Quare
1071 1581 1270 1635 dicitur
1294 1578 1682 1650 incorporeus?
1707 1575 1856 1646 Resp.
1877 1574 2194 1632 ldeoiucor-

600 1688 820 1746 porcus,
861 1674 945 1729 vel
999 1673 1354 1743 incorporalis
1405 1671 1545 1726 Deus
1594 1668 1814 1732 dicitur,
1856 1676 1916 1723 ut
1974 1668 2195 1741 spiritus

2306 850 2448 906 ciem
2478 850 2783 924 quibusque
2815 854 3003 911 electis
3029 854 3465 927 prtesentabitur,
3495 866 3558 913 ut
3588 857 3760 927 ipsum
3786 874 3922 928 spe-

2305 942 2445 996 ciem
2471 944 2927 1015 contemplentur,
2985 944 3140 1014 cujus
3190 963 3335 1003 nunc
3381 948 3610 1020 vestigia
3640 964 3909 1023 compre-

2303 1031 2542 1089 hendere
2574 1046 2863 1101 conantur,
2890 1038 2993 1093 hoc
3018 1047 3122 1104 est,
3160 1056 3325 1109 quem
3366 1041 3552 1097 videre
3577 1057 3677 1113 per
3705 1058 3913 1112 specu-

2301 1121 2414 1177 lum
2443 1123 2719 1180 dicuntur.
2775 1125 2911 1181 Nam
2942 1138 2995 1181 et
3027 1128 3163 1183 situs
3205 1137 3259 1183 et
3290 1130 3532 1198 habitus,
3563 1142 3621 1187 et
3668 1132 3825 1188 locus
3852 1141 3910 1189 et

2302 1219 2517 1282 tempus
2546 1230 2652 1269 non
2700 1215 2756 1271 in
2789 1214 2900 1273 Deo
2931 1219 3172 1289 proprie,
3217 1222 3312 1276 sed
3336 1237 3437 1292 per
3487 1222 3905 1281 similitudinem

2302 1303 2563 1360 translata
2612 1305 2907 1374 dicuntur;
2947 1312 3147 1380 quippe
3190 1312 3372 1367 sedere
3424 1330 3586 1385 super
3625 1313 3904 1375 Cherubin

2299 1391 2521 1459 dicitur,
2551 1395 2694 1465 quod
2724 1406 2813 1451 est
2845 1400 2913 1452 ad
2960 1400 3125 1455 situm
3151 1416 3167 1463 ;
3197 1408 3254 1456 et
3284 1419 3297 1455 :
3338 1403 3596 1473 Abgssunt
3639 1414 3903 1475 tamquam

2295 1483 2655 1538 uestimentum
2687 1489 2910 1541 antistes
2936 1487 3107 1558 (Psal.
3132 1505 3250 1553 cm,
3277 1492 3354 1559 6),
3382 1492 3525 1561 quod
3548 1500 3631 1548 est
3652 1493 3721 1549 ad
3746 1492 3903 1552 habi-

2298 1582 2410 1630 tum
2436 1592 2450 1641 ;
2492 1585 2587 1631 et:
2614 1577 2754 1633 Anni
2779 1579 2855 1633 tui
2887 1596 2991 1635 non
3022 1581 3265 1651 deﬁcient
3290 1580 3464 1653 (Psnl.
3501 1599 3578 1649 et,
3607 1583 3726 1657 ‘38),
3747 1587 3901 1657 quod

2295 1666 2365 1721 ad
2396 1676 2608 1736 tempus
2652 1668 2925 1738 pertinet;
2967 1679 3019 1727 et
3050 1690 3061 1725 :
3103 1670 3160 1728 Si
3190 1673 3474 1729 ascendere
3523 1674 3577 1729 in
3604 1675 3816 1741 edunt,
3839 1686 3899 1731 tu

600 1765 875 1830 credatur,
910 1764 989 1818 vel
1033 1762 1379 1836 intelligatur,
1419 1771 1600 1817 etnon
1635 1775 1848 1830 corpus.
1891 1759 2023 1815 Nam
2064 1759 2192 1814 dum
2293 1756 2400 1812 illic
2440 1775 2491 1813 es
2522 1756 2694 1831 (Psnl,
2721 1777 2988 1829 «ξιιμ-ιιι,
3014 1758 3092 1833 8),
3138 1764 3286 1834 quod
3332 1765 3400 1820 ad
3432 1766 3613 1822 locum
3662 1776 3892 1835 manet;

599 1854 801 1912 dicitur
819 1855 1057 1926 spiritus,
1089 1856 1206 1927 ejus
1230 1852 1568 1926 significatur
1592 1850 1913 1906 substantia.

670 1942 836 1999 Inter.
867 1946 1045 2013 Quare
1074 1944 1371 1999 immensus
1398 1939 1731 2012 appellatur?
1758 1938 1913 2010 Resp.
1940 1937 2077 2004 Ouia
2101 1938 2191 1995 ille

596 2044 790 2089 cuncta
814 2033 1106 2100 concludit,
1130 2044 1187 2089 et
1213 2050 1239 2089 a
1271 2034 1489 2087 nemine
1502 2030 1867 2096 concluditur,
1888 2030 1983 2085 sed
2003 2030 2185 2085 omnia

596 2126 736 2183 intra
758 2126 877 2197 ejus
905 2125 1198 2196 potentiam
1226 2133 1592 2185 coaretantur.

665 2213 831 2269 Inter.
864 2215 1045 2283 Quare
1076 2214 1279 2270 dicitur
1311 2212 1620 2285 perfectus?
1664 2212 1822 2285 Resp.
1867 2212 2003 2281 Quia
2055 2211 2187 2269 nihil

591 2306 764 2379 possit
787 2307 837 2363 ei
866 2305 1045 2375 adjici.
1079 2307 1331 2363 Attamen
1363 2307 1432 2364 de
1459 2308 1925 2365 consummatione
1951 2306 2188 2378 alicujus

590 2396 723 2453 facti
748 2394 1009 2467 perfectio
1042 2396 1257 2453 dicitur.
1305 2396 1465 2453 Inter.
1516 2398 1660 2454 Deus
1705 2407 1904 2459 autem,
1954 2399 2047 2467 qui
2080 2413 2185 2454 non

590 2497 678 2544 est
706 2500 712 2509 '
736 2488 927 2553 factus,
970 2491 1241 2561 quomodo
1291 2498 1470 2560 potest
1511 2504 1631 2545 esse
1678 2488 1986 2561 perfectus?
2029 2488 2180 2561 Resp.

592 2580 707 2642 Hoc
734 2583 1053 2639 vocabulum
1083 2598 1148 2637 ex
1179 2598 1279 2637 usu
1322 2591 1508 2638 nostro
1549 2581 1782 2653 sumpsit
1806 2580 2041 2636 humana
2069 2581 2186 2636 ino-

589 2673 699 2744 pia,
728 2672 868 2728 sicut
893 2681 945 2726 ct
978 2672 1178 2743 reliqua
1209 2670 1427 2743 [verbm
1468 2678 1736 2741 quatenus
1771 2670 1845 2736 id,
1877 2670 2021 2739 quod
2050 2669 2185 2724 inef-

588 2763 750 2822 fabile
779 2774 891 2828 est,
924 2774 1195 2837 utcunque
1223 2764 1326 2821 dici
1353 2764 1525 2836 possit
1548 2762 1658 2834 (Ea;
1684 2760 1906 2835 Isid.)].

660 2855 828 2917 Inter.
860 2854 1039 2924 Quare
1060 2858 1201 2913 idem
1246 2865 1472 2915 vocatur
1508 2854 1763 2911 creator?
1804 2852 1958 2925 Resp.
1997 2854 2182 2910 Dictus

583 2959 672 3006 est
695 2950 839 3005 enim
870 2958 1085 3009 creator
1103 2966 1204 3022 pro
1222 2950 1389 3006 totius
1407 2947 1593 3005 mundi
1619 2946 1780 3003 rebus
1802 2946 1873 3004 ab
1891 2947 2010 3019 ipso
2030 2960 2184 3003 crea-

586 3044 690 3110 tis;
734 3040 868 3097 nihil
902 3040 1046 3097 enim
1076 3049 1183 3103 est,
1208 3042 1350 3112 quod
1385 3056 1492 3096 non
1525 3038 1787 3111 originem
1809 3053 1841 3092 a
1862 3035 1974 3093 Deo
1998 3046 2179 3096 traxe-

581 3134 677 3190 rit.
705 3131 826 3204 ipse
847 3142 906 3189 et
926 3148 1084 3197 unus,
1109 3132 1233 3203 quia
1266 3131 1431 3188 dividi
1459 3146 1565 3187 non
1589 3138 1787 3200 potest,
1820 3126 1903 3184 vel
1936 3128 2061 3199 quia
2097 3129 2177 3183 ni-

2221 1838 2267 1899 B
2291 1856 2346 1902 et
2374 1849 2427 1904 in
2474 1846 2767 1918 Propheta,
2799 1850 3028 1921 plaustri
3052 1854 3324 1924 portantis
3355 1854 3539 1912 fenum
3584 1856 3803 1930 species
3824 1859 3897 1916 ad

2290 1938 2460 1994 Deum
2495 1940 2695 1997 dicitur
2725 1961 2736 1994 :
2766 1949 2821 1997 et
2864 1944 2979 2000 lucc
3028 1946 3210 2001 omnia
3260 1961 3357 2017 per
3378 1946 3609 2019 ﬁguram
3662 1949 3891 2020 dicitur,

2288 2036 2415 2101 quia
2463 2034 2595 2088 nihil
2645 2044 2729 2089 est
2773 2037 2971 2092 horum
3014 2037 3082 2093 ad
3125 2042 3513 2110 proprietatem
3568 2043 3890 2101 substantia:

2286 2121 2423 2226 ejus.
2464 2122 2592 2181 “rec
2643 2125 2736 2180 tibi
2784 2127 2853 2184 de
2891 2127 2984 2184 Dei
3036 2132 3347 2189 nominibus
3398 2133 3683 2206 hucusque
3740 2135 3885 2193 sudi-

2287 2226 2456 2275 ειειιιι.

2923 2334 3153 2393 CAPUT
3190 2334 3252 2391 Υ.

2287 2469 2352 2510 οε
2372 2468 2468 2511 εει
2491 2469 2771 2515 ετΑτιευε
2793 2472 2982 2523 IUSDI,
3008 2473 3228 2516 IAJOBIS
3247 2473 3533 2520 VIDELICE'I'
3550 2479 3621 2523 ετ
3646 2479 3887 2523 11⁸01118.

2360 2573 2526 2629 Inter.
2566 2573 2692 2632 Haec
2735 2576 2867 2632 mihi
2902 2577 3201 2644 sufficiunt,
3250 2580 3346 2637 sed
3368 2582 3626 2653 quoniam
3653 2599 3683 2637 a
3708 2600 3882 2641 sena-

2284 2666 2368 2721 rio
2391 2682 2619 2725 nmnero
2646 2668 2763 2724 haec
2787 2668 3083 2741 disputatio
3120 2679 3304 2728 nostra
3331 2673 3501 2747 empit
3529 2673 3760 2738 initium,
3794 2675 3888 2731 in-

2284 2758 2564 2828 quiramus
2588 2772 2657 2816 ex
2688 2772 2843 2829 parte
2893 2764 3162 2819 rationem
3192 2780 3286 2821 sex
3318 2775 3542 2823 aetatum
3570 2765 3755 2823 mundi
3784 2784 3800 2833 ;
3829 2778 3889 2825 et

2282 2862 2404 2917 «ιιιεε
2429 2864 2618 2905 earum
2657 2851 2798 2908 ratio
2845 2851 2935 2917 sit,
2973 2862 3030 2908 et
3050 2862 3184 2926 quot
3209 2858 3610 2927 generationes,
3641 2857 3727 2914 vel
3751 2870 3885 2930 quot

2284 2941 2411 2998 anni
2443 2941 2494 2995 in
2522 2956 2843 3014 unaquaque
2870 2959 3059 3000 earum
3107 2948 3511 3015 contineantur,
3541 2958 3603 3005 ut
3642 2947 3881 3008 breviter

2285 3030 2417 3085 mihi
2442 3046 2685 3103 exponas
2724 3035 2973 3091 obsecro.
3014 3034 3167 3109 Resp.
3209 3035 3287 3093 De
3317 3040 3765 3110 generationibus
3790 3057 3878 3098 ea-

2284 3142 2423 3191 rum,
2474 3137 2636 3197 prout
2689 3126 2935 3186 dnnante
2964 3130 3193 3188 Domino
3242 3134 3470 3204 possim,
3529 3133 3885 3202 solvam;de

583 3199 949 3282 hilaliudcsse
964 3199 1163 3296 potest,
1179 3224 1323 3296 quod
1337 3199 2175 3293 tantumdemcapiatpotestatis.
2205 3199 2253 3263 (ἶ
2283 3219 2440 3274 annis
2465 3233 2613 3286 vero,
2644 3219 2784 3274 sicut
2811 3221 2978 3285 nosti,
3021 3222 3223 3279 diversi
3243 3199 3468 3279 diversa
3497 3199 3887 3291 sentitmt,‘at-

657 3312 784 3372 Hzcc
808 3315 991 3390 igitur,
1025 3331 1145 3386 quae
1180 3317 1248 3370 de
1289 3316 1398 3371 Deo
1435 3316 1717 3385 hucusque
1746 3313 1888 3369 dicta
1920 3319 2065 3379 sunt,
2112 3312 2177 3367 ad

584 3414 751 3464 totam
775 3408 1047 3478 pertinent
1068 3407 1391 3463 Trinitatem
1423 3416 1643 3478 prapter
1675 3420 1836 3460 unam
1868 3413 1925 3461 et
1958 3414 2182 3460 coaeter-

584 3515 709 3559 nam
727 3500 1108 3563 substantiam,
1131 3500 1244 3555 sive
1265 3499 1317 3555 in
1341 3497 1521 3561 Patre,
1538 3497 1653 3552 sive
1676 3498 1726 3552 in
1746 3497 1881 3553 Filio
1919 3496 2037 3567 ejus
2064 3497 2178 3552 uni-

582 3596 765 3668 genito
786 3595 838 3649 in
862 3593 1032 3650 forma
1056 3592 1172 3659 Dei,
1191 3594 1305 3651 sive
1324 3593 1376 3649 in
1402 3592 1607 3662 Spiritu
1632 3601 1842 3656 sancto,
1880 3591 2008 3661 quia
2041 3605 2179 3645 unus

584 3686 823 3760 Spiritus
839 3693 923 3742 ost
946 3685 1041 3740 Dei
1064 3684 1241 3743 Patris
1264 3693 1321 3740 et
1340 3682 1461 3743 Filii
1482 3680 1600 3752 eius
1618 3682 1903 3753 nnigeniti

655 3776 822 3833 Inter.
846 3776 999 3834 Nunc
1015 3775 1306 3832 voluissem
1329 3773 1491 3838 seire,
1525 3773 1573 3828 si
1599 3772 1833 3842 amplius
1852 3772 1919 3828 de
1950 3773 2179 3827 nomini-

580 3868 685 3927 bus
725 3865 822 3923 Dei
865 3881 1029 3923 ausus
1068 3879 1245 3922 essem
1290 3863 1649 3935 investigare?
1675 3860 1829 3934 Resp.
1867 3861 1940 3917 Es
1973 3862 2174 3932 utique.

580 3957 751 4018 Inter.
772 3956 891 4024 Qua
905 3956 1146 4017 ratione?
1167 3954 1325 4027 Resp.
1349 3953 1488 4010 Sunt
1506 3954 1669 4009 etiam
1684 3953 1931 4025 quaedam
1944 3952 2179 4008 vocabit-

582 4049 634 4105 la
656 4064 722 4105 ex
745 4064 843 4105 usu
864 4058 1049 4105 nostro
1071 4049 1137 4103 ad
1159 4047 1327 4105 Deu'u
1343 4056 1559 4117 sumpta
1577 4044 1645 4102 de
1668 4044 1929 4101 membris
1952 4046 2174 4112 nostris,

2284 3316 2464 3365 tamen
2511 3308 2671 3378 juxta
2715 3312 2862 3383 quod
2893 3326 2963 3368 ex
2993 3314 3124 3386 ipsis
3163 3314 3405 3372 invenire
3435 3315 3598 3382 valui,
3625 3325 3732 3375 tua:
3765 3318 3883 3374 fra-

2286 3398 2526 3455 ternitati
2554 3401 2910 3471 respondebo.
2937 3400 3122 3459 Prima
3144 3412 3280 3461 tetas
3310 3404 3431 3473 fuit,
3465 3406 3567 3462 nisi
3596 3406 3780 3476 fallor,
3806 3411 3882 3467 ab

2282 3490 2455 3545 Adam
2503 3505 2675 3563 usque
2719 3492 2787 3547 ad
2837 3490 2985 3560 Noe,
3035 3497 3325 3553 continens
3377 3497 3756 3567 generationes
3806 3517 3839 3555 κ
3864 3541 3881 3565 ,

2282 3596 2453 3637 annos
2482 3583 2780 3639 secundum
2831 3582 3088 3640 Hebraeos
3112 3583 3215 3643 inc
3236 3603 3344 3643 LVI.
3387 3587 3693 3645 Secundum
3722 3589 3881 3650 LXX

2283 3673 2609 3744 interpretes
2632 3677 2674 3730 ii
2691 3690 2752 3729 cc
2778 3691 2908 3729 sui.
2936 3674 3188 3733 Secunda
3216 3693 3249 3733 a
3273 3677 3386 3735 Noe
3404 3695 3575 3750 usque
3594 3680 3664 3735 ad
3694 3680 3883 3739 Abra-

2282 3765 2431 3829 ham,
2458 3764 2744 3822 eontinens
2766 3765 3020 3823 similiter
3039 3770 3420 3840 generationes
3444 3788 3500 3837 ι,
3538 3786 3713 3830 annos
3742 3773 3882 3845 jux-

2282 3863 2337 3911 ta
2374 3851 2615 3914 Hebreos
2650 3871 2850 3923 εειιιιι,
2888 3856 3043 3928 juxta
3075 3857 3221 3918 LXX
3273 3875 3403 3917 vero
3428 3877 3659 3919 cccxxtt.
3683 3863 3881 3922 Tertia

2279 3946 2349 4002 ab
2370 3946 2646 4006 Abraham
2679 3963 2851 4020 usque
2880 3948 2947 4005 ad
2987 3948 3154 4007 David
3180 3955 3560 4025 generationes
3592 3969 3705 4020 xiv,
3741 3958 3876 4012 anni

2279 4036 2578 4092 secundum
2616 4036 2859 4096 Hebreos
2887 4055 3182 4101 nccccxut.
3209 4042 3412 4110 Quarta
3440 4059 3474 4100 a
3508 4043 3680 4104 David
3700 4064 3881 4119 usque

583 4141 699 4198 sive
715 4140 783 4197 de
798 4140 1164 4195 inferioribus.
1190 4138 1258 4194 Et
1280 4138 1473 4208 quiain
1490 4138 1708 4208 propria
1723 4135 2179 4192 naturainvisibi-
2280 4128 2347 4181 ad
2379 4131 2905 4201 transmigrationem
2967 4133 3275 4204 Babyloniae
3327 4139 3712 4197 eenerationes
3758 4157 3873 4207 atv.

582 4229 653 4293 lis
671 4238 726 4289 et
744 4231 1093 4300 incorporeus
1105 4236 1209 4294 est,
1227 4245 1329 4300 pro
1358 4228 1659 4284 eﬂicientiis
1683 4236 1859 4283 tamen
1882 4242 2173 4283 causarum
2278 4219 2404 4273 anni
2432 4218 2591 4289 iuxta
2614 4219 2854 4277 "obuios
2873 4237 3185 4280 ccccuxn'.
3217 4226 3415 4296 Quinta
3439 4229 3673 4303 denique
3697 4247 3873 4303 usque

586 4326 642 4382 in
666 4324 782 4395 ipso
804 4336 986 4383 rerum
1005 4321 1212 4391 species
1226 4318 1626 4385 adscribuntur,
1645 4329 1705 4375 ut
1720 4333 1872 4375 more
1887 4319 2178 4379 locutionis
2276 4313 2343 4367 ad
2365 4311 2654 4370 adventum
2689 4315 2901 4372 Domini
2932 4321 3103 4375 nostri
3147 4316 3275 4376 Jesu
3319 4320 3525 4380 Christi
3566 4326 3863 4383 secundum

584 4425 784 4477 nostra:
803 4414 1014 4472 facilius
1031 4415 1266 4486 seipsum
1289 4414 1546 4471 insinuet.
2274 4419 2491 4463 carnem
2520 4407 2897 4479 generationes
2942 4425 3053 4475 xw,
3088 4411 3218 4467 anni
3263 4428 3396 4470 vero
3423 4414 3584 4487 juxta
3628 4415 3867 4474 Hebrcos

656 4506 822 4611 Inter.
846 4506 918 4564 Ut
942 4506 1043 4563 hoc
1068 4505 1366 4611 intelligere
1395 4506 1623 4611 possim,
1668 4504 1918 4611 obsecro,
1947 4512 2007 4561 ut
2036 4505 2169 4561 mihi
2202 4548 2209 4611 1

2286 4509 2594 4553 otxxxvntt.
2628 4494 2791 4556 Sexta
2824 4500 3109 4570 siquidem,
3141 4518 3262 4573 qua:
3304 4521 3449 4563 nunc
3495 4508 3678 4581 agitur
3723 4509 3873 4566 nulla

2286 4587 2691 4611 ,_,__-__..-_____
2722 4587 2804 4611 _._.
2835 4596 3133 4611 .-μ-,μμ
3161 4607 3209 4611 -_
3330 4610 3335 4611 κ
3417 4603 3428 4611 .
3565 4597 3618 4611 κ-
3690 4608 3701 4611 -
3792 4608 3801 4611 -

584 4596 829 4655 iudicare
855 4613 959 4651 non
999 4596 1234 4654 renuas?
1266 4594 1421 4666 Resp.
1456 4595 1593 4663 Quia
1616 4596 1800 4651 omnia
1828 4594 1979 4651 videt
2000 4604 2170 4659 recte,
2202 4587 2252 4611 ⁵⁷
2282 4587 2694 4655 generatum!“
2722 4587 2808 4643 "el
2835 4596 3139 4661 ιεωΡοτυω
3158 4594 3298 4652 δεῖξε
3317 4603 3491 4663 οὓτω.
3521 4597 3619 4654 δαί
3646 4608 3712 4655 ιιι
3736 4608 3877 4659 clas

585 4686 1018 4752 dicituroculus;
1046 4695 1264 4758 propter
1279 4683 1614 4757 quodomnia
1636 4684 2182 4750 auditrecte,dicitur
2280 4676 2555 4748 decrepita
2601 4680 2715 4753 ipsa
2769 4681 2931 4740 latius
2968 4685 3151 4740 saeculi
3188 4698 3365 4744 morte
3410 4689 3664 4748 ﬁnienda.
3729 4693 3878 4752 Ecce

584 4777 762 4843 auris;
782 4791 880 4848 pro
899 4794 986 4843 eo,
1013 4778 1157 4848 quod
1180 4776 1466 4842 avertitur,
1486 4773 1650 4847 5.35
1671 4772 1944 4838 ambulat;
1967 4788 2068 4846 pro
2087 4789 2187 4839 eo,

584 4868 731 4939 quod
748 4876 1046 4940 exspectat,
1069 4876 1206 4932 stat;
1228 4867 1304 4922 sic
1324 4876 1381 4921 et
1396 4868 1447 4921 in
1467 4867 1678 4924 ezetcris
1698 4867 1891 4922 borum
1911 4866 2179 4923 similibus

584 4961 655 5019 ab
680 4960 930 5020 humanis
953 4960 1188 5015 motibus
1204 4957 1361 5032 [Isid.
1382 4999 1395 5024 ,
1420 4957 1714 5033 mentibus]
1737 4959 1970 5015 trahitur
1988 4959 2180 5015 simili-

587 5049 716 5110 tudo
748 5050 814 5111 ad
847 5051 1037 5116 Deum,
1082 5052 1223 5107 sicut
1249 5059 1333 5108 est
1371 5048 1696 5105 obliviscens
1737 5058 1793 5104 et
1828 5064 2170 5117 memorans;

585 5142 715 5201 hinc
746 5154 849 5211 est,
888 5144 1032 5216 quod
1062 5153 1121 5201 et
1146 5142 1417 5215 Propheta
1461 5143 1595 5198 dicit
1625 5162 1637 5196 :
1670 5141 1879 5197 Iuravit
1916 5142 2173 5201 Dominus

586 5236 905 5293 exercituum
927 5252 1021 5307 per
1038 5237 1269 5296 animum
1288 5251 1435 5290 suam
1460 5233 1592 5307 (Ier.
1618 5250 1693 5300 ιι,
1720 5234 1824 5305 ιι).

658 5325 825 5382 Inter.
858 5325 1140 5393 Quomodo
1168 5340 1265 5396 per
1293 5326 1527 5381 animam
1547 5324 1762 5394 jurasse
1791 5324 2016 5390 dicitur,
2046 5338 2171 5381 cum

589 5418 733 5477 Dens
780 5420 1015 5475 animam
1064 5436 1171 5475 non
1210 5420 1415 5475 habet?
1477 5416 1627 5488 Resp.
1664 5416 1777 5473 Hoc
1825 5426 2011 5473 nostro
2041 5432 2171 5473 uar-

591 5525 678 5570 rat
704 5512 894 5569 eﬂ'ectu
918 5529 935 5575 ;
963 5513 1101 5567 sicut
1152 5521 1208 5566 et
1237 5510 1405 5565 facies
1437 5510 1529 5566 Dei
1561 5510 1613 5562 in
1644 5507 1943 5579 Seripturis
1970 5508 2172 5564 sanctis

592 5618 700 5659 non
728 5618 876 5666 caro,
913 5600 1005 5656 sed
1035 5602 1216 5656 divina
1245 5599 1480 5670 cognitio
1511 5597 1845 5670 intelligitur,
1864 5597 2052 5653 eadem
2082 5614 2168 5653 ra-

594 5692 760 5759 tione,
799 5692 925 5763 quia
953 5707 1051 5762 per
1098 5691 1291 5745 faciem
1322 5696 1665 5759 conspectam
1695 5688 1923 5763 quisque
1974 5703 2170 5761 cogno-

596 5785 777 5841 scitur.
811 5782 921 5842 lloc
947 5784 1088 5840 enim
1136 5783 1187 5838 in
1212 5781 1453 5837 oratione
1503 5780 1614 5835 Deo
1668 5778 1899 5834 dicitur:
1935 5778 2169 5839 Ostende

2281 4769 2449 4826 habes
2480 4772 2536 4828 in
2570 4772 2778 4843 paucis,
2816 4790 2937 4847 quae
2983 4776 3049 4831 de
3102 4780 3354 4836 aetatibus
3407 4781 3594 4840 mundi
3644 4785 3878 4855 majoris

2278 4861 2538 4932 quaesisti.
3278 4892 3279 4895 η

2351 4949 2517 5008 Inter.
2555 4953 2661 5010 Ista
2694 4958 2915 5028 recipio,
2940 4960 2985 5015 si
3016 4966 3196 5016 tamen
3221 4962 3403 5018 dicere
3426 4963 3709 5032 voluisses,
3734 4978 3877 5038 quot

2278 5042 2388 5097 siut
2407 5051 2596 5101 aetates
2620 5049 2808 5103 mundi
2861 5052 3131 5107 minoris?
3164 5050 3318 5121 Resp.
3359 5052 3604 5109 Totidem
3628 5063 3776 5120 sunt,
3808 5065 3877 5112 ut

2276 5147 2419 5199 reor,
2452 5144 2587 5205 quot
2616 5145 2672 5191 et
2703 5139 2943 5208 majoris.

2348 5222 2518 5280 Inter.
2558 5226 2627 5284 Et
2654 5229 2699 5284 si
2723 5231 2945 5287 totidem
2976 5240 3123 5299 sunt,
3173 5234 3443 5304 quomodo
3473 5234 3870 5302 nominantur;

2277 5317 2363 5373 vel
2383 5334 2505 5390 quae
2523 5331 2609 5378 est
2639 5337 2825 5379 earum
2842 5326 3001 5392 ratio,
3032 5336 3127 5382 aut
3143 5337 3272 5400 quot
3289 5331 3447 5385 annis
3470 5331 3824 5386 continentur
3845 5330 3873 5382 τ

2282 5409 2437 5482 Resp.
2479 5411 2658 5469 Prima
2682 5431 2869 5472 earum
2921 5418 3146 5475 infantia
3182 5428 3266 5475 est
3291 5422 3447 5493 pueri
3496 5422 3769 5478 nascentis
3796 5423 3872 5479 ad

2278 5502 2473 5569 lucem,
2498 5514 2705 5575 septem
2735 5512 3025 5567 continens
3050 5527 3223 5567 annos
3248 5528 3265 5578 ;
3296 5527 3424 5569 nam
3457 5512 3638 5569 infans
3663 5512 3873 5570 dicitur

2278 5593 2441 5651 homo
2476 5597 2663 5668 prima:
2691 5601 2886 5661 aetatis.
2918 5616 2985 5659 eo
3033 5603 3177 5673 quod
3208 5604 3387 5660 adhuc
3426 5602 3550 5669 fari,
3583 5605 3636 5662 id
3657 5612 3760 5667 εει,
3789 5603 3872 5658 In.

2276 5688 2367 5756 qui
2401 5690 2594 5744 nescit.
2630 5689 2878 5747 Secunda
2906 5695 3139 5763 pueritia
3162 5705 3264 5759 est,
3292 5712 3425 5766 pura
3451 5706 3507 5751 et
3531 5695 3759 5752 necdum
3797 5697 3873 5751 ad

2276 5780 2641 5850 generandum
2667 5792 2809 5859 apta,
2840 5784 3063 5841 tendens
3089 5784 3335 5857 usquead
3353 5802 3442 5843 χιι·
3461 5802 3650 5843 annos.
3681 5782 3871 5842 Tertia
