4090 6522
336 353 472 414 ίιεὸ

1243 355 1392 415 ΟΡΡ.
1434 360 1660 418 υυω.
1702 393 1772 403 --
1813 360 2228 422 DISPUTATIO
2263 363 2671 421 Ρυειιοιιωι.

3470 369 3607 428 Illi

326 472 696 534 adolescentia
710 471 777 529 ad
796 464 1120 546 gignendum
1147 472 1352 540 adulta,
1374 489 1496 546 qua:
1517 475 1810 548 porrigitur
1832 492 1917 529 us-
1943 489 1989 546 Α
2018 475 2154 530 hora
2189 473 2312 547 [Ita
2349 475 2466 530 cod.
2491 492 2510 541 ;
2550 474 2649 545 leg.
2691 466 2821 545 ora]
2857 484 2982 530 sunt
3030 475 3155 532 linis
3193 474 3389 541 maris,
3416 476 3606 537 lluvlo-

331 583 434 641 que
458 566 528 624 ad
550 580 698 622 um
725 581 914 623 annos.
945 566 1151 634 Quarta
1173 566 1434 640 juventus
1450 568 1762 624 ﬁrmissima
1785 576 1914 624 teta-

331 668 443 715 tum
458 659 721 725 omnium,
750 658 943 714 finiens
964 659 1018 715 in
1039 659 1487 733 quinquagesimo
1512 678 1676 717 anno.
1715 661 1913 731 Quinta

328 762 464 809 etas
497 751 683 809 senior
712 761 796 808 est
820 753 1076 824 gravitas,
1100 766 1222 822 quae
1243 760 1327 808 est
1351 753 1641 809 declinatio
1662 771 1694 808 a
1725 754 1915 827 juven-

330 852 446 900 tute
475 843 544 899 ad
587 853 941 908 senectutem,
996 843 1233 899 nondum
1282 851 1463 901 tamen
1513 854 1789 908 senectus,
1818 845 1913 902 sed

323 933 438 1006 jam
461 933 696 990 nondum
718 933 1010 1004 juventus;
1046 935 1162 990 haec
1185 935 1328 990 enim
1363 943 1496 990 tetas
1522 949 1553 989 ι
1579 935 1914 1007 quinquage-

328 1027 469 1083 simo
491 1041 637 1083 anno
691 1025 973 1098 incipiens,
1030 1025 1085 1082 in
1115 1028 1513 1099 septuagesimo
1563 1026 1908 1082 terminatur.

331 1117 498 1174 Sexta
524 1127 657 1174 tetas
682 1127 954 1180 senectus,
994 1127 1114 1189 qua:
1158 1115 1309 1173 nullo
1356 1131 1622 1172 annorum
1670 1103 1912 1187 tempore

331 1214 535 1277 linitur,
563 1212 658 1268 sed
680 1222 803 1283 post
826 1212 1066 1283 quinque
1087 1210 1206 1266 illas
1223 1218 1412 1266 aetates
1431 1218 1912 1282 quantumcunque

328 1308 452 1361 vita:
476 1314 579 1371 est,
605 1304 870 1361 senectuti
894 1301 1256 1374 deputabitur.

400 1395 565 1452 Inter.
603 1394 742 1464 Quid
769 1393 925 1450 nobis
946 1392 1287 1449 sentiendum
1314 1398 1398 1448 est
1417 1393 1486 1447 de
1513 1393 1634 1457 hoc,
1666 1391 1809 1463 quod
1836 1389 1912 1445 le-

330 1490 475 1562 gitur
503 1489 554 1545 in
584 1489 834 1561 psalmo:
869 1486 935 1542 Et
977 1503 1140 1559 usque
1199 1488 1251 1541 in
1301 1496 1562 1541 senectam
1612 1495 1662 1540 et
1704 1486 1908 1540 senimn

329 1578 500 1646 (Psal.
532 1596 660 1646 ικι,
691 1578 829 1650 18)ἳ
866 1575 1020 1650 Resp.
1065 1577 1288 1633 Senium
1332 1578 1478 1631 enim
1522 1592 1649 1648 pars
1671 1585 1755 1632 est
1790 1575 1913 1630 ulti-

325 1687 414 1734 ma
452 1671 746 1727 senectutis
793 1669 956 1734 dicta,
995 1669 1140 1738 quod
1186 1669 1260 1725 sit
1292 1671 1553 1725 terminus
1585 1676 1752 1724 sextae
1781 1676 1911 1724 mta-

324 1763 415 1821 tis.
447 1762 570 1820 Haec
594 1764 658 1819 de
681 1762 930 1819 aetatibus
959 1763 1173 1819 habeto.

922 1874 1150 1933 CAPUT
1184 1875 1269 1932 Vl.

774 1983 840 2024 οε
867 1985 1098 2026 ιιΑτιοκε.
1143 1985 1449 2025 TEIPORUI.

396 2080 640 2146 Domine,
666 2081 925 2151 quoniam
949 2096 1141 2137 omnes
1169 2089 1356 2137 tetates
1393 2090 1448 2136 et
1470 2081 1652 2137 omnia
1682 2081 1902 2149 secula,

324 2172 468 2228 sicut
491 2172 693 2243 optime
738 2172 929 2236 nostis,
966 2186 1064 2241 per
1110 2172 1324 2227 diversa
1377 2172 1551 2242 spatia
1600 2179 1906 2241 temporum

323 2274 606 2322 transeunt
651 2273 813 2336 atque
839 2265 1166 2330 discurrunt,
1199 2265 1243 2319 si
1268 2263 1458 2335 placet,
1507 2264 1777 2330 volumus,
1811 2280 1909 2319 au-

325 2355 547 2412 xiliante
576 2354 802 2411 Domino
836 2353 903 2410 de
935 2354 1138 2411 eisdem
1168 2354 1524 2426 temporibus,
1556 2363 1714 2426 prout
1741 2355 1903 2411 intel-

323 2445 536 2519 ligimus
587 2446 639 2502 in
687 2446 972 2517 praesentia
1030 2455 1208 2502 vestra
1258 2445 1460 2516 aliquid
1487 2445 1691 2503 habere
1719 2446 1906 2519 dispu-

324 2535 563 2594 talionis.

392 2626 558 2685 Inter.
601 2629 716 2696 Dic,
765 2628 934 2685 frater
975 2628 1316 2695 charissime,
1367 2629 1561 2685 horum
1597 2636 1904 2700 temporum

322 2721 462 2776 ratio
487 2722 587 2777 sub
617 2730 747 2790 quot
769 2721 1020 2792 capitulis
1040 2721 1367 2787 continetur,
1392 2721 1446 2775 in
1476 2728 1738 2790 quantum
1761 2736 1904 2776 nunc

319 2812 390 2868 ad
418 2820 661 2869 nostram
708 2813 944 2883 pertinet
971 2811 1437 2883 disputationem?
1471 2809 1624 2884 Resp.
1667 2809 1782 2868 Nisi
1809 2810 1908 2868 Ial-

321 2901 406 2958 lor
434 2901 534 2958 sub
562 2919 591 2957 1
626 2901 877 2973 capitulis
928 2903 1228 2959 consistere
1262 2903 1522 2958 cernitur.
1566 2902 1733 2960 Inter.
1775 2904 1905 2972 Quae

321 2994 630 3050 sunthaec?
668 2992 825 3066 Resp.
868 2990 1110 3050 Primum
1166 2993 1462 3065 capitulum
1495 3002 1579 3051 est
1632 2995 1702 3052 de
1732 2995 1904 3052 Cha»

323 3085 461 3146 nica:
481 3084 768 3152 vocabulo,
781 3085 1079 3142 secundum
1105 3085 1170 3141 de
1193 3084 1481 3141 momentis
1506 3095 1562 3142 et
1587 3084 1759 3151 horis,
1792 3092 1901 3140 ter-

2015 580 2137 621 rum
2164 573 2220 621 et
2240 566 2712 622 vestimentorum.

2081 656 2250 712 Inter.
2276 657 2417 725 Quid
2443 667 2530 714 est
2555 657 2713 714 dies?
2748 655 2905 728 Resp.
2940 657 3064 715 Dies
3087 667 3175 715 est
3199 660 3489 732 praesentis
3510 674 3607 719 so-

2010 747 2098 815 lis,
2128 751 2244 806 sive
2287 749 2365 806 sol
2391 765 2556 820 supra
2597 759 2793 814 terras,
2842 751 2983 805 sicut
3027 763 3132 806 nox
3179 748 3262 806 sol
3289 749 3392 807 sub
3423 753 3604 810 terris.

2009 838 2177 895 Inter.
2215 841 2540 910 Quomodo?
2576 839 2734 912 Resp.
2770 840 2842 898 Ut
2888 842 3035 897 enim
3087 839 3205 897 dies
3229 847 3322 897 aut
3365 857 3474 897 nos
3509 843 3604 910 sit,

2010 948 2176 990 causa
2204 943 2309 998 est,
2339 945 2397 988 ut
2423 950 2586 1004 supra
2629 942 2831 990 terram
2860 931 2941 990 sol
2986 934 3079 1000 sit,
3137 942 3232 988 aut
3280 933 3384 989 sub
3411 934 3598 990 terris.

2010 1020 2179 1079 Inter.
2220 1021 2346 1079 Dies
2371 1031 2504 1094 quot
2530 1022 2692 1080 horas
2718 1022 2925 1078 habet?
2976 1020 3131 1092 Resp.
3168 1021 3294 1080 Dies
3329 1022 3606 1095 legitimus

2011 1129 2139 1169 Inv
2163 1115 2422 1170 horarum
2442 1124 2545 1179 est,
2575 1126 2747 1183 usque
2771 1111 2899 1168 dum
2924 1111 3043 1168 dies
3068 1122 3124 1168 et
3165 1127 3273 1168 nos
3300 1112 3479 1183 spatio
3512 1112 3600 1170 sui

2009 1220 2202 1260 cursus
2230 1204 2300 1259 ab
2318 1205 2528 1260 oriente
2559 1219 2730 1275 usque
2760 1203 2826 1258 ad
2874 1203 3040 1260 alium
3068 1201 3388 1260 orientalem
3431 1205 3602 1261 solem

2009 1294 2131 1351 caeli
2159 1293 2491 1350 volubilitate
2539 1291 2848 1360 concludit;
2884 1309 3010 1349 nam
3053 1291 3275 1350 abusive
3309 1293 3427 1350 dies
3453 1307 3595 1350 unus

2008 1393 2093 1440 est
2125 1386 2361 1456 spatium
2393 1383 2464 1440 ab
2511 1383 2722 1441 oriente
2762 1383 2875 1440 sole
2929 1398 3102 1455 usque
3143 1384 3212 1441 ad
3239 1382 3598 1442 occidentem.

2012 1471 2177 1526 Inter.
2208 1472 2322 1527 Diei
2339 1475 2516 1544 spatia
2535 1480 2666 1545 quot
2692 1474 2860 1527 sunt?
2882 1471 3039 1545 Resp.
3067 1473 3200 1529 Duo.
3232 1469 3400 1529 Inter.
3426 1472 3598 1543 Quae?

2007 1561 2161 1635 Resp.
2201 1564 2594 1628 lnterdianum,
2643 1570 2698 1619 et
2721 1569 3067 1627 nocturnum,
3121 1570 3176 1619 ct
3208 1570 3291 1618 est
3340 1561 3455 1618 dies
3482 1561 3600 1633 qui-

2008 1656 2132 1713 dem
2169 1656 2426 1712 horarum
2484 1670 2635 1722 xxiv,
2685 1655 2921 1727 spatium
2956 1665 3137 1711 autem
3189 1653 3447 1712 horarum
3494 1668 3595 1709 xu.

2012 1742 2178 1800 Inter.
2213 1742 2363 1802 Unde
2393 1743 2591 1799 dicitur
2614 1744 2772 1801 dies?
2809 1742 2966 1816 Resp.
3021 1741 3259 1800 Vocatus
3305 1750 3391 1800 est
3419 1754 3602 1800 autem

1942 1834 1985 1894 Β
2012 1838 2128 1894 dies
2158 1854 2187 1892 a
2208 1846 2363 1911 parte
2386 1835 2628 1902 meliore,
2660 1835 2802 1892 unde
2822 1844 2878 1893 et
2898 1838 2951 1891 in
2983 1850 3081 1892 usu
3109 1844 3209 1900 est,
3239 1843 3299 1891 ut
3319 1835 3436 1891 sine
3455 1847 3604 1892 como

2012 1926 2403 1982 memoratione
2429 1925 2603 1982 noctis
2629 1939 2914 1981 numerum
2959 1925 3207 1982 dicamus
3233 1924 3462 1990 dierum,
3495 1924 3604 1981 sic-

2008 2027 2069 2073 ut
2095 2019 2230 2074 etin
2268 2016 2384 2090 lege
2438 2016 2621 2072 divina
2653 2016 2916 2087 scriptum
2957 2026 3078 2074 est:
3122 2011 3348 2070 Fat-turn
3378 2023 3456 2072 est
3485 2029 3602 2071 ses-

2005 2125 2129 2181 pere
2154 2116 2202 2162 et
2227 2124 2382 2162 inane
2408 2107 2519 2161 dies
2543 2123 2700 2162 unus.
2734 2105 2902 2163 Inter.
2933 2105 3028 2162 Dic
3052 2106 3203 2170 mihi,
3230 2105 3427 2176 quibus
3449 2104 3604 2162 boris

2007 2198 2303 2257 secundum
2349 2198 2798 2254 consuetudinem
2849 2197 3268 2269 uniuscujusque
3307 2197 3484 2269 gentis
3512 2210 3600 2252 ra-

2007 2290 2211 2346 tionem
2264 2287 2482 2346 inchoat
2525 2289 2684 2346 dies?
2720 2284 2878 2360 Resp.
2950 2286 3260 2346 Secundum
3310 2287 3598 2360 Algyptios

2005 2380 2197 2453 incipit
2231 2379 2301 2436 ab
2341 2394 2543 2436 occasu
2591 2377 2761 2446 solis;
2796 2379 3091 2436 secundum
3150 2378 3346 2436 Persas
3381 2375 3450 2434 ab
3475 2389 3599 2435 ortu

2005 2471 2175 2542 solis,
2207 2473 2503 2529 secundum
2524 2471 2886 2530 Athenienses
2915 2486 2948 2528 a
2973 2489 3028 2530 vi
3058 2472 3196 2529 hora
3217 2473 3321 2528 diei
3347 2489 3363 2541 ;
3396 2487 3587 2530 secuti.

2004 2564 2134 2620 dum
2191 2565 2465 2622 Romanos
2515 2579 2645 2621 vero
2675 2579 2705 2621 a
2759 2564 2938 2621 media
2988 2573 3174 2630 nocte,
3212 2565 3355 2622 unde
3381 2571 3436 2621 et
3467 2572 3599 2620 tunc

2004 2657 2331 2731 gallicinium
2382 2666 2486 2725 est,
2541 2673 2775 2729 quorum
2825 2673 2929 2715 vos
2959 2657 3066 2715 dici
3115 2656 3355 2715 ostendit
3391 2670 3599 2728 praeco-

2006 2747 2175 2815 nium,
2202 2746 2422 2820 quando
2449 2753 2505 2803 et
2538 2746 2868 2804 mesonictios
2892 2745 3107 2804 amatus
3121 2747 3212 2804 sit.
3244 2744 3412 2802 Inter.
3444 2743 3601 2802 Unde

2005 2839 2136 2896 dicti
2172 2848 2299 2895 sunt
2344 2837 2506 2894 dies?
2533 2835 2690 2910 Resp.
2729 2837 2861 2894 Dies
2887 2853 2918 2894 a
2947 2837 3054 2894 diis
3101 2845 3229 2894 sunt
3253 2836 3408 2904 dicti,
3455 2851 3599 2908 quo-

2007 2947 2128 2987 rum
2152 2931 2369 2988 nomina
2406 2932 2634 2988 Romani
2663 2929 2990 3004 quibusdam
3029 2929 3298 2988 sideribus
3349 2943 3600 2987 sacrave-

2007 3028 2149 3077 runt.
2183 3018 2346 3076 Inter.
2376 3018 2491 3089 Qua
2522 3020 2774 3078 ratione?
2809 3017 2964 3092 Resp.
3009 3018 3253 3076 Primum
3282 3019 3428 3076 enim
3450 3017 3593 3076 diem

2008 3128 2039 3167 a
2075 3113 2188 3170 sole
2216 3113 2642 3186 appellaverunt,
2670 3113 2764 3185 qui
2793 3113 3048 3186 princeps
3068 3121 3153 3170 est
3175 3112 3419 3170 omnium
3449 3112 3592 3170 side-

324 3176 458 3231 tium
485 3163 789 3243 de‘diebus,
814 3183 1070 3247 quartum
1092 3175 1158 3230 de
1196 3183 1378 3243 nocte,
1404 3177 1654 3248 quintum
1675 3176 1745 3233 de
1773 3177 1901 3234 heb-

2007 3217 2149 3272 rum,
2191 3163 2333 3261 sictit
2357 3212 2414 3258 et
2456 3203 2600 3260 idem
2635 3163 2756 3260 dies
2795 3163 3102 3276 caputrest
3124 3215 3444 3263 cunctorum
3473 3203 3590 3262 die-

322 3266 580 3334 domadis,
613 3275 828 3327 sextum
851 3267 917 3323 de
945 3266 1246 3334 mensibus,
1273 3268 1567 3339 septimum
1613 3265 1684 3324 de
1710 3266 1896 3325 solsti-

321 3359 410 3418 tiis
435 3366 491 3415 et
512 3357 870 3432 atquinoctiis,
891 3364 1142 3414 octavum
1167 3359 1234 3416 de
1253 3358 1592 3431 temporibus
1612 3359 1762 3426 anni,
1809 3375 1900 3415 no-

321 3466 449 3509 num
468 3451 535 3507 de
577 3451 757 3517 annis,
791 3449 1061 3506 decimum
1090 3449 1157 3506 de
1203 3448 1598 3522 olympiadibus
1630 3459 1684 3505 et
1711 3450 1897 3506 lustris

318 3555 372 3599 et
405 3541 644 3613 jubileis.

391 3635 557 3693 Inter.
592 3636 732 3693 Ecce
755 3637 1030 3708 protulisti
1084 3651 1370 3692 numerum
1405 3646 1459 3690 et
1503 3636 1725 3692 nomina
1750 3636 1897 3709 capi-

317 3728 574 3795 tulorum,
605 3743 750 3786 nunc
779 3738 906 3800 peto
926 3738 988 3785 ut
1010 3729 1144 3785 mihi
1166 3730 1377 3801 aperire
1407 3744 1514 3786 non
1547 3744 1765 3796 renuas,
1790 3745 1895 3800 qua

319 3820 501 3896 lingua
550 3819 820 3877 Chronica
869 3821 1212 3893 appellatur?
1251 3819 1409 3893 Resp.
1465 3821 1644 3888 Certe,
1702 3821 1894 3891 frater,

317 3911 446 3988 quia
472 3912 748 3970 humiliter
772 3914 957 3984 petisti
986 3928 1050 3967 ea
1073 3928 1192 3983 qua:
1220 3913 1362 3970 scire
1385 3913 1559 3985 cupis,
1591 3930 1691 3987 ego
1714 3923 1896 3972 autem

320 4002 467 4075 quod
487 4003 727 4076 intelligo
753 4002 1060 4060 amabiliter
1084 4003 1182 4060 tibi
1206 4004 1449 4062 indicare
1468 4006 1648 4077 cupio.
1677 4019 1703 4048 ι
1733 4003 1897 4062 Chro-

319 4093 438 4170 nica
465 4094 654 4152 Graece
675 4095 890 4163 dicitur,
925 4111 1045 4167 quae
1067 4095 1234 4153 latine
1261 4103 1565 4168 temporum
1602 4097 1773 4154 series
1796 4111 1897 4170 ap-

317 4163 750 4334 Μῖὲυὲῐηιεν.
792 4259 925 4330 Quis
953 4275 1073 4317 eam
1125 4260 1471 4333 composuit?
1510 4258 1668 4331 Resp.
1729 4259 1897 4317 Euse-

319 4351 441 4409 bius
465 4352 611 4408 enim
641 4352 988 4410 Ctesariensis
1017 4353 1304 4425 episcopus
1333 4351 1474 4423 apud
1510 4350 1729 4410 Gnaeos
1750 4352 1893 4408 illam

2002 3308 2142 3350 rum.
2173 3293 2484 3350 Secundum
2512 3309 2543 3349 a
2565 3292 2714 3359 luna,
2741 3306 2862 3366 quae
2887 3293 2991 3350 soli
3015 3301 3071 3351 et
3097 3293 3388 3366 splendore
3407 3303 3461 3351 et
3484 3308 3595 3352 ma-

1998 3383 2279 3456 gnitudine
2323 3385 2574 3456 proxima
2598 3391 2701 3449 est,
2732 3391 2790 3439 et
2835 3398 2904 3440 ex
2927 3399 2995 3441 eo
3023 3393 3237 3442 mutuat
3282 3381 3439 3459 [Hs.,
3465 3398 3592 3441 mu-

2000 3471 2100 3547 tat]
2147 3473 2348 3530 lum‘n.
2406 3473 2651 3532 Tertium
2699 3475 2770 3532 ab
2797 3475 2953 3533 stella
2995 3475 3204 3544 Martis,
3248 3491 3371 3548 quae
3398 3483 3595 3550 vesper

1998 3571 2242 3619 vocatur.
2276 3562 2541 3631 Quartum
2569 3579 2600 3620 ι
2624 3565 2778 3620 stella
2829 3565 3098 3633 Mercurii,
3149 3581 3314 3638 quam
3365 3566 3589 3638 quidam

1997 3650 2285 3706 candidum
2312 3651 2576 3708 circulum
2604 3653 2806 3710 dicunt.
2837 3651 3096 3724 Quintum
3127 3655 3196 3711 ab
3233 3655 3390 3713 stella
3415 3653 3590 3721 Joris.

1997 3755 2161 3812 quam
2190 3739 2459 3796 Fastonent
2486 3739 2656 3814 ﬂsid.,
2695 3741 3061 3819 Phaetontent]
3087 3746 3259 3802 aiunt.
3297 3747 3523 3803 Sextum
3551 3765 3583 3803 a

1999 3829 2223 3890 Veneris
2251 3832 2426 3900 stella,
2456 3848 2620 3904 quam
2640 3834 2955 3893 Luciferum
2999 3849 3276 3908 asserunt,
3303 3856 3424 3913 qua:
3451 3842 3592 3898 inter

1996 3923 2178 3980 omnia
2228 3923 2408 3980 sidera
2461 3924 2582 3996 plus
2617 3926 2755 3984 lucis
2804 3929 2986 3986 habet.
3046 3929 3349 4002 Septimum
3404 3950 3532 3992 vero
3555 3951 3588 3990 a

1999 4015 2152 4073 stella
2185 4016 2427 4083 Saturni,
2455 4032 2576 4090 quae
2595 4032 2750 4077 sexto
2772 4021 2913 4078 ctelo
2934 4023 3114 4080 locata
3137 4040 3208 4082 as
3235 4023 3426 4100 [Μαίη
3456 4029 3586 4104 us]

1997 4109 2158 4166 annis
2185 4108 2358 4166 fertur
2377 4109 2594 4182 explere
2619 4127 2840 4168 cursum
2872 4127 3052 4170 suum.

2066 4199 2237 4256 Inter.
2277 4201 2459 4270 Quare
2489 4202 2559 4259 ab
2581 4203 2665 4260 his
2688 4219 2764 4260 vn
2793 4205 2962 4262 stellis
2993 4207 3111 4264 dies
3133 4208 3398 4267 nominati
3420 4222 3546 4268 sunt
3563 4215 3589 4267 ἲ

1999 4289 2154 4364 Resp.
2207 4289 2333 4349 Ideo
2355 4293 2500 4349 enim
2535 4311 2600 4350 ex
2631 4295 2719 4352 his
2755 4312 2827 4352 vn
2886 4296 3056 4355 steliis
3109 4301 3331 4358 nomina
3373 4300 3584 4359 dierum

1996 4380 2224 4453 gentiles
2245 4381 2529 4450 dederunt,
2557 4387 2683 4456 quia
2713 4400 2813 4458 per
2842 4387 3064 4446 easdem
3088 4388 3291 4460 aliquid
3310 4391 3417 4449 sibi
3440 4391 3584 4450 efﬁci

317 4447 508 4552 edidit,
532 4447 626 4504 sed
653 4446 1012 4552 Hifmgy'mus
1053 4444 1216 4552 ξ’δισξτ
1262 4444 1318 4552 in
1363 4444 1614 4552 [eligam
1657 4444 1894 4552 'ifg‘ffm
1995 4444 2673 4543 existimarunt,dicenies,
2707 4444 2908 4533 habere
2929 4444 2960 4533 a
2981 4444 3093 4534 sole

318 4537 465 4596 illam
493 4540 778 4599 convertit.
804 4535 1291 4611 ειινοηοεῘχρόνος]
1314 4536 1460 4591 enim
1481 4535 1689 4603 Graec,

318 4642 530 4705 tempus
555 4631 956 4704 interpretatur.

387 4720 556 4781 Inter.
598 4719 862 4793 Tempora
887 4721 942 4776 in
969 4728 1102 4793 quot
1132 4726 1316 4792 partes
1339 4717 1693 4775 dividuntur?
1735 4715 1890 4789 Resp.

314 4811 375 4870 In
409 4827 524 4872 sex.
564 4811 729 4868 Inter.
779 4810 836 4866 ln
873 4809 1115 4883 quibus?
1164 4807 1318 4881 Resp.
1357 4808 1415 4865 ιιι
1450 4807 1760 4875 momentis,
1798 4806 1896 4863 ho-

319 4905 413 4976 ris,
452 4905 661 4971 diebus,
690 4904 984 4971 mensibus,
1034 4903 1191 4959 annis
1219 4911 1275 4958 et
1301 4901 1576 4959 lnstribus.

388 4994 554 5053 Inter.
593 4993 733 5068 Quid
753 5003 838 5051 est
864 4995 1239 5052 momentum?
1271 4993 1428 5066 Resp.
1459 4992 1789 5050 Nomentum
1809 5001 1896 5052 est

316 5087 599 5148 minimum
651 5094 812 5160 atque
863 5087 1306 5159 angustissimum
1340 5095 1552 5158 tempus
1585 5103 1618 5144 a
1645 5096 1792 5144 motu
1822 5090 1893 5144 si-

318 5180 509 5238 derum
532 5179 734 5236 dictum
760 5195 775 5245 ;
807 5184 891 5235 est
911 5177 1058 5235 enim
1096 5178 1412 5238 extremitas
1459 5179 1606 5235 horae
1633 5179 1689 5237 in
1715 5180 1894 5237 brevi-

318 5273 421 5329 bus
470 5269 786 5334 intervallis,
835 5282 957 5325 cum
1000 5268 1201 5341 aliquid
1254 5268 1359 5326 sibi
1408 5270 1553 5326 cedit
1589 5278 1751 5341 atque
1773 5285 1894 5327 suc-

391 5475 556 5534 Inter.
596 5474 737 5532 Hora
767 5490 872 5546 qua
902 5475 1082 5547 lingua
1113 5473 1351 5532 dicitur?
1376 5474 1527 5546 Resp.
1562 5475 1711 5532 Hora
1734 5477 1889 5533 Grae-

319 5584 444 5626 cum
486 5579 678 5625 nomen
730 5575 833 5633 est,
860 5574 917 5622 et
970 5578 1150 5624 tamen
1205 5564 1454 5623 Latinum
1498 5575 1673 5623 sonat.
1719 5567 1888 5624 Inter.

322 5658 462 5730 Quid
493 5668 577 5719 est
625 5659 800 5717 hora?
840 5658 996 5732 Resp.
1047 5659 1194 5715 Finis
1231 5668 1316 5715 est
1362 5660 1641 5731 temporis,
1670 5661 1806 5719 sicut
1840 5670 1894 5717 et

392 5805 418 5840 ι
457 5791 536 5850 Ex
566 5791 689 5850 Isid.
721 5790 840 5847 libr.
869 5809 894 5844 v
926 5792 1203 5865 Originum
1245 5807 1364 5863 cap.
1403 5793 1463 5850 l8
1483 5802 1536 5849 et
1562 5809 1712 5869 seqq.

1707 4537 1891 4592 LW"?-
1924 4552 1973 4613 D
1995 4576 2212 4634 corpus,
2267 4580 2297 4619 a
2327 4537 2594 4623 Mercurio
2623 4537 2900 4641 ingenium
2930 4579 2986 4627 et
3016 4537 3276 4643 linguam,
3307 4537 3584 4636 a‘leuers

2002 4652 2346 4726 voluptatem,
2362 4671 2393 4711 a
2412 4655 2581 4714 Marte
2593 4661 2930 4732 sanguinem,
2945 4678 2975 4718 a
2987 4678 3120 4721 core
3140 4669 3578 4739 temperantiam,

1995 4763 2027 4802 a
2056 4746 2294 4806 Saturno
2315 4751 2598 4811 humorem
2623 4771 2637 4821 ;
2679 4755 2799 4812 talis
2830 4758 3029 4832 quippe
3058 4761 3270 4819 exstitit
3297 4764 3578 4836 gentilium

1992 4840 2242 4908 stultitia,
2273 4844 2366 4912 qui
2399 4845 2500 4901 sibi
2536 4845 2809 4903 illuxerunt
2838 4858 2946 4906 tam
2978 4852 3269 4912 ridiculosa
3298 4856 3574 4930 ﬂgnienta.

2065 4930 2230 4989 Inter.
2284 4933 2566 5003 Quomodo
2621 4952 2846 4996 vocatur
2907 4941 3023 4999 dies
3079 4944 3222 5016 apud
3293 4945 3580 5006 Rebreos?

1997 5017 2148 5092 Resp.
2189 5021 2343 5096 Apud
2378 5023 2618 5084 Hebreos
2659 5038 2840 5086 autem
2865 5029 2985 5090 dies
3002 5034 3177 5105 prima
3219 5053 3327 5092 ana
3371 5039 3578 5096 sabbati

1993 5111 2214 5178 dicitur,
2271 5114 2366 5186 qui
2421 5118 2562 5188 apud
2611 5134 2713 5175 nos
2756 5121 2873 5177 dies
2903 5123 3213 5182 Dominicus
3260 5136 3364 5185 est.
3405 5127 3573 5187 Inter.

1995 5198 2245 5258 Secunda
2289 5204 2498 5262 sabbati
2537 5222 2708 5278 quare
2743 5210 3089 5283 appellatur?
3121 5212 3275 5287 Resp.
3323 5216 3574 5278 Secunda

1994 5292 2205 5348 sabbati
2240 5297 2473 5351 secunda
2522 5293 2679 5367 feria,
2729 5314 2893 5372 quem
2926 5303 3215 5364 seculares
3260 5309 3403 5366 diem
3434 5309 3576 5370 luna

1993 5390 2209 5439 vocant.
2246 5382 2410 5440 Inter.
2425 5384 2574 5454 Quid
2598 5389 2758 5446 tertia
2779 5389 2804 5446 τ
2829 5388 2984 5464 Resp.
3009 5392 3191 5453 Tertia
3216 5397 3429 5456 sabbati
3463 5411 3567 5458 ter-

1995 5473 2068 5528 tia
2095 5473 2251 5540 feria,
2280 5491 2442 5547 quem
2468 5475 2609 5533 diem
2646 5478 2718 5535 illi
2757 5478 2944 5539 Hartis
2981 5496 3196 5543 vocant.
3235 5484 3400 5544 Intsr.
3430 5489 3573 5558 Quid

1996 5575 2078 5621 est
2098 5567 2336 5636 quarta?
2373 5567 2524 5638 Resp.
2575 5569 2780 5639 Quarta
2814 5573 3024 5630 sabbati
3066 5583 3260 5648 quarta
3304 5579 3437 5636 feria
3460 5588 3567 5644 est.

1996 5660 2087 5730 qui
2136 5657 2382 5717 Mercurii
2441 5662 2555 5718 dies
2598 5675 2683 5720 est
2715 5679 2746 5719 a
2790 5667 3033 5739 paganis.
3097 5669 3262 5727 Inter.
3320 5671 3458 5742 Quid
3485 5677 3570 5728 cst
