  <div class='ocr_page' id='page_1' title='image "/cluster/home/n/w/nwhite01/storage/ocr_20150623/101/umn.31951002477394h/571.png"; bbox 0 0 4090 6536; ppageno 0'>
   <div class='ocr_carea' id='block_1_1' title="bbox 529 451 725 534">
    <p class='ocr_par' dir='ltr' id='par_1_1' title="bbox 529 451 725 534">
     <span class='ocr_line' id='line_1_1' title="bbox 529 451 725 534; baseline 0.01 -1"><span class='ocrx_word' id='word_1_1' title='bbox 529 474 668 534; x_wconf 76' lang='lat' dir='ltr'><strong>ius</strong></span> <span class='ocrx_word' id='word_1_2' title='bbox 723 451 725 454; x_wconf 28' lang='grc'><em>⁴</em></span> 
     </span>
    </p>
   </div>
   <div class='ocr_carea' id='block_1_2' title="bbox 1353 464 2990 538">
    <p class='ocr_par' dir='ltr' id='par_1_2' title="bbox 1353 464 2990 538">
     <span class='ocr_line' id='line_1_2' title="bbox 1353 464 2990 538; baseline -0.002 -4"><span class='ocrx_word' id='word_1_3' title='bbox 1353 478 1414 535; x_wconf 90' lang='lat' dir='ltr'><strong>B.</strong></span> <span class='ocrx_word' id='word_1_4' title='bbox 1454 477 1516 534; x_wconf 83' lang='lat' dir='ltr'><strong>F.</strong></span> <span class='ocrx_word' id='word_1_5' title='bbox 1556 478 1784 536; x_wconf 75' lang='lat' dir='ltr'><strong>ALBINI</strong></span> <span class='ocrx_word' id='word_1_6' title='bbox 1824 479 1954 535; x_wconf 55' lang='grc' dir='ltr'><strong>εει)</strong></span> <span class='ocrx_word' id='word_1_7' title='bbox 1998 464 2278 536; x_wconf 56' lang='lat' dir='ltr'><strong>armis!</strong></span> <span class='ocrx_word' id='word_1_8' title='bbox 2317 480 2599 538; x_wconf 76' lang='lat' dir='ltr'><strong>OI&#39;EltUI</strong></span> <span class='ocrx_word' id='word_1_9' title='bbox 2642 481 2818 536; x_wconf 72' lang='lat' dir='ltr'><strong>imis</strong></span> <span class='ocrx_word' id='word_1_10' title='bbox 2863 479 2990 534; x_wconf 86' lang='lat' dir='ltr'><strong>vni.</strong></span> 
     </span>
    </p>
   </div>
   <div class='ocr_carea' id='block_1_3' title="bbox 3668 478 3802 535">
    <p class='ocr_par' dir='ltr' id='par_1_3' title="bbox 3668 478 3802 535">
     <span class='ocr_line' id='line_1_3' title="bbox 3668 478 3802 535; baseline 0.007 -1"><span class='ocrx_word' id='word_1_11' title='bbox 3668 478 3802 535; x_wconf 77' lang='grc'><strong>1116</strong></span> 
     </span>
    </p>
   </div>
   <div class='ocr_carea' id='block_1_4' title="bbox 521 579 3802 666">
    <p class='ocr_par' dir='ltr' id='par_1_4' title="bbox 521 579 3802 666">
     <span class='ocr_line' id='line_1_4' title="bbox 521 579 3802 666; baseline -0.001 -18"><span class='ocrx_word' id='word_1_12' title='bbox 521 593 756 666; x_wconf 86' lang='lat' dir='ltr'><strong>quinta?</strong></span> <span class='ocrx_word' id='word_1_13' title='bbox 783 591 937 663; x_wconf 82' lang='lat' dir='ltr'><strong>Resp.</strong></span> <span class='ocrx_word' id='word_1_14' title='bbox 964 592 1161 661; x_wconf 88' lang='lat' dir='ltr'><strong>Quinta</strong></span> <span class='ocrx_word' id='word_1_15' title='bbox 1191 593 1402 649; x_wconf 82' lang='lat' dir='ltr'><strong>sabbati</strong></span> <span class='ocrx_word' id='word_1_16' title='bbox 1425 595 1611 665; x_wconf 90' lang='lat' dir='ltr'><strong>quinta</strong></span> <span class='ocrx_word' id='word_1_17' title='bbox 1636 593 1771 648; x_wconf 79' lang='lat' dir='ltr'><strong>feria</strong></span> <span class='ocrx_word' id='word_1_18' title='bbox 1792 602 1896 660; x_wconf 88' lang='lat' dir='ltr'><strong>est,</strong></span> <span class='ocrx_word' id='word_1_19' title='bbox 1925 592 2104 657; x_wconf 76' lang='lat' dir='ltr'><strong>idest,</strong></span> <span class='ocrx_word' id='word_1_20' title='bbox 2139 599 2184 659; x_wconf 78' lang='grc' dir='ltr'><strong>Α</strong></span> <span class='ocrx_word' id='word_1_21' title='bbox 2213 593 2408 649; x_wconf 75' lang='lat' dir='ltr'><strong>alicubi</strong></span> <span class='ocrx_word' id='word_1_22' title='bbox 2435 594 2590 647; x_wconf 87' lang='lat' dir='ltr'><strong>aliter</strong></span> <span class='ocrx_word' id='word_1_23' title='bbox 2615 592 2831 662; x_wconf 70' lang='lat' dir='ltr'><strong>legitur,</strong></span> <span class='ocrx_word' id='word_1_24' title='bbox 2873 608 2977 645; x_wconf 88' lang='lat' dir='ltr'><strong>non</strong></span> <span class='ocrx_word' id='word_1_25' title='bbox 3008 607 3038 644; x_wconf 92' lang='lat' dir='ltr'><strong>a</strong></span> <span class='ocrx_word' id='word_1_26' title='bbox 3074 597 3236 660; x_wconf 86' lang='lat' dir='ltr'><strong>quota</strong></span> <span class='ocrx_word' id='word_1_27' title='bbox 3279 579 3389 656; x_wconf 88' lang='lat' dir='ltr'><strong>die,</strong></span> <span class='ocrx_word' id='word_1_28' title='bbox 3421 591 3517 647; x_wconf 86' lang='lat' dir='ltr'><strong>sed</strong></span> <span class='ocrx_word' id='word_1_29' title='bbox 3554 605 3584 645; x_wconf 87' lang='lat' dir='ltr'><strong>a</strong></span> <span class='ocrx_word' id='word_1_30' title='bbox 3625 595 3802 646; x_wconf 81' lang='lat' dir='ltr'><strong>conti-</strong></span> 
     </span>
    </p>
   </div>
   <div class='ocr_carea' id='block_1_5' title="bbox 522 682 2105 758">
    <p class='ocr_par' dir='ltr' id='par_1_5' title="bbox 522 682 2105 758">
     <span class='ocr_line' id='line_1_5' title="bbox 522 682 2105 758; baseline -0.002 -17"><span class='ocrx_word' id='word_1_31' title='bbox 522 688 712 758; x_wconf 88' lang='lat' dir='ltr'><strong>quinta</strong></span> <span class='ocrx_word' id='word_1_32' title='bbox 746 701 776 740; x_wconf 91' lang='lat' dir='ltr'><strong>a</strong></span> <span class='ocrx_word' id='word_1_33' title='bbox 801 686 890 741; x_wconf 92' lang='lat' dir='ltr'><strong>die</strong></span> <span class='ocrx_word' id='word_1_34' title='bbox 925 686 1224 751; x_wconf 85' lang='lat' dir='ltr'><strong>Dominico,</strong></span> <span class='ocrx_word' id='word_1_35' title='bbox 1255 686 1348 757; x_wconf 87' lang='lat' dir='ltr'><strong>qui</strong></span> <span class='ocrx_word' id='word_1_36' title='bbox 1377 686 1518 756; x_wconf 88' lang='lat' dir='ltr'><strong>apud</strong></span> <span class='ocrx_word' id='word_1_37' title='bbox 1564 687 1792 758; x_wconf 74' lang='lat' dir='ltr'><strong>gentiles</strong></span> <span class='ocrx_word' id='word_1_38' title='bbox 1829 682 1980 740; x_wconf 71' lang='lat' dir='ltr'><strong>Jov‘;</strong></span> <span class='ocrx_word' id='word_1_39' title='bbox 2011 700 2105 739; x_wconf 85' lang='lat' dir='ltr'><strong>vo-</strong></span> 
     </span>
    </p>
   </div>
   <div class='ocr_carea' id='block_1_6' title="bbox 521 776 2104 849">
    <p class='ocr_par' dir='ltr' id='par_1_6' title="bbox 521 776 2104 849">
     <span class='ocr_line' id='line_1_6' title="bbox 521 776 2104 849; baseline -0.003 -15"><span class='ocrx_word' id='word_1_40' title='bbox 521 787 697 834; x_wconf 89' lang='lat' dir='ltr'><strong>catur.</strong></span> <span class='ocrx_word' id='word_1_41' title='bbox 735 777 901 833; x_wconf 86' lang='lat' dir='ltr'><strong>Inter.</strong></span> <span class='ocrx_word' id='word_1_42' title='bbox 934 776 1073 845; x_wconf 83' lang='lat' dir='ltr'><strong>Quid</strong></span> <span class='ocrx_word' id='word_1_43' title='bbox 1118 788 1203 835; x_wconf 88' lang='lat' dir='ltr'><strong>est</strong></span> <span class='ocrx_word' id='word_1_44' title='bbox 1246 778 1444 834; x_wconf 65' lang='lat' dir='ltr'><strong>sexta?</strong></span> <span class='ocrx_word' id='word_1_45' title='bbox 1500 778 1652 849; x_wconf 84' lang='lat' dir='ltr'><strong>Resp.</strong></span> <span class='ocrx_word' id='word_1_46' title='bbox 1694 778 1858 834; x_wconf 76' lang='lat' dir='ltr'><strong>Sexta</strong></span> <span class='ocrx_word' id='word_1_47' title='bbox 1893 777 2104 834; x_wconf 83' lang='lat' dir='ltr'><strong>sabbati</strong></span> 
     </span>
    </p>
   </div>
   <div class='ocr_carea' id='block_1_7' title="bbox 519 868 2105 942">
    <p class='ocr_par' dir='ltr' id='par_1_7' title="bbox 519 868 2105 942">
     <span class='ocr_line' id='line_1_7' title="bbox 519 868 2105 942; baseline -0.004 -14"><span class='ocrx_word' id='word_1_48' title='bbox 519 881 675 928; x_wconf 79' lang='lat' dir='ltr'><strong>sexta</strong></span> <span class='ocrx_word' id='word_1_49' title='bbox 711 869 847 926; x_wconf 78' lang='lat' dir='ltr'><strong>feria</strong></span> <span class='ocrx_word' id='word_1_50' title='bbox 871 871 1092 936; x_wconf 92' lang='lat' dir='ltr'><strong>dicitur,</strong></span> <span class='ocrx_word' id='word_1_51' title='bbox 1114 870 1205 940; x_wconf 88' lang='lat' dir='ltr'><strong>qui</strong></span> <span class='ocrx_word' id='word_1_52' title='bbox 1237 871 1375 939; x_wconf 81' lang='lat' dir='ltr'><strong>apud</strong></span> <span class='ocrx_word' id='word_1_53' title='bbox 1407 871 1629 926; x_wconf 81' lang='lat' dir='ltr'><strong>eosdem</strong></span> <span class='ocrx_word' id='word_1_54' title='bbox 1656 885 1896 942; x_wconf 80' lang='lat' dir='ltr'><strong>paganos</strong></span> <span class='ocrx_word' id='word_1_55' title='bbox 1936 868 2105 923; x_wconf 76' lang='lat' dir='ltr'><strong>Vene-</strong></span> 
     </span>
    </p>
   </div>
   <div class='ocr_carea' id='block_1_8' title="bbox 519 959 2108 1033">
    <p class='ocr_par' dir='ltr' id='par_1_8' title="bbox 519 959 2108 1033">
     <span class='ocr_line' id='line_1_8' title="bbox 519 959 2108 1033; baseline -0.003 -13"><span class='ocrx_word' id='word_1_56' title='bbox 519 966 597 1022; x_wconf 89' lang='lat' dir='ltr'><strong>ris</strong></span> <span class='ocrx_word' id='word_1_57' title='bbox 639 971 884 1021; x_wconf 79' lang='lat' dir='ltr'><strong>vocatur.</strong></span> <span class='ocrx_word' id='word_1_58' title='bbox 921 960 1084 1018; x_wconf 83' lang='lat' dir='ltr'><strong>Inter.</strong></span> <span class='ocrx_word' id='word_1_59' title='bbox 1124 961 1423 1018; x_wconf 88' lang='lat' dir='ltr'><strong>Sabbatum</strong></span> <span class='ocrx_word' id='word_1_60' title='bbox 1471 962 1601 1033; x_wconf 90' lang='lat' dir='ltr'><strong>quid</strong></span> <span class='ocrx_word' id='word_1_61' title='bbox 1625 963 1752 1019; x_wconf 89' lang='lat' dir='ltr'><strong>est?</strong></span> <span class='ocrx_word' id='word_1_62' title='bbox 1782 960 1936 1033; x_wconf 86' lang='lat' dir='ltr'><strong>Resp.</strong></span> <span class='ocrx_word' id='word_1_63' title='bbox 1967 959 2108 1016; x_wconf 86' lang='lat' dir='ltr'><strong>Sab-</strong></span> 
     </span>
    </p>
   </div>
   <div class='ocr_carea' id='block_1_9' title="bbox 517 1054 2120 1130">
    <p class='ocr_par' dir='ltr' id='par_1_9' title="bbox 517 1054 2120 1130">
     <span class='ocr_line' id='line_1_9' title="bbox 517 1054 2120 1130; baseline -0.004 -18"><span class='ocrx_word' id='word_1_64' title='bbox 517 1056 707 1112; x_wconf 88' lang='lat' dir='ltr'><strong>batum</strong></span> <span class='ocrx_word' id='word_1_65' title='bbox 730 1067 824 1113; x_wconf 89' lang='lat' dir='ltr'><strong>aut</strong></span> <span class='ocrx_word' id='word_1_66' title='bbox 853 1057 1118 1130; x_wconf 85' lang='lat' dir='ltr'><strong>septimus</strong></span> <span class='ocrx_word' id='word_1_67' title='bbox 1148 1070 1180 1110; x_wconf 90' lang='lat' dir='ltr'><strong>a</strong></span> <span class='ocrx_word' id='word_1_68' title='bbox 1209 1054 1488 1111; x_wconf 84' lang='lat' dir='ltr'><strong>Dominieo</strong></span> <span class='ocrx_word' id='word_1_69' title='bbox 1529 1055 1619 1110; x_wconf 86' lang='lat' dir='ltr'><strong>die</strong></span> <span class='ocrx_word' id='word_1_70' title='bbox 1644 1061 1748 1120; x_wconf 88' lang='lat' dir='ltr'><strong>est,</strong></span> <span class='ocrx_word' id='word_1_71' title='bbox 1783 1069 1946 1125; x_wconf 86' lang='lat' dir='ltr'><strong>quem</strong></span> <span class='ocrx_word' id='word_1_72' title='bbox 1981 1057 2120 1124; x_wconf 62' lang='lat' dir='ltr'><strong>gen&quot;</strong></span> 
     </span>
    </p>
   </div>
   <div class='ocr_carea' id='block_1_10' title="bbox 518 1143 2106 1222">
    <p class='ocr_par' dir='ltr' id='par_1_10' title="bbox 518 1143 2106 1222">
     <span class='ocr_line' id='line_1_10' title="bbox 518 1143 2106 1222; baseline -0.006 -16"><span class='ocrx_word' id='word_1_73' title='bbox 518 1151 642 1207; x_wconf 89' lang='lat' dir='ltr'><strong>tiles</strong></span> <span class='ocrx_word' id='word_1_74' title='bbox 676 1148 913 1207; x_wconf 90' lang='lat' dir='ltr'><strong>Saturno</strong></span> <span class='ocrx_word' id='word_1_75' title='bbox 933 1149 1272 1212; x_wconf 90' lang='lat' dir='ltr'><strong>dicaverunt,</strong></span> <span class='ocrx_word' id='word_1_76' title='bbox 1301 1154 1357 1202; x_wconf 91' lang='lat' dir='ltr'><strong>et</strong></span> <span class='ocrx_word' id='word_1_77' title='bbox 1385 1143 1684 1203; x_wconf 85' lang='lat' dir='ltr'><strong>Saturnum</strong></span> <span class='ocrx_word' id='word_1_78' title='bbox 1707 1143 1893 1222; x_wconf 80' lang='lat' dir='ltr'><strong>[Isid.,</strong></span> <span class='ocrx_word' id='word_1_79' title='bbox 1920 1144 2106 1201; x_wconf 89' lang='lat' dir='ltr'><strong>Satur-</strong></span> 
     </span>
    </p>
   </div>
   <div class='ocr_carea' id='block_1_11' title="bbox 519 1241 1068 1314">
    <p class='ocr_par' dir='ltr' id='par_1_11' title="bbox 519 1241 1068 1314">
     <span class='ocr_line' id='line_1_11' title="bbox 519 1241 1068 1314; baseline -0.004 -18"><span class='ocrx_word' id='word_1_80' title='bbox 519 1241 603 1314; x_wconf 87' lang='lat' dir='ltr'><strong>ni]</strong></span> <span class='ocrx_word' id='word_1_81' title='bbox 630 1243 1068 1297; x_wconf 87' lang='lat' dir='ltr'><strong>nominaverunt.</strong></span> 
     </span>
    </p>
   </div>
   <div class='ocr_carea' id='block_1_12' title="bbox 587 1323 2106 1400">
    <p class='ocr_par' dir='ltr' id='par_1_12' title="bbox 587 1323 2106 1400">
     <span class='ocr_line' id='line_1_12' title="bbox 587 1323 2106 1400; baseline -0.006 -13"><span class='ocrx_word' id='word_1_82' title='bbox 587 1333 754 1387; x_wconf 87' lang='lat' dir='ltr'><strong>Inter.</strong></span> <span class='ocrx_word' id='word_1_83' title='bbox 790 1331 1086 1388; x_wconf 86' lang='lat' dir='ltr'><strong>Sabbatum</strong></span> <span class='ocrx_word' id='word_1_84' title='bbox 1134 1329 1263 1400; x_wconf 88' lang='lat' dir='ltr'><strong>quid</strong></span> <span class='ocrx_word' id='word_1_85' title='bbox 1314 1326 1745 1400; x_wconf 80' lang='lat' dir='ltr'><strong>interpretatur?</strong></span> <span class='ocrx_word' id='word_1_86' title='bbox 1778 1325 1935 1396; x_wconf 87' lang='lat' dir='ltr'><strong>Resp.</strong></span> <span class='ocrx_word' id='word_1_87' title='bbox 1975 1323 2106 1379; x_wconf 85' lang='lat' dir='ltr'><strong>Sab-</strong></span> 
     </span>
    </p>
   </div>
   <div class='ocr_carea' id='block_1_13' title="bbox 513 1416 2104 1486">
    <p class='ocr_par' dir='ltr' id='par_1_13' title="bbox 513 1416 2104 1486">
     <span class='ocr_line' id='line_1_13' title="bbox 513 1416 2104 1486; baseline -0.006 -8"><span class='ocrx_word' id='word_1_88' title='bbox 513 1422 702 1478; x_wconf 84' lang='lat' dir='ltr'><strong>batum</strong></span> <span class='ocrx_word' id='word_1_89' title='bbox 741 1429 921 1478; x_wconf 88' lang='lat' dir='ltr'><strong>autem</strong></span> <span class='ocrx_word' id='word_1_90' title='bbox 957 1437 1027 1478; x_wconf 79' lang='lat' dir='ltr'><strong>ex</strong></span> <span class='ocrx_word' id='word_1_91' title='bbox 1052 1419 1263 1476; x_wconf 82' lang='lat' dir='ltr'><strong>liebreo</strong></span> <span class='ocrx_word' id='word_1_92' title='bbox 1298 1420 1352 1474; x_wconf 92' lang='lat' dir='ltr'><strong>in</strong></span> <span class='ocrx_word' id='word_1_93' title='bbox 1379 1417 1632 1475; x_wconf 87' lang='lat' dir='ltr'><strong>Latinum</strong></span> <span class='ocrx_word' id='word_1_94' title='bbox 1677 1417 1892 1486; x_wconf 89' lang='lat' dir='ltr'><strong>requies</strong></span> <span class='ocrx_word' id='word_1_95' title='bbox 1943 1416 2104 1470; x_wconf 85' lang='lat' dir='ltr'><strong>inter-</strong></span> 
     </span>
    </p>
   </div>
   <div class='ocr_carea' id='block_1_14' title="bbox 513 1506 2103 1587">
    <p class='ocr_par' dir='ltr' id='par_1_14' title="bbox 513 1506 2103 1587">
     <span class='ocr_line' id='line_1_14' title="bbox 513 1506 2103 1587; baseline -0.006 -17"><span class='ocrx_word' id='word_1_96' title='bbox 513 1524 773 1587; x_wconf 89' lang='lat' dir='ltr'><strong>pretatur,</strong></span> <span class='ocrx_word' id='word_1_97' title='bbox 805 1530 874 1571; x_wconf 87' lang='lat' dir='ltr'><strong>eo</strong></span> <span class='ocrx_word' id='word_1_98' title='bbox 909 1514 1053 1587; x_wconf 89' lang='lat' dir='ltr'><strong>quod</strong></span> <span class='ocrx_word' id='word_1_99' title='bbox 1081 1513 1134 1568; x_wconf 90' lang='lat' dir='ltr'><strong>in</strong></span> <span class='ocrx_word' id='word_1_100' title='bbox 1178 1529 1246 1569; x_wconf 92' lang='lat' dir='ltr'><strong>eo</strong></span> <span class='ocrx_word' id='word_1_101' title='bbox 1273 1512 1416 1567; x_wconf 87' lang='lat' dir='ltr'><strong>Deus</strong></span> <span class='ocrx_word' id='word_1_102' title='bbox 1457 1509 1814 1581; x_wconf 86' lang='lat' dir='ltr'><strong>requievisset</strong></span> <span class='ocrx_word' id='word_1_103' title='bbox 1841 1507 1909 1562; x_wconf 89' lang='lat' dir='ltr'><strong>ab</strong></span> <span class='ocrx_word' id='word_1_104' title='bbox 1931 1506 2103 1563; x_wconf 89' lang='lat' dir='ltr'><strong>omni-</strong></span> 
     </span>
    </p>
   </div>
   <div class='ocr_carea' id='block_1_15' title="bbox 512 1595 2098 1676">
    <p class='ocr_par' dir='ltr' id='par_1_15' title="bbox 512 1595 2098 1676">
     <span class='ocr_line' id='line_1_15' title="bbox 512 1595 2098 1676; baseline -0.007 -17"><span class='ocrx_word' id='word_1_105' title='bbox 512 1605 616 1660; x_wconf 87' lang='lat' dir='ltr'><strong>bus</strong></span> <span class='ocrx_word' id='word_1_106' title='bbox 641 1605 895 1676; x_wconf 86' lang='lat' dir='ltr'><strong>operibus</strong></span> <span class='ocrx_word' id='word_1_107' title='bbox 928 1604 1062 1659; x_wconf 87' lang='lat' dir='ltr'><strong>suis.</strong></span> <span class='ocrx_word' id='word_1_108' title='bbox 1091 1601 1280 1659; x_wconf 83' lang='lat' dir='ltr'><strong>Melius</strong></span> <span class='ocrx_word' id='word_1_109' title='bbox 1300 1611 1481 1656; x_wconf 89' lang='lat' dir='ltr'><strong>autem</strong></span> <span class='ocrx_word' id='word_1_110' title='bbox 1513 1600 1568 1654; x_wconf 91' lang='lat' dir='ltr'><strong>in</strong></span> <span class='ocrx_word' id='word_1_111' title='bbox 1589 1596 1863 1655; x_wconf 83' lang='lat' dir='ltr'><strong>vocabulis</strong></span> <span class='ocrx_word' id='word_1_112' title='bbox 1887 1595 2098 1651; x_wconf 85' lang='lat' dir='ltr'><strong>dierum</strong></span> 
     </span>
    </p>
   </div>
   <div class='ocr_carea' id='block_1_16' title="bbox 511 1689 2101 1765">
    <p class='ocr_par' dir='ltr' id='par_1_16' title="bbox 511 1689 2101 1765">
     <span class='ocr_line' id='line_1_16' title="bbox 511 1689 2101 1765; baseline -0.009 -9"><span class='ocrx_word' id='word_1_113' title='bbox 511 1700 578 1756; x_wconf 90' lang='lat' dir='ltr'><strong>de</strong></span> <span class='ocrx_word' id='word_1_114' title='bbox 602 1714 698 1756; x_wconf 86' lang='lat' dir='ltr'><strong>ore</strong></span> <span class='ocrx_word' id='word_1_115' title='bbox 718 1698 1027 1756; x_wconf 87' lang='lat' dir='ltr'><strong>Christiano</strong></span> <span class='ocrx_word' id='word_1_116' title='bbox 1073 1697 1208 1752; x_wconf 86' lang='lat' dir='ltr'><strong>ritus</strong></span> <span class='ocrx_word' id='word_1_117' title='bbox 1239 1692 1493 1765; x_wconf 88' lang='lat' dir='ltr'><strong>loquendi</strong></span> <span class='ocrx_word' id='word_1_118' title='bbox 1541 1689 1941 1749; x_wconf 87' lang='lat' dir='ltr'><strong>ecclesiasticus</strong></span> <span class='ocrx_word' id='word_1_119' title='bbox 1982 1703 2101 1759; x_wconf 90' lang='lat' dir='ltr'><strong>pro-</strong></span> 
     </span>
    </p>
   </div>
   <div class='ocr_carea' id='block_1_17' title="bbox 511 1781 2100 1862">
    <p class='ocr_par' dir='ltr' id='par_1_17' title="bbox 511 1781 2100 1862">
     <span class='ocr_line' id='line_1_17' title="bbox 511 1781 2100 1862; baseline -0.011 -12"><span class='ocrx_word' id='word_1_120' title='bbox 511 1793 694 1860; x_wconf 82' lang='lat' dir='ltr'><strong>cedit;</strong></span> <span class='ocrx_word' id='word_1_121' title='bbox 730 1803 912 1849; x_wconf 87' lang='lat' dir='ltr'><strong>tamen</strong></span> <span class='ocrx_word' id='word_1_122' title='bbox 945 1791 992 1848; x_wconf 90' lang='lat' dir='ltr'><strong>si</strong></span> <span class='ocrx_word' id='word_1_123' title='bbox 1019 1805 1182 1862; x_wconf 82' lang='lat' dir='ltr'><strong>quem</strong></span> <span class='ocrx_word' id='word_1_124' title='bbox 1210 1787 1351 1845; x_wconf 76' lang='lat' dir='ltr'><strong>forte</strong></span> <span class='ocrx_word' id='word_1_125' title='bbox 1395 1785 1732 1843; x_wconf 80' lang='lat' dir='ltr'><strong>consuetudo</strong></span> <span class='ocrx_word' id='word_1_126' title='bbox 1765 1781 2012 1845; x_wconf 82' lang='lat' dir='ltr'><strong>traxerit,</strong></span> <span class='ocrx_word' id='word_1_127' title='bbox 2040 1788 2100 1834; x_wconf 89' lang='lat' dir='ltr'><strong>ut</strong></span> 
     </span>
    </p>
   </div>
   <div class='ocr_carea' id='block_1_18' title="bbox 511 1873 2100 1953">
    <p class='ocr_par' dir='ltr' id='par_1_18' title="bbox 511 1873 2100 1953">
     <span class='ocr_line' id='line_1_18' title="bbox 511 1873 2100 1953; baseline -0.01 -11"><span class='ocrx_word' id='word_1_128' title='bbox 511 1885 642 1942; x_wconf 88' lang='lat' dir='ltr'><strong>illud</strong></span> <span class='ocrx_word' id='word_1_129' title='bbox 691 1892 851 1942; x_wconf 77' lang='lat' dir='ltr'><strong>exeat</strong></span> <span class='ocrx_word' id='word_1_130' title='bbox 880 1900 947 1940; x_wconf 74' lang='lat' dir='ltr'><strong>ex</strong></span> <span class='ocrx_word' id='word_1_131' title='bbox 981 1897 1099 1950; x_wconf 89' lang='lat' dir='ltr'><strong>ore,</strong></span> <span class='ocrx_word' id='word_1_132' title='bbox 1135 1882 1278 1953; x_wconf 87' lang='lat' dir='ltr'><strong>quod</strong></span> <span class='ocrx_word' id='word_1_133' title='bbox 1311 1879 1579 1952; x_wconf 83' lang='lat' dir='ltr'><strong>improbat</strong></span> <span class='ocrx_word' id='word_1_134' title='bbox 1620 1876 1676 1932; x_wconf 87' lang='lat' dir='ltr'><strong>in</strong></span> <span class='ocrx_word' id='word_1_135' title='bbox 1709 1877 1896 1944; x_wconf 88' lang='lat' dir='ltr'><strong>corde,</strong></span> <span class='ocrx_word' id='word_1_136' title='bbox 1943 1873 2100 1930; x_wconf 86' lang='lat' dir='ltr'><strong>intel-</strong></span> 
     </span>
    </p>
   </div>
   <div class='ocr_carea' id='block_1_19' title="bbox 2213 683 2923 738">
    <p class='ocr_par' dir='ltr' id='par_1_19' title="bbox 2213 683 2923 738">
     <span class='ocr_line' id='line_1_19' title="bbox 2213 683 2923 738; baseline -0.003 -1"><span class='ocrx_word' id='word_1_137' title='bbox 2213 685 2360 738; x_wconf 87' lang='lat' dir='ltr'><strong>neuti</strong></span> <span class='ocrx_word' id='word_1_138' title='bbox 2387 685 2472 738; x_wconf 87' lang='lat' dir='ltr'><strong>die.</strong></span> <span class='ocrx_word' id='word_1_139' title='bbox 2498 683 2686 738; x_wconf 77' lang='lat' dir='ltr'><strong>cotidie</strong></span> <span class='ocrx_word' id='word_1_140' title='bbox 2709 684 2923 737; x_wconf 86' lang='lat' dir='ltr'><strong>dicitur.</strong></span> 
     </span>
    </p>
   </div>
   <div class='ocr_carea' id='block_1_20' title="bbox 2281 770 3801 845">
    <p class='ocr_par' dir='ltr' id='par_1_20' title="bbox 2281 770 3801 845">
     <span class='ocr_line' id='line_1_20' title="bbox 2281 770 3801 845; baseline 0.001 -17"><span class='ocrx_word' id='word_1_141' title='bbox 2281 773 2447 828; x_wconf 85' lang='lat' dir='ltr'><strong>Inter.</strong></span> <span class='ocrx_word' id='word_1_142' title='bbox 2489 772 2625 828; x_wconf 82' lang='lat' dir='ltr'><strong>Cras</strong></span> <span class='ocrx_word' id='word_1_143' title='bbox 2661 788 2831 843; x_wconf 86' lang='lat' dir='ltr'><strong>quare</strong></span> <span class='ocrx_word' id='word_1_144' title='bbox 2881 771 3228 843; x_wconf 76' lang='lat' dir='ltr'><strong>appellatur?</strong></span> <span class='ocrx_word' id='word_1_145' title='bbox 3263 771 3417 844; x_wconf 95' lang='lat' dir='ltr'><strong>Resp.</strong></span> <span class='ocrx_word' id='word_1_146' title='bbox 3458 770 3622 839; x_wconf 84' lang='lat' dir='ltr'><strong>Cras,</strong></span> <span class='ocrx_word' id='word_1_147' title='bbox 3654 774 3801 845; x_wconf 85' lang='lat' dir='ltr'><strong>quod</strong></span> 
     </span>
    </p>
   </div>
   <div class='ocr_carea' id='block_1_21' title="bbox 2211 865 3800 937">
    <p class='ocr_par' dir='ltr' id='par_1_21' title="bbox 2211 865 3800 937">
     <span class='ocr_line' id='line_1_21' title="bbox 2211 865 3800 937; baseline -0.004 -14"><span class='ocrx_word' id='word_1_148' title='bbox 2211 878 2291 923; x_wconf 83' lang='lat' dir='ltr'><strong>est</strong></span> <span class='ocrx_word' id='word_1_149' title='bbox 2319 877 2524 937; x_wconf 81' lang='lat' dir='ltr'><strong>postea.</strong></span> <span class='ocrx_word' id='word_1_150' title='bbox 2559 866 2880 922; x_wconf 82' lang='lat' dir='ltr'><strong>Hesternum</strong></span> <span class='ocrx_word' id='word_1_151' title='bbox 2911 874 2995 920; x_wconf 84' lang='lat' dir='ltr'><strong>est</strong></span> <span class='ocrx_word' id='word_1_152' title='bbox 3027 865 3219 935; x_wconf 83' lang='lat' dir='ltr'><strong>pridie,</strong></span> <span class='ocrx_word' id='word_1_153' title='bbox 3255 874 3311 921; x_wconf 89' lang='lat' dir='ltr'><strong>et</strong></span> <span class='ocrx_word' id='word_1_154' title='bbox 3348 866 3551 921; x_wconf 87' lang='lat' dir='ltr'><strong>dictum</strong></span> <span class='ocrx_word' id='word_1_155' title='bbox 3586 865 3800 922; x_wconf 68' lang='lat' dir='ltr'><strong>hoster.</strong></span> 
     </span>
    </p>
   </div>
   <div class='ocr_carea' id='block_1_22' title="bbox 2210 960 3797 1032">
    <p class='ocr_par' dir='ltr' id='par_1_22' title="bbox 2210 960 3797 1032">
     <span class='ocr_line' id='line_1_22' title="bbox 2210 960 3797 1032; baseline 0.003 -18"><span class='ocrx_word' id='word_1_156' title='bbox 2210 977 2336 1015; x_wconf 85' lang='lat' dir='ltr'><strong>num</strong></span> <span class='ocrx_word' id='word_1_157' title='bbox 2365 961 2434 1016; x_wconf 85' lang='lat' dir='ltr'><strong>ab</strong></span> <span class='ocrx_word' id='word_1_158' title='bbox 2456 976 2542 1029; x_wconf 91' lang='lat' dir='ltr'><strong>co,</strong></span> <span class='ocrx_word' id='word_1_159' title='bbox 2572 961 2714 1031; x_wconf 90' lang='lat' dir='ltr'><strong>quod</strong></span> <span class='ocrx_word' id='word_1_160' title='bbox 2735 960 2850 1030; x_wconf 82' lang='lat' dir='ltr'><strong>jam</strong></span> <span class='ocrx_word' id='word_1_161' title='bbox 2869 961 2986 1017; x_wconf 86' lang='lat' dir='ltr'><strong>dies</strong></span> <span class='ocrx_word' id='word_1_162' title='bbox 3016 962 3128 1032; x_wconf 85' lang='lat' dir='ltr'><strong>ipse</strong></span> <span class='ocrx_word' id='word_1_163' title='bbox 3152 961 3223 1016; x_wconf 82' lang='lat' dir='ltr'><strong>sit</strong></span> <span class='ocrx_word' id='word_1_164' title='bbox 3247 979 3277 1016; x_wconf 88' lang='lat' dir='ltr'><strong>a</strong></span> <span class='ocrx_word' id='word_1_165' title='bbox 3303 962 3457 1018; x_wconf 88' lang='lat' dir='ltr'><strong>nobis</strong></span> <span class='ocrx_word' id='word_1_166' title='bbox 3484 971 3797 1030; x_wconf 76' lang='lat' dir='ltr'><strong>extr-ancus,</strong></span> 
     </span>
    </p>
   </div>
   <div class='ocr_carea' id='block_1_23' title="bbox 2209 1053 2917 1124">
    <p class='ocr_par' dir='ltr' id='par_1_23' title="bbox 2209 1053 2917 1124">
     <span class='ocr_line' id='line_1_23' title="bbox 2209 1053 2917 1124; baseline -0.004 -15"><span class='ocrx_word' id='word_1_167' title='bbox 2209 1063 2264 1109; x_wconf 89' lang='lat' dir='ltr'><strong>ct</strong></span> <span class='ocrx_word' id='word_1_168' title='bbox 2291 1053 2662 1124; x_wconf 66' lang='lat' dir='ltr'><strong>pra-[creando</strong></span> <span class='ocrx_word' id='word_1_169' title='bbox 2693 1053 2917 1108; x_wconf 82' lang='lat' dir='ltr'><strong>alienus.</strong></span> 
     </span>
    </p>
   </div>
   <div class='ocr_carea' id='block_1_24' title="bbox 2281 1143 3798 1216">
    <p class='ocr_par' dir='ltr' id='par_1_24' title="bbox 2281 1143 3798 1216">
     <span class='ocr_line' id='line_1_24' title="bbox 2281 1143 3798 1216; baseline 0.005 -19"><span class='ocrx_word' id='word_1_170' title='bbox 2281 1144 2449 1198; x_wconf 67' lang='lat' dir='ltr'><strong>Inter.</strong></span> <span class='ocrx_word' id='word_1_171' title='bbox 2500 1144 2656 1201; x_wconf 83' lang='lat' dir='ltr'><strong>Unde</strong></span> <span class='ocrx_word' id='word_1_172' title='bbox 2694 1145 2890 1200; x_wconf 86' lang='lat' dir='ltr'><strong>dicitur</strong></span> <span class='ocrx_word' id='word_1_173' title='bbox 2930 1144 3144 1215; x_wconf 84' lang='lat' dir='ltr'><strong>pridie?</strong></span> <span class='ocrx_word' id='word_1_174' title='bbox 3191 1143 3344 1216; x_wconf 80' lang='lat' dir='ltr'><strong>Resp.</strong></span> <span class='ocrx_word' id='word_1_175' title='bbox 3395 1145 3572 1202; x_wconf 78' lang='lat' dir='ltr'><strong>Pridie</strong></span> <span class='ocrx_word' id='word_1_176' title='bbox 3615 1156 3798 1204; x_wconf 86' lang='lat' dir='ltr'><strong>autem</strong></span> 
     </span>
    </p>
   </div>
   <div class='ocr_carea' id='block_1_25' title="bbox 2207 1231 3799 1308">
    <p class='ocr_par' dir='ltr' id='par_1_25' title="bbox 2207 1231 3799 1308">
     <span class='ocr_line' id='line_1_25' title="bbox 2207 1231 3799 1308; baseline 0.004 -21"><span class='ocrx_word' id='word_1_177' title='bbox 2207 1233 2414 1287; x_wconf 79' lang='lat' dir='ltr'><strong>dictum</strong></span> <span class='ocrx_word' id='word_1_178' title='bbox 2450 1232 2606 1302; x_wconf 87' lang='lat' dir='ltr'><strong>quasi</strong></span> <span class='ocrx_word' id='word_1_179' title='bbox 2644 1234 2811 1301; x_wconf 79' lang='lat' dir='ltr'><strong>priori</strong></span> <span class='ocrx_word' id='word_1_180' title='bbox 2851 1233 2957 1289; x_wconf 90' lang='lat' dir='ltr'><strong>die.</strong></span> <span class='ocrx_word' id='word_1_181' title='bbox 3004 1231 3284 1300; x_wconf 85' lang='lat' dir='ltr'><strong>Perendie,</strong></span> <span class='ocrx_word' id='word_1_182' title='bbox 3321 1234 3376 1290; x_wconf 90' lang='lat' dir='ltr'><strong>id</strong></span> <span class='ocrx_word' id='word_1_183' title='bbox 3401 1243 3506 1304; x_wconf 87' lang='lat' dir='ltr'><strong>est,</strong></span> <span class='ocrx_word' id='word_1_184' title='bbox 3531 1249 3630 1308; x_wconf 85' lang='lat' dir='ltr'><strong>per</strong></span> <span class='ocrx_word' id='word_1_185' title='bbox 3667 1247 3799 1293; x_wconf 85' lang='lat' dir='ltr'><strong>ante</strong></span> 
     </span>
    </p>
   </div>
   <div class='ocr_carea' id='block_1_26' title="bbox 2207 1324 3352 1398">
    <p class='ocr_par' dir='ltr' id='par_1_26' title="bbox 2207 1324 3352 1398">
     <span class='ocr_line' id='line_1_26' title="bbox 2207 1324 3352 1398; baseline 0.005 -21"><span class='ocrx_word' id='word_1_186' title='bbox 2207 1325 2370 1387; x_wconf 86' lang='lat' dir='ltr'><strong>diem,</strong></span> <span class='ocrx_word' id='word_1_187' title='bbox 2399 1324 2483 1380; x_wconf 81' lang='lat' dir='ltr'><strong>vel</strong></span> <span class='ocrx_word' id='word_1_188' title='bbox 2513 1324 2567 1380; x_wconf 90' lang='lat' dir='ltr'><strong>in</strong></span> <span class='ocrx_word' id='word_1_189' title='bbox 2595 1333 2952 1391; x_wconf 79' lang='lat' dir='ltr'><strong>antecessum,</strong></span> <span class='ocrx_word' id='word_1_190' title='bbox 2984 1325 3037 1379; x_wconf 91' lang='lat' dir='ltr'><strong>id</strong></span> <span class='ocrx_word' id='word_1_191' title='bbox 3057 1335 3159 1391; x_wconf 85' lang='lat' dir='ltr'><strong>est,</strong></span> <span class='ocrx_word' id='word_1_192' title='bbox 3184 1327 3352 1398; x_wconf 91' lang='lat' dir='ltr'><strong>prius.</strong></span> 
     </span>
    </p>
   </div>
   <div class='ocr_carea' id='block_1_27' title="bbox 2277 1416 3794 1490">
    <p class='ocr_par' dir='ltr' id='par_1_27' title="bbox 2277 1416 3794 1490">
     <span class='ocr_line' id='line_1_27' title="bbox 2277 1416 3794 1490; baseline 0.006 -20"><span class='ocrx_word' id='word_1_193' title='bbox 2277 1416 2444 1470; x_wconf 83' lang='lat' dir='ltr'><strong>Inter.</strong></span> <span class='ocrx_word' id='word_1_194' title='bbox 2488 1416 2642 1473; x_wconf 86' lang='lat' dir='ltr'><strong>Unde</strong></span> <span class='ocrx_word' id='word_1_195' title='bbox 2671 1418 2811 1472; x_wconf 85' lang='lat' dir='ltr'><strong>dicta</strong></span> <span class='ocrx_word' id='word_1_196' title='bbox 2847 1428 2928 1472; x_wconf 82' lang='lat' dir='ltr'><strong>est</strong></span> <span class='ocrx_word' id='word_1_197' title='bbox 2955 1418 3097 1474; x_wconf 77' lang='lat' dir='ltr'><strong>nos?</strong></span> <span class='ocrx_word' id='word_1_198' title='bbox 3131 1417 3289 1490; x_wconf 82' lang='lat' dir='ltr'><strong>Resp.</strong></span> <span class='ocrx_word' id='word_1_199' title='bbox 3323 1419 3441 1476; x_wconf 76' lang='lat' dir='ltr'><strong>Nox</strong></span> <span class='ocrx_word' id='word_1_200' title='bbox 3479 1436 3510 1476; x_wconf 90' lang='lat' dir='ltr'><strong>a</strong></span> <span class='ocrx_word' id='word_1_201' title='bbox 3546 1425 3794 1479; x_wconf 87' lang='lat' dir='ltr'><strong>nocendo</strong></span> 
     </span>
    </p>
   </div>
   <div class='ocr_carea' id='block_1_28' title="bbox 2204 1507 3796 1582">
    <p class='ocr_par' dir='ltr' id='par_1_28' title="bbox 2204 1507 3796 1582">
     <span class='ocr_line' id='line_1_28' title="bbox 2204 1507 3796 1582; baseline 0.009 -25"><span class='ocrx_word' id='word_1_202' title='bbox 2204 1514 2292 1560; x_wconf 80' lang='lat' dir='ltr'><strong>est</strong></span> <span class='ocrx_word' id='word_1_203' title='bbox 2317 1507 2481 1571; x_wconf 86' lang='lat' dir='ltr'><strong>dicta,</strong></span> <span class='ocrx_word' id='word_1_204' title='bbox 2509 1521 2572 1562; x_wconf 85' lang='lat' dir='ltr'><strong>co</strong></span> <span class='ocrx_word' id='word_1_205' title='bbox 2593 1508 2735 1578; x_wconf 83' lang='lat' dir='ltr'><strong>quod</strong></span> <span class='ocrx_word' id='word_1_206' title='bbox 2765 1509 2934 1562; x_wconf 67' lang='lat' dir='ltr'><strong>oculis</strong></span> <span class='ocrx_word' id='word_1_207' title='bbox 2957 1518 3180 1574; x_wconf 89' lang='lat' dir='ltr'><strong>noceat;</strong></span> <span class='ocrx_word' id='word_1_208' title='bbox 3207 1525 3326 1582; x_wconf 74' lang='lat' dir='ltr'><strong>qute</strong></span> <span class='ocrx_word' id='word_1_209' title='bbox 3355 1510 3557 1569; x_wconf 90' lang='lat' dir='ltr'><strong>idcirco</strong></span> <span class='ocrx_word' id='word_1_210' title='bbox 3576 1510 3717 1569; x_wconf 70' lang='lat' dir='ltr'><strong>lunae</strong></span> <span class='ocrx_word' id='word_1_211' title='bbox 3736 1523 3796 1571; x_wconf 87' lang='lat' dir='ltr'><strong>et</strong></span> 
     </span>
    </p>
   </div>
   <div class='ocr_carea' id='block_1_29' title="bbox 2205 1597 3795 1669">
    <p class='ocr_par' dir='ltr' id='par_1_29' title="bbox 2205 1597 3795 1669">
     <span class='ocr_line' id='line_1_29' title="bbox 2205 1597 3795 1669; baseline 0.006 -16"><span class='ocrx_word' id='word_1_212' title='bbox 2205 1597 2444 1653; x_wconf 82' lang='lat' dir='ltr'><strong>siderum</strong></span> <span class='ocrx_word' id='word_1_213' title='bbox 2470 1598 2646 1655; x_wconf 83' lang='lat' dir='ltr'><strong>lucem</strong></span> <span class='ocrx_word' id='word_1_214' title='bbox 2669 1600 2850 1667; x_wconf 86' lang='lat' dir='ltr'><strong>habet,</strong></span> <span class='ocrx_word' id='word_1_215' title='bbox 2880 1617 2947 1657; x_wconf 90' lang='lat' dir='ltr'><strong>ne</strong></span> <span class='ocrx_word' id='word_1_216' title='bbox 2973 1601 3230 1659; x_wconf 88' lang='lat' dir='ltr'><strong>indecora</strong></span> <span class='ocrx_word' id='word_1_217' title='bbox 3257 1612 3422 1669; x_wconf 83' lang='lat' dir='ltr'><strong>esset,</strong></span> <span class='ocrx_word' id='word_1_218' title='bbox 3449 1612 3506 1660; x_wconf 93' lang='lat' dir='ltr'><strong>ct</strong></span> <span class='ocrx_word' id='word_1_219' title='bbox 3524 1615 3582 1660; x_wconf 89' lang='lat' dir='ltr'><strong>ut</strong></span> <span class='ocrx_word' id='word_1_220' title='bbox 3603 1621 3795 1663; x_wconf 81' lang='lat' dir='ltr'><strong>conso-</strong></span> 
     </span>
    </p>
   </div>
   <div class='ocr_carea' id='block_1_30' title="bbox 2203 1689 3792 1766">
    <p class='ocr_par' dir='ltr' id='par_1_30' title="bbox 2203 1689 3792 1766">
     <span class='ocr_line' id='line_1_30' title="bbox 2203 1689 3792 1766; baseline 0.008 -23"><span class='ocrx_word' id='word_1_221' title='bbox 2203 1689 2448 1744; x_wconf 86' lang='lat' dir='ltr'><strong>larentur</strong></span> <span class='ocrx_word' id='word_1_222' title='bbox 2495 1705 2682 1747; x_wconf 87' lang='lat' dir='ltr'><strong>omnes</strong></span> <span class='ocrx_word' id='word_1_223' title='bbox 2727 1701 2886 1747; x_wconf 84' lang='lat' dir='ltr'><strong>nocte</strong></span> <span class='ocrx_word' id='word_1_224' title='bbox 2931 1703 3236 1764; x_wconf 86' lang='lat' dir='ltr'><strong>operantes,</strong></span> <span class='ocrx_word' id='word_1_225' title='bbox 3277 1702 3333 1752; x_wconf 88' lang='lat' dir='ltr'><strong>et</strong></span> <span class='ocrx_word' id='word_1_226' title='bbox 3372 1704 3432 1751; x_wconf 90' lang='lat' dir='ltr'><strong>ut</strong></span> <span class='ocrx_word' id='word_1_227' title='bbox 3469 1695 3792 1766; x_wconf 80' lang='lat' dir='ltr'><strong>quibusdam</strong></span> 
     </span>
    </p>
   </div>
   <div class='ocr_carea' id='block_1_31' title="bbox 2203 1781 3795 1858">
    <p class='ocr_par' dir='ltr' id='par_1_31' title="bbox 2203 1781 3795 1858">
     <span class='ocr_line' id='line_1_31' title="bbox 2203 1781 3795 1858; baseline 0.006 -22"><span class='ocrx_word' id='word_1_228' title='bbox 2203 1781 2592 1850; x_wconf 84' lang='lat' dir='ltr'><strong>animantibus,</strong></span> <span class='ocrx_word' id='word_1_229' title='bbox 2622 1799 2742 1854; x_wconf 73' lang='lat' dir='ltr'><strong>qua:</strong></span> <span class='ocrx_word' id='word_1_230' title='bbox 2771 1784 2946 1840; x_wconf 86' lang='lat' dir='ltr'><strong>lucem</strong></span> <span class='ocrx_word' id='word_1_231' title='bbox 2971 1786 3101 1841; x_wconf 88' lang='lat' dir='ltr'><strong>solis</strong></span> <span class='ocrx_word' id='word_1_232' title='bbox 3127 1786 3269 1842; x_wconf 84' lang='lat' dir='ltr'><strong>ferre</strong></span> <span class='ocrx_word' id='word_1_233' title='bbox 3295 1801 3402 1842; x_wconf 90' lang='lat' dir='ltr'><strong>non</strong></span> <span class='ocrx_word' id='word_1_234' title='bbox 3434 1796 3683 1858; x_wconf 89' lang='lat' dir='ltr'><strong>possunt,</strong></span> <span class='ocrx_word' id='word_1_235' title='bbox 3723 1790 3795 1845; x_wconf 79' lang='lat' dir='ltr'><strong>ad</strong></span> 
     </span>
    </p>
   </div>
   <div class='ocr_carea' id='block_1_32' title="bbox 2204 1868 3063 1944">
    <p class='ocr_par' dir='ltr' id='par_1_32' title="bbox 2204 1868 3063 1944">
     <span class='ocr_line' id='line_1_32' title="bbox 2204 1868 3063 1944; baseline 0.001 -16"><span class='ocrx_word' id='word_1_236' title='bbox 2204 1871 2579 1928; x_wconf 73' lang='lat' dir='ltr'><strong>sufﬁcientiam</strong></span> <span class='ocrx_word' id='word_1_237' title='bbox 2607 1881 3014 1944; x_wconf 86' lang='lat' dir='ltr'><strong>temperaretur.</strong></span> <span class='ocrx_word' id='word_1_238' title='bbox 3051 1868 3063 1879; x_wconf 83' lang='grc'><em>’</em></span> 
     </span>
    </p>
   </div>
   <div class='ocr_carea' id='block_1_33' title="bbox 510 1953 3792 2051">
    <p class='ocr_par' dir='ltr' id='par_1_33' title="bbox 510 1953 3792 2051">
     <span class='ocr_line' id='line_1_33' title="bbox 510 1953 3792 2051; baseline -0.001 -19"><span class='ocrx_word' id='word_1_239' title='bbox 510 1979 638 2051; x_wconf 74' lang='lat' dir='ltr'><strong>ligat</strong></span> <span class='ocrx_word' id='word_1_240' title='bbox 689 1979 808 2036; x_wconf 87' lang='lat' dir='ltr'><strong>illos</strong></span> <span class='ocrx_word' id='word_1_241' title='bbox 863 1992 1073 2044; x_wconf 89' lang='lat' dir='ltr'><strong>omnes,</strong></span> <span class='ocrx_word' id='word_1_242' title='bbox 1100 1977 1169 2032; x_wconf 86' lang='lat' dir='ltr'><strong>de</strong></span> <span class='ocrx_word' id='word_1_243' title='bbox 1216 1990 1446 2046; x_wconf 89' lang='lat' dir='ltr'><strong>quorum</strong></span> <span class='ocrx_word' id='word_1_244' title='bbox 1496 1971 1805 2030; x_wconf 82' lang='lat' dir='ltr'><strong>nominibus</strong></span> <span class='ocrx_word' id='word_1_245' title='bbox 1844 1968 2093 2041; x_wconf 80' lang='lat' dir='ltr'><strong>appellati</strong></span> <span class='ocrx_word' id='word_1_246' title='bbox 2132 1953 2172 2012; x_wconf 67' lang='lat' dir='ltr'><strong>ii</strong></span> <span class='ocrx_word' id='word_1_247' title='bbox 2272 1964 2438 2020; x_wconf 83' lang='lat' dir='ltr'><strong>Inter.</strong></span> <span class='ocrx_word' id='word_1_248' title='bbox 2469 1964 2768 2022; x_wconf 70' lang='lat' dir='ltr'><strong>Alter-natio</strong></span> <span class='ocrx_word' id='word_1_249' title='bbox 2793 1967 2897 2023; x_wconf 88' lang='lat' dir='ltr'><strong>diei</strong></span> <span class='ocrx_word' id='word_1_250' title='bbox 2922 1977 2977 2023; x_wconf 90' lang='lat' dir='ltr'><strong>et</strong></span> <span class='ocrx_word' id='word_1_251' title='bbox 3003 1969 3176 2025; x_wconf 77' lang='lat' dir='ltr'><strong>noctis</strong></span> <span class='ocrx_word' id='word_1_252' title='bbox 3198 1984 3296 2025; x_wconf 84' lang='lat' dir='ltr'><strong>cur</strong></span> <span class='ocrx_word' id='word_1_253' title='bbox 3322 1969 3464 2027; x_wconf 80' lang='lat' dir='ltr'><strong>facta</strong></span> <span class='ocrx_word' id='word_1_254' title='bbox 3489 1973 3609 2029; x_wconf 86' lang='lat' dir='ltr'><strong>est?</strong></span> <span class='ocrx_word' id='word_1_255' title='bbox 3633 1971 3792 2046; x_wconf 88' lang='lat' dir='ltr'><strong>Resp.</strong></span> 
     </span>
    </p>
   </div>
   <div class='ocr_carea' id='block_1_34' title="bbox 508 2061 2093 2140">
    <p class='ocr_par' dir='ltr' id='par_1_34' title="bbox 508 2061 2093 2140">
     <span class='ocr_line' id='line_1_34' title="bbox 508 2061 2093 2140; baseline -0.006 -13"><span class='ocrx_word' id='word_1_256' title='bbox 508 2083 634 2128; x_wconf 78' lang='lat' dir='ltr'><strong>sunt</strong></span> <span class='ocrx_word' id='word_1_257' title='bbox 655 2074 711 2129; x_wconf 90' lang='lat' dir='ltr'><strong>hi</strong></span> <span class='ocrx_word' id='word_1_258' title='bbox 731 2065 872 2138; x_wconf 78' lang='lat' dir='ltr'><strong>dies,</strong></span> <span class='ocrx_word' id='word_1_259' title='bbox 892 2073 1142 2129; x_wconf 85' lang='lat' dir='ltr'><strong>homines</strong></span> <span class='ocrx_word' id='word_1_260' title='bbox 1165 2070 1332 2127; x_wconf 71' lang='lat' dir='ltr'><strong>fuisse</strong></span> <span class='ocrx_word' id='word_1_261' title='bbox 1356 2085 1373 2135; x_wconf 78' lang='grc' dir='ltr'>ς</span> <span class='ocrx_word' id='word_1_262' title='bbox 1400 2075 1454 2125; x_wconf 92' lang='lat' dir='ltr'><strong>et</strong></span> <span class='ocrx_word' id='word_1_263' title='bbox 1481 2083 1582 2140; x_wconf 88' lang='lat' dir='ltr'><strong>pro</strong></span> <span class='ocrx_word' id='word_1_264' title='bbox 1601 2063 1878 2124; x_wconf 83' lang='lat' dir='ltr'><strong>beneﬁciis</strong></span> <span class='ocrx_word' id='word_1_265' title='bbox 1909 2061 2093 2137; x_wconf 82' lang='lat' dir='ltr'><strong>[lsid.,</strong></span> 
     </span>
    </p>
   </div>
   <div class='ocr_carea' id='block_1_35' title="bbox 506 2155 2093 2241">
    <p class='ocr_par' dir='ltr' id='par_1_35' title="bbox 506 2155 2093 2241">
     <span class='ocr_line' id='line_1_35' title="bbox 506 2155 2093 2241; baseline -0.008 -18"><span class='ocrx_word' id='word_1_266' title='bbox 506 2181 561 2224; x_wconf 82' lang='lat' dir='ltr'><strong>et</strong></span> <span class='ocrx_word' id='word_1_267' title='bbox 595 2177 816 2241; x_wconf 88' lang='lat' dir='ltr'><strong>propter</strong></span> <span class='ocrx_word' id='word_1_268' title='bbox 838 2167 1126 2240; x_wconf 80' lang='lat' dir='ltr'><strong>beneﬁcia]</strong></span> <span class='ocrx_word' id='word_1_269' title='bbox 1160 2165 1408 2237; x_wconf 68' lang='lat' dir='ltr'><strong>quaedam</strong></span> <span class='ocrx_word' id='word_1_270' title='bbox 1450 2159 1723 2226; x_wconf 78' lang='lat' dir='ltr'><strong>mortalia,</strong></span> <span class='ocrx_word' id='word_1_271' title='bbox 1753 2157 1881 2229; x_wconf 88' lang='lat' dir='ltr'><strong>quia</strong></span> <span class='ocrx_word' id='word_1_272' title='bbox 1925 2155 2093 2228; x_wconf 84' lang='lat' dir='ltr'><strong>pluri-</strong></span> 
     </span>
    </p>
   </div>
   <div class='ocr_carea' id='block_1_36' title="bbox 507 2248 2094 2333">
    <p class='ocr_par' dir='ltr' id='par_1_36' title="bbox 507 2248 2094 2333">
     <span class='ocr_line' id='line_1_36' title="bbox 507 2248 2094 2333; baseline -0.008 -17"><span class='ocrx_word' id='word_1_273' title='bbox 507 2277 654 2316; x_wconf 89' lang='lat' dir='ltr'><strong>mum</strong></span> <span class='ocrx_word' id='word_1_274' title='bbox 690 2269 982 2333; x_wconf 88' lang='lat' dir='ltr'><strong>potuerunt</strong></span> <span class='ocrx_word' id='word_1_275' title='bbox 1015 2269 1071 2316; x_wconf 91' lang='lat' dir='ltr'><strong>et</strong></span> <span class='ocrx_word' id='word_1_276' title='bbox 1089 2259 1440 2316; x_wconf 85' lang='lat' dir='ltr'><strong>eminuerunt</strong></span> <span class='ocrx_word' id='word_1_277' title='bbox 1461 2255 1516 2310; x_wconf 90' lang='lat' dir='ltr'><strong>in</strong></span> <span class='ocrx_word' id='word_1_278' title='bbox 1543 2254 1646 2308; x_wconf 85' lang='lat' dir='ltr'><strong>hoc</strong></span> <span class='ocrx_word' id='word_1_279' title='bbox 1681 2250 1900 2315; x_wconf 71' lang='lat' dir='ltr'><strong>saeculo,</strong></span> <span class='ocrx_word' id='word_1_280' title='bbox 1931 2248 2094 2305; x_wconf 78' lang='lat' dir='ltr'><strong>delati</strong></span> 
     </span>
    </p>
   </div>
   <div class='ocr_carea' id='block_1_37' title="bbox 503 2342 2092 2410">
    <p class='ocr_par' dir='ltr' id='par_1_37' title="bbox 503 2342 2092 2410">
     <span class='ocr_line' id='line_1_37' title="bbox 503 2342 2092 2410; baseline -0.008 -2"><span class='ocrx_word' id='word_1_281' title='bbox 503 2362 632 2408; x_wconf 84' lang='lat' dir='ltr'><strong>sunt</strong></span> <span class='ocrx_word' id='word_1_282' title='bbox 676 2352 756 2410; x_wconf 89' lang='lat' dir='ltr'><strong>eis</strong></span> <span class='ocrx_word' id='word_1_283' title='bbox 782 2353 851 2409; x_wconf 86' lang='lat' dir='ltr'><strong>ab</strong></span> <span class='ocrx_word' id='word_1_284' title='bbox 902 2352 1236 2409; x_wconf 86' lang='lat' dir='ltr'><strong>amatoribus</strong></span> <span class='ocrx_word' id='word_1_285' title='bbox 1279 2349 1394 2406; x_wconf 88' lang='lat' dir='ltr'><strong>suis</strong></span> <span class='ocrx_word' id='word_1_286' title='bbox 1446 2345 1615 2402; x_wconf 82' lang='lat' dir='ltr'><strong>divini</strong></span> <span class='ocrx_word' id='word_1_287' title='bbox 1660 2346 1916 2408; x_wconf 87' lang='lat' dir='ltr'><strong>honores,</strong></span> <span class='ocrx_word' id='word_1_288' title='bbox 1956 2350 2013 2397; x_wconf 87' lang='lat' dir='ltr'><strong>et</strong></span> <span class='ocrx_word' id='word_1_289' title='bbox 2039 2342 2092 2395; x_wconf 88' lang='lat' dir='ltr'><strong>in</strong></span> 
     </span>
    </p>
   </div>
   <div class='ocr_carea' id='block_1_38' title="bbox 503 2432 2090 2512">
    <p class='ocr_par' dir='ltr' id='par_1_38' title="bbox 503 2432 2090 2512">
     <span class='ocr_line' id='line_1_38' title="bbox 503 2432 2090 2512; baseline -0.006 -15"><span class='ocrx_word' id='word_1_290' title='bbox 503 2444 694 2501; x_wconf 88' lang='lat' dir='ltr'><strong>diebus</strong></span> <span class='ocrx_word' id='word_1_291' title='bbox 736 2454 790 2501; x_wconf 86' lang='lat' dir='ltr'><strong>et</strong></span> <span class='ocrx_word' id='word_1_292' title='bbox 825 2443 1111 2504; x_wconf 82' lang='lat' dir='ltr'><strong>sideribus.</strong></span> <span class='ocrx_word' id='word_1_293' title='bbox 1151 2441 1264 2500; x_wconf 88' lang='lat' dir='ltr'><strong>Sed</strong></span> <span class='ocrx_word' id='word_1_294' title='bbox 1312 2439 1548 2512; x_wconf 88' lang='lat' dir='ltr'><strong>primum</strong></span> <span class='ocrx_word' id='word_1_295' title='bbox 1586 2453 1616 2492; x_wconf 87' lang='lat' dir='ltr'><strong>a</strong></span> <span class='ocrx_word' id='word_1_296' title='bbox 1649 2433 1959 2490; x_wconf 90' lang='lat' dir='ltr'><strong>nominibus</strong></span> <span class='ocrx_word' id='word_1_297' title='bbox 1988 2432 2090 2487; x_wconf 88' lang='lat' dir='ltr'><strong>ho-</strong></span> 
     </span>
    </p>
   </div>
   <div class='ocr_carea' id='block_1_39' title="bbox 502 2525 2091 2608">
    <p class='ocr_par' dir='ltr' id='par_1_39' title="bbox 502 2525 2091 2608">
     <span class='ocr_line' id='line_1_39' title="bbox 502 2525 2091 2608; baseline -0.006 -20"><span class='ocrx_word' id='word_1_298' title='bbox 502 2536 708 2590; x_wconf 90' lang='lat' dir='ltr'><strong>minum</strong></span> <span class='ocrx_word' id='word_1_299' title='bbox 739 2535 920 2593; x_wconf 87' lang='lat' dir='ltr'><strong>sidera</strong></span> <span class='ocrx_word' id='word_1_300' title='bbox 971 2541 1302 2608; x_wconf 84' lang='lat' dir='ltr'><strong>nuncupata,</strong></span> <span class='ocrx_word' id='word_1_301' title='bbox 1352 2538 1411 2588; x_wconf 87' lang='lat' dir='ltr'><strong>et</strong></span> <span class='ocrx_word' id='word_1_302' title='bbox 1440 2547 1473 2587; x_wconf 89' lang='lat' dir='ltr'><strong>a</strong></span> <span class='ocrx_word' id='word_1_303' title='bbox 1502 2528 1772 2587; x_wconf 81' lang='lat' dir='ltr'><strong>sideribus</strong></span> <span class='ocrx_word' id='word_1_304' title='bbox 1808 2525 1925 2582; x_wconf 88' lang='lat' dir='ltr'><strong>dies</strong></span> <span class='ocrx_word' id='word_1_305' title='bbox 1961 2535 2091 2581; x_wconf 87' lang='lat' dir='ltr'><strong>sunt</strong></span> 
     </span>
    </p>
   </div>
   <div class='ocr_carea' id='block_1_40' title="bbox 504 2626 777 2697">
    <p class='ocr_par' dir='ltr' id='par_1_40' title="bbox 504 2626 777 2697">
     <span class='ocr_line' id='line_1_40' title="bbox 504 2626 777 2697; baseline 0.015 -17"><span class='ocrx_word' id='word_1_306' title='bbox 504 2626 777 2697; x_wconf 87' lang='lat' dir='ltr'><strong>appellati.</strong></span> 
     </span>
    </p>
   </div>
   <div class='ocr_carea' id='block_1_41' title="bbox 573 2716 2089 2788">
    <p class='ocr_par' dir='ltr' id='par_1_41' title="bbox 573 2716 2089 2788">
     <span class='ocr_line' id='line_1_41' title="bbox 573 2716 2089 2788; baseline 0.001 -17"><span class='ocrx_word' id='word_1_307' title='bbox 573 2719 738 2774; x_wconf 88' lang='lat' dir='ltr'><strong>Inter.</strong></span> <span class='ocrx_word' id='word_1_308' title='bbox 781 2717 934 2776; x_wconf 86' lang='lat' dir='ltr'><strong>Unde</strong></span> <span class='ocrx_word' id='word_1_309' title='bbox 965 2717 1220 2776; x_wconf 90' lang='lat' dir='ltr'><strong>dicuntur</strong></span> <span class='ocrx_word' id='word_1_310' title='bbox 1265 2717 1460 2774; x_wconf 67' lang='lat' dir='ltr'><strong>ferite?</strong></span> <span class='ocrx_word' id='word_1_311' title='bbox 1493 2716 1650 2788; x_wconf 86' lang='lat' dir='ltr'><strong>Resp.</strong></span> <span class='ocrx_word' id='word_1_312' title='bbox 1693 2718 1862 2774; x_wconf 76' lang='lat' dir='ltr'><strong>Feria:</strong></span> <span class='ocrx_word' id='word_1_313' title='bbox 1907 2728 2089 2773; x_wconf 79' lang='lat' dir='ltr'><strong>autem</strong></span> 
     </span>
    </p>
   </div>
   <div class='ocr_carea' id='block_1_42' title="bbox 499 2808 2091 2880">
    <p class='ocr_par' dir='ltr' id='par_1_42' title="bbox 499 2808 2091 2880">
     <span class='ocr_line' id='line_1_42' title="bbox 499 2808 2091 2880; baseline 0.002 -17"><span class='ocrx_word' id='word_1_314' title='bbox 499 2827 529 2864; x_wconf 92' lang='lat' dir='ltr'><strong>a</strong></span> <span class='ocrx_word' id='word_1_315' title='bbox 561 2808 725 2865; x_wconf 79' lang='lat' dir='ltr'><strong>fando</strong></span> <span class='ocrx_word' id='word_1_316' title='bbox 758 2819 886 2866; x_wconf 86' lang='lat' dir='ltr'><strong>sunt</strong></span> <span class='ocrx_word' id='word_1_317' title='bbox 920 2817 1262 2880; x_wconf 63' lang='lat' dir='ltr'><strong>nuncupatur,</strong></span> <span class='ocrx_word' id='word_1_318' title='bbox 1287 2809 1430 2880; x_wconf 78' lang='lat' dir='ltr'><strong>quod</strong></span> <span class='ocrx_word' id='word_1_319' title='bbox 1469 2810 1542 2865; x_wconf 90' lang='lat' dir='ltr'><strong>sit</strong></span> <span class='ocrx_word' id='word_1_320' title='bbox 1576 2809 1628 2865; x_wconf 91' lang='lat' dir='ltr'><strong>in</strong></span> <span class='ocrx_word' id='word_1_321' title='bbox 1659 2810 1741 2866; x_wconf 90' lang='lat' dir='ltr'><strong>eis</strong></span> <span class='ocrx_word' id='word_1_322' title='bbox 1775 2810 1930 2866; x_wconf 88' lang='lat' dir='ltr'><strong>nobis</strong></span> <span class='ocrx_word' id='word_1_323' title='bbox 1954 2820 2091 2868; x_wconf 82' lang='lat' dir='ltr'><strong>tem-</strong></span> 
     </span>
    </p>
   </div>
   <div class='ocr_carea' id='block_1_43' title="bbox 497 2902 2090 2975">
    <p class='ocr_par' dir='ltr' id='par_1_43' title="bbox 497 2902 2090 2975">
     <span class='ocr_line' id='line_1_43' title="bbox 497 2902 2090 2975; baseline 0.001 -17"><span class='ocrx_word' id='word_1_324' title='bbox 497 2920 600 2975; x_wconf 86' lang='lat' dir='ltr'><strong>pus</strong></span> <span class='ocrx_word' id='word_1_325' title='bbox 644 2903 917 2969; x_wconf 87' lang='lat' dir='ltr'><strong>dictionis,</strong></span> <span class='ocrx_word' id='word_1_326' title='bbox 970 2902 1022 2958; x_wconf 88' lang='lat' dir='ltr'><strong>id</strong></span> <span class='ocrx_word' id='word_1_327' title='bbox 1049 2903 1234 2968; x_wconf 87' lang='lat' dir='ltr'><strong>cst,in</strong></span> <span class='ocrx_word' id='word_1_328' title='bbox 1277 2903 1462 2958; x_wconf 86' lang='lat' dir='ltr'><strong>divino</strong></span> <span class='ocrx_word' id='word_1_329' title='bbox 1503 2902 1586 2958; x_wconf 89' lang='lat' dir='ltr'><strong>vel</strong></span> <span class='ocrx_word' id='word_1_330' title='bbox 1636 2902 1874 2958; x_wconf 88' lang='lat' dir='ltr'><strong>humano</strong></span> <span class='ocrx_word' id='word_1_331' title='bbox 1904 2903 2090 2960; x_wconf 60' lang='lat' dir='ltr'><strong>ofﬁcio</strong></span> 
     </span>
    </p>
   </div>
   <div class='ocr_carea' id='block_1_44' title="bbox 497 2993 2090 3053">
    <p class='ocr_par' dir='ltr' id='par_1_44' title="bbox 497 2993 2090 3053">
     <span class='ocr_line' id='line_1_44' title="bbox 497 2993 2090 3053; baseline 0 -2"><span class='ocrx_word' id='word_1_332' title='bbox 497 2996 620 3051; x_wconf 79' lang='lat' dir='ltr'><strong>fari.</strong></span> <span class='ocrx_word' id='word_1_333' title='bbox 663 2995 769 3052; x_wconf 89' lang='lat' dir='ltr'><strong>Sed</strong></span> <span class='ocrx_word' id='word_1_334' title='bbox 791 3010 859 3050; x_wconf 80' lang='lat' dir='ltr'><strong>ex</strong></span> <span class='ocrx_word' id='word_1_335' title='bbox 890 2995 975 3052; x_wconf 89' lang='lat' dir='ltr'><strong>his</strong></span> <span class='ocrx_word' id='word_1_336' title='bbox 1001 2993 1155 3053; x_wconf 78' lang='lat' dir='ltr'><strong>festis</strong></span> <span class='ocrx_word' id='word_1_337' title='bbox 1181 2995 1370 3051; x_wconf 86' lang='lat' dir='ltr'><strong>diebus</strong></span> <span class='ocrx_word' id='word_1_338' title='bbox 1400 2995 1680 3051; x_wconf 85' lang='lat' dir='ltr'><strong>hominum</strong></span> <span class='ocrx_word' id='word_1_339' title='bbox 1736 3011 1903 3051; x_wconf 87' lang='lat' dir='ltr'><strong>causa</strong></span> <span class='ocrx_word' id='word_1_340' title='bbox 1939 2996 2090 3051; x_wconf 35' lang='lat' dir='ltr'><strong>iustis</strong></span> 
     </span>
    </p>
   </div>
   <div class='ocr_carea' id='block_1_45' title="bbox 497 3087 2084 3160">
    <p class='ocr_par' dir='ltr' id='par_1_45' title="bbox 497 3087 2084 3160">
     <span class='ocr_line' id='line_1_45' title="bbox 497 3087 2084 3160; baseline 0.002 -17"><span class='ocrx_word' id='word_1_341' title='bbox 497 3098 644 3146; x_wconf 88' lang='lat' dir='ltr'><strong>tutos</strong></span> <span class='ocrx_word' id='word_1_342' title='bbox 696 3089 922 3145; x_wconf 80' lang='lat' dir='ltr'><strong>feriatos</strong></span> <span class='ocrx_word' id='word_1_343' title='bbox 961 3088 1269 3145; x_wconf 84' lang='lat' dir='ltr'><strong>divinorum</strong></span> <span class='ocrx_word' id='word_1_344' title='bbox 1327 3103 1607 3145; x_wconf 88' lang='lat' dir='ltr'><strong>sacrorum</strong></span> <span class='ocrx_word' id='word_1_345' title='bbox 1646 3087 1832 3160; x_wconf 80' lang='lat' dir='ltr'><strong>[Isid.,</strong></span> <span class='ocrx_word' id='word_1_346' title='bbox 1878 3089 1986 3146; x_wconf 85' lang='lat' dir='ltr'><strong>Sed</strong></span> <span class='ocrx_word' id='word_1_347' title='bbox 2016 3105 2084 3146; x_wconf 74' lang='lat' dir='ltr'><strong>ex</strong></span> 
     </span>
    </p>
   </div>
   <div class='ocr_carea' id='block_1_46' title="bbox 498 3178 2079 3246">
    <p class='ocr_par' dir='ltr' id='par_1_46' title="bbox 498 3178 2079 3246">
     <span class='ocr_line' id='line_1_46' title="bbox 498 3178 2079 3246; baseline 0.001 -11"><span class='ocrx_word' id='word_1_348' title='bbox 498 3181 564 3238; x_wconf 91' lang='lat' dir='ltr'><strong>iis</strong></span> <span class='ocrx_word' id='word_1_349' title='bbox 593 3180 714 3236; x_wconf 81' lang='lat' dir='ltr'><strong>festi</strong></span> <span class='ocrx_word' id='word_1_350' title='bbox 743 3181 862 3238; x_wconf 88' lang='lat' dir='ltr'><strong>dies</strong></span> <span class='ocrx_word' id='word_1_351' title='bbox 895 3180 1126 3236; x_wconf 87' lang='lat' dir='ltr'><strong>instituti</strong></span> <span class='ocrx_word' id='word_1_352' title='bbox 1172 3189 1299 3234; x_wconf 90' lang='lat' dir='ltr'><strong>sunt</strong></span> <span class='ocrx_word' id='word_1_353' title='bbox 1327 3180 1606 3236; x_wconf 86' lang='lat' dir='ltr'><strong>hominum</strong></span> <span class='ocrx_word' id='word_1_354' title='bbox 1639 3195 1803 3236; x_wconf 89' lang='lat' dir='ltr'><strong>causa</strong></span> <span class='ocrx_word' id='word_1_355' title='bbox 1832 3199 1846 3236; x_wconf 91' lang='lat'><strong><em>:</em></strong></span> <span class='ocrx_word' id='word_1_356' title='bbox 1878 3178 2079 3246; x_wconf 79' lang='lat' dir='ltr'><strong>feriati,</strong></span> 
     </span>
    </p>
   </div>
   <div class='ocr_carea' id='block_1_47' title="bbox 493 3270 1344 3345">
    <p class='ocr_par' dir='ltr' id='par_1_47' title="bbox 493 3270 1344 3345">
     <span class='ocr_line' id='line_1_47' title="bbox 493 3270 1344 3345; baseline -0.004 -17"><span class='ocrx_word' id='word_1_357' title='bbox 493 3286 658 3328; x_wconf 87' lang='lat' dir='ltr'><strong>causa</strong></span> <span class='ocrx_word' id='word_1_358' title='bbox 693 3272 996 3329; x_wconf 86' lang='lat' dir='ltr'><strong>divinorum</strong></span> <span class='ocrx_word' id='word_1_359' title='bbox 1020 3270 1344 3345; x_wconf 90' lang='lat' dir='ltr'><strong>sacrorum].</strong></span> 
     </span>
    </p>
   </div>
   <div class='ocr_carea' id='block_1_48' title="bbox 565 3360 2077 3434">
    <p class='ocr_par' dir='ltr' id='par_1_48' title="bbox 565 3360 2077 3434">
     <span class='ocr_line' id='line_1_48' title="bbox 565 3360 2077 3434; baseline 0 -16"><span class='ocrx_word' id='word_1_360' title='bbox 565 3362 733 3418; x_wconf 84' lang='lat' dir='ltr'><strong>Inter.</strong></span> <span class='ocrx_word' id='word_1_361' title='bbox 777 3362 972 3421; x_wconf 86' lang='lat' dir='ltr'><strong>Partes</strong></span> <span class='ocrx_word' id='word_1_362' title='bbox 1005 3361 1112 3420; x_wconf 90' lang='lat' dir='ltr'><strong>dici</strong></span> <span class='ocrx_word' id='word_1_363' title='bbox 1143 3371 1275 3433; x_wconf 90' lang='lat' dir='ltr'><strong>quot</strong></span> <span class='ocrx_word' id='word_1_364' title='bbox 1315 3364 1484 3418; x_wconf 87' lang='lat' dir='ltr'><strong>sunt?</strong></span> <span class='ocrx_word' id='word_1_365' title='bbox 1517 3361 1666 3434; x_wconf 86' lang='lat' dir='ltr'><strong>Resp.</strong></span> <span class='ocrx_word' id='word_1_366' title='bbox 1703 3360 1858 3421; x_wconf 84' lang='lat' dir='ltr'><strong>Tres.</strong></span> <span class='ocrx_word' id='word_1_367' title='bbox 1909 3362 2077 3421; x_wconf 82' lang='lat' dir='ltr'><strong>Inter.</strong></span> 
     </span>
    </p>
   </div>
   <div class='ocr_carea' id='block_1_49' title="bbox 493 3452 2080 3530">
    <p class='ocr_par' dir='ltr' id='par_1_49' title="bbox 493 3452 2080 3530">
     <span class='ocr_line' id='line_1_49' title="bbox 493 3452 2080 3530; baseline 0.001 -19"><span class='ocrx_word' id='word_1_368' title='bbox 493 3454 626 3524; x_wconf 74' lang='lat' dir='ltr'><strong>Quae</strong></span> <span class='ocrx_word' id='word_1_369' title='bbox 647 3467 770 3512; x_wconf 87' lang='lat' dir='ltr'><strong>sunt</strong></span> <span class='ocrx_word' id='word_1_370' title='bbox 800 3455 926 3510; x_wconf 71' lang='lat' dir='ltr'><strong>hm?</strong></span> <span class='ocrx_word' id='word_1_371' title='bbox 984 3452 1140 3526; x_wconf 83' lang='lat' dir='ltr'><strong>Resp.</strong></span> <span class='ocrx_word' id='word_1_372' title='bbox 1174 3453 1354 3522; x_wconf 80' lang='lat' dir='ltr'><strong>Mane,</strong></span> <span class='ocrx_word' id='word_1_373' title='bbox 1402 3456 1678 3522; x_wconf 88' lang='lat' dir='ltr'><strong>meridies,</strong></span> <span class='ocrx_word' id='word_1_374' title='bbox 1715 3463 1771 3511; x_wconf 89' lang='lat' dir='ltr'><strong>et</strong></span> <span class='ocrx_word' id='word_1_375' title='bbox 1805 3471 2080 3530; x_wconf 85' lang='lat' dir='ltr'><strong>suprema.</strong></span> 
     </span>
    </p>
   </div>
   <div class='ocr_carea' id='block_1_50' title="bbox 494 3545 2085 3618">
    <p class='ocr_par' dir='ltr' id='par_1_50' title="bbox 494 3545 2085 3618">
     <span class='ocr_line' id='line_1_50' title="bbox 494 3545 2085 3618; baseline -0.001 -13"><span class='ocrx_word' id='word_1_376' title='bbox 494 3549 662 3614; x_wconf 69' lang='lat' dir='ltr'><strong>Inter.</strong></span> <span class='ocrx_word' id='word_1_377' title='bbox 694 3545 976 3616; x_wconf 86' lang='lat' dir='ltr'><strong>Quomodo</strong></span> <span class='ocrx_word' id='word_1_378' title='bbox 1016 3548 1218 3604; x_wconf 87' lang='lat' dir='ltr'><strong>mane?</strong></span> <span class='ocrx_word' id='word_1_379' title='bbox 1253 3545 1407 3618; x_wconf 87' lang='lat' dir='ltr'><strong>Resp.</strong></span> <span class='ocrx_word' id='word_1_380' title='bbox 1440 3545 1598 3602; x_wconf 77' lang='lat' dir='ltr'><strong>Mane</strong></span> <span class='ocrx_word' id='word_1_381' title='bbox 1645 3545 1739 3602; x_wconf 78' lang='lat' dir='ltr'><strong>lux</strong></span> <span class='ocrx_word' id='word_1_382' title='bbox 1775 3558 1991 3604; x_wconf 87' lang='lat' dir='ltr'><strong>matura</strong></span> <span class='ocrx_word' id='word_1_383' title='bbox 2028 3558 2085 3606; x_wconf 86' lang='lat' dir='ltr'><strong>et</strong></span> 
     </span>
    </p>
   </div>
   <div class='ocr_carea' id='block_1_51' title="bbox 491 3636 2086 3712">
    <p class='ocr_par' dir='ltr' id='par_1_51' title="bbox 491 3636 2086 3712">
     <span class='ocr_line' id='line_1_51' title="bbox 491 3636 2086 3712; baseline 0.001 -17"><span class='ocrx_word' id='word_1_384' title='bbox 491 3641 672 3712; x_wconf 89' lang='lat' dir='ltr'><strong>plena,</strong></span> <span class='ocrx_word' id='word_1_385' title='bbox 722 3653 823 3695; x_wconf 88' lang='lat' dir='ltr'><strong>nec</strong></span> <span class='ocrx_word' id='word_1_386' title='bbox 845 3639 959 3711; x_wconf 85' lang='lat' dir='ltr'><strong>jam</strong></span> <span class='ocrx_word' id='word_1_387' title='bbox 1011 3637 1406 3710; x_wconf 87' lang='lat' dir='ltr'><strong>crepusculum.</strong></span> <span class='ocrx_word' id='word_1_388' title='bbox 1455 3636 1623 3693; x_wconf 84' lang='lat' dir='ltr'><strong>Inter.</strong></span> <span class='ocrx_word' id='word_1_389' title='bbox 1676 3638 1857 3707; x_wconf 86' lang='lat' dir='ltr'><strong>Quare</strong></span> <span class='ocrx_word' id='word_1_390' title='bbox 1885 3640 2086 3698; x_wconf 89' lang='lat' dir='ltr'><strong>dicitur</strong></span> 
     </span>
    </p>
   </div>
   <div class='ocr_carea' id='block_1_52' title="bbox 491 3731 2078 3803">
    <p class='ocr_par' dir='ltr' id='par_1_52' title="bbox 491 3731 2078 3803">
     <span class='ocr_line' id='line_1_52' title="bbox 491 3731 2078 3803; baseline -0.001 -13"><span class='ocrx_word' id='word_1_391' title='bbox 491 3733 696 3791; x_wconf 86' lang='lat' dir='ltr'><strong>mane?</strong></span> <span class='ocrx_word' id='word_1_392' title='bbox 720 3731 876 3803; x_wconf 85' lang='lat' dir='ltr'><strong>Resp.</strong></span> <span class='ocrx_word' id='word_1_393' title='bbox 913 3731 1070 3788; x_wconf 83' lang='lat' dir='ltr'><strong>Mane</strong></span> <span class='ocrx_word' id='word_1_394' title='bbox 1090 3737 1272 3786; x_wconf 84' lang='lat' dir='ltr'><strong>autem</strong></span> <span class='ocrx_word' id='word_1_395' title='bbox 1297 3745 1328 3786; x_wconf 87' lang='lat' dir='ltr'><strong>a</strong></span> <span class='ocrx_word' id='word_1_396' title='bbox 1349 3745 1510 3786; x_wconf 84' lang='lat' dir='ltr'><strong>manu</strong></span> <span class='ocrx_word' id='word_1_397' title='bbox 1546 3741 1631 3787; x_wconf 89' lang='lat' dir='ltr'><strong>est</strong></span> <span class='ocrx_word' id='word_1_398' title='bbox 1655 3731 1880 3789; x_wconf 89' lang='lat' dir='ltr'><strong>dictum.</strong></span> <span class='ocrx_word' id='word_1_399' title='bbox 1909 3731 2078 3789; x_wconf 86' lang='lat' dir='ltr'><strong>Inter.</strong></span> 
     </span>
    </p>
   </div>
   <div class='ocr_carea' id='block_1_53' title="bbox 493 3822 2084 3897">
    <p class='ocr_par' dir='ltr' id='par_1_53' title="bbox 493 3822 2084 3897">
     <span class='ocr_line' id='line_1_53' title="bbox 493 3822 2084 3897; baseline -0.001 -14"><span class='ocrx_word' id='word_1_400' title='bbox 493 3828 610 3897; x_wconf 86' lang='lat' dir='ltr'><strong>Qua</strong></span> <span class='ocrx_word' id='word_1_401' title='bbox 634 3826 884 3883; x_wconf 88' lang='lat' dir='ltr'><strong>ratione?</strong></span> <span class='ocrx_word' id='word_1_402' title='bbox 915 3824 1069 3896; x_wconf 88' lang='lat' dir='ltr'><strong>Resp.</strong></span> <span class='ocrx_word' id='word_1_403' title='bbox 1106 3822 1328 3879; x_wconf 73' lang='lat' dir='ltr'><strong>Manum</strong></span> <span class='ocrx_word' id='word_1_404' title='bbox 1367 3825 1514 3880; x_wconf 91' lang='lat' dir='ltr'><strong>enim</strong></span> <span class='ocrx_word' id='word_1_405' title='bbox 1542 3825 1754 3896; x_wconf 88' lang='lat' dir='ltr'><strong>antiqui</strong></span> <span class='ocrx_word' id='word_1_406' title='bbox 1775 3825 1976 3880; x_wconf 90' lang='lat' dir='ltr'><strong>bonum</strong></span> <span class='ocrx_word' id='word_1_407' title='bbox 2005 3827 2084 3881; x_wconf 90' lang='lat' dir='ltr'><strong>di-</strong></span> 
     </span>
    </p>
   </div>
   <div class='ocr_carea' id='block_1_54' title="bbox 493 3914 2083 3989">
    <p class='ocr_par' dir='ltr' id='par_1_54' title="bbox 493 3914 2083 3989">
     <span class='ocr_line' id='line_1_54' title="bbox 493 3914 2083 3989; baseline -0.002 -14"><span class='ocrx_word' id='word_1_408' title='bbox 493 3920 690 3976; x_wconf 86' lang='lat' dir='ltr'><strong>cebant</strong></span> <span class='ocrx_word' id='word_1_409' title='bbox 719 3931 744 3960; x_wconf 72' lang='grc' dir='ltr'>ι</span> <span class='ocrx_word' id='word_1_410' title='bbox 770 3935 786 3986; x_wconf 88' lang='grc'><strong>;</strong></span> <span class='ocrx_word' id='word_1_411' title='bbox 823 3917 953 3989; x_wconf 90' lang='lat' dir='ltr'><strong>quid</strong></span> <span class='ocrx_word' id='word_1_412' title='bbox 973 3918 1120 3973; x_wconf 87' lang='lat' dir='ltr'><strong>enim</strong></span> <span class='ocrx_word' id='word_1_413' title='bbox 1151 3914 1346 3971; x_wconf 88' lang='lat' dir='ltr'><strong>melius</strong></span> <span class='ocrx_word' id='word_1_414' title='bbox 1386 3915 1552 3971; x_wconf 88' lang='lat' dir='ltr'><strong>luce?</strong></span> <span class='ocrx_word' id='word_1_415' title='bbox 1580 3915 1682 3971; x_wconf 81' lang='lat' dir='ltr'><strong>Alii</strong></span> <span class='ocrx_word' id='word_1_416' title='bbox 1711 3931 1870 3972; x_wconf 90' lang='lat' dir='ltr'><strong>mane</strong></span> <span class='ocrx_word' id='word_1_417' title='bbox 1894 3917 2083 3974; x_wconf 76' lang='lat' dir='ltr'><strong>existi-</strong></span> 
     </span>
    </p>
   </div>
   <div class='ocr_carea' id='block_1_55' title="bbox 495 4006 2077 4080">
    <p class='ocr_par' dir='ltr' id='par_1_55' title="bbox 495 4006 2077 4080">
     <span class='ocr_line' id='line_1_55' title="bbox 495 4006 2077 4080; baseline -0.002 -12"><span class='ocrx_word' id='word_1_418' title='bbox 495 4012 841 4068; x_wconf 83' lang='lat' dir='ltr'><strong>mant&#39;vocari</strong></span> <span class='ocrx_word' id='word_1_419' title='bbox 869 4009 938 4066; x_wconf 88' lang='lat' dir='ltr'><strong>ab</strong></span> <span class='ocrx_word' id='word_1_420' title='bbox 963 4009 1266 4075; x_wconf 88' lang='lat' dir='ltr'><strong>animabus,</strong></span> <span class='ocrx_word' id='word_1_421' title='bbox 1291 4022 1523 4079; x_wconf 87' lang='lat' dir='ltr'><strong>quarum</strong></span> <span class='ocrx_word' id='word_1_422' title='bbox 1542 4006 1725 4080; x_wconf 82' lang='lat' dir='ltr'><strong>[Isid.,</strong></span> <span class='ocrx_word' id='word_1_423' title='bbox 1751 4024 1781 4064; x_wconf 85' lang='lat' dir='ltr'><strong>a</strong></span> <span class='ocrx_word' id='word_1_424' title='bbox 1806 4008 2077 4076; x_wconf 88' lang='lat' dir='ltr'><strong>manibus,</strong></span> 
     </span>
    </p>
   </div>
   <div class='ocr_carea' id='block_1_56' title="bbox 496 4099 2081 4172">
    <p class='ocr_par' dir='ltr' id='par_1_56' title="bbox 496 4099 2081 4172">
     <span class='ocr_line' id='line_1_56' title="bbox 496 4099 2081 4172; baseline -0.003 -12"><span class='ocrx_word' id='word_1_425' title='bbox 496 4108 548 4160; x_wconf 84' lang='lat' dir='ltr'><strong>id</strong></span> <span class='ocrx_word' id='word_1_426' title='bbox 596 4115 699 4168; x_wconf 87' lang='lat' dir='ltr'><strong>est,</strong></span> <span class='ocrx_word' id='word_1_427' title='bbox 739 4104 866 4169; x_wconf 92' lang='lat' dir='ltr'><strong>diis,</strong></span> <span class='ocrx_word' id='word_1_428' title='bbox 920 4116 1173 4172; x_wconf 86' lang='lat' dir='ltr'><strong>quorum,</strong></span> <span class='ocrx_word' id='word_1_429' title='bbox 1229 4099 1363 4172; x_wconf 89' lang='lat' dir='ltr'><strong>etc.]</strong></span> <span class='ocrx_word' id='word_1_430' title='bbox 1395 4100 1741 4156; x_wconf 70' lang='lat' dir='ltr'><strong>conversatio</strong></span> <span class='ocrx_word' id='word_1_431' title='bbox 1771 4116 1802 4155; x_wconf 87' lang='lat' dir='ltr'><strong>a</strong></span> <span class='ocrx_word' id='word_1_432' title='bbox 1842 4100 1970 4154; x_wconf 88' lang='lat' dir='ltr'><strong>luna</strong></span> <span class='ocrx_word' id='word_1_433' title='bbox 2009 4104 2081 4160; x_wconf 88' lang='lat' dir='ltr'><strong>ad</strong></span> 
     </span>
    </p>
   </div>
   <div class='ocr_carea' id='block_1_57' title="bbox 494 4190 2077 4264">
    <p class='ocr_par' dir='ltr' id='par_1_57' title="bbox 494 4190 2077 4264">
     <span class='ocr_line' id='line_1_57' title="bbox 494 4190 2077 4264; baseline -0.001 -13"><span class='ocrx_word' id='word_1_434' title='bbox 494 4207 698 4252; x_wconf 86' lang='lat' dir='ltr'><strong>terram</strong></span> <span class='ocrx_word' id='word_1_435' title='bbox 723 4206 827 4250; x_wconf 90' lang='lat' dir='ltr'><strong>cst.</strong></span> <span class='ocrx_word' id='word_1_436' title='bbox 865 4195 968 4249; x_wconf 78' lang='lat' dir='ltr'><strong>Alii</strong></span> <span class='ocrx_word' id='word_1_437' title='bbox 998 4200 1192 4264; x_wconf 86' lang='lat' dir='ltr'><strong>putant</strong></span> <span class='ocrx_word' id='word_1_438' title='bbox 1222 4190 1291 4248; x_wconf 89' lang='lat' dir='ltr'><strong>ab</strong></span> <span class='ocrx_word' id='word_1_439' title='bbox 1318 4205 1463 4257; x_wconf 83' lang='lat' dir='ltr'><strong>aere,</strong></span> <span class='ocrx_word' id='word_1_440' title='bbox 1490 4193 1616 4262; x_wconf 84' lang='lat' dir='ltr'><strong>quia</strong></span> <span class='ocrx_word' id='word_1_441' title='bbox 1646 4209 1860 4261; x_wconf 83' lang='lat' dir='ltr'><strong>manus,</strong></span> <span class='ocrx_word' id='word_1_442' title='bbox 1892 4196 1946 4250; x_wconf 84' lang='lat' dir='ltr'><strong>id</strong></span> <span class='ocrx_word' id='word_1_443' title='bbox 1971 4204 2077 4262; x_wconf 85' lang='lat' dir='ltr'><strong>est,</strong></span> 
     </span>
    </p>
   </div>
   <div class='ocr_carea' id='block_1_58' title="bbox 493 4283 1228 4355">
    <p class='ocr_par' dir='ltr' id='par_1_58' title="bbox 493 4283 1228 4355">
     <span class='ocr_line' id='line_1_58' title="bbox 493 4283 1228 4355; baseline -0.003 -15"><span class='ocrx_word' id='word_1_444' title='bbox 493 4287 674 4341; x_wconf 89' lang='lat' dir='ltr'><strong>clarus</strong></span> <span class='ocrx_word' id='word_1_445' title='bbox 695 4294 856 4355; x_wconf 90' lang='lat' dir='ltr'><strong>atque</strong></span> <span class='ocrx_word' id='word_1_446' title='bbox 889 4283 1228 4354; x_wconf 79' lang='lat' dir='ltr'><strong>perspicuus.</strong></span> 
     </span>
    </p>
   </div>
   <div class='ocr_carea' id='block_1_59' title="bbox 2205 2052 3796 2133">
    <p class='ocr_par' dir='ltr' id='par_1_59' title="bbox 2205 2052 3796 2133">
     <span class='ocr_line' id='line_1_59' title="bbox 2205 2052 3796 2133; baseline 0.008 -26"><span class='ocrx_word' id='word_1_447' title='bbox 2205 2052 2388 2110; x_wconf 75' lang='lat' dir='ltr'><strong>Noctis</strong></span> <span class='ocrx_word' id='word_1_448' title='bbox 2429 2063 2608 2110; x_wconf 88' lang='lat' dir='ltr'><strong>autem</strong></span> <span class='ocrx_word' id='word_1_449' title='bbox 2647 2065 2702 2111; x_wconf 90' lang='lat' dir='ltr'><strong>ct</strong></span> <span class='ocrx_word' id='word_1_450' title='bbox 2747 2056 2852 2112; x_wconf 89' lang='lat' dir='ltr'><strong>diei</strong></span> <span class='ocrx_word' id='word_1_451' title='bbox 2893 2057 3178 2115; x_wconf 86' lang='lat' dir='ltr'><strong>alternatio</strong></span> <span class='ocrx_word' id='word_1_452' title='bbox 3214 2069 3437 2133; x_wconf 89' lang='lat' dir='ltr'><strong>propter</strong></span> <span class='ocrx_word' id='word_1_453' title='bbox 3471 2063 3796 2120; x_wconf 86' lang='lat' dir='ltr'><strong>vicissitudi-</strong></span> 
     </span>
    </p>
   </div>
   <div class='ocr_carea' id='block_1_60' title="bbox 2199 2146 3794 2228">
    <p class='ocr_par' dir='ltr' id='par_1_60' title="bbox 2199 2146 3794 2228">
     <span class='ocr_line' id='line_1_60' title="bbox 2199 2146 3794 2228; baseline 0.008 -29"><span class='ocrx_word' id='word_1_454' title='bbox 2199 2161 2324 2201; x_wconf 87' lang='lat' dir='ltr'><strong>nem</strong></span> <span class='ocrx_word' id='word_1_455' title='bbox 2355 2146 2654 2202; x_wconf 80' lang='lat' dir='ltr'><strong>dormiendi</strong></span> <span class='ocrx_word' id='word_1_456' title='bbox 2681 2148 3041 2221; x_wconf 81' lang='lat' dir='ltr'><strong>vigilandique</strong></span> <span class='ocrx_word' id='word_1_457' title='bbox 3067 2150 3261 2207; x_wconf 77' lang='lat' dir='ltr'><strong>eﬂecta</strong></span> <span class='ocrx_word' id='word_1_458' title='bbox 3283 2161 3389 2221; x_wconf 88' lang='lat' dir='ltr'><strong>est,</strong></span> <span class='ocrx_word' id='word_1_459' title='bbox 3424 2162 3481 2209; x_wconf 91' lang='lat' dir='ltr'><strong>et</strong></span> <span class='ocrx_word' id='word_1_460' title='bbox 3512 2163 3572 2211; x_wconf 86' lang='lat' dir='ltr'><strong>ut</strong></span> <span class='ocrx_word' id='word_1_461' title='bbox 3607 2156 3794 2228; x_wconf 83' lang='lat' dir='ltr'><strong>operis</strong></span> 
     </span>
    </p>
   </div>
   <div class='ocr_carea' id='block_1_61' title="bbox 2199 2236 3394 2316">
    <p class='ocr_par' dir='ltr' id='par_1_61' title="bbox 2199 2236 3394 2316">
     <span class='ocr_line' id='line_1_61' title="bbox 2199 2236 3394 2316; baseline 0.008 -24"><span class='ocrx_word' id='word_1_462' title='bbox 2199 2236 2376 2292; x_wconf 83' lang='lat' dir='ltr'><strong>diurni</strong></span> <span class='ocrx_word' id='word_1_463' title='bbox 2405 2238 2644 2295; x_wconf 81' lang='lat' dir='ltr'><strong>laborem</strong></span> <span class='ocrx_word' id='word_1_464' title='bbox 2675 2242 2849 2296; x_wconf 88' lang='lat' dir='ltr'><strong>noctis</strong></span> <span class='ocrx_word' id='word_1_465' title='bbox 2870 2242 3084 2312; x_wconf 88' lang='lat' dir='ltr'><strong>requies</strong></span> <span class='ocrx_word' id='word_1_466' title='bbox 3113 2251 3394 2316; x_wconf 88' lang='lat' dir='ltr'><strong>temperet.</strong></span> 
     </span>
    </p>
   </div>
   <div class='ocr_carea' id='block_1_62' title="bbox 2269 2325 3795 2411">
    <p class='ocr_par' dir='ltr' id='par_1_62' title="bbox 2269 2325 3795 2411">
     <span class='ocr_line' id='line_1_62' title="bbox 2269 2325 3795 2411; baseline 0.007 -27"><span class='ocrx_word' id='word_1_467' title='bbox 2269 2325 2438 2384; x_wconf 85' lang='lat' dir='ltr'><strong>Inter.</strong></span> <span class='ocrx_word' id='word_1_468' title='bbox 2477 2327 2656 2397; x_wconf 87' lang='lat' dir='ltr'><strong>Quare</strong></span> <span class='ocrx_word' id='word_1_469' title='bbox 2687 2329 2826 2387; x_wconf 80' lang='lat' dir='ltr'><strong>facta</strong></span> <span class='ocrx_word' id='word_1_470' title='bbox 2849 2344 2936 2389; x_wconf 88' lang='lat' dir='ltr'><strong>est</strong></span> <span class='ocrx_word' id='word_1_471' title='bbox 2959 2336 3108 2390; x_wconf 76' lang='lat' dir='ltr'><strong>nox?</strong></span> <span class='ocrx_word' id='word_1_472' title='bbox 3140 2334 3294 2408; x_wconf 80' lang='lat' dir='ltr'><strong>Resp.</strong></span> <span class='ocrx_word' id='word_1_473' title='bbox 3326 2336 3436 2392; x_wconf 81' lang='lat' dir='ltr'><strong>Aut</strong></span> <span class='ocrx_word' id='word_1_474' title='bbox 3463 2336 3589 2408; x_wconf 86' lang='lat' dir='ltr'><strong>quia</strong></span> <span class='ocrx_word' id='word_1_475' title='bbox 3624 2337 3795 2411; x_wconf 74' lang='lat' dir='ltr'><strong>longo</strong></span> 
     </span>
    </p>
   </div>
   <div class='ocr_carea' id='block_1_63' title="bbox 2200 2420 3789 2502">
    <p class='ocr_par' dir='ltr' id='par_1_63' title="bbox 2200 2420 3789 2502">
     <span class='ocr_line' id='line_1_63' title="bbox 2200 2420 3789 2502; baseline 0.007 -27"><span class='ocrx_word' id='word_1_476' title='bbox 2200 2420 2391 2476; x_wconf 85' lang='lat' dir='ltr'><strong>itinere</strong></span> <span class='ocrx_word' id='word_1_477' title='bbox 2414 2421 2651 2478; x_wconf 86' lang='lat' dir='ltr'><strong>lassatur</strong></span> <span class='ocrx_word' id='word_1_478' title='bbox 2677 2423 2776 2490; x_wconf 88' lang='lat' dir='ltr'><strong>sol,</strong></span> <span class='ocrx_word' id='word_1_479' title='bbox 2807 2434 2862 2482; x_wconf 93' lang='lat' dir='ltr'><strong>ct</strong></span> <span class='ocrx_word' id='word_1_480' title='bbox 2881 2442 3004 2482; x_wconf 89' lang='lat' dir='ltr'><strong>cum</strong></span> <span class='ocrx_word' id='word_1_481' title='bbox 3035 2427 3101 2483; x_wconf 90' lang='lat' dir='ltr'><strong>ad</strong></span> <span class='ocrx_word' id='word_1_482' title='bbox 3127 2425 3374 2484; x_wconf 88' lang='lat' dir='ltr'><strong>ultimum</strong></span> <span class='ocrx_word' id='word_1_483' title='bbox 3400 2428 3525 2486; x_wconf 64' lang='lat' dir='ltr'><strong>euali</strong></span> <span class='ocrx_word' id='word_1_484' title='bbox 3551 2431 3789 2502; x_wconf 82' lang='lat' dir='ltr'><strong>spatium</strong></span> 
     </span>
    </p>
   </div>
   <div class='ocr_carea' id='block_1_64' title="bbox 2193 2513 3782 2595">
    <p class='ocr_par' dir='ltr' id='par_1_64' title="bbox 2193 2513 3782 2595">
     <span class='ocr_line' id='line_1_64' title="bbox 2193 2513 3782 2595; baseline 0.009 -30"><span class='ocrx_word' id='word_1_485' title='bbox 2193 2513 2460 2584; x_wconf 76' lang='lat' dir='ltr'><strong>pervenit,</strong></span> <span class='ocrx_word' id='word_1_486' title='bbox 2489 2514 2840 2584; x_wconf 84' lang='lat' dir='ltr'><strong>elanguescit,</strong></span> <span class='ocrx_word' id='word_1_487' title='bbox 2867 2533 2931 2573; x_wconf 89' lang='lat' dir='ltr'><strong>ac</strong></span> <span class='ocrx_word' id='word_1_488' title='bbox 2961 2518 3262 2575; x_wconf 79' lang='lat' dir='ltr'><strong>labefactus</strong></span> <span class='ocrx_word' id='word_1_489' title='bbox 3287 2519 3430 2575; x_wconf 83' lang='lat' dir='ltr'><strong>emat</strong></span> <span class='ocrx_word' id='word_1_490' title='bbox 3447 2537 3573 2578; x_wconf 87' lang='lat' dir='ltr'><strong>suos</strong></span> <span class='ocrx_word' id='word_1_491' title='bbox 3594 2521 3782 2595; x_wconf 73' lang='lat' dir='ltr'><strong>ignes:</strong></span> 
     </span>
    </p>
   </div>
   <div class='ocr_carea' id='block_1_65' title="bbox 2191 2604 3779 2684">
    <p class='ocr_par' dir='ltr' id='par_1_65' title="bbox 2191 2604 3779 2684">
     <span class='ocr_line' id='line_1_65' title="bbox 2191 2604 3779 2684; baseline 0.008 -27"><span class='ocrx_word' id='word_1_492' title='bbox 2191 2611 2287 2658; x_wconf 87' lang='lat' dir='ltr'><strong>aut</strong></span> <span class='ocrx_word' id='word_1_493' title='bbox 2314 2604 2440 2674; x_wconf 84' lang='lat' dir='ltr'><strong>quia</strong></span> <span class='ocrx_word' id='word_1_494' title='bbox 2467 2606 2657 2660; x_wconf 87' lang='lat' dir='ltr'><strong>eadem</strong></span> <span class='ocrx_word' id='word_1_495' title='bbox 2691 2607 2741 2660; x_wconf 84' lang='lat' dir='ltr'><strong>vi</strong></span> <span class='ocrx_word' id='word_1_496' title='bbox 2767 2608 2869 2662; x_wconf 87' lang='lat' dir='ltr'><strong>sub</strong></span> <span class='ocrx_word' id='word_1_497' title='bbox 2899 2619 3072 2665; x_wconf 88' lang='lat' dir='ltr'><strong>terras</strong></span> <span class='ocrx_word' id='word_1_498' title='bbox 3097 2611 3324 2682; x_wconf 77' lang='lat' dir='ltr'><strong>cogitur,</strong></span> <span class='ocrx_word' id='word_1_499' title='bbox 3354 2627 3462 2684; x_wconf 90' lang='lat' dir='ltr'><strong>qua</strong></span> <span class='ocrx_word' id='word_1_500' title='bbox 3492 2627 3652 2684; x_wconf 80' lang='lat' dir='ltr'><strong>super</strong></span> <span class='ocrx_word' id='word_1_501' title='bbox 3678 2621 3779 2669; x_wconf 88' lang='lat' dir='ltr'><strong>ter-</strong></span> 
     </span>
    </p>
   </div>
   <div class='ocr_carea' id='block_1_66' title="bbox 2195 2695 3783 2774">
    <p class='ocr_par' dir='ltr' id='par_1_66' title="bbox 2195 2695 3783 2774">
     <span class='ocr_line' id='line_1_66' title="bbox 2195 2695 3783 2774; baseline 0.005 -24"><span class='ocrx_word' id='word_1_502' title='bbox 2195 2711 2282 2752; x_wconf 85' lang='lat' dir='ltr'><strong>ras</strong></span> <span class='ocrx_word' id='word_1_503' title='bbox 2307 2697 2530 2768; x_wconf 84' lang='lat' dir='ltr'><strong>pertulit</strong></span> <span class='ocrx_word' id='word_1_504' title='bbox 2563 2695 2769 2770; x_wconf 69' lang='lat' dir='ltr'><strong>[Fat-te,</strong></span> <span class='ocrx_word' id='word_1_505' title='bbox 2815 2698 3059 2774; x_wconf 89' lang='lat' dir='ltr'><strong>protulit]</strong></span> <span class='ocrx_word' id='word_1_506' title='bbox 3111 2701 3322 2769; x_wconf 89' lang='lat' dir='ltr'><strong>lumen;</strong></span> <span class='ocrx_word' id='word_1_507' title='bbox 3371 2711 3426 2757; x_wconf 92' lang='lat' dir='ltr'><strong>et</strong></span> <span class='ocrx_word' id='word_1_508' title='bbox 3475 2704 3559 2760; x_wconf 89' lang='lat' dir='ltr'><strong>sic</strong></span> <span class='ocrx_word' id='word_1_509' title='bbox 3593 2702 3783 2759; x_wconf 85' lang='lat' dir='ltr'><strong>umbra</strong></span> 
     </span>
    </p>
   </div>
   <div class='ocr_carea' id='block_1_67' title="bbox 2190 2791 3784 2871">
    <p class='ocr_par' dir='ltr' id='par_1_67' title="bbox 2190 2791 3784 2871">
     <span class='ocr_line' id='line_1_67' title="bbox 2190 2791 3784 2871; baseline 0.006 -26"><span class='ocrx_word' id='word_1_510' title='bbox 2190 2797 2348 2846; x_wconf 76' lang='lat' dir='ltr'><strong>terra:</strong></span> <span class='ocrx_word' id='word_1_511' title='bbox 2370 2799 2585 2847; x_wconf 89' lang='lat' dir='ltr'><strong>noctem</strong></span> <span class='ocrx_word' id='word_1_512' title='bbox 2608 2791 2759 2846; x_wconf 77' lang='lat' dir='ltr'><strong>facit.</strong></span> <span class='ocrx_word' id='word_1_513' title='bbox 2807 2792 2960 2850; x_wconf 78' lang='lat' dir='ltr'><strong>Unde</strong></span> <span class='ocrx_word' id='word_1_514' title='bbox 2980 2804 3038 2851; x_wconf 89' lang='lat' dir='ltr'><strong>et</strong></span> <span class='ocrx_word' id='word_1_515' title='bbox 3058 2795 3312 2868; x_wconf 77' lang='lat' dir='ltr'><strong>Virgilius</strong></span> <span class='ocrx_word' id='word_1_516' title='bbox 3334 2795 3492 2871; x_wconf 56' lang='lat' dir='ltr'><strong>(xEn.</strong></span> <span class='ocrx_word' id='word_1_517' title='bbox 3525 2813 3587 2865; x_wconf 84' lang='grc' dir='ltr'><strong>ιι,</strong></span> <span class='ocrx_word' id='word_1_518' title='bbox 3614 2797 3742 2868; x_wconf 69' lang='lat'><strong>2&#39;50)</strong></span> <span class='ocrx_word' id='word_1_519' title='bbox 3768 2817 3784 2855; x_wconf 69' lang='grc' dir='ltr'>ς</span> 
     </span>
    </p>
   </div>
   <div class='ocr_carea' id='block_1_68' title="bbox 2931 2926 3411 2994">
    <p class='ocr_par' dir='ltr' id='par_1_68' title="bbox 2931 2926 3411 2994">
     <span class='ocr_line' id='line_1_68' title="bbox 2931 2926 3411 2994; baseline 0.013 -18"><span class='ocrx_word' id='word_1_520' title='bbox 2931 2926 3049 2979; x_wconf 77' lang='lat' dir='ltr'><strong>Bu&#39;t</strong></span> <span class='ocrx_word' id='word_1_521' title='bbox 3071 2927 3269 2980; x_wconf 87' lang='lat' dir='ltr'><strong>Oceano</strong></span> <span class='ocrx_word' id='word_1_522' title='bbox 3287 2944 3411 2994; x_wconf 77' lang='lat' dir='ltr'><strong>nox,</strong></span> 
     </span>
    </p>
   </div>
   <div class='ocr_carea' id='block_1_69' title="bbox 2315 2983 3597 3058">
    <p class='ocr_par' dir='ltr' id='par_1_69' title="bbox 2315 2983 3597 3058">
     <span class='ocr_line' id='line_1_69' title="bbox 2315 2983 3597 3058; baseline 0.009 -26"><span class='ocrx_word' id='word_1_523' title='bbox 2315 2983 2577 3036; x_wconf 78' lang='lat' dir='ltr'><strong>Involvens</strong></span> <span class='ocrx_word' id='word_1_524' title='bbox 2601 2988 2773 3038; x_wconf 73' lang='lat' dir='ltr'><strong>umbra</strong></span> <span class='ocrx_word' id='word_1_525' title='bbox 2792 3002 2971 3052; x_wconf 78' lang='lat' dir='ltr'><strong>magna</strong></span> <span class='ocrx_word' id='word_1_526' title='bbox 2995 2998 3284 3056; x_wconf 82' lang='lat' dir='ltr'><strong>terramque</strong></span> <span class='ocrx_word' id='word_1_527' title='bbox 3311 2983 3597 3058; x_wconf 69' lang='lat' dir='ltr'><strong>polumque.</strong></span> 
     </span>
    </p>
   </div>
   <div class='ocr_carea' id='block_1_70' title="bbox 2261 3087 3790 3172">
    <p class='ocr_par' dir='ltr' id='par_1_70' title="bbox 2261 3087 3790 3172">
     <span class='ocr_line' id='line_1_70' title="bbox 2261 3087 3790 3172; baseline 0.011 -30"><span class='ocrx_word' id='word_1_528' title='bbox 2261 3087 2422 3143; x_wconf 82' lang='lat' dir='ltr'><strong>Inter.</strong></span> <span class='ocrx_word' id='word_1_529' title='bbox 2466 3089 2656 3147; x_wconf 79' lang='lat' dir='ltr'><strong>Partes</strong></span> <span class='ocrx_word' id='word_1_530' title='bbox 2679 3095 2856 3149; x_wconf 90' lang='lat' dir='ltr'><strong>noctis</strong></span> <span class='ocrx_word' id='word_1_531' title='bbox 2878 3104 3009 3166; x_wconf 86' lang='lat' dir='ltr'><strong>quot</strong></span> <span class='ocrx_word' id='word_1_532' title='bbox 3031 3097 3194 3152; x_wconf 76' lang='lat' dir='ltr'><strong>sunt?</strong></span> <span class='ocrx_word' id='word_1_533' title='bbox 3229 3091 3380 3167; x_wconf 83' lang='lat' dir='ltr'><strong>Resp.</strong></span> <span class='ocrx_word' id='word_1_534' title='bbox 3410 3100 3652 3172; x_wconf 85' lang='lat' dir='ltr'><strong>Septem.</strong></span> <span class='ocrx_word' id='word_1_535' title='bbox 3686 3101 3790 3158; x_wconf 78' lang='lat' dir='ltr'><strong>In-</strong></span> 
     </span>
    </p>
   </div>
   <div class='ocr_carea' id='block_1_71' title="bbox 2184 3180 3785 3263">
    <p class='ocr_par' dir='ltr' id='par_1_71' title="bbox 2184 3180 3785 3263">
     <span class='ocr_line' id='line_1_71' title="bbox 2184 3180 3785 3263; baseline 0.011 -29"><span class='ocrx_word' id='word_1_536' title='bbox 2184 3189 2281 3235; x_wconf 85' lang='lat' dir='ltr'><strong>ter.</strong></span> <span class='ocrx_word' id='word_1_537' title='bbox 2325 3180 2490 3248; x_wconf 66' lang='grc' dir='ltr'><strong>ρυεεῖ</strong></span> <span class='ocrx_word' id='word_1_538' title='bbox 2526 3182 2679 3254; x_wconf 84' lang='lat' dir='ltr'><strong>Resp.</strong></span> <span class='ocrx_word' id='word_1_539' title='bbox 2724 3184 2947 3257; x_wconf 82' lang='lat' dir='ltr'><strong>Vesper,</strong></span> <span class='ocrx_word' id='word_1_540' title='bbox 2975 3189 3368 3260; x_wconf 87' lang='lat' dir='ltr'><strong>crepusculum,</strong></span> <span class='ocrx_word' id='word_1_541' title='bbox 3399 3193 3785 3263; x_wconf 83' lang='lat' dir='ltr'><strong>conticinium,</strong></span> 
     </span>
    </p>
   </div>
   <div class='ocr_carea' id='block_1_72' title="bbox 2109 3272 3846 3374">
    <p class='ocr_par' dir='ltr' id='par_1_72' title="bbox 2109 3272 3846 3374">
     <span class='ocr_line' id='line_1_72' title="bbox 2109 3272 3846 3374; baseline 0.01 -47"><span class='ocrx_word' id='word_1_542' title='bbox 2109 3310 2155 3374; x_wconf 64' lang='grc' dir='ltr'><strong>Ο</strong></span> <span class='ocrx_word' id='word_1_543' title='bbox 2189 3272 2588 3345; x_wconf 84' lang='lat' dir='ltr'><strong>intempestum,</strong></span> <span class='ocrx_word' id='word_1_544' title='bbox 2618 3277 2967 3347; x_wconf 76' lang='lat' dir='ltr'><strong>gallicinium,</strong></span> <span class='ocrx_word' id='word_1_545' title='bbox 2998 3285 3339 3351; x_wconf 89' lang='lat' dir='ltr'><strong>matutinum,</strong></span> <span class='ocrx_word' id='word_1_546' title='bbox 3371 3293 3428 3341; x_wconf 87' lang='lat' dir='ltr'><strong>et</strong></span> <span class='ocrx_word' id='word_1_547' title='bbox 3459 3285 3781 3344; x_wconf 82' lang='lat' dir='ltr'><strong>diluculum.</strong></span> <span class='ocrx_word' id='word_1_548' title='bbox 3838 3358 3846 3363; x_wconf 30' lang='lat'><em>.</em></span> 
     </span>
    </p>
   </div>
   <div class='ocr_carea' id='block_1_73' title="bbox 2188 3366 3786 3446">
    <p class='ocr_par' dir='ltr' id='par_1_73' title="bbox 2188 3366 3786 3446">
     <span class='ocr_line' id='line_1_73' title="bbox 2188 3366 3786 3446; baseline 0.01 -25"><span class='ocrx_word' id='word_1_549' title='bbox 2188 3366 2357 3422; x_wconf 82' lang='lat' dir='ltr'><strong>Inter.</strong></span> <span class='ocrx_word' id='word_1_550' title='bbox 2394 3368 2533 3436; x_wconf 88' lang='lat' dir='ltr'><strong>Quid</strong></span> <span class='ocrx_word' id='word_1_551' title='bbox 2553 3379 2638 3424; x_wconf 88' lang='lat' dir='ltr'><strong>est.</strong></span> <span class='ocrx_word' id='word_1_552' title='bbox 2659 3371 2882 3442; x_wconf 81' lang='lat' dir='ltr'><strong>vesper?</strong></span> <span class='ocrx_word' id='word_1_553' title='bbox 2913 3371 3062 3444; x_wconf 82' lang='lat' dir='ltr'><strong>Resp.</strong></span> <span class='ocrx_word' id='word_1_554' title='bbox 3102 3375 3397 3446; x_wconf 70' lang='lat' dir='ltr'><strong>Vesperum</strong></span> <span class='ocrx_word' id='word_1_555' title='bbox 3424 3377 3493 3433; x_wconf 85' lang='lat' dir='ltr'><strong>ab</strong></span> <span class='ocrx_word' id='word_1_556' title='bbox 3511 3377 3664 3435; x_wconf 70' lang='lat' dir='ltr'><strong>stella</strong></span> <span class='ocrx_word' id='word_1_557' title='bbox 3691 3396 3786 3437; x_wconf 78' lang='lat' dir='ltr'><strong>oo-</strong></span> 
     </span>
    </p>
   </div>
   <div class='ocr_carea' id='block_1_74' title="bbox 2185 3462 3784 3540">
    <p class='ocr_par' dir='ltr' id='par_1_74' title="bbox 2185 3462 3784 3540">
     <span class='ocr_line' id='line_1_74' title="bbox 2185 3462 3784 3540; baseline 0.008 -24"><span class='ocrx_word' id='word_1_558' title='bbox 2185 3462 2440 3516; x_wconf 83' lang='lat' dir='ltr'><strong>cidentali</strong></span> <span class='ocrx_word' id='word_1_559' title='bbox 2469 3471 2736 3529; x_wconf 84' lang='lat' dir='ltr'><strong>vocatum,</strong></span> <span class='ocrx_word' id='word_1_560' title='bbox 2770 3480 2888 3534; x_wconf 64' lang='lat' dir='ltr'><strong>qua?</strong></span> <span class='ocrx_word' id='word_1_561' title='bbox 2923 3465 3090 3521; x_wconf 74' lang='lat' dir='ltr'><strong>solem</strong></span> <span class='ocrx_word' id='word_1_562' title='bbox 3119 3467 3400 3524; x_wconf 82' lang='lat' dir='ltr'><strong>occiduum</strong></span> <span class='ocrx_word' id='word_1_563' title='bbox 3428 3470 3686 3540; x_wconf 85' lang='lat' dir='ltr'><strong>sequitur,</strong></span> <span class='ocrx_word' id='word_1_564' title='bbox 3719 3480 3784 3529; x_wconf 77' lang='lat' dir='ltr'><strong>et</strong></span> 
     </span>
    </p>
   </div>
   <div class='ocr_carea' id='block_1_75' title="bbox 2187 3553 3776 3634">
    <p class='ocr_par' dir='ltr' id='par_1_75' title="bbox 2187 3553 3776 3634">
     <span class='ocr_line' id='line_1_75' title="bbox 2187 3553 3776 3634; baseline 0.009 -29"><span class='ocrx_word' id='word_1_565' title='bbox 2187 3553 2439 3609; x_wconf 86' lang='lat' dir='ltr'><strong>tenebras</strong></span> <span class='ocrx_word' id='word_1_566' title='bbox 2469 3563 2756 3625; x_wconf 87' lang='lat' dir='ltr'><strong>sequentes</strong></span> <span class='ocrx_word' id='word_1_567' title='bbox 2783 3559 3057 3628; x_wconf 70' lang='lat' dir='ltr'><strong>przecedit,</strong></span> <span class='ocrx_word' id='word_1_568' title='bbox 3091 3558 3159 3614; x_wconf 88' lang='lat' dir='ltr'><strong>de</strong></span> <span class='ocrx_word' id='word_1_569' title='bbox 3182 3575 3288 3632; x_wconf 90' lang='lat' dir='ltr'><strong>qua</strong></span> <span class='ocrx_word' id='word_1_570' title='bbox 3327 3560 3576 3634; x_wconf 70' lang='lat' dir='ltr'><strong>Virgilius</strong></span> <span class='ocrx_word' id='word_1_571' title='bbox 3613 3561 3776 3634; x_wconf 66' lang='grc' dir='ltr'><strong>(λ-Ειι.</strong></span> 
     </span>
    </p>
   </div>
   <div class='ocr_carea' id='block_1_76' title="bbox 2185 3641 2421 3713">
    <p class='ocr_par' dir='ltr' id='par_1_76' title="bbox 2185 3641 2421 3713">
     <span class='ocr_line' id='line_1_76' title="bbox 2185 3641 2421 3713; baseline 0.004 -17"><span class='ocrx_word' id='word_1_572' title='bbox 2185 3641 2376 3713; x_wconf 77' lang='lat'><strong>1,578)</strong></span> <span class='ocrx_word' id='word_1_573' title='bbox 2407 3660 2421 3697; x_wconf 74' lang='grc' dir='ltr'>ε</span> 
     </span>
    </p>
   </div>
   <div class='ocr_carea' id='block_1_77' title="bbox 2307 3752 3490 3827">
    <p class='ocr_par' dir='ltr' id='par_1_77' title="bbox 2307 3752 3490 3827">
     <span class='ocr_line' id='line_1_77' title="bbox 2307 3752 3490 3827; baseline 0.008 -25"><span class='ocrx_word' id='word_1_574' title='bbox 2307 3752 2438 3803; x_wconf 77' lang='lat' dir='ltr'><strong>Ante</strong></span> <span class='ocrx_word' id='word_1_575' title='bbox 2457 3753 2590 3804; x_wconf 90' lang='lat' dir='ltr'><strong>diem</strong></span> <span class='ocrx_word' id='word_1_576' title='bbox 2609 3754 2773 3805; x_wconf 83' lang='lat' dir='ltr'><strong>clauso</strong></span> <span class='ocrx_word' id='word_1_577' title='bbox 2798 3760 3043 3821; x_wconf 83' lang='lat' dir='ltr'><strong>componit</strong></span> <span class='ocrx_word' id='word_1_578' title='bbox 3063 3760 3254 3825; x_wconf 76' lang='lat' dir='ltr'><strong>Vesper</strong></span> <span class='ocrx_word' id='word_1_579' title='bbox 3271 3761 3490 3827; x_wconf 75' lang='lat' dir='ltr'><strong>Olympo.</strong></span> 
     </span>
    </p>
   </div>
   <div class='ocr_carea' id='block_1_78' title="bbox 2254 3854 3782 3938">
    <p class='ocr_par' dir='ltr' id='par_1_78' title="bbox 2254 3854 3782 3938">
     <span class='ocr_line' id='line_1_78' title="bbox 2254 3854 3782 3938; baseline 0.012 -30"><span class='ocrx_word' id='word_1_580' title='bbox 2254 3854 2418 3910; x_wconf 83' lang='lat' dir='ltr'><strong>Inter.</strong></span> <span class='ocrx_word' id='word_1_581' title='bbox 2461 3857 2613 3914; x_wconf 83' lang='lat' dir='ltr'><strong>Unde</strong></span> <span class='ocrx_word' id='word_1_582' title='bbox 2655 3869 2782 3914; x_wconf 90' lang='lat' dir='ltr'><strong>sunt</strong></span> <span class='ocrx_word' id='word_1_583' title='bbox 2813 3860 3048 3918; x_wconf 58' lang='lat' dir='ltr'><strong>tenebrat</strong></span> <span class='ocrx_word' id='word_1_584' title='bbox 3083 3863 3280 3919; x_wconf 65' lang='lat' dir='ltr'><strong>dicta}?</strong></span> <span class='ocrx_word' id='word_1_585' title='bbox 3319 3864 3478 3938; x_wconf 88' lang='lat' dir='ltr'><strong>Resp.</strong></span> <span class='ocrx_word' id='word_1_586' title='bbox 3504 3866 3657 3936; x_wconf 86' lang='lat' dir='ltr'><strong>Quod</strong></span> <span class='ocrx_word' id='word_1_587' title='bbox 3697 3877 3782 3926; x_wconf 82' lang='lat' dir='ltr'><strong>te-</strong></span> 
     </span>
    </p>
   </div>
   <div class='ocr_carea' id='block_1_79' title="bbox 2181 3947 3776 4031">
    <p class='ocr_par' dir='ltr' id='par_1_79' title="bbox 2181 3947 3776 4031">
     <span class='ocr_line' id='line_1_79' title="bbox 2181 3947 3776 4031; baseline 0.009 -33"><span class='ocrx_word' id='word_1_588' title='bbox 2181 3954 2348 3999; x_wconf 87' lang='lat' dir='ltr'><strong>neant</strong></span> <span class='ocrx_word' id='word_1_589' title='bbox 2391 3947 2630 4004; x_wconf 88' lang='lat' dir='ltr'><strong>umbras.</strong></span> <span class='ocrx_word' id='word_1_590' title='bbox 2672 3949 2834 4004; x_wconf 85' lang='lat' dir='ltr'><strong>Inter.</strong></span> <span class='ocrx_word' id='word_1_591' title='bbox 2873 3951 3013 4018; x_wconf 87' lang='lat' dir='ltr'><strong>Quid</strong></span> <span class='ocrx_word' id='word_1_592' title='bbox 3045 3962 3129 4010; x_wconf 87' lang='lat' dir='ltr'><strong>cst</strong></span> <span class='ocrx_word' id='word_1_593' title='bbox 3161 3956 3584 4026; x_wconf 82' lang='lat' dir='ltr'><strong>crepusculum?</strong></span> <span class='ocrx_word' id='word_1_594' title='bbox 3618 3957 3776 4031; x_wconf 80' lang='lat' dir='ltr'><strong>Resp.</strong></span> 
     </span>
    </p>
   </div>
   <div class='ocr_carea' id='block_1_80' title="bbox 2180 4034 3778 4116">
    <p class='ocr_par' dir='ltr' id='par_1_80' title="bbox 2180 4034 3778 4116">
     <span class='ocr_line' id='line_1_80' title="bbox 2180 4034 3778 4116; baseline 0.009 -26"><span class='ocrx_word' id='word_1_595' title='bbox 2180 4034 2569 4106; x_wconf 86' lang='lat' dir='ltr'><strong>Crepusculum</strong></span> <span class='ocrx_word' id='word_1_596' title='bbox 2602 4047 2686 4094; x_wconf 88' lang='lat' dir='ltr'><strong>est</strong></span> <span class='ocrx_word' id='word_1_597' title='bbox 2723 4039 2882 4096; x_wconf 88' lang='lat' dir='ltr'><strong>dubia</strong></span> <span class='ocrx_word' id='word_1_598' title='bbox 2912 4040 3023 4098; x_wconf 79' lang='lat' dir='ltr'><strong>lux.</strong></span> <span class='ocrx_word' id='word_1_599' title='bbox 3065 4042 3200 4098; x_wconf 77' lang='lat' dir='ltr'><strong>Nam</strong></span> <span class='ocrx_word' id='word_1_600' title='bbox 3237 4059 3521 4116; x_wconf 86' lang='lat' dir='ltr'><strong>creperum</strong></span> <span class='ocrx_word' id='word_1_601' title='bbox 3553 4047 3778 4104; x_wconf 85' lang='lat' dir='ltr'><strong>dubium</strong></span> 
     </span>
    </p>
   </div>
   <div class='ocr_carea' id='block_1_81' title="bbox 2181 4127 3450 4194">
    <p class='ocr_par' dir='ltr' id='par_1_81' title="bbox 2181 4127 3450 4194">
     <span class='ocr_line' id='line_1_81' title="bbox 2181 4127 3450 4194; baseline 0.008 -11"><span class='ocrx_word' id='word_1_602' title='bbox 2181 4127 2430 4194; x_wconf 83' lang='lat' dir='ltr'><strong>dicimus,</strong></span> <span class='ocrx_word' id='word_1_603' title='bbox 2463 4131 2566 4185; x_wconf 90' lang='lat' dir='ltr'><strong>hoc</strong></span> <span class='ocrx_word' id='word_1_604' title='bbox 2593 4138 2696 4194; x_wconf 85' lang='lat' dir='ltr'><strong>est,</strong></span> <span class='ocrx_word' id='word_1_605' title='bbox 2729 4131 2873 4186; x_wconf 90' lang='lat' dir='ltr'><strong>inter</strong></span> <span class='ocrx_word' id='word_1_606' title='bbox 2897 4131 3070 4189; x_wconf 70' lang='lat' dir='ltr'><strong>lucem</strong></span> <span class='ocrx_word' id='word_1_607' title='bbox 3099 4143 3153 4191; x_wconf 87' lang='lat' dir='ltr'><strong>ct</strong></span> <span class='ocrx_word' id='word_1_608' title='bbox 3177 4135 3450 4193; x_wconf 85' lang='lat' dir='ltr'><strong>tenebras.</strong></span> 
     </span>
    </p>
   </div>
   <div class='ocr_carea' id='block_1_82' title="bbox 2250 4217 3770 4298">
    <p class='ocr_par' dir='ltr' id='par_1_82' title="bbox 2250 4217 3770 4298">
     <span class='ocr_line' id='line_1_82' title="bbox 2250 4217 3770 4298; baseline 0.01 -27"><span class='ocrx_word' id='word_1_609' title='bbox 2250 4217 2417 4272; x_wconf 84' lang='lat' dir='ltr'><strong>Inter.</strong></span> <span class='ocrx_word' id='word_1_610' title='bbox 2458 4218 2598 4287; x_wconf 92' lang='lat' dir='ltr'><strong>Quid</strong></span> <span class='ocrx_word' id='word_1_611' title='bbox 2642 4230 2728 4276; x_wconf 90' lang='lat' dir='ltr'><strong>est</strong></span> <span class='ocrx_word' id='word_1_612' title='bbox 2773 4223 3162 4280; x_wconf 80' lang='lat' dir='ltr'><strong>conticinium?</strong></span> <span class='ocrx_word' id='word_1_613' title='bbox 3197 4225 3352 4298; x_wconf 85' lang='lat' dir='ltr'><strong>Resp.</strong></span> <span class='ocrx_word' id='word_1_614' title='bbox 3407 4229 3770 4287; x_wconf 87' lang='lat' dir='ltr'><strong>Conticinium</strong></span> 
     </span>
    </p>
   </div>
   <div class='ocr_carea' id='block_1_83' title="bbox 2176 4312 3772 4384">
    <p class='ocr_par' dir='ltr' id='par_1_83' title="bbox 2176 4312 3772 4384">
     <span class='ocr_line' id='line_1_83' title="bbox 2176 4312 3772 4384; baseline 0.008 -16"><span class='ocrx_word' id='word_1_615' title='bbox 2176 4320 2281 4376; x_wconf 86' lang='lat' dir='ltr'><strong>est,</strong></span> <span class='ocrx_word' id='word_1_616' title='bbox 2309 4312 2525 4382; x_wconf 75' lang='lat' dir='ltr'><strong>quando</strong></span> <span class='ocrx_word' id='word_1_617' title='bbox 2564 4329 2754 4371; x_wconf 87' lang='lat' dir='ltr'><strong>omnes</strong></span> <span class='ocrx_word' id='word_1_618' title='bbox 2787 4316 2969 4384; x_wconf 87' lang='lat' dir='ltr'><strong>silent,</strong></span> <span class='ocrx_word' id='word_1_619' title='bbox 3017 4321 3388 4378; x_wconf 84' lang='lat' dir='ltr'><strong>conticescere</strong></span> <span class='ocrx_word' id='word_1_620' title='bbox 3425 4325 3574 4381; x_wconf 89' lang='lat' dir='ltr'><strong>enim</strong></span> <span class='ocrx_word' id='word_1_621' title='bbox 3616 4326 3772 4382; x_wconf 85' lang='lat' dir='ltr'><strong>silere</strong></span> 
     </span>
    </p>
   </div>
   <div class='ocr_carea' id='block_1_84' title="bbox 568 4376 2278 4458">
    <p class='ocr_par' dir='ltr' id='par_1_84' title="bbox 568 4376 2278 4458">
     <span class='ocr_line' id='line_1_84' title="bbox 568 4376 2278 4458; baseline 0.008 -28"><span class='ocrx_word' id='word_1_622' title='bbox 568 4378 733 4432; x_wconf 84' lang='lat' dir='ltr'><strong>Inter.</strong></span> <span class='ocrx_word' id='word_1_623' title='bbox 793 4376 1042 4433; x_wconf 81' lang='lat' dir='ltr'><strong>Meridies</strong></span> <span class='ocrx_word' id='word_1_624' title='bbox 1086 4391 1256 4448; x_wconf 82' lang='lat' dir='ltr'><strong>quare</strong></span> <span class='ocrx_word' id='word_1_625' title='bbox 1312 4379 1580 4434; x_wconf 80' lang='lat' dir='ltr'><strong>vocatur?</strong></span> <span class='ocrx_word' id='word_1_626' title='bbox 1616 4378 1767 4451; x_wconf 83' lang='lat' dir='ltr'><strong>Resp.</strong></span> <span class='ocrx_word' id='word_1_627' title='bbox 1825 4380 2077 4441; x_wconf 78' lang='lat' dir='ltr'><strong>Meridies</strong></span> <span class='ocrx_word' id='word_1_628' title='bbox 2175 4410 2278 4458; x_wconf 69' lang='grc' dir='ltr'><strong>ρει,</strong></span> 
     </span>
    </p>
   </div>
   <div class='ocr_carea' id='block_1_85' title="bbox 495 4470 2075 4547">
    <p class='ocr_par' dir='ltr' id='par_1_85' title="bbox 495 4470 2075 4547">
     <span class='ocr_line' id='line_1_85' title="bbox 495 4470 2075 4547; baseline 0.004 -20"><span class='ocrx_word' id='word_1_629' title='bbox 495 4473 639 4527; x_wconf 87' lang='lat' dir='ltr'><strong>dicta</strong></span> <span class='ocrx_word' id='word_1_630' title='bbox 673 4471 828 4541; x_wconf 87' lang='lat' dir='ltr'><strong>quasi</strong></span> <span class='ocrx_word' id='word_1_631' title='bbox 871 4471 1149 4536; x_wconf 86' lang='lat' dir='ltr'><strong>medidies,</strong></span> <span class='ocrx_word' id='word_1_632' title='bbox 1180 4470 1284 4526; x_wconf 87' lang='lat' dir='ltr'><strong>hoc</strong></span> <span class='ocrx_word' id='word_1_633' title='bbox 1317 4481 1422 4538; x_wconf 89' lang='lat' dir='ltr'><strong>est,</strong></span> <span class='ocrx_word' id='word_1_634' title='bbox 1458 4473 1806 4541; x_wconf 89' lang='lat' dir='ltr'><strong>mediusdies,</strong></span> <span class='ocrx_word' id='word_1_635' title='bbox 1843 4475 1925 4531; x_wconf 88' lang='lat' dir='ltr'><strong>vel</strong></span> <span class='ocrx_word' id='word_1_636' title='bbox 1945 4475 2075 4547; x_wconf 87' lang='lat' dir='ltr'><strong>quia</strong></span> 
     </span>
    </p>
   </div>
   <div class='ocr_carea' id='block_1_86' title="bbox 2246 4493 3773 4581">
    <p class='ocr_par' dir='ltr' id='par_1_86' title="bbox 2246 4493 3773 4581">
     <span class='ocr_line' id='line_1_86' title="bbox 2246 4493 3773 4581; baseline 0.013 -33"><span class='ocrx_word' id='word_1_637' title='bbox 2246 4493 2411 4550; x_wconf 86' lang='lat' dir='ltr'><strong>Inter.</strong></span> <span class='ocrx_word' id='word_1_638' title='bbox 2454 4497 2592 4563; x_wconf 86' lang='lat' dir='ltr'><strong>Quid</strong></span> <span class='ocrx_word' id='word_1_639' title='bbox 2614 4511 2700 4555; x_wconf 86' lang='lat' dir='ltr'><strong>cst</strong></span> <span class='ocrx_word' id='word_1_640' title='bbox 2729 4503 3154 4572; x_wconf 85' lang='lat' dir='ltr'><strong>intempestum?</strong></span> <span class='ocrx_word' id='word_1_641' title='bbox 3190 4503 3342 4577; x_wconf 85' lang='lat' dir='ltr'><strong>Resp.</strong></span> <span class='ocrx_word' id='word_1_642' title='bbox 3383 4505 3773 4581; x_wconf 85' lang='lat' dir='ltr'><strong>lntempestum</strong></span> 
     </span>
    </p>
   </div>
   <div class='ocr_carea' id='block_1_87' title="bbox 496 4560 2110 4677">
    <p class='ocr_par' dir='ltr' id='par_1_87' title="bbox 496 4560 2110 4677">
     <span class='ocr_line' id='line_1_87' title="bbox 496 4560 2073 4634; baseline 0.005 -19"><span class='ocrx_word' id='word_1_643' title='bbox 496 4573 620 4616; x_wconf 89' lang='lat' dir='ltr'><strong>tunc</strong></span> <span class='ocrx_word' id='word_1_644' title='bbox 651 4562 838 4633; x_wconf 85' lang='lat' dir='ltr'><strong>purior</strong></span> <span class='ocrx_word' id='word_1_645' title='bbox 861 4561 974 4616; x_wconf 88' lang='lat' dir='ltr'><strong>dies</strong></span> <span class='ocrx_word' id='word_1_646' title='bbox 1007 4570 1110 4615; x_wconf 86' lang='lat' dir='ltr'><strong>est.</strong></span> <span class='ocrx_word' id='word_1_647' title='bbox 1148 4560 1355 4616; x_wconf 81' lang='lat' dir='ltr'><strong>Merum</strong></span> <span class='ocrx_word' id='word_1_648' title='bbox 1386 4563 1530 4618; x_wconf 89' lang='lat' dir='ltr'><strong>enim</strong></span> <span class='ocrx_word' id='word_1_649' title='bbox 1561 4579 1754 4634; x_wconf 89' lang='lat' dir='ltr'><strong>purum</strong></span> <span class='ocrx_word' id='word_1_650' title='bbox 1777 4565 1992 4633; x_wconf 87' lang='lat' dir='ltr'><strong>dicitur,</strong></span> <span class='ocrx_word' id='word_1_651' title='bbox 2017 4565 2073 4623; x_wconf 89' lang='lat' dir='ltr'><strong>in</strong></span> 
     </span>
     <span class='ocr_line' id='line_1_88' title="bbox 497 4652 2110 4677; baseline 0 0"><span class='ocrx_word' id='word_1_652' title='bbox 497 4663 605 4677; x_wconf 46' lang='grc' dir='ltr'><strong>είς.-</strong></span> <span class='ocrx_word' id='word_1_653' title='bbox 635 4654 771 4677; x_wconf 62' lang='grc' dir='ltr'><strong>Α-ἒ--.</strong></span> <span class='ocrx_word' id='word_1_654' title='bbox 822 4652 903 4677; x_wconf 64' lang='grc' dir='ltr'><strong>λζ..</strong></span> <span class='ocrx_word' id='word_1_655' title='bbox 936 4652 1063 4677; x_wconf 58' lang='lat' dir='ltr'><strong>nihil</strong></span> <span class='ocrx_word' id='word_1_656' title='bbox 1124 4652 1314 4677; x_wconf 55' lang='grc' dir='ltr'><strong>,ΛΑ-Λ..-</strong></span> <span class='ocrx_word' id='word_1_657' title='bbox 1366 4655 1497 4677; x_wconf 56' lang='grc' dir='ltr'><strong>...Α-2</strong></span> <span class='ocrx_word' id='word_1_658' title='bbox 1521 4655 1586 4677; x_wconf 70' lang='grc' dir='ltr'><strong>ιε-</strong></span> <span class='ocrx_word' id='word_1_659' title='bbox 1644 4671 1780 4677; x_wconf 71' lang='lat'><strong>._-___</strong></span> <span class='ocrx_word' id='word_1_660' title='bbox 1807 4657 1853 4677; x_wconf 74' lang='lat' dir='ltr'><strong>I-</strong></span> <span class='ocrx_word' id='word_1_661' title='bbox 1901 4658 1979 4677; x_wconf 70' lang='grc'><strong>--1</strong></span> <span class='ocrx_word' id='word_1_662' title='bbox 2017 4659 2058 4677; x_wconf 36' lang='lat' dir='ltr'><strong>9A</strong></span> <span class='ocrx_word' id='word_1_663' title='bbox 2101 4671 2110 4677; x_wconf 93' lang='lat'><strong><em>.</em></strong></span> 
     </span>
    </p>
   </div>
   <div class='ocr_carea' id='block_1_88' title="bbox 2192 4560 3774 4677">
    <p class='ocr_par' dir='ltr' id='par_1_88' title="bbox 2192 4560 3774 4677">
     <span class='ocr_line' id='line_1_89' title="bbox 2192 4560 3774 4677; baseline 0.012 -37"><span class='ocrx_word' id='word_1_664' title='bbox 2192 4594 2262 4641; x_wconf 76' lang='lat' dir='ltr'><strong>:st</strong></span> <span class='ocrx_word' id='word_1_665' title='bbox 2294 4589 2528 4643; x_wconf 88' lang='lat' dir='ltr'><strong>medium</strong></span> <span class='ocrx_word' id='word_1_666' title='bbox 2565 4599 2617 4645; x_wconf 85' lang='lat' dir='ltr'><strong>et</strong></span> <span class='ocrx_word' id='word_1_667' title='bbox 2645 4591 3005 4659; x_wconf 86' lang='lat' dir='ltr'><strong>inactuosum,</strong></span> <span class='ocrx_word' id='word_1_668' title='bbox 3039 4598 3181 4666; x_wconf 91' lang='lat' dir='ltr'><strong>quod</strong></span> <span class='ocrx_word' id='word_1_669' title='bbox 3213 4560 3302 4654; x_wconf 68' lang='lat' dir='ltr'><strong>est</strong></span> <span class='ocrx_word' id='word_1_670' title='bbox 3338 4560 3774 4677; x_wconf 64' lang='lat' dir='ltr'><strong>tempusr[Isid.,</strong></span> 
     </span>
    </p>
   </div>
   <div class='ocr_carea' id='block_1_89' title="bbox 495 4652 3769 4767">
    <p class='ocr_par' dir='ltr' id='par_1_89' title="bbox 495 4652 3769 4767">
     <span class='ocr_line' id='line_1_90' title="bbox 495 4652 3769 4767; baseline 0.014 -59"><span class='ocrx_word' id='word_1_671' title='bbox 495 4654 796 4767; x_wconf 57' lang='lat' dir='ltr'><strong>totoenim&#39;</strong></span> <span class='ocrx_word' id='word_1_672' title='bbox 818 4652 903 4706; x_wconf 86' lang='lat' dir='ltr'><strong>dic</strong></span> <span class='ocrx_word' id='word_1_673' title='bbox 936 4652 1066 4767; x_wconf 62' lang='lat' dir='ltr'><strong>nihil</strong></span> <span class='ocrx_word' id='word_1_674' title='bbox 1118 4652 1317 4708; x_wconf 87' lang='lat' dir='ltr'><strong>clarius</strong></span> <span class='ocrx_word' id='word_1_675' title='bbox 1366 4655 1610 4767; x_wconf 56' lang='lat' dir='ltr'><strong>meridie,</strong></span> <span class='ocrx_word' id='word_1_676' title='bbox 1638 4657 1875 4767; x_wconf 37' lang='lat' dir='ltr'><strong>quando,</strong></span> <span class='ocrx_word' id='word_1_677' title='bbox 1900 4658 1983 4761; x_wconf 53' lang='lat'><strong>591</strong></span> <span class='ocrx_word' id='word_1_678' title='bbox 2014 4659 2069 4716; x_wconf 66' lang='lat' dir='ltr'><strong>in</strong></span> <span class='ocrx_word' id='word_1_679' title='bbox 2097 4671 2147 4733; x_wconf 91' lang='lat' dir='ltr'>D</span> <span class='ocrx_word' id='word_1_680' title='bbox 2176 4676 2514 4734; x_wconf 87' lang='lat' dir='ltr'><strong>inactuosum</strong></span> <span class='ocrx_word' id='word_1_681' title='bbox 2544 4683 2724 4738; x_wconf 89' lang='lat' dir='ltr'><strong>noctis</strong></span> <span class='ocrx_word' id='word_1_682' title='bbox 2766 4652 3021 4759; x_wconf 81' lang='lat' dir='ltr'><strong>tempus].</strong></span> <span class='ocrx_word' id='word_1_683' title='bbox 3054 4652 3269 4756; x_wconf 55' lang='lat' dir='ltr'><strong>intendo</strong></span> <span class='ocrx_word' id='word_1_684' title='bbox 3299 4692 3384 4762; x_wconf 82' lang='lat' dir='ltr'><strong>agi</strong></span> <span class='ocrx_word' id='word_1_685' title='bbox 3410 4652 3544 4748; x_wconf 76' lang='lat' dir='ltr'><strong>nihil</strong></span> <span class='ocrx_word' id='word_1_686' title='bbox 3568 4652 3769 4767; x_wconf 61' lang='lat' dir='ltr'><strong>potest:</strong></span> 
     </span>
    </p>
   </div>
   <div class='ocr_carea' id='block_1_90' title="bbox 488 4742 2074 4818">
    <p class='ocr_par' dir='ltr' id='par_1_90' title="bbox 488 4742 2074 4818">
     <span class='ocr_line' id='line_1_91' title="bbox 488 4742 2074 4818; baseline 0.005 -19"><span class='ocrx_word' id='word_1_687' title='bbox 488 4743 672 4800; x_wconf 80' lang='lat' dir='ltr'><strong>medio</strong></span> <span class='ocrx_word' id='word_1_688' title='bbox 695 4742 834 4798; x_wconf 76' lang='lat' dir='ltr'><strong>cmlo</strong></span> <span class='ocrx_word' id='word_1_689' title='bbox 870 4742 1072 4808; x_wconf 78' lang='lat' dir='ltr'><strong>rutilat,</strong></span> <span class='ocrx_word' id='word_1_690' title='bbox 1101 4750 1153 4799; x_wconf 93' lang='lat' dir='ltr'><strong>ct</strong></span> <span class='ocrx_word' id='word_1_691' title='bbox 1191 4758 1406 4798; x_wconf 81' lang='lat' dir='ltr'><strong>omnem</strong></span> <span class='ocrx_word' id='word_1_692' title='bbox 1434 4746 1619 4800; x_wconf 86' lang='lat' dir='ltr'><strong>orbem</strong></span> <span class='ocrx_word' id='word_1_693' title='bbox 1677 4747 1793 4818; x_wconf 90' lang='lat' dir='ltr'><strong>pari</strong></span> <span class='ocrx_word' id='word_1_694' title='bbox 1827 4747 2074 4808; x_wconf 80' lang='lat' dir='ltr'><strong>claritate</strong></span> 
     </span>
    </p>
   </div>
   <div class='ocr_carea' id='block_1_91' title="bbox 493 4827 1693 4891">
    <p class='ocr_par' dir='ltr' id='par_1_91' title="bbox 493 4827 1693 4891">
     <span class='ocr_line' id='line_1_92' title="bbox 493 4827 1693 4891; baseline 0.004 -1"><span class='ocrx_word' id='word_1_695' title='bbox 493 4837 748 4891; x_wconf 83' lang='lat' dir='ltr'><strong>illustrat.</strong></span> <span class='ocrx_word' id='word_1_696' title='bbox 1691 4827 1693 4830; x_wconf 6' lang='lat' dir='ltr'><strong>i</strong></span> 
     </span>
    </p>
   </div>
   <div class='ocr_carea' id='block_1_92' title="bbox 568 4929 2076 5008">
    <p class='ocr_par' dir='ltr' id='par_1_92' title="bbox 568 4929 2076 5008">
     <span class='ocr_line' id='line_1_93' title="bbox 568 4929 2076 5008; baseline 0.008 -27"><span class='ocrx_word' id='word_1_697' title='bbox 568 4929 730 4983; x_wconf 84' lang='lat' dir='ltr'><strong>Inter.</strong></span> <span class='ocrx_word' id='word_1_698' title='bbox 768 4929 906 4996; x_wconf 84' lang='lat' dir='ltr'><strong>Quid</strong></span> <span class='ocrx_word' id='word_1_699' title='bbox 941 4935 1021 4983; x_wconf 84' lang='lat' dir='ltr'><strong>est</strong></span> <span class='ocrx_word' id='word_1_700' title='bbox 1045 4931 1342 5000; x_wconf 78' lang='lat' dir='ltr'><strong>suprema?</strong></span> <span class='ocrx_word' id='word_1_701' title='bbox 1374 4930 1526 5001; x_wconf 79' lang='lat' dir='ltr'><strong>Resp.</strong></span> <span class='ocrx_word' id='word_1_702' title='bbox 1577 4932 1839 5003; x_wconf 88' lang='lat' dir='ltr'><strong>Suprema</strong></span> <span class='ocrx_word' id='word_1_703' title='bbox 1875 4945 1958 4992; x_wconf 87' lang='lat' dir='ltr'><strong>est</strong></span> <span class='ocrx_word' id='word_1_704' title='bbox 1980 4953 2076 5008; x_wconf 87' lang='lat' dir='ltr'><strong>po-</strong></span> 
     </span>
    </p>
   </div>
   <div class='ocr_carea' id='block_1_93' title="bbox 494 5021 2072 5102">
    <p class='ocr_par' dir='ltr' id='par_1_93' title="bbox 494 5021 2072 5102">
     <span class='ocr_line' id='line_1_94' title="bbox 494 5021 2072 5102; baseline 0.004 -25"><span class='ocrx_word' id='word_1_705' title='bbox 494 5031 696 5077; x_wconf 81' lang='lat' dir='ltr'><strong>strema</strong></span> <span class='ocrx_word' id='word_1_706' title='bbox 727 5038 852 5092; x_wconf 88' lang='lat' dir='ltr'><strong>pars</strong></span> <span class='ocrx_word' id='word_1_707' title='bbox 881 5021 1008 5088; x_wconf 81' lang='lat' dir='ltr'><strong>dici,</strong></span> <span class='ocrx_word' id='word_1_708' title='bbox 1029 5022 1246 5094; x_wconf 88' lang='lat' dir='ltr'><strong>quando</strong></span> <span class='ocrx_word' id='word_1_709' title='bbox 1280 5023 1360 5078; x_wconf 90' lang='lat' dir='ltr'><strong>sol</strong></span> <span class='ocrx_word' id='word_1_710' title='bbox 1385 5040 1603 5078; x_wconf 89' lang='lat' dir='ltr'><strong>cursum</strong></span> <span class='ocrx_word' id='word_1_711' title='bbox 1647 5043 1804 5081; x_wconf 90' lang='lat' dir='ltr'><strong>suum</strong></span> <span class='ocrx_word' id='word_1_712' title='bbox 1835 5028 2072 5102; x_wconf 68' lang='grc' dir='ltr'><strong>ἰ11427</strong></span> 
     </span>
    </p>
   </div>
   <div class='ocr_carea' id='block_1_94' title="bbox 493 5114 2074 5190">
    <p class='ocr_par' dir='ltr' id='par_1_94' title="bbox 493 5114 2074 5190">
     <span class='ocr_line' id='line_1_95' title="bbox 493 5114 2074 5190; baseline 0.008 -22"><span class='ocrx_word' id='word_1_713' title='bbox 493 5128 746 5169; x_wconf 80' lang='lat' dir='ltr'><strong>occasum</strong></span> <span class='ocrx_word' id='word_1_714' title='bbox 769 5115 967 5178; x_wconf 82' lang='lat' dir='ltr'><strong>vertit;</strong></span> <span class='ocrx_word' id='word_1_715' title='bbox 1006 5122 1059 5168; x_wconf 88' lang='lat' dir='ltr'><strong>et</strong></span> <span class='ocrx_word' id='word_1_716' title='bbox 1088 5114 1228 5170; x_wconf 89' lang='lat' dir='ltr'><strong>dicta</strong></span> <span class='ocrx_word' id='word_1_717' title='bbox 1258 5130 1530 5186; x_wconf 87' lang='lat' dir='ltr'><strong>suprema,</strong></span> <span class='ocrx_word' id='word_1_718' title='bbox 1557 5117 1698 5186; x_wconf 91' lang='lat' dir='ltr'><strong>quod</strong></span> <span class='ocrx_word' id='word_1_719' title='bbox 1731 5129 1978 5190; x_wconf 88' lang='lat' dir='ltr'><strong>superest</strong></span> <span class='ocrx_word' id='word_1_720' title='bbox 2003 5123 2074 5180; x_wconf 87' lang='lat' dir='ltr'><strong>ad</strong></span> 
     </span>
    </p>
   </div>
   <div class='ocr_carea' id='block_1_95' title="bbox 493 5207 1122 5278">
    <p class='ocr_par' dir='ltr' id='par_1_95' title="bbox 493 5207 1122 5278">
     <span class='ocr_line' id='line_1_96' title="bbox 493 5207 1122 5278; baseline 0.003 -18"><span class='ocrx_word' id='word_1_721' title='bbox 493 5216 704 5278; x_wconf 82' lang='lat' dir='ltr'><strong>partem</strong></span> <span class='ocrx_word' id='word_1_722' title='bbox 735 5207 975 5263; x_wconf 86' lang='lat' dir='ltr'><strong>ultimam</strong></span> <span class='ocrx_word' id='word_1_723' title='bbox 999 5208 1122 5262; x_wconf 77' lang='lat' dir='ltr'><strong>diei.</strong></span> 
     </span>
    </p>
   </div>
   <div class='ocr_carea' id='block_1_96' title="bbox 569 5297 2077 5374">
    <p class='ocr_par' dir='ltr' id='par_1_96' title="bbox 569 5297 2077 5374">
     <span class='ocr_line' id='line_1_97' title="bbox 569 5297 2077 5374; baseline 0.009 -24"><span class='ocrx_word' id='word_1_724' title='bbox 569 5297 733 5352; x_wconf 84' lang='lat' dir='ltr'><strong>Inter.</strong></span> <span class='ocrx_word' id='word_1_725' title='bbox 774 5297 964 5354; x_wconf 86' lang='lat' dir='ltr'><strong>Serum</strong></span> <span class='ocrx_word' id='word_1_726' title='bbox 988 5313 1154 5368; x_wconf 87' lang='lat' dir='ltr'><strong>quare</strong></span> <span class='ocrx_word' id='word_1_727' title='bbox 1174 5301 1409 5356; x_wconf 86' lang='lat' dir='ltr'><strong>dicitur?</strong></span> <span class='ocrx_word' id='word_1_728' title='bbox 1438 5302 1592 5374; x_wconf 84' lang='lat' dir='ltr'><strong>Resp.</strong></span> <span class='ocrx_word' id='word_1_729' title='bbox 1618 5302 1809 5360; x_wconf 87' lang='lat' dir='ltr'><strong>Serum</strong></span> <span class='ocrx_word' id='word_1_730' title='bbox 1827 5316 2077 5364; x_wconf 86' lang='lat' dir='ltr'><strong>vocatum</strong></span> 
     </span>
    </p>
   </div>
   <div class='ocr_carea' id='block_1_97' title="bbox 498 5390 2078 5463">
    <p class='ocr_par' dir='ltr' id='par_1_97' title="bbox 498 5390 2078 5463">
     <span class='ocr_line' id='line_1_98' title="bbox 498 5390 2078 5463; baseline 0.008 -20"><span class='ocrx_word' id='word_1_731' title='bbox 498 5397 582 5444; x_wconf 87' lang='lat' dir='ltr'><strong>est</strong></span> <span class='ocrx_word' id='word_1_732' title='bbox 616 5406 647 5443; x_wconf 88' lang='lat' dir='ltr'><strong>a</strong></span> <span class='ocrx_word' id='word_1_733' title='bbox 685 5390 882 5443; x_wconf 84' lang='lat' dir='ltr'><strong>clausis</strong></span> <span class='ocrx_word' id='word_1_734' title='bbox 915 5390 1068 5456; x_wconf 85' lang='lat' dir='ltr'><strong>seris,</strong></span> <span class='ocrx_word' id='word_1_735' title='bbox 1109 5393 1325 5460; x_wconf 86' lang='lat' dir='ltr'><strong>quando</strong></span> <span class='ocrx_word' id='word_1_736' title='bbox 1346 5390 1460 5461; x_wconf 87' lang='lat' dir='ltr'><strong>jam</strong></span> <span class='ocrx_word' id='word_1_737' title='bbox 1488 5410 1588 5449; x_wconf 76' lang='lat' dir='ltr'><strong>nos</strong></span> <span class='ocrx_word' id='word_1_738' title='bbox 1629 5396 1794 5463; x_wconf 81' lang='lat' dir='ltr'><strong>venit,</strong></span> <span class='ocrx_word' id='word_1_739' title='bbox 1826 5407 1884 5452; x_wconf 90' lang='lat' dir='ltr'><strong>ut</strong></span> <span class='ocrx_word' id='word_1_740' title='bbox 1911 5414 2078 5456; x_wconf 85' lang='lat' dir='ltr'><strong>unus-</strong></span> 
     </span>
    </p>
   </div>
   <div class='ocr_carea' id='block_1_98' title="bbox 497 5483 1235 5552">
    <p class='ocr_par' dir='ltr' id='par_1_98' title="bbox 497 5483 1235 5552">
     <span class='ocr_line' id='line_1_99' title="bbox 497 5483 1235 5552; baseline 0.003 -17"><span class='ocrx_word' id='word_1_741' title='bbox 497 5483 724 5552; x_wconf 86' lang='lat' dir='ltr'><strong>quisque</strong></span> <span class='ocrx_word' id='word_1_742' title='bbox 751 5496 940 5538; x_wconf 88' lang='lat' dir='ltr'><strong>somno</strong></span> <span class='ocrx_word' id='word_1_743' title='bbox 967 5483 1132 5539; x_wconf 89' lang='lat' dir='ltr'><strong>tutior</strong></span> <span class='ocrx_word' id='word_1_744' title='bbox 1159 5483 1235 5538; x_wconf 84' lang='lat' dir='ltr'><strong>iit.</strong></span> 
     </span>
    </p>
   </div>
   <div class='ocr_carea' id='block_1_99' title="bbox 568 5572 2078 5652">
    <p class='ocr_par' dir='ltr' id='par_1_99' title="bbox 568 5572 2078 5652">
     <span class='ocr_line' id='line_1_100' title="bbox 568 5572 2078 5652; baseline 0.01 -25"><span class='ocrx_word' id='word_1_745' title='bbox 568 5574 735 5627; x_wconf 80' lang='lat' dir='ltr'><strong>Inter.</strong></span> <span class='ocrx_word' id='word_1_746' title='bbox 774 5573 885 5628; x_wconf 79' lang='lat' dir='ltr'><strong>Cur</strong></span> <span class='ocrx_word' id='word_1_747' title='bbox 903 5573 1100 5629; x_wconf 90' lang='lat' dir='ltr'><strong>dicitur</strong></span> <span class='ocrx_word' id='word_1_748' title='bbox 1124 5575 1283 5631; x_wconf 89' lang='lat' dir='ltr'><strong>hodie</strong></span> <span class='ocrx_word' id='word_1_749' title='bbox 1302 5572 1370 5629; x_wconf 71' lang='lat' dir='ltr'><strong>h?</strong></span> <span class='ocrx_word' id='word_1_750' title='bbox 1406 5576 1558 5649; x_wconf 86' lang='lat' dir='ltr'><strong>Resp.</strong></span> <span class='ocrx_word' id='word_1_751' title='bbox 1586 5579 1774 5646; x_wconf 79' lang='lat' dir='ltr'><strong>Hodie,</strong></span> <span class='ocrx_word' id='word_1_752' title='bbox 1797 5584 1955 5652; x_wconf 86' lang='lat' dir='ltr'><strong>quasi</strong></span> <span class='ocrx_word' id='word_1_753' title='bbox 1975 5583 2078 5642; x_wconf 86' lang='lat' dir='ltr'><strong>hoc</strong></span> 
     </span>
    </p>
   </div>
   <div class='ocr_carea' id='block_1_100' title="bbox 497 5665 2073 5742">
    <p class='ocr_par' dir='ltr' id='par_1_100' title="bbox 497 5665 2073 5742">
     <span class='ocr_line' id='line_1_101' title="bbox 497 5665 2073 5742; baseline 0.006 -22"><span class='ocrx_word' id='word_1_754' title='bbox 497 5665 618 5721; x_wconf 83' lang='lat' dir='ltr'><strong>die:</strong></span> <span class='ocrx_word' id='word_1_755' title='bbox 644 5666 720 5719; x_wconf 88' lang='lat' dir='ltr'><strong>sic</strong></span> <span class='ocrx_word' id='word_1_756' title='bbox 747 5674 803 5719; x_wconf 87' lang='lat' dir='ltr'><strong>et</strong></span> <span class='ocrx_word' id='word_1_757' title='bbox 828 5665 1096 5734; x_wconf 78' lang='lat' dir='ltr'><strong>quottidie,</strong></span> <span class='ocrx_word' id='word_1_758' title='bbox 1133 5681 1238 5721; x_wconf 89' lang='lat' dir='ltr'><strong>non</strong></span> <span class='ocrx_word' id='word_1_759' title='bbox 1273 5668 1480 5732; x_wconf 79' lang='lat' dir='ltr'><strong>cotidie,</strong></span> <span class='ocrx_word' id='word_1_760' title='bbox 1511 5681 1566 5724; x_wconf 88' lang='lat' dir='ltr'><strong>ut</strong></span> <span class='ocrx_word' id='word_1_761' title='bbox 1596 5670 1666 5726; x_wconf 87' lang='lat' dir='ltr'><strong>sit</strong></span> <span class='ocrx_word' id='word_1_762' title='bbox 1692 5683 1824 5741; x_wconf 90' lang='lat' dir='ltr'><strong>quot</strong></span> <span class='ocrx_word' id='word_1_763' title='bbox 1851 5673 2073 5742; x_wconf 84' lang='lat' dir='ltr'><strong>diebus;</strong></span> 
     </span>
    </p>
   </div>
   <div class='ocr_carea' id='block_1_101' title="bbox 570 5796 2075 5867">
    <p class='ocr_par' dir='ltr' id='par_1_101' title="bbox 570 5796 2075 5867">
     <span class='ocr_line' id='line_1_102' title="bbox 570 5796 2075 5867; baseline 0.007 -17"><span class='ocrx_word' id='word_1_764' title='bbox 570 5809 595 5836; x_wconf 81' lang='grc' dir='ltr'>ι</span> <span class='ocrx_word' id='word_1_765' title='bbox 633 5796 834 5851; x_wconf 84' lang='lat' dir='ltr'><strong>Bonum</strong></span> <span class='ocrx_word' id='word_1_766' title='bbox 860 5796 1115 5852; x_wconf 74' lang='lat' dir='ltr'><strong>(licebant.</strong></span> <span class='ocrx_word' id='word_1_767' title='bbox 1163 5796 1323 5853; x_wconf 76' lang='lat' dir='ltr'><strong>Mena</strong></span> <span class='ocrx_word' id='word_1_768' title='bbox 1361 5800 1492 5867; x_wconf 82' lang='lat' dir='ltr'><strong>dies,</strong></span> <span class='ocrx_word' id='word_1_769' title='bbox 1535 5818 1635 5856; x_wconf 73' lang='lat' dir='ltr'><strong>vox</strong></span> <span class='ocrx_word' id='word_1_770' title='bbox 1673 5803 1954 5860; x_wconf 77' lang='lat' dir='ltr'><strong>familiaris</strong></span> <span class='ocrx_word' id='word_1_771' title='bbox 1985 5823 2075 5861; x_wconf 81' lang='lat' dir='ltr'><strong>ve-</strong></span> 
     </span>
    </p>
   </div>
   <div class='ocr_carea' id='block_1_102' title="bbox 501 5867 2070 5940">
    <p class='ocr_par' dir='ltr' id='par_1_102' title="bbox 501 5867 2070 5940">
     <span class='ocr_line' id='line_1_103' title="bbox 501 5867 2070 5940; baseline 0.006 -17"><span class='ocrx_word' id='word_1_772' title='bbox 501 5868 702 5923; x_wconf 81' lang='lat' dir='ltr'><strong>teribus</strong></span> <span class='ocrx_word' id='word_1_773' title='bbox 754 5867 939 5940; x_wconf 75' lang='lat' dir='ltr'><strong>Gallis,</strong></span> <span class='ocrx_word' id='word_1_774' title='bbox 1000 5869 1191 5940; x_wconf 89' lang='lat' dir='ltr'><strong>(inquit</strong></span> <span class='ocrx_word' id='word_1_775' title='bbox 1239 5868 1480 5930; x_wconf 82' lang='lat' dir='ltr'><strong>Valesius</strong></span> <span class='ocrx_word' id='word_1_776' title='bbox 1531 5875 1583 5927; x_wconf 88' lang='lat' dir='ltr'><strong>in</strong></span> <span class='ocrx_word' id='word_1_777' title='bbox 1618 5873 1814 5930; x_wconf 73' lang='lat' dir='ltr'><strong>Notitia</strong></span> <span class='ocrx_word' id='word_1_778' title='bbox 1868 5877 2070 5931; x_wconf 58' lang='lat' dir='ltr'><strong>Gallia-</strong></span> 
     </span>
    </p>
   </div>
   <div class='ocr_carea' id='block_1_103' title="bbox 503 5939 2069 6018">
    <p class='ocr_par' dir='ltr' id='par_1_103' title="bbox 503 5939 2069 6018">
     <span class='ocr_line' id='line_1_104' title="bbox 503 5939 2069 6018; baseline 0.01 -31"><span class='ocrx_word' id='word_1_779' title='bbox 503 5955 642 6003; x_wconf 81' lang='lat' dir='ltr'><strong>ium,</strong></span> <span class='ocrx_word' id='word_1_780' title='bbox 675 5955 791 6010; x_wconf 73' lang='lat' dir='ltr'><strong>pag.</strong></span> <span class='ocrx_word' id='word_1_781' title='bbox 829 5939 950 6012; x_wconf 60' lang='lat' dir='ltr'><strong>Pii?)</strong></span> <span class='ocrx_word' id='word_1_782' title='bbox 993 5951 1144 5996; x_wconf 88' lang='lat' dir='ltr'><strong>notos</strong></span> <span class='ocrx_word' id='word_1_783' title='bbox 1192 5957 1349 5998; x_wconf 79' lang='lat' dir='ltr'><strong>mane</strong></span> <span class='ocrx_word' id='word_1_784' title='bbox 1409 5943 1786 6010; x_wconf 79' lang='lat' dir='ltr'><strong>salutantibus,</strong></span> <span class='ocrx_word' id='word_1_785' title='bbox 1837 5964 1942 6018; x_wconf 85' lang='lat' dir='ltr'><strong>qua</strong></span> <span class='ocrx_word' id='word_1_786' title='bbox 1974 5949 2069 6003; x_wconf 84' lang='lat' dir='ltr'><strong>bo-</strong></span> 
     </span>
    </p>
   </div>
   <div class='ocr_carea' id='block_1_104' title="bbox 2177 4768 3770 4854">
    <p class='ocr_par' dir='ltr' id='par_1_104' title="bbox 2177 4768 3770 4854">
     <span class='ocr_line' id='line_1_105' title="bbox 2177 4768 3770 4854; baseline 0.013 -33"><span class='ocrx_word' id='word_1_787' title='bbox 2177 4773 2232 4821; x_wconf 86' lang='lat' dir='ltr'><strong>et</strong></span> <span class='ocrx_word' id='word_1_788' title='bbox 2260 4768 2440 4822; x_wconf 86' lang='lat' dir='ltr'><strong>omnia</strong></span> <span class='ocrx_word' id='word_1_789' title='bbox 2470 4785 2662 4841; x_wconf 88' lang='lat' dir='ltr'><strong>sopore</strong></span> <span class='ocrx_word' id='word_1_790' title='bbox 2682 4774 2864 4842; x_wconf 87' lang='lat' dir='ltr'><strong>quieta</strong></span> <span class='ocrx_word' id='word_1_791' title='bbox 2888 4789 3033 4830; x_wconf 87' lang='lat' dir='ltr'><strong>sunt.</strong></span> <span class='ocrx_word' id='word_1_792' title='bbox 3068 4778 3205 4833; x_wconf 83' lang='lat' dir='ltr'><strong>Nam</strong></span> <span class='ocrx_word' id='word_1_793' title='bbox 3231 4789 3440 4852; x_wconf 89' lang='lat' dir='ltr'><strong>tempus</strong></span> <span class='ocrx_word' id='word_1_794' title='bbox 3460 4799 3558 4854; x_wconf 87' lang='lat' dir='ltr'><strong>per</strong></span> <span class='ocrx_word' id='word_1_795' title='bbox 3583 4799 3642 4840; x_wconf 88' lang='lat' dir='ltr'><strong>se</strong></span> <span class='ocrx_word' id='word_1_796' title='bbox 3661 4801 3770 4840; x_wconf 89' lang='lat' dir='ltr'><strong>non</strong></span> 
     </span>
    </p>
   </div>
   <div class='ocr_carea' id='block_1_105' title="bbox 2181 4860 3769 4935">
    <p class='ocr_par' dir='ltr' id='par_1_105' title="bbox 2181 4860 3769 4935">
     <span class='ocr_line' id='line_1_106' title="bbox 2181 4860 3769 4935; baseline 0.013 -21"><span class='ocrx_word' id='word_1_797' title='bbox 2181 4860 2514 4930; x_wconf 73' lang='lat' dir='ltr'><strong>intelligitur,</strong></span> <span class='ocrx_word' id='word_1_798' title='bbox 2551 4864 2650 4919; x_wconf 86' lang='lat' dir='ltr'><strong>nisi</strong></span> <span class='ocrx_word' id='word_1_799' title='bbox 2692 4881 2787 4935; x_wconf 91' lang='lat' dir='ltr'><strong>per</strong></span> <span class='ocrx_word' id='word_1_800' title='bbox 2820 4877 2974 4924; x_wconf 84' lang='lat' dir='ltr'><strong>actus</strong></span> <span class='ocrx_word' id='word_1_801' title='bbox 3014 4871 3297 4928; x_wconf 87' lang='lat' dir='ltr'><strong>humanos.</strong></span> <span class='ocrx_word' id='word_1_802' title='bbox 3350 4874 3484 4931; x_wconf 73' lang='lat' dir='ltr'><strong>Nam</strong></span> <span class='ocrx_word' id='word_1_803' title='bbox 3532 4878 3769 4934; x_wconf 85' lang='lat' dir='ltr'><strong>medium</strong></span> 
     </span>
    </p>
   </div>
   <div class='ocr_carea' id='block_1_106' title="bbox 2179 4950 3770 5040">
    <p class='ocr_par' dir='ltr' id='par_1_106' title="bbox 2179 4950 3770 5040">
     <span class='ocr_line' id='line_1_107' title="bbox 2179 4950 3770 5040; baseline 0.014 -38"><span class='ocrx_word' id='word_1_804' title='bbox 2179 4950 2352 5003; x_wconf 84' lang='lat' dir='ltr'><strong>noctis</strong></span> <span class='ocrx_word' id='word_1_805' title='bbox 2389 4958 2508 5004; x_wconf 87' lang='lat' dir='ltr'><strong>actu</strong></span> <span class='ocrx_word' id='word_1_806' title='bbox 2548 4963 2694 5006; x_wconf 75' lang='lat' dir='ltr'><strong>caret</strong></span> <span class='ocrx_word' id='word_1_807' title='bbox 2724 4972 2736 5007; x_wconf 92' lang='lat'><strong>:</strong></span> <span class='ocrx_word' id='word_1_808' title='bbox 2763 4971 2893 5029; x_wconf 83' lang='lat' dir='ltr'><strong>ergo</strong></span> <span class='ocrx_word' id='word_1_809' title='bbox 2933 4967 3223 5030; x_wconf 86' lang='lat' dir='ltr'><strong>tempestas</strong></span> <span class='ocrx_word' id='word_1_810' title='bbox 3261 4964 3538 5021; x_wconf 86' lang='lat' dir='ltr'><strong>inactuosa</strong></span> <span class='ocrx_word' id='word_1_811' title='bbox 3580 4965 3770 5040; x_wconf 80' lang='lat' dir='ltr'><strong>[Isid.,</strong></span> 
     </span>
    </p>
   </div>
   <div class='ocr_carea' id='block_1_107' title="bbox 2181 5039 3771 5126">
    <p class='ocr_par' dir='ltr' id='par_1_107' title="bbox 2181 5039 3771 5126">
     <span class='ocr_line' id='line_1_108' title="bbox 2181 5039 3771 5126; baseline 0.014 -32"><span class='ocrx_word' id='word_1_812' title='bbox 2181 5039 2520 5110; x_wconf 82' lang='lat' dir='ltr'><strong>intempesta,</strong></span> <span class='ocrx_word' id='word_1_813' title='bbox 2559 5043 2882 5120; x_wconf 86' lang='lat' dir='ltr'><strong>inactuosa],</strong></span> <span class='ocrx_word' id='word_1_814' title='bbox 2914 5052 3070 5120; x_wconf 85' lang='lat' dir='ltr'><strong>quasi</strong></span> <span class='ocrx_word' id='word_1_815' title='bbox 3100 5053 3218 5108; x_wconf 87' lang='lat' dir='ltr'><strong>sine</strong></span> <span class='ocrx_word' id='word_1_816' title='bbox 3249 5063 3506 5126; x_wconf 88' lang='lat' dir='ltr'><strong>tempore,</strong></span> <span class='ocrx_word' id='word_1_817' title='bbox 3533 5039 3636 5114; x_wconf 80' lang='lat' dir='ltr'><strong>hoc</strong></span> <span class='ocrx_word' id='word_1_818' title='bbox 3657 5070 3771 5125; x_wconf 86' lang='lat' dir='ltr'><strong>est,</strong></span> 
     </span>
    </p>
   </div>
   <div class='ocr_carea' id='block_1_108' title="bbox 2180 5129 3763 5215">
    <p class='ocr_par' dir='ltr' id='par_1_108' title="bbox 2180 5129 3763 5215">
     <span class='ocr_line' id='line_1_109' title="bbox 2180 5129 3763 5215; baseline 0.013 -31"><span class='ocrx_word' id='word_1_819' title='bbox 2180 5129 2299 5185; x_wconf 84' lang='lat' dir='ltr'><strong>sine</strong></span> <span class='ocrx_word' id='word_1_820' title='bbox 2333 5139 2477 5197; x_wconf 88' lang='lat' dir='ltr'><strong>actu,</strong></span> <span class='ocrx_word' id='word_1_821' title='bbox 2519 5147 2618 5203; x_wconf 91' lang='lat' dir='ltr'><strong>per</strong></span> <span class='ocrx_word' id='word_1_822' title='bbox 2646 5152 2808 5206; x_wconf 91' lang='lat' dir='ltr'><strong>quem</strong></span> <span class='ocrx_word' id='word_1_823' title='bbox 2844 5139 3144 5197; x_wconf 89' lang='lat' dir='ltr'><strong>dinoscitur</strong></span> <span class='ocrx_word' id='word_1_824' title='bbox 3178 5151 3411 5215; x_wconf 90' lang='lat' dir='ltr'><strong>tempus.</strong></span> <span class='ocrx_word' id='word_1_825' title='bbox 3454 5145 3606 5204; x_wconf 83' lang='lat' dir='ltr'><strong>Unde</strong></span> <span class='ocrx_word' id='word_1_826' title='bbox 3633 5159 3717 5206; x_wconf 83' lang='lat' dir='ltr'><strong>est</strong></span> <span class='ocrx_word' id='word_1_827' title='bbox 3751 5170 3763 5205; x_wconf 90' lang='lat'><strong>:</strong></span> 
     </span>
    </p>
   </div>
   <div class='ocr_carea' id='block_1_109' title="bbox 2179 5216 3768 5310">
    <p class='ocr_par' dir='ltr' id='par_1_109' title="bbox 2179 5216 3768 5310">
     <span class='ocr_line' id='line_1_110' title="bbox 2179 5216 3768 5310; baseline 0.014 -35"><span class='ocrx_word' id='word_1_828' title='bbox 2179 5216 2545 5292; x_wconf 77' lang='lat' dir='ltr'><strong>Intempestive</strong></span> <span class='ocrx_word' id='word_1_829' title='bbox 2564 5227 2767 5280; x_wconf 75' lang='lat' dir='ltr'><strong>venisti.</strong></span> <span class='ocrx_word' id='word_1_830' title='bbox 2799 5227 2940 5300; x_wconf 81' lang='lat' dir='ltr'><strong>Ergo</strong></span> <span class='ocrx_word' id='word_1_831' title='bbox 2969 5239 3231 5302; x_wconf 88' lang='lat' dir='ltr'><strong>tempesta</strong></span> <span class='ocrx_word' id='word_1_832' title='bbox 3265 5235 3480 5303; x_wconf 88' lang='lat' dir='ltr'><strong>dicitur,</strong></span> <span class='ocrx_word' id='word_1_833' title='bbox 3519 5238 3644 5310; x_wconf 88' lang='lat' dir='ltr'><strong>quia</strong></span> <span class='ocrx_word' id='word_1_834' title='bbox 3675 5257 3768 5296; x_wconf 82' lang='lat' dir='ltr'><strong>ca-</strong></span> 
     </span>
    </p>
   </div>
   <div class='ocr_carea' id='block_1_110' title="bbox 2180 5316 3761 5400">
    <p class='ocr_par' dir='ltr' id='par_1_110' title="bbox 2180 5316 3761 5400">
     <span class='ocr_line' id='line_1_111' title="bbox 2180 5316 3761 5400; baseline 0.012 -34"><span class='ocrx_word' id='word_1_835' title='bbox 2180 5318 2264 5366; x_wconf 82' lang='lat' dir='ltr'><strong>ret</strong></span> <span class='ocrx_word' id='word_1_836' title='bbox 2289 5320 2549 5384; x_wconf 86' lang='lat' dir='ltr'><strong>tempora,</strong></span> <span class='ocrx_word' id='word_1_837' title='bbox 2579 5316 2633 5370; x_wconf 91' lang='lat' dir='ltr'><strong>id</strong></span> <span class='ocrx_word' id='word_1_838' title='bbox 2658 5324 2762 5383; x_wconf 89' lang='lat' dir='ltr'><strong>est,</strong></span> <span class='ocrx_word' id='word_1_839' title='bbox 2791 5328 3006 5375; x_wconf 89' lang='lat' dir='ltr'><strong>actuum</strong></span> <span class='ocrx_word' id='word_1_840' title='bbox 3047 5321 3204 5394; x_wconf 80' lang='lat' dir='ltr'><strong>[Isid.</strong></span> <span class='ocrx_word' id='word_1_841' title='bbox 3230 5323 3328 5397; x_wconf 82' lang='lat' dir='ltr'><strong>leg.</strong></span> <span class='ocrx_word' id='word_1_842' title='bbox 3355 5339 3374 5376; x_wconf 88' lang='lat'><strong><em>:</em></strong></span> <span class='ocrx_word' id='word_1_843' title='bbox 3395 5326 3536 5400; x_wconf 76' lang='lat' dir='ltr'><strong>Ergo</strong></span> <span class='ocrx_word' id='word_1_844' title='bbox 3569 5329 3761 5387; x_wconf 83' lang='lat' dir='ltr'><strong>intem-</strong></span> 
     </span>
    </p>
   </div>
   <div class='ocr_carea' id='block_1_111' title="bbox 2180 5406 3615 5489">
    <p class='ocr_par' dir='ltr' id='par_1_111' title="bbox 2180 5406 3615 5489">
     <span class='ocr_line' id='line_1_112' title="bbox 2180 5406 3615 5489; baseline 0.012 -35"><span class='ocrx_word' id='word_1_845' title='bbox 2180 5409 2327 5471; x_wconf 89' lang='lat' dir='ltr'><strong>pesta</strong></span> <span class='ocrx_word' id='word_1_846' title='bbox 2355 5412 2592 5469; x_wconf 85' lang='lat' dir='ltr'><strong>vocatur,</strong></span> <span class='ocrx_word' id='word_1_847' title='bbox 2620 5406 2745 5476; x_wconf 88' lang='lat' dir='ltr'><strong>quia</strong></span> <span class='ocrx_word' id='word_1_848' title='bbox 2767 5418 2917 5463; x_wconf 86' lang='lat' dir='ltr'><strong>caret</strong></span> <span class='ocrx_word' id='word_1_849' title='bbox 2945 5418 3204 5481; x_wconf 90' lang='lat' dir='ltr'><strong>tempore,</strong></span> <span class='ocrx_word' id='word_1_850' title='bbox 3236 5413 3290 5469; x_wconf 88' lang='lat' dir='ltr'><strong>id</strong></span> <span class='ocrx_word' id='word_1_851' title='bbox 3323 5423 3426 5482; x_wconf 87' lang='lat' dir='ltr'><strong>est,</strong></span> <span class='ocrx_word' id='word_1_852' title='bbox 3449 5417 3615 5489; x_wconf 81' lang='lat' dir='ltr'><strong>acui].</strong></span> 
     </span>
    </p>
   </div>
   <div class='ocr_carea' id='block_1_112' title="bbox 2250 5491 3761 5575">
    <p class='ocr_par' dir='ltr' id='par_1_112' title="bbox 2250 5491 3761 5575">
     <span class='ocr_line' id='line_1_113' title="bbox 2250 5491 3761 5575; baseline 0.013 -30"><span class='ocrx_word' id='word_1_853' title='bbox 2250 5491 2415 5548; x_wconf 87' lang='lat' dir='ltr'><strong>Inter.</strong></span> <span class='ocrx_word' id='word_1_854' title='bbox 2468 5495 2606 5562; x_wconf 86' lang='lat' dir='ltr'><strong>Quid</strong></span> <span class='ocrx_word' id='word_1_855' title='bbox 2661 5507 2744 5552; x_wconf 88' lang='lat' dir='ltr'><strong>cst</strong></span> <span class='ocrx_word' id='word_1_856' title='bbox 2789 5499 3174 5569; x_wconf 83' lang='lat' dir='ltr'><strong>gallicinium?</strong></span> <span class='ocrx_word' id='word_1_857' title='bbox 3217 5502 3371 5575; x_wconf 86' lang='lat' dir='ltr'><strong>Resp.</strong></span> <span class='ocrx_word' id='word_1_858' title='bbox 3419 5504 3761 5565; x_wconf 87' lang='lat' dir='ltr'><strong>Gallicinium</strong></span> 
     </span>
    </p>
   </div>
   <div class='ocr_carea' id='block_1_113' title="bbox 2180 5584 3762 5671">
    <p class='ocr_par' dir='ltr' id='par_1_113' title="bbox 2180 5584 3762 5671">
     <span class='ocr_line' id='line_1_114' title="bbox 2180 5584 3762 5671; baseline 0.013 -35"><span class='ocrx_word' id='word_1_859' title='bbox 2180 5590 2400 5653; x_wconf 84' lang='lat' dir='ltr'><strong>propter</strong></span> <span class='ocrx_word' id='word_1_860' title='bbox 2435 5584 2622 5655; x_wconf 81' lang='lat' dir='ltr'><strong>gallos,</strong></span> <span class='ocrx_word' id='word_1_861' title='bbox 2654 5587 2790 5643; x_wconf 89' lang='lat' dir='ltr'><strong>lucis</strong></span> <span class='ocrx_word' id='word_1_862' title='bbox 2823 5592 3200 5659; x_wconf 68' lang='lat' dir='ltr'><strong>praenuntiatio</strong></span> <span class='ocrx_word' id='word_1_863' title='bbox 3229 5591 3412 5669; x_wconf 85' lang='lat' dir='ltr'><strong>[Isid.,</strong></span> <span class='ocrx_word' id='word_1_864' title='bbox 3453 5593 3588 5653; x_wconf 76' lang='lat' dir='ltr'><strong>lucis</strong></span> <span class='ocrx_word' id='word_1_865' title='bbox 3623 5615 3762 5671; x_wconf 67' lang='lat' dir='ltr'><strong>pra:-</strong></span> 
     </span>
    </p>
   </div>
   <div class='ocr_carea' id='block_1_114' title="bbox 2180 5676 2668 5749">
    <p class='ocr_par' dir='ltr' id='par_1_114' title="bbox 2180 5676 2668 5749">
     <span class='ocr_line' id='line_1_115' title="bbox 2180 5676 2668 5749; baseline 0.01 -20"><span class='ocrx_word' id='word_1_866' title='bbox 2180 5676 2418 5749; x_wconf 85' lang='lat' dir='ltr'><strong>nuntios]</strong></span> <span class='ocrx_word' id='word_1_867' title='bbox 2446 5677 2668 5735; x_wconf 89' lang='lat' dir='ltr'><strong>dictum.</strong></span> 
     </span>
    </p>
   </div>
   <div class='ocr_carea' id='block_1_115' title="bbox 2177 5807 3756 5893">
    <p class='ocr_par' dir='ltr' id='par_1_115' title="bbox 2177 5807 3756 5893">
     <span class='ocr_line' id='line_1_116' title="bbox 2177 5807 3756 5893; baseline 0.015 -32"><span class='ocrx_word' id='word_1_868' title='bbox 2177 5823 2300 5893; x_wconf 61' lang='lat' dir='ltr'><strong>nam</strong></span> <span class='ocrx_word' id='word_1_869' title='bbox 2337 5807 2676 5893; x_wconf 70' lang='lat' dir='ltr'><strong>inlisumque</strong></span> <span class='ocrx_word' id='word_1_870' title='bbox 2725 5814 2870 5870; x_wconf 88' lang='lat' dir='ltr'><strong>diem</strong></span> <span class='ocrx_word' id='word_1_871' title='bbox 2925 5818 3114 5875; x_wconf 83' lang='lat' dir='ltr'><strong>amicis</strong></span> <span class='ocrx_word' id='word_1_872' title='bbox 3168 5819 3617 5893; x_wconf 83' lang='lat' dir='ltr'><strong>apprecabantur.</strong></span> <span class='ocrx_word' id='word_1_873' title='bbox 3674 5825 3756 5883; x_wconf 83' lang='lat' dir='ltr'><strong>Du</strong></span> 
     </span>
    </p>
   </div>
   <div class='ocr_carea' id='block_1_116' title="bbox 2174 5880 2716 5946">
    <p class='ocr_par' dir='ltr' id='par_1_116' title="bbox 2174 5880 2716 5946">
     <span class='ocr_line' id='line_1_117' title="bbox 2174 5880 2716 5946; baseline 0.009 -14"><span class='ocrx_word' id='word_1_874' title='bbox 2174 5880 2352 5946; x_wconf 72' lang='lat' dir='ltr'><strong>Gange</strong></span> <span class='ocrx_word' id='word_1_875' title='bbox 2383 5895 2498 5933; x_wconf 81' lang='lat' dir='ltr'><strong>voc.</strong></span> <span class='ocrx_word' id='word_1_876' title='bbox 2535 5881 2716 5938; x_wconf 77' lang='lat' dir='ltr'><strong>Mane.</strong></span> 
     </span>
    </p>
   </div>
   <div class='ocr_carea' id='block_1_117' title="bbox 2245 5943 3787 6040">
    <p class='ocr_par' dir='ltr' id='par_1_117' title="bbox 2245 5943 3787 6040">
     <span class='ocr_line' id='line_1_118' title="bbox 2245 5943 3787 6040; baseline 0.016 -35"><span class='ocrx_word' id='word_1_877' title='bbox 2245 5953 2270 5992; x_wconf 73' lang='grc' dir='ltr'><strong>ι’</strong></span> <span class='ocrx_word' id='word_1_878' title='bbox 2292 5943 2430 6006; x_wconf 62' lang='grc' dir='ltr'><strong>πως</strong></span> <span class='ocrx_word' id='word_1_879' title='bbox 2456 5955 2786 6011; x_wconf 80' lang='lat' dir='ltr'><strong>concordant</strong></span> <span class='ocrx_word' id='word_1_880' title='bbox 2812 5971 2933 6012; x_wconf 86' lang='lat' dir='ltr'><strong>cum</strong></span> <span class='ocrx_word' id='word_1_881' title='bbox 2955 5962 3213 6032; x_wconf 78' lang='lat' dir='ltr'><strong>opusculo</strong></span> <span class='ocrx_word' id='word_1_882' title='bbox 3241 5963 3306 6021; x_wconf 80' lang='lat' dir='ltr'><strong>de</strong></span> <span class='ocrx_word' id='word_1_883' title='bbox 3329 5961 3746 6040; x_wconf 77' lang='lat' dir='ltr'><strong>Orthographia.</strong></span> <span class='ocrx_word' id='word_1_884' title='bbox 3779 6026 3787 6037; x_wconf 87' lang='grc'><em>,</em></span> 
     </span>
    </p>
   </div>
  </div>
