4090 6504
209 446 346 504 ΗΠ

1119 443 1270 501 ΟΡΡ.
1311 443 1538 501 DUBIA.
1579 473 1645 484 -—-
1690 442 2103 524 DISPUTATIO
2141 442 2556 502 PUERORUM.

3343 437 3475 496 illi!

269 558 438 617 Inter.
479 558 617 626 Quid
644 566 726 613 est
759 554 1125 610 matutinum?
1161 554 1314 627 Resp.
1355 554 1674 611 Matutinum
1703 563 1786 611 est
1811 556 1861 615 Α
1889 554 2159 628 principes
2182 554 2510 625 reipublicae.
2552 554 2685 608 Nan.
2713 554 2859 608 hunc
2887 561 3124 605 mensem
3149 547 3475 618 majoribus;

198 649 345 706 inter
367 650 682 707 abscessum
711 647 1057 704 tenebrarum
1081 655 1136 703 et
1162 663 1372 703 aurora:
1395 649 1706 713 adventum,
1731 654 1785 702 et

200 743 407 800 dictum
434 742 777 808 matutinum,
809 741 953 814 quod
979 741 1084 798 hoc
1118 749 1328 813 tempus
1354 741 1642 797 inchoante
1673 755 1786 795 ma-

199 851 270 892 ne
296 835 390 895 sit.

160 982 182 1013 ⁴
272 925 438 981 Inter.
472 923 610 994 Quid
643 931 727 980 est
763 923 1098 981 diluculum?
1130 922 1290 995 Resp.
1329 923 1788 991 Diluculum-qua—
1855 956 1858 959 -

197 1020 249 1074 si
280 1018 546 1088 incipiens
579 1031 741 1087 parva
768 1014 875 1071 diei
907 1015 1018 1071 lux.
1056 1015 1182 1071 Haec
1207 1024 1264 1071 et
1294 1031 1491 1072 aurora
1510 1057 1524 1081 ,
1557 1031 1675 1085 quae,
1701 1031 1803 1094 so-_

197 1108 307 1167 lem
362 1110 635 1182 pracedit.
683 1109 779 1166 Est
823 1121 1003 1165 autem
1052 1123 1246 1165 aurora
1291 1109 1398 1164 diei
1441 1108 1791 1164 clarescentis

196 1201 504 1266 exordium,
535 1209 588 1258 et
623 1201 830 1272 primus
869 1199 1123 1271 splendor
1154 1200 1317 1264 aeris,
1351 1199 1442 1270 qui
1467 1199 1653 1256 Grmce
1683 1199 1790 1252 Eos

200 1288 353 1366 [ἠώς]
389 1291 606 1347 dicitur.
648 1289 784 1348 Nam
820 1305 920 1346 nos
965 1305 1062 1361 per
1104 1290 1493 1346 derivationem
1539 1304 1789 1343 auroram

198 1398 480 1450 vocamus,
505 1385 658 1454 quasi
690 1383 953 1438 Eoruratn
979 1380 1154 1454 [lsid.,
1183 1380 1486 1454 Eororam].
1529 1380 1682 1438 Unde
1709 1390 1797 1436 est

201 1475 334 1533 illud
357 1494 371 1530 :

330 1609 634 1677 Splendtdus
656 1609 870 1661 auctoris
889 1609 957 1660 de
982 1610 1171 1660 vertice
1193 1606 1354 1672 fulget
1379 1605 1524 1658 Eous.

271 1737 444 1794 Inter.
483 1708 664 1806 Quare
693 1733 889 1791 dicitur
914 1730 1257 1790 ebdomada?
1292 1727 1446 1801 Resp.
1480 1727 1792 1792 Ebdomada

202 1833 347 1891 dicta
376 1845 408 1887 a
447 1843 675 1886 numero
705 1837 910 1899 septem
941 1824 1170 1889 dierum,
1211 1837 1440 1895 quorum
1473 1819 1792 1892 repetitione

1888 653 2199 716 sequentem
2226 660 2352 702 vero
2389 644 2689 700 minoribus
2733 643 2957 698 Romani
2996 645 3474 704 consecraverunt,

1886 732 2053 807 428
2076 736 2216 790 unde
2245 744 2301 791 et
2325 734 2520 790 Junius
2547 734 2764 788 dicitur.
2803 733 2977 787 Antea
2998 731 3140 786 enim
3168 729 3394 801 populus
3420 728 3476 782 in

1887 827 2160 883 centurias
2185 827 2461 882 seniorum
2490 835 2544 882 et
2561 825 2839 894 juniorum
2869 825 3073 880 divisus
3100 833 3238 879 erat.

1957 917 2124 974 Inter.
2161 917 2333 977 Julius
2368 927 2424 974 et
2461 919 2736 992 Augustus
2774 920 2916 975 unde
2946 927 3072 974 sunt
3104 917 3276 973 dicti?
3316 915 3466 985 Resp.

1887 1007 2064 1063 Julius
2091 1025 2218 1066 vero
2243 1019 2300 1066 et
2327 1009 2600 1082 Augustus
2620 1011 2688 1067 de
2715 1011 3011 1066 honoribus
3039 1007 3316 1064 hominum
3347 1003 3474 1062 Julii

1889 1109 1944 1155 et
1973 1099 2198 1171 Augusti
2221 1101 2492 1158 Cassarum
2528 1103 2819 1173 nuncupati
2850 1108 2994 1157 sunt.
3029 1099 3195 1154 Inter.
3233 1099 3473 1167 Quomo-

1892 1190 1961 1246 do
1989 1191 2320 1247 vocabantur
2347 1192 2538 1263 prius?
2575 1191 2726 1265 Resp.
2764 1192 2920 1248 Prius
2952 1193 3097 1247 enim
3135 1190 3387 1259 Quintilis
3422 1199 3479 1244 et

1894 1281 2112 1339 Sextilis
2132 1283 2482 1339 vocabantur.
2515 1283 2681 1338 Inter.
2716 1283 2830 1352 Qua
2852 1283 3096 1339 ratione?
3131 1282 3284 1353 Resp.
3315 1281 3480 1349 Quin-

1892 1378 2019 1444 tilis,
2046 1378 2172 1448 quia
2200 1379 2419 1448 quintus
2442 1387 2612 1434 erata
2639 1376 2851 1443 Martio,
2881 1392 3038 1447 quem
3065 1376 3362 1447 principem
3383 1390 3480 1429 an-

1892 1468 1948 1523 ni
2005 1476 2272 1525 testantur
2316 1483 2436 1525 esse
2477 1469 2742 1533 Romani;
2783 1469 2992 1525 sextilis
3029 1481 3158 1523 vero
3201 1465 3482 1533 similiter,

1895 1560 2038 1629 quod
2060 1560 2130 1615 sit
2161 1567 2364 1615 sextus.

1965 1649 2133 1705 Inter.
2188 1649 2508 1722 September
2555 1651 2698 1708 unde
2758 1666 2956 1707 nomen
3019 1649 3275 1721 accepit?
3327 1645 3480 1718 Resp.

1895 1742 2212 1814 September
2245 1743 2392 1798 enim
2425 1758 2619 1799 nomen
2661 1745 2826 1802 habet
2853 1761 2885 1799 a
2923 1761 3146 1800 numero
3185 1753 3241 1799 et
3273 1743 3482 1807 imbre;

1897 1835 2022 1905 quia
2058 1835 2318 1906 septimus
2338 1846 2422 1891 est
2452 1851 2481 1889 a
2513 1835 2724 1903 Martio,
2769 1845 2822 1892 et
2847 1836 3046 1892 imbres
3086 1835 3277 1902 habet;
3320 1835 3398 1889 sic
3433 1843 3489 1889 ct

201 1935 260 1983 et
305 1938 522 1981 menses
564 1929 620 1977 et
667 1917 797 1976 anni
836 1924 892 1973 et
935 1913 1190 1972 saeculum
1228 1919 1581 1985 peraguntur.
1624 1909 1790 1964 Inter.
1827 1912 1874 1972 Β
1898 1924 2150 1991 october,
2183 1924 2507 1994 November,
2539 1935 2703 1999 atque
2741 1925 3040 1984 December
3073 1942 3142 1981 ex
3177 1940 3404 1981 numero
3433 1933 3489 1977 ρι

201 2015 322 2087 Qua
347 2012 598 2072 ratione?
636 2009 793 2082 Resp.
833 2003 1171 2080 Epta[s'1r-rtit]
1202 2005 1346 2059 enim
1373 2001 1548 2058 (ἓνωεί
1583 2009 1790 2072 septem

202 2110 422 2174 dicunt;
445 2107 586 2162 hanc
606 2117 706 2180 nos
727 2100 1084 2175 septimanam
1105 2109 1383 2161 vocamus,
1406 2095 1561 2166 quasi
1584 2101 1791 2163 septem

204 2198 371 2255 iuees.
400 2196 534 2254 Nam
563 2209 715 2260 mene
741 2189 832 2246 lux
863 2198 967 2246 est.

274 2287 441 2343 Inter.
484 2285 636 2342 Unde
669 2279 968 2354 appellatur
995 2277 1114 2334 dies
1136 2276 1402 2334 octavus?
1437 2273 1592 2344 Resp.
1633 2271 1794 2329 Octa-

183 2397 304 2450 .vus
325 2388 508 2438 autem
533 2378 668 2444 dies,
700 2376 756 2431 id
781 2381 887 2442 est,
916 2372 1126 2444 primus
1151 2371 1220 2426 ad
1246 2384 1409 2442 quem
1431 2369 1656 2435 reditur,
1686 2374 1739 2423 et
1759 2381 1793 2421 a

203 2487 312 2544 quo
333 2485 525 2528 rursus
553 2465 869 2525 ebdomadis
896 2463 1068 2520 series
1091 2462 1286 2519 oritur.

273 2565 442 2621 Inter.
485 2559 688 2618 Mensis
711 2558 854 2614 unde
880 2553 1137 2612 vocatus?
1176 2551 1334 2623 Resp.
1366 2549 1566 2606 Mensis
1594 2561 1792 2604 nomen

203 2669 288 2716 est
314 2657 565 2713 Glaucum
587 2653 655 2707 de
679 2649 821 2705 luna:
844 2648 1060 2704 nomine
1083 2654 1334 2702 tractum.
1367 2642 1530 2698 Inter.
1561 2641 1796 2711 Quomo-

203 2751 316 2810 do?
344 2748 502 2820 Resp.
545 2745 696 2801 Luna
733 2742 877 2798 enim
911 2756 1060 2795 mene
1092 2735 1279 2812 {usus}.
1309 2735 1498 2792 Grazco
1545 2748 1795 2790 sermone

203 2854 446 2904 vocatur.
479 2841 637 2900 Unde
662 2849 719 2897 et
754 2840 896 2911 apud
921 2836 1160 2892 llebreos
1190 2848 1404 2890 menses
1431 2830 1658 2903 legitimi
1687 2843 1793 2886 non

205 2962 274 3004 ex
310 2945 441 3004 solis
473 2942 700 3008 circulo,
741 2940 837 2998 sed
882 2953 951 2994 e1
995 2937 1137 2994 lunte
1180 2950 1345 2996 cursu
1381 2938 1793 2998 enumerantur,

209 3036 351 3108 quod
389 3044 474 3093 est
496 3034 564 3090 de
593 3046 733 3087 nova
775 3029 842 3086 ad
881 3043 1094 3084 novam.
1141 3025 1384 3098 Egyptii
1421 3033 1600 3081 autem
1633 3022 1795 3095 primi

206 3133 430 3199 propter
455 3125 593 3180 luna:
617 3121 937 3179 velociorem
959 3133 1198 3183 cursum,
1222 3126 1278 3174 et
1307 3131 1374 3172 ne
1397 3130 1556 3172 error
1581 3128 1801 3184 compu-

207 3220 432 3278 tationis
467 3215 582 3286 ejus
617 3213 886 3282 velocitati
922 3210 1114 3286 [Isid.,
1148 3205 1454 3280 velocitate]
1489 3206 1793 3272 accideret,

1895 2017 2158 2074 imbribus
2194 2026 2516 2088 acceperunt
2552 2014 2835 2082 voeabula,
2873 2031 3031 2086 quem
3069 2029 3354 2071 numerum
3388 2014 3486 2070 de-

1895 2120 2204 2166 currentem
2251 2109 2546 2166 December
2596 2107 2745 2175 ﬁnit,
2795 2123 2894 2179 pro
2934 2122 3002 2163 eo
3031 2105 3188 2178 quod
3232 2106 3490 2162 denarius

1895 2215 2156 2257 numerus
2177 2200 2543 2273 praecedentes
2571 2214 2828 2257 numeros
2855 2198 3075 2256 claudit.

1967 2291 2134 2346 Inter.
2177 2290 2451 2357 Kalendae,
2489 2291 2655 2346 Nona:
2698 2298 2756 2346 et
2795 2289 2920 2347 ldus
2964 2304 3134 2361 quare
3180 2292 3488 2346 vocantur?

1896 2387 2048 2460 Resp.
2085 2387 2352 2442 Kalendas
2386 2395 2589 2454 autem,
2620 2385 2802 2442 Nonas
2831 2394 2887 2442 et
2925 2383 3049 2442 ldus
3072 2393 3292 2457 propter
3321 2384 3489 2440 festos

1895 2478 2011 2536 dies
2044 2479 2272 2535 Romani
2307 2478 2676 2544 instituerunt,
2721 2475 2806 2532 vel
2835 2467 3057 2549 propter
3084 2474 3257 2532 cilicia
3283 2474 3486 2548 magis-

1899 2579 2157 2626 tratuum.
2184 2569 2352 2625 Inter.
2375 2569 2495 2638 Qua
2526 2568 2775 2626 ratione?
2811 2568 2966 2640 Resp.
2993 2567 3051 2623 ln
3081 2567 3165 2624 his
3194 2567 3340 2623 enim
3368 2566 3488 2622 dic-

1894 2662 1998 2720 bus
2019 2663 2413 2720 conveniebant
2447 2663 2502 2717 in
2535 2660 2776 2718 urbibus.
2819 2657 2986 2715 Inter.
3031 2659 3141 2715 Cur
3182 2656 3491 2730 specialiter

1895 2754 2187 2810 nominatae
2204 2753 2370 2809 sunt?
2411 2751 2560 2824 Resp.
2593 2751 2825 2820 Quidam
2853 2760 3034 2808 autem
3055 2749 3324 2807 Kalendas
3346 2767 3374 2805 a
3397 2765 3490 2806 co-

1895 2846 2054 2902 lende
2077 2843 2338 2916 appellari
2378 2844 2710 2900 existimant.
2754 2844 2909 2918 Apud
2941 2852 3157 2901 veteres
3190 2843 3335 2900 enim
3375 2858 3491 2898 om-

1896 2936 2047 2993 nium
2071 2937 2342 2994 mensium
2369 2938 2634 3010 principia
2662 2939 3014 2996 colebantur:
3039 2938 3119 2995 sic
3147 2945 3202 2994 et
3223 2938 3364 3010 apud
3390 2937 3492 2993 lle-

1897 3028 2074 3086 brcos.
2106 3029 2228 3086 ldus
2271 3041 2452 3087 autem
2474 3031 2717 3103 plerique
2742 3031 3057 3088 Latinorum
3084 3029 3154 3085 ab
3178 3029 3385 3086 edendo
3407 3027 3491 3084 di—

1896 3133 2044 3186 ctum
2078 3128 2290 3193 putant,
2328 3122 2473 3191 quod
2515 3122 2571 3177 hi
2617 3122 2733 3179 dies
2777 3123 2920 3194 apud
2968 3129 3179 3179 veteres
3207 3120 3490 3193 epularum

1896 3222 2098 3272 essent.
2147 3213 2315 3271 Nona:
2354 3232 2386 3271 a
2433 3215 2686 3271 nondinis
2733 3223 2958 3271 vocatae.
3001 3213 3261 3270 Nondina:
3305 3220 3491 3270 autem

202 3327 277 3372 ex
309 3310 443 3368 solis
471 3324 635 3368 cursu
664 3307 806 3364 diem
843 3303 1048 3361 mensis
1087 3301 1492 3366 adinvenerunt,
1532 3314 1641 3370 quo
1681 3305 1792 3353 tar-

1894 3314 2021 3364 sunt
2043 3306 2270 3378 publica:
2292 3309 2678 3365 conventioncs
2701 3323 2793 3365 seu
2827 3307 3204 3366 mercimonia.

206 3406 326 3465 dior
345 3402 473 3462 solis
495 3409 673 3458 motus
699 3397 910 3458 facilius
933 3402 1146 3468 poterat
1167 3391 1570 3463 comprehendi.

276 3497 446 3554 Inter.
481 3493 771 3552 Januarius
810 3505 978 3562 quare
1005 3488 1274 3546 vocatur?
1309 3485 1466 3559 Resp.
1502 3483 1795 3542 Ianuarius

118 3651 120 3653 _
205 3590 410 3646 mensis
437 3603 468 3643 a
489 3585 628 3644 Jano
646 3593 731 3642 est
760 3585 958 3650 dictus,
989 3580 1083 3652 qui
1110 3579 1212 3636 fuit
1232 3595 1261 3634 a
1288 3577 1577 3650 gentilibus
1597 3577 1647 3633 ei
1668 3591 1796 3633 con-

205 3678 587 3738 secratuszvcl
613 3679 737 3750 quia
771 3677 926 3732 limes
957 3685 1010 3732 et
1038 3676 1206 3748 ianua
1243 3674 1314 3730 sit
1351 3673 1500 3729 anni.
1548 3672 1698 3730 Unde
1739 3681 1794 3728 et

206 3768 413 3826 bifrons
434 3769 574 3823 idem
605 3767 776 3824 Janus
804 3766 1060 3837 pingitur,
1091 3770 1152 3820 ut
1176 3764 1427 3820 introitus
1450 3763 1576 3818 anni
1597 3770 1652 3819 et
1679 3761 1794 3820 exi-

207 3870 294 3918 tus
320 3859 741 3916 demonstretur.

280 3949 443 4005 Inter.
485 3949 810 4004 Februarius
829 3950 968 4003 unde
993 3945 1325 4018 appellatur?
1362 3944 1518 4018 Resp.
1552 3946 1792 4001 Februa-

205 4045 322 4100 rius
355 4052 700 4115 nuncupatur
728 4059 758 4097 a
796 4043 1000 4098 Februa
1027 4042 1312 4115 [Februo],
1341 4042 1394 4098 id
1417 4051 1515 4108 est,
1546 4042 1790 4109 Plutone,

206 4138 295 4192 cui
321 4152 388 4192 eo
412 4150 596 4191 mense
619 4134 1041 4192 sacriﬁcabatur.
1067 4134 1202 4188 Nam
1227 4133 1540 4189 Januarium
1567 4134 1671 4190 diis
1697 4151 1791 4190 su-

207 4228 382 4297 peris;
415 4225 764 4281 Februarium
793 4225 897 4279 diis
931 4224 1171 4282 Manibus
1194 4225 1418 4282 Ruinam
1443 4241 1796 4281 consecrave-

207 4325 354 4374 runt.
395 4317 536 4388 Ergo
558 4315 882 4373 Februarius
908 4330 936 4368 a
963 4314 1189 4379 Februa,
1218 4315 1267 4370 id
1289 4325 1390 4382 est,
1416 4315 1659 4382 Plutone,
1687 4331 1793 4372 non

209 4424 239 4464 a
259 4409 428 4475 febre,
460 4410 601 4480 quod
627 4418 711 4462 est
739 4404 1018 4479 mgritudo,
1047 4407 1374 4464 nominatur.

281 4496 449 4553 Inter.
491 4498 714 4554 Martius
737 4498 875 4552 unde
897 4496 1416 4570 appellalttr?°nesp.
1453 4499 1674 4556 Martius
1701 4516 1795 4572 ap-

209 4592 437 4664 pellatus
466 4599 552 4646 est
590 4603 809 4662 prepter
846 4589 1066 4644 Martem
1110 4589 1364 4645 Romanae
1397 4592 1570 4661 gentis
1608 4605 1796 4647 aucto-

211 4700 325 4741 rem
347 4700 362 4738 :
386 4685 470 4740 vel
494 4685 636 4756 quod
661 4698 728 4738 eo
754 4692 994 4754 tempore
1018 4691 1210 4739 cuncta
1239 4683 1531 4739 animantia
1561 4694 1792 4758 agantur

211 4779 278 4833 ad
301 4791 524 4841 marem,
552 4785 608 4832 et
634 4775 702 4830 ad
731 4775 1120 4831 concumbendi
1152 4775 1494 4846 voluptatem.

280 4867 448 4923 Inter.
487 4867 765 4936 Quomodo
803 4866 959 4920 aliter
983 4866 1253 4920 vocatur?
1293 4865 1443 4936 Resp.
1477 4865 1792 4937 Appellantur

209 4970 390 5018 autem
431 4962 572 5016 idem
610 4970 664 5016 et
697 4960 894 5016 Mensis
931 4975 1212 5024 novorum,
1259 4961 1385 5028 quia
1424 4963 1550 5016 anni
1581 4963 1790 5018 initium

210 5056 412 5112 mensis
447 5065 531 5111 est
565 5054 817 5120 Martius;
854 5052 994 5108 idem
1038 5061 1094 5108 et
1137 5052 1439 5109 November
1476 5054 1542 5109 ab
1584 5053 1795 5111 indiciis

211 5147 413 5204 scilicet
445 5146 766 5217 germinum,
801 5145 926 5214 quia
962 5144 1016 5199 in
1047 5159 1112 5199 eo
1143 5143 1498 5199 viridantibus
1532 5143 1794 5201 fructibus

211 5242 385 5306 novis,
410 5247 802 5295 tranSactorum
829 5236 1088 5309 probatur
1113 5251 1356 5291 occasus.

283 5330 448 5386 Inter.
489 5330 698 5402 Aprelis
720 5328 831 5402 [Ita
853 5326 994 5400 ουτω
1017 5327 1157 5383 unde
1175 5327 1412 5382 dicitur?
1436 5325 1589 5398 Resp.
1624 5326 1796 5397 Atre-

212 5423 280 5480 lis
313 5423 458 5478 enim
501 5434 601 5493 pro
647 5435 843 5476 venere
887 5418 1104 5483 dicitur,
1146 5417 1301 5489 quasi
1344 5416 1582 5487 afrondis
1618 5415 1788 5488 [lsid.,

211 5511 516 5587 Aphrodis].
542 5510 706 5568 Inter.
729 5510 1045 5580 Quomodo?
1064 5509 1220 5582 Resp.
1243 5509 1428 5565 Graece
1439 5509 1583 5567 enim
1600 5510 1791 5580 Afran-

212 5605 296 5662 δὴ
324 5604 506 5679 [Isid.,
529 5603 814 5681 ‘Appodirnl
842 5603 1022 5660 Venus
1051 5602 1250 5658 dicitur
1280 5621 1290 5655 :
1324 5601 1408 5658 vel
1446 5603 1571 5674 quia
1605 5603 1658 5658 in
1688 5604 1792 5658 hoc

215 5712 399 5753 mense
419 5696 596 5752 omnia
618 5695 930 5766 aperiuntur
958 5695 1011 5749 in
1041 5692 1244 5756 ﬂorem,
1270 5695 1424 5763 quasi
1455 5693 1689 5763 aperilis.

287 5785 456 5842 Inter.
498 5785 669 5842 Maius
697 5785 836 5840 unde
862 5784 1126 5839 vocatur?
1159 5781 1312 5852 Resp.
1354 5781 1522 5838 Maius
1545 5783 1722 5838 dictus
1759 5798 1789 5836 a

219 5880 352 5936 “aia
377 5888 548 5936 matre
571 5877 817 5934 Mercurii
843 5897 852 5929 :
882 5877 963 5933 vel
985 5893 1013 5932 a
1039 5875 1330 5948 majoribus
1350 5883 1501 5942 natu,
1527 5874 1791 5945 quierant

1966 3398 2133 3464 Inter.
2181 3399 2516 3456 Solestitium
2565 3415 2732 3472 quare
2775 3401 3026 3458 dicitttr?
3069 3400 3222 3472 Resp.
3265 3400 3491 3458 Solesti-

1894 3492 2033 3548 tium
2061 3492 2267 3548 dictum
2293 3493 2450 3562 quasi
2479 3493 2609 3550 solis
2637 3492 2821 3560 statio,
2851 3493 2994 3563 quod
3019 3500 3148 3548 tunc
3174 3493 3287 3548 sole
3311 3501 3490 3548 stante

1895 3592 2148 3639 crescant
2176 3582 2293 3638 dies
2326 3583 2408 3638 vel
2441 3594 2650 3639 noctes.
2755 3571 2758 3574 λ

1965 3671 2132 3728 Inter.
2172 3671 2352 3742 Quare
2391 3673 2591 3729 dicitur
2624 3674 3050 3746 aequinoctium?
3089 3673 3244 3746 Resp.
3292 3673 3486 3745 [Equi

1895 3764 2135 3819 noctium
2157 3761 2480 3834 appellatum
2510 3773 2614 3832 est,
2651 3765 2795 3834 quod
2817 3773 2945 3820 tunc
2967 3763 3086 3821 dies
3112 3775 3163 3820 et
3192 3781 3296 3822 nox
3325 3767 3486 3822 hora-

1895 3870 2014 3910 rum
2040 3855 2215 3927 spatio
2237 3853 2430 3926 aequali
2452 3856 2778 3912 consistunt.

1965 3943 2132 4000 Inter.
2159 3944 2434 4002 Solestitia
2453 3957 2584 4018 quot
2603 3947 2765 4003 sunt?
2790 3946 2947 4003 Resp.
2969 3947 3105 4004 Duo.
3133 3947 3297 4004 Inter.
3321 3947 3488 4018 Quae?

1895 4034 2047 4109 Resp.
2080 4036 2257 4094 Unum
2283 4039 2527 4093 testivum
2561 4047 2754 4095 octavo
2795 4036 3157 4095 Kalendarum
3192 4039 3483 4108 Iuliarum,

1895 4130 1960 4185 dc
1987 4145 2095 4200 quo
2114 4141 2356 4201 tempore
2383 4135 2629 4189 remeare
2653 4130 2733 4188 sol
2760 4133 2828 4187 ad
2855 4129 3139 4188 inferiores
3173 4132 3360 4204 incipit
3381 4133 3486 4189 cir-
3555 4177 3558 4180 .

1893 4223 2060 4278 culos.
2107 4221 2266 4276 Aliud
2296 4222 2530 4280 hiemale
2565 4231 2758 4279 octavo
2789 4221 2904 4278 Kal.
2944 4222 3064 4278 Jan.
3104 4241 3211 4295 quo
3246 4233 3486 4294 tempore
3553 4274 3559 4280 .

1894 4314 1972 4371 sol
1999 4315 2219 4371 altiores
2241 4315 2428 4386 incipit
2459 4315 2690 4372 circulos
2717 4325 2924 4386 petere.
2964 4315 3119 4372 Unde
3148 4325 3203 4373 et
3237 4317 3486 4375 hiemalis

1895 4410 2142 4466 solcstitii
2176 4409 2291 4465 dies
2328 4408 2608 4476 minimus,
2643 4410 2783 4465 sicut
2819 4411 2990 4466 mstivi
3031 4410 3298 4468 maximus
3338 4410 3488 4468 invc-
3540 4455 3542 4457 -

1895 4501 2059 4556 nitur.

1964 4590 2129 4646 Inter.
2178 4590 2523 4661 quuinoctia
2560 4598 2694 4662 quot
2735 4594 2901 4647 sunt?
2943 4591 3101 4664 Resp.
3141 4593 3272 4649 Duo.
3315 4591 3480 4651 Inter.

1893 4683 2064 4750 Qum?
2098 4682 2250 4752 Resp.
2295 4681 2471 4737 Unum
2495 4683 2732 4747 vernale,
2758 4693 2812 4739 et
2838 4685 2981 4740 aliud
3011 4687 3338 4752 autumnale,
3363 4702 3485 4758 quae

1892 4775 2062 4830 Gnaei
2099 4772 2337 4828 Isitnrias
2366 4772 2678 4850 [ἰσημερίας]
2705 4785 2919 4831 vocant.
2967 4775 3134 4831 Inter.
3166 4776 3293 4834 Htcc
3315 4778 3484 4849 tequi-

1894 4867 2074 4922 noctia
2104 4882 2212 4935 quo
2239 4875 2477 4937 tempore
2509 4867 2686 4922 fiunt?
2724 4867 2878 4938 Resp.
2905 4869 3083 4926 Unum
3109 4882 3191 4926 est
3225 4873 3310 4928 die
3335 4883 3485 4929 octa-

1894 4973 1963 5013 vo
2001 4957 2118 5012 Kal.
2154 4958 2438 5027 Aprilium.
2479 4958 2723 5013 Alterum
2765 4976 2893 5014 vero
2935 4972 3124 5017 octavo
3164 4962 3485 5021 Καὶ-Θειο-

1893 5049 2092 5114 brium,
2117 5050 2242 5120 quia
2271 5064 2444 5103 annus
2470 5049 2597 5104 olim
2633 5051 2687 5104 in
2718 5050 2851 5107 duas
2881 5060 3092 5108 tantum
3132 5064 3314 5126 partes
3348 5037 3486 5113 divi-

1895 5138 2141 5205 debatur,
2169 5140 2274 5195 hoc
2301 5148 2405 5204 est,
2438 5141 2492 5195 in
2521 5142 2769 5196 aestivum
2801 5151 2856 5198 et
2883 5143 2937 5198 in
2979 5145 3237 5214 hiemale;
3273 5149 3485 5205 solesti-

1894 5230 2028 5285 tium
2057 5230 2113 5284 in
2141 5229 2248 5286 duo
2276 5230 2620 5300 emispheria.

1965 5319 2130 5375 Inter.
2170 5319 2309 5374 Anni
2355 5330 2596 5390 tempora
2642 5330 2772 5390 quot
2818 5324 2979 5378 sunt?
3017 5324 3169 5398 Resp.
3219 5326 3483 5396 Quatuor.

1895 5410 2060 5468 Inter.
2094 5411 2260 5479 Qua)?
2294 5410 2446 5480 Resp.
2465 5411 2721 5467 (Primum
2741 5422 2826 5467 est
2844 5431 2958 5478 ver,
2985 5418 3280 5474 secundum
3302 5430 3481 5489 aestas,

1895 5505 2111 5559 tertium
2156 5513 2464 5568 autumnus,
2504 5512 2558 5558 et
2593 5513 2842 5574 quartum
2878 5507 3068 5562 hiems.
3118 5510 3284 5568 Inter.
3331 5513 3485 5572 Unde

1892 5595 2142 5651 dicuntur
2165 5595 2445 5665 tempora?
2480 5593 2636 5668 Resp.
2674 5595 2828 5652 Dicta
2865 5607 2992 5654 sunt
3028 5610 3208 5656 autem
3239 5611 3482 5676 tempora

1892 5703 1923 5741 a
1960 5686 2352 5742 communionis
2391 5694 2833 5758 temperamento,
2867 5693 3008 5759 quod
3042 5691 3270 5747 invicem
3301 5710 3360 5750 se
3388 5697 3485 5751 htt-

1893 5792 2058 5840 more,
2092 5777 2355 5842 siccitate,
2393 5776 2592 5842 calore,
2628 5787 2682 5831 et
2718 5777 2914 5849 frigore
2946 5790 3266 5852 temperent.
3316 5783 3480 5840 Inter.

1894 5869 2169 5939 Quomodo
2200 5870 2353 5926 aliter
2381 5872 2681 5927 vocantur?
2715 5871 2860 5944 Resp.
2899 5874 3156 5929 Dicuntur
3183 5877 3324 5932 enim
3355 5894 3480 5932 cur-
