4090 6508
592 322 732 383 "I9

1408 323 1473 382 ll.
1513 324 1577 382 F.
1620 323 1846 381 ALBINI
1887 323 2019 382 SEU
2062 323 2341 382 ALCL'INI
2379 324 2670 384 OPERL’M
2710 325 2893 386 PARS
2934 325 3065 387 Vlll.

3744 332 3895 390 “'20

590 432 786 501 sicula,
818 432 945 507 quia
981 447 1091 492 non
1124 439 1292 503 stant,
1331 431 1429 491 sed
1452 444 1704 491 currunt.
1746 433 1913 491 Inter.
1947 434 2065 504 Qua
2095 450 2188 492 ra-
2221 444 2269 504 Α
2299 453 2429 506 an,
2473 446 2572 496 aut
2602 439 2927 510 solstitialis,
2965 448 3057 517 qui
3096 447 3341 503 continet
3388 464 3462 504 xu
3512 465 3744 515 menses,
3792 463 3897 510 aut

588 525 780 585 ιιωοι
812 522 970 598 Resp.
1005 524 1235 584 Constat
1255 533 1439 583 autem
1457 533 1584 599 post
1610 523 1811 585 factum
1838 526 2098 582 mundum
2117 540 2187 580 ex

588 613 852 690 qualitate
877 632 1076 676 cursus
1099 624 1250 685 solis,
1273 628 1517 691 tempora
1542 618 1596 676 in
1619 626 1805 676 tentes
1822 634 2038 676 menses
2058 616 2191 677 fuis-

588 722 653 768 se
686 708 880 778 divisa,
911 722 1144 782 quorum
1166 721 1471 784 temporum
1497 711 1657 768 talem
1681 720 1893 769 veteres
1912 711 2190 767 discretio-

588 814 716 861 nem
736 798 965 868 faciunt,
992 810 1054 859 ut
1080 803 1317 874 primum
1338 817 1580 861 mensem
1611 819 1708 863 ver
1736 818 1938 861 novum
1964 803 2187 868 dicitur,

585 892 888 952 secundum
940 891 1206 961 adultum,
1258 895 1479 951 tertium
1521 910 1652 951 vero
1690 910 1951 967 preceps.
1993 894 2086 950 Sic
2132 902 2190 948 ct

587 991 752 1041 astas
778 983 832 1039 in
859 985 975 1040 suis
997 983 1173 1041 tribus
1200 985 1479 1042 mensibus
1513 1001 1671 1052 nova,
1713 985 1919 1049 adulta,
1959 995 2014 1041 et
2053 1002 2187 1057 pnn-

586 1087 738 1146 ceps.
787 1073 921 1132 item
949 1076 1124 1132 hiems
1152 1092 1313 1142 nova,
1341 1077 1546 1145 adulta,
1568 1086 1624 1135 et
1647 1094 1905 1151 praeceps,
1940 1078 2054 1133 sive
2086 1093 2183 1133 es-

589 1177 786 1225 trema.
828 1166 984 1228 Unde
1021 1180 1075 1226 et
1109 1178 1192 1225 est
1226 1170 1355 1226 illud
1384 1192 1394 1223 :
1423 1162 1817 1226 Extrcme'sub
1849 1185 1980 1226 casu
2013 1169 2187 1227 hiems

588 1252 776 1331 (Isid,
802 1266 1065 1315 extrema:
1088 1258 1192 1316 sub
1214 1274 1400 1317 casum
1432 1258 1670 1333 hiemis].

661 1347 825 1406 Inter.
872 1350 979 1407 Ver
1006 1353 1151 1410 unde
1178 1351 1523 1425 appellatur?
1562 1352 1713 1427 Resp.
1752 1355 1858 1410 Ver
1892 1365 2073 1411 autem
2101 1355 2184 1411 dic

584 1451 755 1511 dum,
784 1443 932 1516 quod
968 1445 1125 1502 viret.
1175 1444 1328 1504 ‘l'unc
1352 1447 1500 1503 enim
1532 1455 1657 1519 post
1683 1446 1919 1503 hiemem
1956 1447 2184 1504 vcsti:ur

585 1531 747 1592 tellus
771 1534 974 1602 herbis,
1000 1538 1138 1593 etin
1160 1534 1347 1595 liorem
1376 1542 1575 1594 cuncta
1603 1547 1945 1610 rumpuntur.

659 1623 825 1682 Inter.
875 1623 1064 1683 A-Jstas
1109 1628 1251 1684 unde
1289 1626 1533 1683 dicitur?
1567 1626 1719 1698 Resp.
1766 1626 1953 1685 istas
1989 1629 2186 1686 dicitur

584 1719 657 1776 ab
681 1727 836 1786 aestu,
868 1718 923 1775 id
954 1728 1040 1777 est
1063 1735 1094 1775 a
1121 1719 1337 1785 calore;
1367 1728 1603 1779 aestas
1626 1721 1782 1793 quasi
1814 1728 1983 1780 ustas.
2016 1720 2071 1778 id
2097 1728 2182 1778 est

581 1819 778 1869 exusta
801 1820 857 1868 et
877 1812 1049 1870 arida.
1078 1810 1215 1869 Nam
1240 1810 1393 1870 calor
1416 1814 1601 1871 aridus
1624 1822 1729 1871 est.

657 1905 824 1964 Inter.
866 1905 1177 1963 Autumnus
1203 1906 1347 1964 unde
1382 1907 1731 1980 appellatur?
1763 1906 1918 1979 Resp.
1956 1908 2184 1965 Autum-

588 2013 693 2056 nus
721 2016 753 2056 a
781 2008 1107 2072 tempestate
1139 2008 1385 2065 vocatus,
1423 2001 1642 2071 quando
1678 2010 1735 2058 et
1770 2002 1896 2059 folia
1929 2002 2183 2060 arborum

584 2090 806 2157 cadunt,
830 2100 885 2147 et
907 2092 1092 2148 omnia
1120 2100 1516 2149 maturescunt.

658 2177 826 2259 Inter.
860 2178 1045 2240 Hiems
1066 2196 1238 2255 quare
1261 2181 1499 2239 dicitur?
1532 2181 1687 2253 Resp.
1722 2182 1909 2241 Hiems
1935 2194 2021 2242 est
2046 2187 2186 2242 ratio

585 2271 849 2332 emisferii
894 2282 1205 2347 nuncupata
1244 2271 1402 2346 [Isid.
1447 2271 1691 2330 Hicmem
1734 2285 1915 2332 autem
1949 2278 2089 2333 ratio

588 2364 966 2440 nuncupavit].
1000 2363 1167 2422 Inter.
1201 2363 1527 2435 Quomodo?
1565 2363 1721 2437 Resp.
1749 2365 1887 2434 Quia
1916 2376 2043 2423 tunc
2064 2365 2186 2423 breo

587 2458 727 2515 viori
761 2458 989 2514 solvitur
1013 2455 1174 2532 [ιείά.
1217 2455 1474 2530 volvitur]
1509 2456 1733 2515 circulo.
1784 2458 1936 2515 Unde
1984 2466 2039 2514 ct
2080 2458 2185 2514 hoc

588 2558 804 2625 tempus
834 2551 1026 2608 bruma
1061 2549 1280 2615 dicitur,
1312 2550 1466 2621 quasi
1499 2548 1691 2606 braxin
1729 2547 1913 2622 [Isid.,
1949 2560 2185 2626 ιιριχιῑα

588 2644 797 2723 ipipa],
825 2645 879 2702 id
898 2652 981 2701 cst
1007 2643 1187 2701 brevis
1212 2662 1225 2698 :
1251 2642 1333 2699 vel
1362 2660 1392 2699 a
1417 2644 1561 2711 cibo,
1587 2642 1733 2716 quod
1762 2640 1936 2715 major
1961 2645 2033 2697 sit
2059 2652 2186 2698 tunc

585 2736 841 2795 vescendi
879 2736 1169 2811 appetitus.
1212 2735 1376 2791 Inter.
1415 2735 1531 2804 Qua
1571 2735 1816 2792 ratione?
1853 2734 2007 2807 Resp.
2050 2734 2189 2791 Eia.

587 2830 727 2887 citas
754 2830 902 2888 enim
944 2829 1132 2888 Graece
1169 2828 1355 2885 brsnta
1387 2828 1708 2901 appellatur.
1746 2828 1900 2885 Unde
1924 2838 1977 2884 ct
2006 2828 2190 2886 iners.

591 2922 722 2980 etuti
749 2921 1026 2988 dicuntur,
1047 2919 1249 2992 quibus
1273 2918 1554 2976 fastidium
1576 2929 1661 2977 est
1686 2918 1952 2976 ciborum.

662 3012 831 3070 Inter.
871 3011 1142 3071 Hibernas
1174 3026 1343 3084 quare
1382 3014 1456 3069 ita
1492 3013 1758 3070 vocatur?
1795 3012 1950 3085 Resp.
1994 3010 2188 3069 Hiber-

589 3119 696 3163 aus
718 3111 898 3161 autem
937 3104 1081 3161 inter
1111 3103 1345 3161 hiemem
1375 3112 1432 3160 et
1457 3118 1707 3170 vernum,
1736 3105 1888 3175 quasi
1928 3103 2187 3159 hit-cruos

2289 538 2518 599 magnus
2553 528 2806 587 omnibus
2843 532 3074 602 planetis
3108 535 3161 588 in
3197 535 3445 593 eumdem
3483 535 3659 595 locum
3697 553 3894 597 iecur-

2286 616 2550 680 rentibus.
2578 620 2724 693 quod
2755 621 2815 677 lit
2835 632 2957 694 post
2979 641 3151 682 annos
3184 626 3499 685 solstitiales
3524 628 3810 700 plurimos.

2359 709 2526 766 Inter.
2569 712 2711 782 Quid
2733 723 2819 772 est
2842 732 2974 783 tera,
3002 718 3087 774 vel
3111 717 3235 790 quis
3258 735 3322 775 ea
3352 721 3681 779 constituit?
3717 721 3884 795 Resp.

2283 795 2420 859 Era
2466 801 2800 875 singulorum
2842 821 3108 864 annorum
3144 816 3228 865 est
3261 811 3553 869 constituta
3588 828 3623 869 a
3664 813 3887 871 mare

2284 889 2551 963 Augusto,
2594 896 2810 965 quando
2857 899 3096 968 primum
3142 916 3306 957 censu
3357 906 3634 975 exagitato
3688 902 3881 978 μία..

2286 994 2508 1037 censum
2536 985 2742 1058 exegit,
2770 987 2859 1060 ac]
2889 987 3192 1047 Romanum
3218 992 3408 1049 orbem
3432 996 3732 1067 descripsit.
3786 994 3887 1052 In-

2284 1081 2380 1126 ter.
2432 1073 2586 1131 Unde
2619 1078 2822 1132 dicitur
2857 1081 3010 1135 tera?
3045 1080 3201 1153 Resp.
3246 1079 3398 1139 Dicta
3436 1093 3521 1141 est
3553 1095 3733 1143 autem
3768 1101 3883 1143 era

2286 1178 2351 1218 es
2391 1180 2481 1231 eo,
2523 1169 2670 1238 quod
2712 1169 2892 1227 omnis
2935 1170 3083 1226 orbis
3117 1187 3193 1228 aes
3227 1174 3457 1231 reddere
3490 1173 3767 1234 Drofessus
3798 1188 3891 1232 est

2284 1254 2617 1324 reipublicae.

2353 1346 2524 1420 ω
2546 1347 2708 1404 Inter.
2734 1349 2995 1423 Olimpias
3016 1352 3159 1409 unde
3170 1354 3407 1410 dicitur?
3429 1351 3585 1427 Resp.
3616 1355 3887 1430 Olitnp’as

2286 1440 2427 1509 apud
2460 1438 2681 1496 ϐιαιως
2709 1448 2793 1496 est
2819 1443 3115 1499 constituta
3142 1444 3283 1516 apud
3306 1443 3511 1501 Elidem
3532 1445 3754 1502 Graiae
3802 1448 3885 1503 ci-

2287 1532 2515 1587 vitatem
2562 1530 2693 1587 Eliis
2738 1532 3024 1602 agentibus
3076 1547 3307 1603 agonem
3357 1543 3417 1591 et
3462 1535 3881 1608 quinquennale

2284 1630 2587 1689 certamen,
2611 1632 2847 1695 quatuor
2864 1624 3057 1680 mediis
3082 1623 3243 1681 annis
3284 1626 3643 1692 vacantibus;
3692 1635 3749 1682 et
3810 1628 3887 1685 ob

2287 1710 2391 1769 hoc
2420 1712 2632 1770 Elidum
2660 1713 2979 1772 certaminis
3007 1723 3221 1787 tempus
3265 1715 3613 1788 olimpiadem
3651 1733 3888 1783 vocave-

2212 1804 2260 1867 B
2289 1814 2435 1873 runt,
2491 1808 2851 1878 quadriennio
2899 1810 2955 1866 in
2993 1825 3102 1867 una
3128 1810 3419 1883 olimpiade
3456 1822 3765 1886 supputato.

2359 1900 2527 1957 Inter.
2555 1900 2697 1971 Quid
2718 1912 2804 1958 est
2824 1902 3090 1960 lustrum?
3112 1902 3270 1976 Resp.
3300 1903 3552 1963 Lustrum
3581 1916 3666 1963 est
3689 1919 3888 1979 pente-

2287 1992 2439 2057 tesis,
2494 1991 2546 2047 id
2576 2001 2682 2059 est,
2718 1996 3169 2065 quinquennium,
3198 1996 3344 2067 quod
3369 1996 3560 2069 quinto
3581 2012 3729 2052 anno
3751 1998 3884 2056 dici-

2288 2092 2377 2136 tur
2429 2082 2589 2139 condi
2643 2093 2870 2155 propter
2915 2084 3234 2155 olimpiades
3283 2101 3312 2140 a
3359 2086 3637 2144 Romanis.
3690 2088 3877 2145 Adhuc

2286 2172 2433 2227 enim
2458 2171 2742 2239 consules;
2773 2171 2951 2229 adhuc
2984 2189 3094 2229 non
3117 2182 3237 2229 erat
3258 2189 3387 2229 mra.
3424 2175 3522 2233 Est
3548 2179 3699 2233 enim
3725 2181 3887 2250 quin-

2285 2258 2561 2331 quennale
2591 2268 2824 2331 tempus.
2869 2259 3039 2317 Inter.
3098 2262 3281 2332 Quare
3304 2263 3379 2319 ita
3412 2268 3670 2322 vocatur?
3721 2266 3886 2340 Resp.

2287 2350 2414 2407 lico
2445 2351 2592 2408 enim
2623 2351 2702 2407 sic
2727 2360 2973 2419 vocatur,
3022 2367 3092 2408 eo
3141 2356 3287 2425 quod
3320 2371 3488 2412 censu
3516 2372 3680 2428 super
3722 2361 3892 2430 quin-

2287 2443 2587 2512 quennium
2641 2442 2698 2498 in
2751 2441 3026 2514 republica
3065 2454 3289 2515 peracto
3329 2447 3459 2503 urbs
3480 2446 3650 2504 Roma
3683 2448 3889 2507 lustra.

2290 2532 2465 2589 batur.

2360 2620 2534 2676 Inter.
2591 2619 2847 2680 Iubcleus
2898 2626 3028 2698 quid
3058 2627 3485 2700 interprelatur?
3513 2628 3665 2703 Resp.
3696 2631 3888 2689 luter-

2288 2720 2537 2784 pretatur
2557 2715 2703 2770 enim
2730 2717 3065 2773 remissionis
3087 2733 3281 2774 annus.
3334 2718 3433 2776 Est
3476 2720 3624 2777 cnim
3648 2720 3887 2781 Hebrai-

2291 2819 2390 2860 cus
2426 2810 2485 2860 et
2529 2821 2710 2862 sermo
2748 2816 2804 2864 et
2831 2823 3110 2876 numerus,
3165 2810 3259 2880 qui
3310 2815 3553 2883 septenis
3605 2829 3883 2872 annorum

2289 2894 2697 2964 ebdomadibus,
2756 2899 2810 2954 id
2858 2908 2961 2965 est,
3009 2914 3077 2957 at.
3138 2910 3196 2959 et
3240 2916 3295 2960 ts
3358 2904 3518 2960 annis
3566 2906 3792 2973 texitur,
3827 2910 3875 2962 in

2291 2985 2489 3057 quibus
2545 2989 2935 3061 elangebantur
2989 2992 3149 3059 tubae,
3204 3003 3262 3049 et
3300 2994 3369 3050 ad
3411 3011 3605 3053 omnes
3640 3010 3884 3055 reverte-

2294 3076 2456 3133 batur
2489 3081 2712 3152 antiqua
2748 3085 3041 3154 possessio,
3100 3086 3283 3143 debita
3333 3088 3781 3159 absolvebantur,
3833 3106 3890 3150 et

590 3193 779 3273 [ιδιά.
824 3193 1177 3269 hycvernus],
1227 3196 1321 3265 qui
1374 3166 1772 3267 plerumquea
1818 3204 1974 3268 parte
2016 3204 2185 3251 totum

2293 3170 2758 3227 conﬁrmabantur
2812 3173 3109 3232 libertates.
3163 3176 3320 3235 Hunc
3382 3196 3670 3238 numerum
3715 3185 3891 3242 etiam

591 3287 827 3348 hiemem
852 3287 1147 3360 signiﬁcat.
1192 3287 1360 3342 Inter.
1396 3286 1521 3343 litec
1550 3296 1792 3360 tempora
1818 3288 1906 3343 cui
1935 3288 2194 3361 deputan-

591 3378 728 3434 tur?
766 3374 924 3449 Resp.
965 3375 1330 3434 Ascribuntur
1353 3377 1498 3432 enim
1527 3376 1754 3447 singulis
1775 3376 2019 3447 partibus
2043 3375 2187 3431 cceli.

594 3468 761 3527 Inter.
808 3469 1132 3539 Quomodo?
1177 3467 1331 3542 Resp.
1376 3469 1484 3525 Ver
1519 3468 1721 3541 quippe
1757 3469 1959 3524 orienti
1997 3469 2188 3533 datur,

593 3564 722 3633 quia
753 3570 880 3618 tunc
903 3577 971 3618 ex
1003 3561 1164 3619 torris
1185 3560 1367 3618 omnia
1391 3561 1662 3617 oriuntur.
1710 3560 1895 3618 Estas
1917 3576 2047 3616 vero
2077 3577 2191 3617 mc-

596 3655 829 3721 ridiano,
869 3669 935 3710 co
983 3653 1130 3727 quod
1174 3670 1304 3725 pars
1348 3650 1468 3723 eius
1504 3654 1687 3710 calore
1732 3653 2051 3725 ﬂagrantior
2097 3655 2188 3707 sit.

596 3745 783 3805 Hiems
817 3746 1212 3819 septemtrioni,
1244 3761 1314 3804 eo
1340 3746 1487 3818 quod
1516 3746 1809 3818 frigoribus
1844 3756 1900 3800 ct
1931 3753 2193 3816 perpetuo

596 3841 720 3914 gelu
743 3848 940 3912 torpet.
973 3839 1281 3895 Autumnus
1303 3837 1553 3903 occiduo,
1576 3846 1801 3910 prepter
1824 3835 1967 3907 quod
1998 3851 2194 3907 graves

597 3934 819 3994 morbos
845 3934 1032 3990 habet.
1083 3931 1238 3992 Unde
1272 3941 1329 3989 et
1370 3940 1498 3988 tunc
1536 3933 1720 3987 omnia
1766 3928 1892 3986 folia
1940 3930 2194 3984 arborum

598 4025 862 4087 deﬂuunt.
907 4027 976 4084 Ut
1005 4036 1187 4083 autem
1217 4035 1511 4082 autumnus
1534 4023 1771 4079 abundet
1801 4021 2027 4085 morbis,
2066 4020 2195 4078 facit

600 4120 1019 4181 bocconiluium
1044 4119 1263 4193 frigoris
1292 4128 1348 4175 et
1368 4118 1565 4175 caloris
1594 4126 1648 4175 et
1676 4115 2096 4189 compuguamia
2120 4116 2198 4171 in.

601 4226 689 4273 tra
707 4230 771 4273 se
794 4215 1194 4273 contrariorum
1216 4230 1421 4271 acrum.

679 4307 845 4364 Inter.
884 4308 1075 4364 Annus
1100 4306 1230 4378 quid
1262 4307 1387 4362 cst?
1425 4304 1580 4376 Resp.
1616 4305 1807 4361 Annus
1830 4312 1915 4360 est
1943 4303 2072 4359 solis
2100 4318 2197 4357 au-

604 4401 829 4465 Iractos,
854 4416 977 4459 cum
1006 4400 1243 4473 peractis
1272 4409 1354 4455 ter
1388 4409 1608 4456 centum
1642 4398 1920 4469 sexaginta
1958 4398 2198 4466 quinque

604 4494 797 4552 diebus
818 4493 887 4550 ad
915 4495 1105 4549 eadem
1130 4491 1247 4548 loca
1270 4492 1505 4547 siderum
1536 4489 1694 4547 redit.
1730 4488 1894 4544 Inter.
1939 4485 2089 4544 Unde
2114 4486 2199 4541 di-

604 4587 749 4645 citur
771 4584 992 4642 annos?
1021 4583 1177 4657 Resp.
1205 4582 1395 4641 Annus
1419 4582 1596 4639 dictus
1620 4590 1724 4647 est,
1752 4579 1878 4652 quia
1918 4578 2193 4635 mensibus

606 4681 665 4737 lu
692 4695 753 4738 se
774 4677 1178 4736 recurrentibus
1205 4676 1458 4735 volvitur.
1496 4674 1655 4733 Unde
1681 4683 1738 4729 et
1759 4673 2010 4737 annulus,
2035 4671 2192 4743 quasi

605 4783 839 4836 annuus,
869 4767 925 4825 id
943 4775 1049 4835 est,
1077 4766 1337 4830 circulus,
1363 4766 1585 4839 quodin
1615 4780 1675 4822 se
1703 4763 1907 4822 redeat.
1958 4762 2109 4821 Unde
2137 4772 2194 4819 ct

608 4859 866 4935 Virgilius
888 4856 1099 4933 (Georg.
1128 4874 1189 4927 ιι,
1220 4857 1347 4931 402)
1373 4874 1387 4911 :

735 4997 900 5060 Atque
926 4996 978 5046 In
998 5007 1056 5046 se
1075 5006 1166 5046 sua
1190 5006 1281 5058 per
1302 4995 1517 5058 vestigia
1541 4992 1753 5044 volvitur
1770 5004 1945 5042 annus.

612 5118 708 5176 Sic
732 5120 879 5177 enim
911 5119 1055 5193 apud
1098 5118 1383 5194 Egyptios
1416 5118 1760 5185 indicabatur
1789 5127 1916 5173 ante
1952 5118 2201 5174 iuventas

614 5212 843 5278 litteras,
869 5212 1015 5283 picto
1043 5213 1277 5271 dracone
1301 5212 1529 5269 caudam
1556 5227 1711 5269 suam
1741 5213 2046 5276 mordente,
2072 5211 2199 5282 quia

614 5304 749 5360 inse
776 5304 1030 5360 recurrit.
1073 5302 1180 5359 Alii
1218 5317 1421 5359 annum
1459 5303 1648 5359 dicunt
1678 5301 2039 5374 npotilanistai
2074 5300 2201 5373 [ἀπὸ

615 5402 707 5451 sua
735 5393 1115 5468 dissuadetur],
1148 5394 1202 5452 id
1240 5403 1346 5462 est,
1389 5394 1462 5453 ab
1499 5393 1867 5458 innovatione,
1912 5399 2205 5449 renovatur

616 5488 763 5545 enim
789 5506 1019 5562 semper.

697 5576 865 5636 Inter.
906 5579 1048 5649 Quot
1084 5587 1212 5636 sunt
1240 5580 1397 5635 aliter
1424 5594 1688 5635 annorum
1720 5579 2003 5649 tempora?
2047 5576 2201 5646 Resp.

623 5675 898 5730 Annorum
926 5680 1170 5745 tempora
1203 5670 1305 5726 tria
1339 5680 1482 5726 sunt.
1532 5668 1696 5724 Inter.
1732 5666 1862 5735 Quae
1896 5677 2022 5723 sunt
2047 5666 2204 5722 lucc?

628 5767 783 5841 ιιι-ψ.
826 5766 931 5823 Aut
953 5766 1097 5824 enim
1129 5765 1333 5821 lunaris
1355 5773 1438 5821 rst
1464 5778 1657 5830 annus,
1695 5763 1787 5834 qui
1817 5761 2054 5819 continet
2090 5761 2203 5815 dies

2294 3263 2348 3317 in
2405 3263 2595 3321 diebus
2637 3268 2987 3325 Pcutecostes
3018 3278 3074 3325 ct
3102 3270 3202 3342 ipsi
3238 3271 3579 3330 celebramus
3631 3286 3753 3347 post
3786 3276 3891 3331 Do-

2294 3352 2425 3409 mini
2478 3359 2955 3424 resurrectionem,
3003 3363 3230 3417 remissa
3254 3362 3411 3436 culpa
3444 3373 3499 3420 ct
3524 3367 3687 3422 totius
3716 3367 3891 3424 debiti

2291 3444 2565 3517 circgrafo
2625 3448 3038 3524 [chirographo]
3101 3464 3365 3511 evacuate
3430 3455 3495 3511 ab
3542 3457 3691 3512 omni
3740 3473 3894 3514 nexu

2292 3533 2482 3601 liberi,
2544 3539 2904 3609 suscipientes
2960 3544 3337 3602 advenientem
3396 3546 3452 3603 in
3499 3562 3598 3603 nos
3648 3551 3894 3620 gratiam

2296 3625 2531 3695 Spiritus
2569 3631 2761 3685 sancti.
2806 3629 2929 3687 ll-ec
2976 3649 3149 3705 pauca
3199 3636 3293 3692 tibi
3324 3639 3393 3694 de
3423 3649 3725 3710 temporum
3792 3658 3897 3697 ra-

2297 3715 2446 3772 tione
2493 3718 2726 3787 prolatu,
2765 3735 3048 3792 quousque
3102 3723 3309 3794 majora
3367 3726 3737 3799 proferantur,
3773 3731 3898 3787 saf—

2297 3808 2502 3863 ﬁcium.

2932 3909 3171 3966 CAPle
3205 3908 3309 3967 VH.

2728 4016 2792 4055 υιε
2827 4016 2961 4055 “IIII
2971 4018 3020 4055 Rl
3065 4018 3439 4061 τεδτλιιεςτο.

2369 4107 2635 4177 Quoniam
2661 4112 2844 4166 omnia
2906 4127 3004 4182 per
3035 4114 3281 4170 diversas
3312 4124 3621 4188 temporum
3670 4138 3894 4181 succes-

2298 4198 2482 4255 siones
2519 4199 2589 4256 ab
2625 4202 2783 4256 initio
2839 4212 3102 4259 creaturae
3150 4215 3300 4277 gesta
3338 4216 3502 4278 atque
3555 4212 3881 4286 conscripta,

2299 4292 2540 4349 maxime
2565 4292 2620 4348 in
2659 4290 2856 4349 Vctere
2892 4293 3243 4353 Testamento
3294 4292 3589 4358 narrantur
3631 4305 3886 4377 atquele-

2297 4392 2517 4456 guntur,
2547 4382 2751 4441 idcirco
2771 4386 2815 4441 si
2843 4383 2991 4451 libet,
3018 4396 3177 4457 prout
3203 4403 3347 4443 nunc.
3366 4395 3627 4459 occurrit,
3654 4394 3885 4466 disqu

2302 4491 2424 4531 mus
2445 4476 2589 4531 inter
2611 4492 2729 4542 nos,
2779 4492 2900 4549 qua:
2925 4478 3214 4535 diversitas
3242 4493 3405 4553 atque
3435 4485 3816 4559 multiplicius
3834 4491 3892 4546 iu

2290 4565 2491 4623 eodem
2516 4565 2867 4623 Testamento
2893 4568 3176 4625 habeatur.
3264 4644 3269 4647 η

2373 4657 2540 4714 Inter.
2603 4658 2671 4714 Et
2693 4659 2819 4731 quia
2843 4659 2959 4716 lucc
2987 4659 3062 4716 ita
3094 4671 3350 4733 aguntur,
3395 4664 3482 4718 dic
3510 4666 3664 4733 mihi,
3724 4667 3898 4729 Vetus

2300 4749 2707 4807 Testamentum
2739 4766 2910 4820 quam
2944 4750 3199 4807 dicatur?
3224 4750 3379 4821 Resp.
3416 4752 3579 4812 Vetus
3609 4758 3757 4813 enim
3789 4759 3893 4818 Te-

2299 4852 2629 4900 stamentum
2645 4853 2888 4908 vocatur,
2913 4845 3039 4912 quia
3058 4843 3308 4901 veniente
3333 4844 3482 4902 Novo
3506 4852 3764 4916 cessavit,
3792 4853 3896 4909 sic-

2302 4943 2364 4987 ut
2398 4933 2475 4989 ait
2502 4933 2792 5006 Apostolus
2826 4953 2838 4989 :
2890 4931 3076 4991 Vetera
3115 4938 3435 4994 transierunt
3467 4950 3519 4995 et
3556 4957 3674 4998 ecce
3711 4946 3898 5001 omnia

2303 5025 2447 5096 facta
2494 5038 2613 5081 sunt
2644 5042 2777 5083 noro
2833 5026 2918 5098 (II
2946 5025 3070 5082 Cor.
3098 5043 3153 5093 v,
3192 5029 3302 5101 l7).

2375 5115 2542 5174 Inter.
2571 5116 2739 5175 Vetus
2768 5118 3176 5177 Testamentum
3208 5122 3262 5177 in
3293 5131 3425 5193 quot
3455 5123 3609 5181 libris
3636 5125 3897 5184 dinume-

2307 5210 2489 5266 ratur?
2545 5207 2696 5281 Resp.
2733 5209 2791 5265 In
2823 5224 2942 5266 stv.
2999 5210 3165 5266 Inter.
3212 5212 3459 5280 Qomodo
3506 5214 3899 5275 nominantur?

2304 5299 2459 5371 Resp.
2509 5298 2758 5366 Genesis,
2786 5300 3023 5366 Euodus,
3057 5300 3348 5368 Levitieus,
3404 5301 3694 5371 Numerus,
3750 5303 3901 5363 Deu-

2306 5390 2661 5455 terouomius,
2689 5390 2870 5458 Iosue,
2902 5389 3172 5457 iudicum,
3202 5392 3367 5458 Ruth,
3402 5393 3551 5461 Libri
3582 5393 3792 5468 Regum
3826 5416 3912 5469 tv,

2308 5480 2777 5553 Paralipomenon,
2799 5480 2924 5549 Job,
2955 5482 3298 5551 Psalterium,
3321 5484 3762 5552 Proverbiorutn,
3800 5493 3915 5551 ge-

2304 5574 2618 5641 clesiastes,
2687 5574 2968 5633 Canticum
3013 5576 3393 5642 Canticorum,
3454 5576 3600 5636 Libri
3650 5579 3901 5655 Prophe-

2307 5680 2485 5723 tarum
2520 5684 2629 5733 xvi,
2679 5666 2834 5733 Tobi,
2874 5668 3080 5734 Iudith,
3125 5668 3320 5726 Hester
3372 5682 3427 5727 et
3452 5671 3897 5730 Machabcorum.

2378 5758 2542 5815 Inter.
2603 5759 2833 5817 l‘rolatis
2857 5763 3095 5817 numeris
3149 5763 3278 5834 quid
3333 5767 3387 5818 in
3430 5779 3753 5839 iustequeque
3796 5777 3901 5821 co-
