4090 6564
185 486 322 545 Ilii

1092 481 1246 543 ‘OPI’.
1289 483 1514 541 ΒΗΜΛ.
1558 514 1624 524 —-
1665 483 2080 542 DISPIITATIO
2115 479 2524 541 PlFERORUM.

3322 474 3467 542 tm

183 618 304 661 rum
355 599 728 676 principaliter
789 597 1156 664 contionatur,
1216 598 1365 653 brevi
1411 611 1664 652 sermone
1710 606 1769 651 ut
1799 600 1848 661 Β
1877 598 1972 654 Del
2015 595 2083 654 ad
2115 612 2241 653 eum
2262 611 2362 667 per
2389 595 2678 662 turbinem,
2706 603 2761 653 et
2799 590 2992 669 duplex
3016 586 3132 666 eius
3162 594 3215 652 in
3246 593 3349 652 line
3379 613 3468 654 re-

179 694 316 751 usihi
347 693 582 764 aperias,
614 691 860 746 obsecro.
890 688 1043 760 Resp.
1076 688 1244 744 Prout
1277 688 1508 743 Domino
1529 686 1769 744 donante

178 786 359 851 valeo,
387 784 600 840 faciam.
774 834 780 839 .

253 876 420 932 Inter.
451 874 549 932 Dic
573 889 704 945 ergo
726 873 879 939 mihi,
905 873 1034 942 quid
1069 874 1411 928 contineatur
1445 873 1499 927 in
1523 868 1771 926 Genesi?

183 969 342 1039 Resp.
389 979 414 1009 ι
465 965 787 1023 Continetur
804 966 952 1021 enim
988 967 1039 1020 in
1073 981 1140 1021 eo
1165 963 1372 1021 fabrica
1400 962 1607 1029 mundi,
1639 977 1772 1017 con-

180 1063 315 1116 ditio
373 1060 629 1125 hominis,
653 1058 1022 1123 cataeiismus,
1065 1058 1261 1113 divisio
1293 1067 1473 1122 terrm,
1520 1054 1772 1111 confusio

175 1152 507 1221 liirguarum,
553 1162 607 1206 et
643 1160 792 1219 gesta
822 1151 1065 1204 omnium
1123 1149 1570 1205 Patriarcharum
1598 1163 1772 1220 usque

177 1245 247 1300 ad
284 1242 675 1314 ingressionem
714 1241 878 1296 Israel
916 1241 969 1295 in
1019 1239 1337 1312 Egyptum.

250 1355 418 1410 Inter.
455 1355 596 1422 Quid
627 1355 680 1409 in
705 1351 928 1409 Exodo?
959 1352 1116 1424 Resp.
1149 1353 1483 1408 llehreoruni
1510 1348 1769 1414 servitus,

175 1449 337 1518 plaga
388 1444 630 1517 Egypti,
705 1459 960 1513 egressus
1009 1444 1210 1516 popMi.
1270 1446 1535 1516 protectio
1591 1444 1773 1507 nubis,

179 1538 444 1593 transitus
472 1537 643 1591 maris
677 1535 865 1595 Rubri.
903 1551 1116 1590 mersus
1141 1535 1457 1600 Pharaonis,
1491 1534 1658 1607 gloria
1683 1534 1777 1590 de-

177 1630 509 1687 cantationis
559 1628 744 1702 [Is.'d.,
808 1628 994 1701 gloria:
1044 1629 1400 1700 decantatio],
1448 1641 1777 1697 congressus

175 1721 370 1786 eremi,
422 1719 574 1775 cibus
606 1735 836 1782 mannzc,
890 1717 1089 1773 ﬂuenta
1121 1719 1176 1772 in
1210 1717 1548 1774 dulcedinem
1596 1734 1775 1783 versa,

175 1828 355 1886 pugna
381 1811 664 1877 Amalech,
693 1813 946 1866 mandata
972 1809 1234 1881 decalngi,
1259 1811 1422 1866 arcba
1445 1812 1776 1877 testamenti,

174 1911 235 1959 et
263 1900 533 1959 dedicatio
587 1900 922 1956 tabernaculi
945 1912 1002 1954 et
1032 1901 1341 1957 oblationis.

249 2013 415 2071 Inter.
470 2013 612 2081 Quid
673 2013 727 2068 in
779 2011 1053 2067 Levitico?
1104 2010 1258 2082 Resp.
1318 2009 1428 2068 Lex
1477 2011 1776 2070 sacriﬁcio-

180 2121 303 2162 rum
336 2113 396 2162 et
421 2105 723 2162 hostiarum
752 2103 1061 2167 diversitas,
1094 2102 1408 2159 indumenta
1433 2103 1770 2175 pontiﬁcum,

180 2201 486 2259 ministeria
509 2199 816 2262 levitarum,
863 2199 1111 2253 ciborum
1157 2195 1437 2261 discretio,
1486 2196 1777 2253 diversitas

182 2292 524 2367 populorum,
551 2294 1011 2363 purgationesque
1033 2291 1336 2346 hostiarum
1369 2289 1554 2362 [.Isr'd.,
1585 2303 1780 2362 purga-

183 2385 457 2456 tionisque
484 2381 566 2436 vel
597 2379 832 2452 hostire].

252 2471 421 2530 Inter.
470 2471 608 2542 Quid
636 2472 687 2527 iu
729 2471 1013 2527 Numero?
1046 2469 1200 2542 Ilesp.
1253 2467 1507 2543 Bgressio
1540 2467 1778 2526 tribuum

179 2579 245 2622 ex
271 2563 529 2639 Egypto,
584 2574 640 2620 et
663 2580 728 2619 st.
755 2563 986 2618 duarum
1015 2577 1113 2634 per
1139 2576 1384 2618 eremum
1432 2563 1778 2616 mansionum

181 2665 545 2715 sacramenta.

252 2751 422 2809 Inter.
450 2748 593 2818 Quid
623 2747 676 2803 in
702 2742 1163 2802 Deuteronomio?
1197 2743 1354 2816 Resp.
1383 2743 1784 2816 Recapitulatio

181 2842 336 2916 legis,
368 2851 423 2897 et
451 2839 656 2906 omnia,
707 2854 830 2910 qum
863 2838 1004 2892 inter
1031 2835 1233 2899 Faran,
1271 2843 1327 2890 et
1370 2833 1568 2898 Obeth,
1611 2844 1666 2890 et
1691 2832 1788 2890 La-

185 2933 314 3000 ban,
338 2931 640 2987 ctAsaroth
655 2944 826 3000 usque
841 2928 910 2982 ad
933 2926 1294 2983 Cadesbarnte
1313 2923 1534 2981 fuerunt
1551 2938 1581 2980 a
1604 2924 1788 2996 Moyse

188 3023 382 3095 populo
416 3021 540 3076 data
579 3017 764 3092 [lsid.,
807 3015 1085 3090 mandata]
1125 3025 1286 3087 atque
1335 3016 1624 3087 promissa,
1672 3031 1787 3071 ma-

191 3113 501 3171 ledictioncs
526 3123 874 3182 peccatorum
900 3118 956 3165 et
978 3108 1366 3181 promissiones
1393 3107 1746 3162 beatitudinis
1769 3123 1785 3173 ;

192 3205 264 3261 ibi
293 3205 443 3262 canit
477 3205 752 3259 canticum
795 3200 1024 3272 Moyses,
1087 3199 1162 3254 ibi
1207 3198 1300 3254 dat
1350 3198 1788 3255 benedictionem

192 3295 316 3353 llIiis
350 3295 530 3360 Israel,
560 3294 653 3355 ibi.
693 3301 836 3348 terra
862 3289 1302 3364 repromissionis
1325 3298 1639 3359 conspecta,
1675 3303 1792 3343 mo-

189 3389 332 3445 ritur
363 3397 420 3444 et
443 3385 721 3458 sepelitur.

263 3479 426 3536 Inter.
477 3479 616 3546 Quid
641 3479 693 3532 in
731 3475 857 3532 Iesu
888 3473 1072 3530 Nave?
1132 3473 1289 3546 Resp.
1340 3469 1629 3527 Transitus
1669 3470 1793 3527 Jor—

186 3572 348 3634 danis
385 3569 620 3627 ﬁliorum
657 3567 821 3624 Israel
856 3576 910 3623 et
963 3564 1311 3623 circumcisio
1349 3561 1607 3626 secunda,
1659 3563 1792 3619 sub-

186 3664 371 3720 versio
408 3663 845 3726 Chananeorum,
897 3669 950 3715 et
981 3657 1176 3713 divisio
1227 3666 1388 3712 terra:
1428 3670 1643 3721 eorum,
1692 3671 1794 3711 nec

190 3770 298 3812 non
327 3763 382 3809 et
419 3752 706 3809 btet-editas
734 3761 881 3807 sorte
915 3757 1189 3819 suscepta.

269 3847 432 3902 Inter.
473 3848 608 3913 Qui!
664 3847 714 3899 in
759 3846 893 3900 libre
946 3842 1232 3898 Iudicum?
1292 3840 1445 3908 Ilesp.
1473 3837 1710 3896 Peccata
1737 3851 1794 3898 et

189 3939 424 3997 servitus
449 3936 630 4000 Israel,
650 3936 1070 3990 exclamationes
1107 3933 1310 4005 pepuli,
1332 3945 1388 3991 et
1413 3930 1796 3989 miserationes

191 4031 287 4087 Dei
315 4031 382 4085 ad
404 4045 547 4084 eum.

268 4119 432 4176 Inter.
471 4118 609 4187 Quid
650 4119 704 4174 in
757 4117 935 4192 Ruth?
972 4115 1123 4188 Resp.
1171 4115 1407 4174 Historia
1456 4116 1794 4184 Moabitidis,

187 4212 262 4268 de
292 4212 449 4282 cujus
469 4211 638 4281 stirpe
667 4209 945 4264 descendit
973 4208 1160 4263 David.

267 4323 434 4379 Inter.
485 4322 625 4391 Quid
663 4321 716 4377 in
771 4319 1012 4392 Regum?
1069 4317 1225 4392 Resp.
1279 4319 1568 4377 Transitus
1611 4320 1795 4378 arebat

189 4415 480 4474 dominica:
517 4430 549 4469 a
588 4411 790 4469 Iudaeis
815 4414 885 4468 ad
913 4422 1121 4484 gentes,
1159 4413 1522 4469 sacerdotium
1554 4410 1697 4477 Heli,
1741 4420 1791 4469 et

194 4512 252 4566 in
286 4505 457 4564 David
493 4505 779 4576 imperium
816 4504 961 4577 regis
997 4502 1198 4568 Saulis,
1236 4512 1386 4576 gesta
1427 4518 1616 4575 regum
1643 4501 1797 4561 Iudae

193 4612 254 4657 ct
297 4599 686 4663 Israelitarum,
742 4597 984 4668 gentium
1029 4595 1438 4668 transmigratio
1485 4611 1703 4668 quoque
1729 4596 1798 4652 ab

191 4705 384 4748 errore
418 4688 737 4746 idololatriae
759 4689 923 4744 Israel
956 4690 1008 4744 in
1032 4687 1277 4753 Assiriis,
1303 4695 1360 4743 et
1402 4687 1666 4744 adventus
1690 4686 1797 4743 Na—

197 4783 578 4854 bugodonosor
631 4781 686 4837 in
747 4778 1120 4844 Hierusalem,
1172 4777 1290 4834 sive
1345 4777 1512 4834 etiam
1566 4777 1796 4850 captivi-

197 4883 286 4932 tas
337 4873 640 4947 principum
692 4889 758 4929 ac
806 4873 1020 4945 populi,
1058 4883 1114 4928 et
1175 4871 1463 4929 subversio
1516 4872 1669 4928 urbis
1709 4873 1796 4929 vel

199 4965 412 5037 templi.

275 5056 442 5111 Inter.
485 5053 624 5126 Quid
646 5055 700 5111 in
726 5052 1212 5125 Paralipomenon?
1265 5050 1421 5123 Resp.
1450 5051 1599 5108 Ordo
1635 5066 1799 5122 gene-

203 5150 475 5208 rationum
503 5157 560 5208 et
590 5157 916 5222 temporum,
941 5159 997 5206 et
1030 5157 1344 5205 sanctarum
1391 5148 1800 5221 Scripturarum

200 5241 458 5307 eruditio,
494 5257 596 5299 nec
638 5257 747 5297 non
784 5249 841 5298 et
889 5240 1153 5312 quidquid
1205 5241 1260 5296 in
1310 5240 1539 5298 historia
1590 5238 1801 5295 Veteris

204 5332 539 5392 ‘I'estamenti
567 5335 770 5390 omissa
797 5344 946 5400 sunt,
999 5340 1092 5389 aut
1118 5333 1349 5390 fortasse
1381 5349 1489 5389 non
1524 5331 1682 5404 plene
1716 5332 1800 5387 dio

203 5433 378 5498 gesta,
406 5424 463 5480 in
499 5424 607 5480 isto
634 5426 948 5480 summatim
973 5440 1037 5480 ac
1073 5425 1314 5483 breviter
1343 5426 1612 5497 explicata
1653 5434 1798 5482 sunt.

280 5535 446 5594 Inter.
494 5535 634 5605 Quid
686 5538 739 5594 in
769 5536 910 5593 Job?
978 5537 1132 5609 Resp.
1182 5537 1437 5610 Ejusdem
1479 5537 1654 5593 sancti
1700 5538 1802 5591 viri

211 5629 426 5696 damna,
467 5628 676 5696 funera,
698 5630 785 5685 vel
827 5628 1056 5703 ﬂagella,
1095 5641 1149 5685 et
1179 5631 1572 5687 coritumeliosa
1609 5646 1806 5684 conso-

213 5717 442 5775 lantium
489 5718 635 5774 dicta
677 5737 689 5772 :
733 5719 967 5775 lamenta
1029 5736 1246 5792 quoque
1303 5722 1447 5792 ejus,
1513 5723 1566 5776 in
1608 5722 1809 5792 quibus

223 5812 382 5868 otius
440 5811 627 5868 mundi
672 5810 914 5883 deplorat
941 5812 1239 5878 miseriam,
1291 5811 1594 5871 consolatio
1640 5812 1808 5866 etiam

290 5939 314 5969 ι
355 5924 500 5985 Ιδίιι..
541 5923 666 5984 libr.
702 5925 1125 5992 Prommiorum.
1150 5941 1180 5982 a
1205 5940 1312 5998 quo
1340 5927 1394 5982 in
1441 5924 1626 5983 multis
1646 5923 1842 5982 dill‘ert.

1871 688 2200 744 muneratio-

1944 777 2112 834 Inter.
2162 777 2302 848 Quid
2347 777 2402 833 in
2457 777 2595 833 libro
2637 777 3008 834 Psalmorum?
3069 774 3225 848 Resp.
3279 778 3464 836 Contio

1871 877 2072 924 nentur
2105 867 2250 923 enim
2291 867 2346 922 in
2381 882 2452 923 eo
2487 867 2774 938 allegorice
2816 882 2880 923 ae
2918 868 3096 941 tvpiee
3123 875 3469 927 sacramenta

1872 958 2105 1032 signata,
2124 959 2217 1014 sed
2240 957 2550 1031 specialiter
2563 959 2838 1020 nativitas.
2857 959 3039 1032 passio
3059 966 3116 1016 et
3140 961 3471 1018 resurrectio

1873 1047 2098 1104 Christi.

1950 1137 2119 1194 Inter.
2168 1137 2309 1208 Quid
2357 1139 2413 1195 in
2456 1137 2610 1197 libris
2645 1137 2991 1196 Salomonis?
3045 1138 3201 1213 Resp.
3257 1138 3466 1198 1111⁵10-

1874 1228 2074 1285 verbiis
2099 1228 2244 1285 enim
2271 1230 2497 1287 moralia
2525 1228 2727 1287 docens
2754 1245 2852 1302 per
2899 1245 3241 1289 communem
3275 1244 3473 1304 quem-

1875 1318 2002 1376 dam
2047 1319 2298 1390 loquendi
2342 1336 2500 1377 usum
2539 1321 2788 1378 altiorem
2824 1321 3233 1392 intelligentiam
3278 1320 3469 1381 edidit.

1877 1420 1932 1467 et
1959 1411 2427 1468 conservationem
2463 1412 2863 1478 mandaturum,
2888 1413 2972 1470 vel
3019 1414 3280 1471 doctrinm
3304 1409 3479 1472 cale-

1877 1503 1978 1559 stls
2010 1503 2404 1560 institutionem
2449 1503 2704 1559 brevibus
2756 1503 3042 1560 sententiis
3078 1505 3371 1577 coaptavit.
3410 1503 3471 1560 In

1879 1593 2204 1650 Ecclesiaste
2228 1612 2358 1652 vero
2381 1611 2566 1652 rerum
2602 1606 2853 1652 naturam
2879 1597 3177 1654 discutiens
3195 1606 3252 1655 et
3274 1601 3475 1654 cuncta

1878 1685 1933 1740 in
1966 1685 2168 1741 mundo
2198 1687 2400 1742 caduca
2437 1697 2492 1743 et
2517 1702 2651 1741 vana
2676 1704 2796 1743 esse
2845 1688 3211 1760 reprehendit,
3260 1704 3475 1746 rerum-

1880 1792 1986 1848 que
2016 1777 2259 1832 omnium
2296 1777 2586 1849 fragilitate
2610 1787 2895 1850 perspecta
2929 1779 3240 1836 renuntiare
3268 1775 3475 1836 mundo

1881 1869 2180 1925 admonuit.
2244 1868 2301 1924 In
2356 1870 2598 1926 Canticis
2642 1870 2986 1927 Canticorum
3037 1886 3125 1938 ea,
3181 1886 3305 1945 qua
3350 1882 3480 1931 sunt

1807 1975 1852 2038 Β
1879 1960 2122 2016 caelestia
2160 1960 2244 2014 vel
2300 1961 2482 2017 divina
2531 1962 2635 2018 sub
2677 1964 2856 2035 specie
2904 1963 3091 2035 sponsi
3133 1973 3189 2020 ct
3244 1979 3477 2037 sponsa.

1877 2047 2046 2122 6.30
2068 2049 2270 2106 Christi
2310 2051 2674 2124 Ecclesiteque.
2713 2056 2979 2111 unitatem
3025 2053 3272 2112 declarat
3317 2065 3482 2127 atque

1880 2144 2123 2200 animam
2144 2146 2212 2200 ad
2228 2161 2468 2203 amorem
2491 2148 2798 2205 ccelestium
2815 2149 3063 2206 excitans
3079 2149 3146 2206 ad
3161 2152 3484 2222 pervenien-

1881 2235 2009 2290 dum
2039 2235 2106 2290 ad
2132 2238 2466 2294 consortium
2493 2238 2588 2294 Dei
2611 2247 2889 2309 provocat.

1957 2324 2126 2383 Inter.
2177 2328 2318 2397 Quid
2353 2331 2408 2386 in
2433 2329 2755 2404 Prophctis?
2800 2329 2948 2401 Resp.
2980 2333 3296 2405 Quanquam
3316 2334 3485 2390 multa

1884 2414 2115 2472 obscura
2155 2419 2208 2473 in
2231 2419 2315 2476 eis
2369 2419 2638 2491 lcgantur,
2705 2423 2953 2492 quaedam
2978 2439 3044 2479 es
3085 2426 3168 2480 eis
3222 2425 3320 2484 tibi
3355 2441 3484 2500 pro-

1886 2505 2034 2564 ferre
2057 2525 2163 2564 non
2199 2511 2500 2583 denegabo.
2557 2512 2722 2570 Inter.
2759 2515 2855 2572 Dic
2886 2532 3037 2589 ergo,
3086 2517 3218 2588 quid
3247 2519 3300 2574 in
3324 2518 3485 2577 Esaia

1885 2598 2060 2656 debeo
2125 2600 2494 2674 intelligere?
2554 2601 2713 2675 Resp.
2784 2606 3215 2666 Occultationem
3279 2609 3489 2666 alarum

1886 2688 2120 2746 duorum
2168 2688 2438 2763 Seraphin
2468 2692 2777 2751 sedentium
2803 2696 2855 2750 in
2883 2697 3080 2753 throno
3103 2696 3220 2763 Dei,
3279 2707 3332 2754 ct
3363 2709 3489 2772 post

1887 2778 2156 2836 visionem
2208 2777 2360 2838 Iuda:
2419 2791 2477 2840 et
2537 2782 2879 2842 Hierusalem
2945 2786 3210 2844 adversus
3263 2799 3493 2847 czcteras

1888 2878 2101 2937 gentes,
2150 2886 2272 2942 qua:
2298 2871 2352 2927 in
2375 2874 2604 2930 circuitu
2635 2873 2753 2944 ejus
2800 2886 2946 2944 sunt,
3001 2877 3329 2950 [prophetiae
3358 2893 3491 2935 eon-

1889 2958 2057 3014 vertit
2089 2974 2418 3027 sermonem,
2448 2961 2525 3034 et]
2553 2965 2852 3021 secun'lum
2905 2967 3222 3035 qualitatem
3244 2967 3488 3026 locorum

1890 3058 1944 3105 et
1975 3049 2350 3106 diversitatem
2378 3052 2503 3107 vitae
2538 3054 2702 3119 mala,
2734 3070 2856 3126 qum
2903 3059 2986 3112 eis
3023 3066 3250 3113 ventura
3280 3067 3490 3126 essent,

1891 3142 2197 3208 denuntiat,
2258 3154 2314 3199 et
2335 3152 2461 3214 post
2483 3145 2857 3216 captivitatem
2887 3146 3227 3205 lliemsalem
3278 3149 3492 3206 ruinam

1893 3232 2202 3306 Babylonia:
2243 3236 2627 3294 comminatur.
2685 3235 2892 3294 Deinde
2943 3256 3130 3298 necem
3180 3240 3492 3305 Philistiim.

1815 3324 1866 3386 C
1897 3327 2261 3385 vastationem
2313 3325 2489 3392 Moab,
2526 3331 2912 3388 exterminium
2964 3331 3236 3399 Damasci,
3275 3331 3498 3408 εἰσγιηί

1897 3419 2342 3481 commotionem.
2368 3427 2424 3476 et
2448 3419 2794 3478 solitudinem
2820 3422 2989 3478 maris
3010 3422 3234 3488 deserti,
3259 3423 3501 3480 obsidio-

1899 3528 2023 3571 nem
2054 3528 2270 3586 quoque
2298 3515 2488 3576 Edom.
2526 3515 2709 3588 fugam
2732 3526 2789 3572 et
2822 3516 3106 3574 interitum
3135 3516 3371 3584 Arabim,
3403 3532 3500 3572 es-

1897 3606 2100 3661 cidium
2151 3605 2308 3660 vallis
2346 3603 2501 3670 Sion,
2543 3605 2958 3664 subversionem
3001 3608 3167 3662 etiam
3195 3606 3346 3680 Tyri.

1969 3695 2138 3752 Inter.
2171 3697 2313 3766 Quid
2345 3698 2398 3752 in
2428 3696 2738 3754 Ilieremia?
2791 3696 2948 3770 Resp.
2983 3698 3208 3755 Lanuuio
3245 3698 3498 3768 simplex.

1897 3788 2206 3844 intellectus
2239 3787 2438 3855 facilis,
2491 3790 2723 3845 imitatio
2753 3791 3017 3860 corporis,
3058 3799 3112 3844 ct
3143 3790 3194 3844 in
3232 3790 3503 3860 passioni—

1898 3880 2000 3935 bus
2055 3881 2170 3935 suis
2228 3881 2407 3951 imago
2468 3881 2793 3952 exprimitur
2836 3880 3235 3951 Redemptoris,
3278 3879 3500 3935 destru-

1895 3971 2009 4028 ctio
2051 3972 2201 4041 regni
2234 3969 2452 4035 diaboli,
2504 3980 2561 4027 et
2584 3970 2872 4027 :edilieatio
2903 3971 3114 4042 imperii
3147 3968 3370 4041 justitim
3418 3969 3500 4028 vel

1898 4063 2042 4121 ﬁdei.

1970 4156 2136 4214 Inter.
2170 4158 2313 4228 Quid
2344 4159 2401 4214 in
2430 4156 2720 4214 Ezechiel?
2751 4156 2907 4229 Resp.
2936 4156 3328 4213 Deseribtuitur
3349 4157 3496 4212 enim

1897 4249 1954 4307 in
1990 4264 2058 4307 eo
2088 4250 2346 4322 mysteria
2369 4252 2537 4306 totius
2561 4249 2836 4315 Ecclesim,
2866 4266 2988 4322 qua:
3009 4267 3072 4302 ex
3100 4249 3272 4305 latere
3293 4250 3500 4310 Christi

1899 4342 2131 4398 formata
2161 4354 2264 4399 est.

1971 4430 2137 4487 Inter.
2164 4433 2302 4501 Quid
2333 4433 2386 4487 in
2410 4431 2716 4488 Danihele?
2752 4428 2905 4503 Resp.
2943 4430 3166 4503 Legitur
3193 4431 3247 4485 in
3288 4447 3356 4486 eo
3391 4445 3500 4486 non

1900 4523 2074 4579 solum
2112 4532 2336 4579 ventura
2389 4523 2724 4596 praedicatio,
2761 4524 2856 4577 sed
2906 4523 3069 4577 etiam
3092 4522 3334 4577 deﬁnitio
3366 4531 3504 4577 tem-

1901 4617 2053 4686 poris
2087 4616 2483 4672 incarnationis
2510 4615 2593 4671 vel
2629 4615 2898 4687 passionis
2928 4631 2993 4671 es
3023 4614 3217 4670 ordine
3263 4630 3448 4686 regum
3483 4633 3497 4668 :

1827 4711 1876 4772 υ
1900 4709 1986 4764 vel
2023 4724 2309 4766 numerum
2361 4723 2653 4774 annorum,
2725 4723 2824 4764 nec
2853 4723 2960 4764 non
2992 4719 3045 4761 et
3073 4723 3296 4777 regnum
3345 4707 3501 4764 Anti—

1903 4800 2119 4862 christi.
2153 4801 2268 4856 sive
2308 4800 2377 4856 de
2407 4800 2497 4856 die
2514 4799 2705 4869 judicii
2739 4797 2823 4854 vel
2854 4812 3023 4870 regno
3053 4806 3389 4859 sanctorum,
3446 4806 3500 4852 et

1905 4895 1960 4951 in
1983 4892 2094 4951 line
2126 4893 2246 4964 ejus
2283 4893 2584 4965 prophetia:
2635 4890 2898 4947 Susanna:
2934 4889 3170 4963 {Suppt'.,
3225 4891 3497 4960 historia].

1975 4984 2144 5043 Inter.
2184 4985 2326 5054 Quid
2359 4986 2412 5040 in
2458 4983 2646 5042 Oscae?
2714 4981 2867 5053 Resp.
2907 4981 3130 5055 Legitur
3149 4982 3505 5038 historialitcr

1904 5078 2092 5133 ultima
2118 5077 2412 5132 credulitas
2434 5074 2745 5130 Imlreorum
2781 5075 2834 5129 in
2863 5073 3103 5137 Christo,
3133 5082 3188 5127 et
3210 5073 3378 5130 totius
3402 5070 3503 5128 Do-

1907 5169 2124 5225 miniete
2179 5167 2596 5224 resurrectionis
2627 5165 2762 5222 dies.

1978 5261 2146 5316 Inter.
2208 5260 2350 5330 Quid
2382 5261 2436 5314 in
2461 5257 2648 5315 Iohel?
2696 5257 2848 5329 Resp.
2907 5257 2998 5313 Ille
3027 5264 3239 5313 tantum
3291 5256 3358 5312 ad
3403 5253 3503 5312 Iu-

1907 5355 2031 5411 dam
2062 5363 2118 5410 et
2154 5353 2495 5410 Hierusalem
2557 5353 2872 5407 vaticinium
2909 5349 3088 5407 terens
3117 5359 3173 5406 ct
3215 5348 3385 5423 [post]
3409 5365 3504 5404 vo-

1907 5448 2156 5519 luptuosa
2190 5448 2440 5502 convivia
2486 5445 2552 5500 ad
2584 5446 2788 5501 luctum
2823 5452 3081 5514 provocat
3130 5441 3497 5505 Hierusalem,

1907 5537 2288 5609 excidiumque
2309 5537 2427 5607 ejus
2452 5536 2767 5607 pronuntiat
2794 5544 2846 5588 et
2876 5535 3215 5590 vocationem
3236 5533 3502 5604 gentium.

1989 5629 2152 5686 Inter.
2199 5631 2338 5697 Quid
2377 5630 2430 5686 in
2460 5629 2661 5683 Amos?
2725 5627 2877 5698 Resp.
2925 5626 3170 5695 Quatuor
3217 5627 3364 5681 enim
3388 5639 3509 5680 sce-

1915 5721 2028 5777 lera
2046 5722 2285 5792 gentium
2340 5721 2441 5777 sub
2487 5721 2653 5776 totius
2681 5719 2863 5774 mundi
2897 5719 3068 5788 ﬁgura
3109 5716 3422 5773 describens
3448 5721 3510 5773 ει

1919 5811 2208 5868 adventrum
2233 5812 2434 5871 Christi
2462 5811 2714 5868 omnibus
2742 5811 3086 5866 annuntians.
