4090 6490
620 281 758 338 1125

1399 278 1457 335 Β.
1500 278 1561 334 F.
1605 275 1830 332 ALBIM
1870 273 1999 328 SEIE
2039 267 2314 325 ALCL‘INI
2355 267 2641 323 UPEI’tliM
2684 267 2864 322 PARS
2904 265 3034 322 VIII.

3760 258 3933 312 312}

685 395 853 451 Inter.
899 395 1040 464 Quid
1071 395 1125 450 in
1153 393 1368 451 Abdia?
1420 391 1572 462 Resp.
1629 388 1932 459 Increpatio
1973 383 2201 453 mystica
2230 379 2495 444 Atulisti,
2546 383 2600 436 in
2657 389 2788 451 quot
2841 380 3063 435 ordines
3113 377 3408 433 secundum
3465 373 3710 430 ilebrcos
3765 371 3929 426 divi—

617 487 885 559 supetbize
939 484 1130 551 Edoni,
1161 487 1359 556 prioris
1385 483 1635 539 videlicet
1677 480 1858 552 populi
1902 476 2206 538 audaciam,

617 579 763 651 quod
813 576 1088 635 Christum
1120 576 1409 644 occiderit;
1453 585 1509 631 et
1553 573 1794 628 futuram
1839 569 2070 626 salutem
2103 566 2207 620 Do-

619 669 774 726 mini.
1277 731 1279 735 ι

692 758 858 815 Inter.
889 757 1030 827 Quid
1083 758 1137 813 in
1161 755 1335 813 Iona?
1382 755 1539 826 Resp.
1570 752 1828 825 Figuram
1861 764 2056 820 gerens
2085 761 2210 816 pas-

621 851 789 907 sionis
814 850 1116 923 mortisque
1158 849 1242 903 vel
1272 846 1694 904 resurrectionis
1742 842 1970 906 Christi,
1997 843 2051 896 in
2075 854 2211 894 nau-

621 945 795 1018 fragio
821 944 1071 1000 videlicet
1095 959 1191 1000 suo
1219 953 1274 1000 et
1298 941 1632 1012 proiectione
1663 940 1730 995 de
1761 939 1882 994 navi
1932 937 1985 990 in
2016 949 2166 991 mare
2193 952 2205 986 :

622 1051 724 1095 nec
757 1053 864 1092 non
887 1045 942 1093 et
977 1036 1044 1094 de
1065 1036 1438 1093 absorbitione
1463 1035 1570 1091 ceti
1606 1035 1770 1091 trium
1787 1033 1998 1089 dierum
2022 1044 2087 1085 ac
2108 1044 2208 1085 no—

619 1131 811 1198 ctium,
849 1129 934 1186 vel
960 1130 1102 1202 quod
1127 1129 1180 1185 in
1210 1128 1403 1186 Ninive
1431 1126 1808 1199 penitentiam
1845 1123 2048 1180 mundo
2074 1135 2211 1191 prte-

621 1226 842 1283 dixerit.

696 1314 861 1371 Inter.
912 1314 1052 1382 Quid
1109 1316 1166 1371 in
1211 1312 1455 1372 Niobea?
1491 1309 1650 1382 Resp.
1696 1308 2075 1368 Comminatur
2113 1305 2212 1360 Sa-

622 1407 810 1464 maria:
853 1407 994 1463 iram
1051 1404 1265 1462 Domini
1314 1404 1387 1462 ob
1455 1417 1678 1458 causam
1733 1396 2151 1456 simulacrorum

623 1502 1010 1571 interitumque
1060 1506 1349 1555 venturum
1395 1493 1595 1565 pupulo
1645 1489 1982 1549 Israhelitico
2008 1487 2214 1542 denun-

623 1595 745 1660 tiat,
796 1601 853 1649 et
911 1605 1118 1659 locum,
1166 1589 1220 1646 in
1273 1603 1380 1660 quo
1427 1593 1744 1644 nasceretur
1787 1582 2060 1646 Christus,
2120 1579 2213 1634 dc—

624 1691 865 1740 monstra
873 1691 908 1738 ι.

2309 473 2540 528 duntur?
2594 473 2751 544 Resp.
2798 473 2854 528 in
2894 483 3022 528 tres.
3069 470 3236 526 Inter.
3276 468 3590 538 Quomodo?
3618 467 3787 539 Resp.
3855 465 3927 521 in

2314 565 2445 635 legis
2478 564 2704 628 scilicet,
2740 565 3120 635 prophetamm
3149 571 3204 618 et
3223 561 3711 634 agyographorum.

2380 653 2547 708 Inter.
2597 654 2808 710 Primus
2858 654 2990 708 ordo
3041 652 3173 724 legis
3221 651 3492 722 quomodo
3545 647 3931 720 accipiendas

2309 748 2425 800 est?
2473 745 2631 814 Resp.
2697 745 2912 800 Primus
2929 744 3065 803 ordo
3103 743 3240 814 legis
3265 743 3318 798 in
3354 743 3592 812 quinque
3617 739 3784 794 libris
3821 751 3930 792 ac-

2311 837 2526 906 cipitur.
2567 836 2732 890 Inter.
2770 837 2869 901 Qui
2901 843 3027 889 sunt
3052 834 3148 890 hi?
3181 832 3335 904 Resp.
3389 833 3603 890 Primus
3645 838 3732 886 est
3775 829 3930 884 Bre-

2309 931 2436 995 sith,
2494 928 2640 1000 quod
2672 938 2756 983 est
2809 926 3078 992 Genesis;
3113 925 3384 984 secundus
3416 923 3691 986 EIesmod,
3755 919 3924 990 quod

2312 1032 2395 1078 est
2446 1023 2692 1089 Exodus;
2742 1021 2936 1078 tertius
2993 1016 3236 1084 Vaiecra,
3293 1017 3438 1089 quod
3467 1025 3551 1074 est
3583 1015 3923 1077 Leviticus;

2313 1122 2541 1180 quartus
2606 1111 2938 1182 Vngedaber,
2984 1109 3129 1182 quod
3177 1116 3263 1165 est
3323 1106 3618 1174 Numerus;
3676 1107 3926 1176 quintus

2315 1203 2737 1271 Ileliadnbarim,
2758 1203 2903 1274 quod
2918 1211 3004 1260 est
3024 1199 3493 1258 Deuteronomius.
3512 1200 3578 1257 Ili
3600 1208 3727 1258 sunt
3747 1203 3920 1273 quin-

2315 1313 2419 1367 que
2448 1296 2572 1352 libri
2601 1295 2788 1367 Moysi,
2838 1311 2974 1366 quos
3005 1293 3201 1352 Ilebrei
3239 1291 3456 1361 Thurot,
3503 1293 3684 1351 Latini
3712 1291 3924 1364 Legen-

2314 1389 2604 1460 appellant,
2626 1396 2675 1442 et
2702 1390 2817 1445 hare
2835 1387 3050 1460 proprie
3065 1386 3152 1443 lex
3171 1386 3490 1460 appellatur,
3508 1401 3628 1457 quae
3641 1401 3741 1458 per
3767 1384 3928 1458 Moy-

2314 1497 2409 1538 sen
2436 1481 2562 1538 data
2588 1489 2693 1538 est.

2384 1572 2548 1629 Inter.
2582 1572 2727 1631 Ordo
2761 1573 3032 1630 secundus
3055 1573 3232 1644 qualis
3253 1571 3370 1628 est?
3403 1569 3559 1643 Resp.
3619 1568 3923 1628 Secundus

2313 1665 2449 1720 ordo
2463 1676 2547 1720 est
2569 1663 2986 1736 Prophetarum,
3008 1664 3064 1719 in
3083 1680 3189 1736 quo
3205 1663 3592 1721 contineantur
3605 1661 3737 1721 libri
3757 1671 3918 1718 octo.

697 1774 862 1833 Inter.
909 1772 1051 1843 Quid
1074 1774 1132 1830 in
1178 1771 1384 1827 Natum?
1433 1769 1592 1842 Resp.
1637 1765 1961 1826 Pronuntiat
1985 1761 2210 1820 simula-
2241 1743 2287 1806 Β
2316 1754 2481 1811 Inter.
2541 1756 2820 1825 Quomodo
2875 1756 3264 1813 nominantur?
3318 1753 3474 1828 Resp.
3537 1753 3761 1814 Primus
3829 1761 3926 1810 est

625 1883 720 1926 cra
745 1868 987 1940 gentium
1015 1863 1446 1929 exterminanda,
1513 1876 1616 1920 nec
1639 1876 1748 1918 non
1777 1867 1832 1916 et
1859 1859 2048 1914 urbem
2087 1871 2217 1913 san-

623 1961 848 2035 guinum
877 1959 1212 2018 Hierusalem
1239 1977 1252 2012 :
1277 1966 1401 2028 post
1430 1955 1587 2026 cujus
1610 1955 1888 2012 interitum
1919 1953 2098 2025 pedes.
2115 1965 2216 2006 an.

625 2053 882 2110 nuntians
903 2066 1112 2124 pacem.
1143 2051 1194 2108 id
1213 2059 1322 2116 est,
1347 2047 1648 2110 Salvator-is
1675 2048 1969 2104 adventum
2010 2042 2214 2101 Christi

624 2145 948 2218 proclamat.

694 2235 863 2293 Inter.
891 2235 1030 2307 Quid
1059 2235 1112 2292 in
1135 2234 1388 2292 Abacuc?
1435 2231 1592 2305 Resp.
1656 2230 1716 2287 In
1750 2230 2017 2304 principio
2063 2227 2218 2285 volu-

630 2333 794 2390 minis
840 2332 924 2388 sui
943 2330 1233 2402 descripsit
1259 2327 1534 2385 diabolum
1579 2341 1704 2383 cum
1735 2323 1998 2380 membris
2028 2330 2084 2378 et
2103 2336 2217 2376 mo-

625 2425 777 2480 ribus
802 2423 916 2480 suis
945 2441 960 2479 :
989 2422 1042 2478 in
1072 2423 1178 2477 line
1202 2435 1330 2477 vero
1355 2417 1674 2491 pronuntiat
1697 2417 1990 2472 adventum
2017 2422 2221 2485 etpas-

627 2515 835 2571 sionem
869 2511 1187 2568 Salvatoris.

699 2603 866 2661 Inter.
895 2604 1032 2672 Quid
1079 2605 1135 2659 in
1187 2599 1494 2672 Sophonia?
1561 2595 1718 2670 Resp.
1767 2594 2035 2652 Prmdicat
2071 2595 2220 2650 enim

625 2697 1008 2755 contritionem
1031 2695 1232 2752 montis
1253 2695 1404 2758 Sion,
1434 2692 1525 2764 qui
1550 2697 1635 2746 est
1655 2689 1813 2746 collis
1840 2686 2176 2743 Hierusalem
2202 2703 2217 2740 :

629 2802 860 2844 necnon
881 2797 938 2844 et
956 2787 1183 2845 aliarum
1206 2785 1444 2858 gentium
1467 2782 1824 2845 eversionem,
1852 2788 2222 2849 terroremque

628 2879 733 2937 diei
755 2879 953 2952 iudicii
1013 2877 1223 2935 intonat
1255 2884 1351 2931 :et
1393 2874 1613 2929 tertium
1641 2872 1784 2928 diem
1808 2869 2224 2926 resurrectionis

625 2971 829 3028 Christi
869 2970 1179 3042 prophetat,
1208 2975 1370 3038 atque
1400 2967 1454 3022 in
1496 2967 1789 3021 adventum
1810 2963 2015 3019 Christi
2046 2971 2218 3019 totum

629 3064 817 3120 orbem
859 3062 960 3121 sub
990 3076 1098 3116 uno
1110 3059 1240 3132 jugo
1283 3058 1512 3114 Domino
1531 3056 1858 3112 serviturum
1914 3057 2220 3112 annuntiat.

2315 1846 2480 1902 Iosue
2500 1845 2741 1913 Bennon,
2780 1849 2870 1920 qui
2897 1846 3090 1904 Latine
3112 1848 3239 1904 Iesu
3277 1846 3426 1902 Nare
3447 1847 3666 1905 dicitur.
3699 1845 3921 1904 Secun-

2319 1942 2420 1998 dus
2470 1939 2734 2012 SOptnim,
2765 1943 2910 2012 quod
2945 1954 3029 1998 cst
3055 1941 3326 2007 Iudicum.
3379 1941 3599 2000 Tertius
3626 1939 3913 2000 Samuhel.

2321 2033 2413 2103 qui
2456 2042 2541 2089 est
2567 2032 2773 2105 Regum
2805 2035 3032 2104 primus.
3078 2034 3314 2106 Quartus
3344 2033 3654 2100 Halachitn,
3688 2032 3787 2105 qui
3830 2040 3914 2088 est

2319 2123 2526 2196 Regum
2575 2124 2862 2180 seetmdus.
2921 2125 3154 2194 Quintus
3206 2123 3419 2180 Esaias.
3477 2123 3682 2182 Sextus
3724 2123 3918 2180 Hiere-

2320 2216 2470 2272 mias.
2527 2215 2800 2286 Septimus
2864 2213 3127 2272 Ezechiel.
3185 2215 3422 2274 Octavus
3473 2213 3763 2282 Tharesra,
3825 2215 3924 2286 qui

2319 2307 2520 2365 dicitur
2574 2321 2651 2361 sn
2699 2307 3120 2379 prOplietarum;
3173 2311 3266 2379 qui
3295 2307 3439 2373 libri,
3497 2307 3624 2378 quia
3675 2306 3783 2362 sibi
3813 2320 3924 2378 pro

2320 2401 2585 2458 brevitate
2637 2400 2876 2472 adiuncti
2932 2409 3082 2468 sunt,
3133 2416 3232 2472 pro
3291 2415 3400 2456 uno
3435 2399 3796 2470 accipiuntur.

2393 2494 2559 2548 Inter.
2593 2492 2780 2561 Qualis
2804 2503 2886 2547 est
2931 2494 3068 2548 ordo
3103 2492 3332 2548 tertius?
3355 2489 3510 2562 Resp.
3537 2490 3748 2546 Tertius
3770 2488 3921 2544 ordo

2321 2594 2404 2641 cst
2433 2585 2921 2656 agyographorum,
2949 2585 2999 2638 id
3023 2591 3123 2648 est,
3151 2592 3335 2640 sancta
3364 2583 3714 2639 scribentium
3734 2581 3915 2646 dicta,

2322 2677 2414 2746 qui
2450 2686 2578 2731 sunt
2637 2675 2761 2730 libri
2807 2691 3022 2730 novem.
3076 2675 3246 2732 Inter.
3297 2673 3582 2742 Quomodo
3610 2675 3924 2730 vocantur?

2327 2766 2484 2839 Resp.
2515 2765 2728 2822 Primus
2765 2765 3068 2838 appellatur
3089 2765 3209 2822 Iob.
3243 2765 3525 2822 Secundus
3554 2762 3908 2844 Psalterium.

2325 2859 2544 2916 Tertius
2594 2859 2845 2926 uastant,
2902 2861 3046 2932 quod
3100 2869 3183 2916 est
3243 2859 3528 2914 Proverbia
3584 2857 3907 2915 Salomonis.

2324 2951 2562 3021 Quartus
2618 2949 2838 3017 Ctrleth,
2901 2952 3046 3023 quod
3101 2961 3186 3008 est
3251 2949 3613 3006 Ecclesiastes.
3686 2949 3920 3018 Quintus

2329 3039 2638 3114 Sgrnsirim,
2686 3040 2830 3113 quod
2860 3038 3137 3097 Canticum
3177 3039 3537 3095 Canticorum.
3563 3037 3767 3096 Sextus
3813 3039 3922 3095 Da-

704 3153 868 3211 Inter.
929 3154 1068 3224 Quid
1110 3125 1423 3221 iii-Aggea?
1472 3147 1626 3220 Resp.
1660 3146 2009 3204 Restanratio
2037 3146 2221 3218 templi
2248 3125 2297 3188 θ
2328 3135 2488 3191 "Mel-
2525 3133 2684 3209 43],
2736 3135 3011 3206 Septimus
3043 3133 3400 3197 Dabreicmfn,
3436 3134 3581 3206 quod
3622 3142 3710 3191 est
3739 3131 3925 3191 Verba

630 3245 865 3312 Domini,
912 3253 968 3300 et
1001 3243 1256 3300 contritio
1305 3241 1544 3310 gentium
1581 3239 1664 3295 vel
1719 3239 2013 3294 commotio
2057 3241 2224 3295 totius

634 3340 840 3408 mundi,
887 3347 945 3394 et
973 3339 1235 3394 adventus
1283 3333 1508 3400 Christi,
1553 3348 1649 3389 seu
1696 3332 1987 3402 captivitas
2020 3331 2220 3405 populi.

708 3430 878 3486 Inter.
927 3429 1066 3498 Quid
1113 3428 1166 3484 in
1210 3426 1513 3483 Zacltaria?
1567 3423 1716 3496 Resp.
1772 3423 2049 3496 Leguntur
2079 3425 2223 3479 enim

635 3525 689 3580 in
714 3541 779 3580 eo
808 3525 1046 3580 visiones
1099 3523 1348 3586 diversm,
1392 3535 1513 3591 qua:
1538 3518 1756 3589 longum
1785 3527 1871 3574 est
1892 3533 2214 3585 numerare;

633 3619 690 3676 iu
721 3617 918 3690 quibus
940 3617 1105 3672 etiam
1168 3616 1384 3671 diversa
1439 3612 1697 3685 mysteria
1730 3610 2076 3683 intelligenda
2100 3625 2225 3666 esse

637 3719 959 3766 noscuntur.

708 3798 876 3856 Inter.
920 3799 1063 3868 Quid
1092 3797 1147 3852 in
1174 3796 1478 3852 Malacliia?
1528 3794 1680 3868 Resp.
1709 3795 2056 3851 Demonstrat
2080 3796 2225 3851 enim

637 3891 695 3948 in
721 3891 984 3962 principio
1012 3889 1304 3945 voluminis
1326 3888 1407 3942 sui
1435 3887 1620 3942 odium
1637 3885 1946 3943 Iudmorum
1971 3887 2024 3941 iu
2058 3885 2222 3950 Esau,

637 3995 694 4042 et
713 3985 1053 4041 dilectionem
1079 3981 1309 4038 minoris
1346 3980 1527 4053 populi
1565 3981 1621 4036 in
1654 3977 1842 4036 Iacob.
1905 3979 1962 4035 in
1998 3995 2228 4050 sequen-

639 4080 784 4136 tibus
834 4086 1014 4134 autem
1063 4075 1322 4148 reprobat
1349 4073 1532 4131 Judete
1578 4073 1828 4130 victimas
1862 4073 2050 4145 [lsid.,
2079 4082 2228 4127 vete-

638 4185 730 4227 res
768 4166 918 4225 Iuda:
949 4165 1242 4240 victimas],
1291 4176 1348 4223 et
1401 4165 1731 4222 sacriﬁcium
1779 4165 2079 4222 transferre
2137 4184 2230 4223 an-

641 4259 888 4325 nuntiat;
941 4257 1000 4313 in
1030 4256 1191 4312 tinem
1232 4269 1362 4312 vero
1390 4254 1680 4310 adventum
1727 4255 1942 4312 Domini
1992 4264 2047 4312 et
2084 4256 2226 4313 diem

637 4350 849 4421 iudicii,
897 4355 1274 4422 justorumque
1326 4348 1548 4420 prtemia
1577 4356 1634 4403 et
1664 4348 1953 4419 impiorum
2002 4365 2223 4420 pmnas;

642 4445 909 4503 Iohannis
934 4459 1067 4500 vero
1087 4443 1378 4498 adventum
1407 4441 1643 4513 primum
1662 4450 1719 4498 et
1743 4441 1908 4498 Heliae
1930 4444 2224 4498 secundum

645 4539 947 4594 annuntiat.

716 4630 880 4685 Inter.
913 4627 1051 4696 Quid
1083 4628 1135 4682 in
1179 4626 1386 4683 Esdra?
1415 4624 1568 4698 Resp.
1618 4622 1917 4680 Renovatio
1947 4638 2224 4678 murorum

646 4721 982 4778 Hierusalem
1033 4727 1090 4775 et
1113 4716 1314 4789 templi,
1369 4716 1487 4772 sive
1518 4715 1736 4780 altaris;
1795 4727 1896 4770 nec
1926 4729 2033 4768 non
2072 4721 2128 4769 et
2144 4713 2232 4784 ju-

647 4815 724 4872 ris
749 4812 1037 4870 sacerdotii
1061 4810 1352 4873 restitutio,
1379 4825 1473 4864 seu
1495 4815 1695 4864 sancta:
1717 4806 1992 4874 religionis
2015 4804 2227 4860 culmen

646 4907 832 4963 multis
881 4905 1074 4975 apibus
1105 4903 1345 4974 gentium
1387 4901 1767 4972 etprineipum
1790 4897 2077 4953 Persarum
2112 4914 2229 4952 mu-

647 4997 868 5054 neribus
895 5003 1266 5071 perornatum.

719 5090 882 5146 Inter.
943 5088 1084 5158 Quid
1119 5087 1171 5143 in
1209 5086 1620 5142 Machabeorutn
1656 5083 1834 5139 Libris
1891 5089 1978 5136 est
2039 5080 2232 5135 intelli-

648 5183 918 5252 gendum?
942 5180 1097 5252 Resp.
1135 5180 1445 5236 Pnenotant
1467 5179 1610 5232 enim
1635 5177 1816 5247 praelia
1835 5175 1979 5229 inter
2001 5172 2234 5228 Hebr-eo-

648 5291 770 5332 rum
805 5276 968 5331 duces
998 5281 1053 5326 et
1077 5279 1265 5343 gentes
1297 5270 1605 5333 Persarum,
1644 5281 1988 5339 pugnamque
2028 5263 2234 5318 Sabbu-

652 5377 832 5426 torutn
861 5378 917 5422 et
945 5367 1151 5422 nobiles
1196 5366 1608 5420 Machabcorum
1659 5361 1999 5431 triumphos;
2061 5360 2235 5415 fmdus

650 5475 866 5532 quoque
889 5458 1246 5515 amicitiarum
1271 5473 1396 5511 cum
1427 5456 1791 5511 Romanorum
1826 5453 2052 5507 ducibus
2084 5460 2232 5505 acta-

649 5569 758 5622 que
781 5552 1130 5624 legationum.

725 5643 889 5697 Inter.
938 5638 1000 5696 Ili
1036 5641 1176 5707 libri,
1209 5643 1272 5697 tle
1301 5641 1498 5710 quibus
1547 5651 1773 5694 actenus
1809 5639 2073 5693 rationem
2105 5654 2229 5708 pro-

2328 3231 2560 3295 dierum,
2619 3231 2722 3286 hoc
2753 3239 2838 3286 est
2881 3228 3348 3298 Paralipomenon.
3399 3224 3638 3285 Octavus
3682 3227 3922 3282 Ilesdra.

2328 3321 2512 3378 Nonus
2548 3320 2757 3385 Hester,
2801 3319 2894 3392 qui
2943 3319 3105 3374 simul
3153 3334 3343 3376 omnes
3375 3319 3632 3392 quinque,
3681 3327 3836 3386 octo,
3867 3329 3927 3374 et

2328 3430 2521 3470 novem
2566 3412 2703 3468 ﬁunt
2733 3429 2867 3477 xxu,
2918 3413 3060 3468 sicut
3083 3412 3330 3482 superius
3350 3412 3546 3468 dictum
3581 3421 3687 3467 est.

2400 3505 2566 3561 Inter.
2599 3502 2875 3559 Habentur
2912 3503 3096 3574 plures
3143 3503 3269 3559 libri
3307 3503 3517 3560 Veteris
3545 3502 3921 3570 Testamenti,

2327 3615 2397 3654 an
2431 3598 2575 3653 non?
2599 3595 2755 3668 Resp.
2789 3595 3072 3652 [labentur
3107 3595 3312 3667 utique.
3343 3594 3509 3651 Inter.
3534 3595 3635 3664 Qui
3666 3603 3798 3651 sunt
3830 3597 3926 3651 lii?

2331 3690 2487 3761 Resp.
2521 3689 2750 3757 Quidam
2786 3697 2964 3743 autem
3007 3686 3182 3755 Ruth;
3221 3695 3277 3744 et
3301 3685 3526 3759 Cynoth,
3549 3690 3690 3759 quod
3724 3689 3924 3746 Latine

2329 3781 2527 3838 dicitur
2553 3777 2887 3835 Lamentatio
2910 3776 3214 3856 Ilieremitr,
3245 3780 3609 3853 agyographis
3629 3779 3923 3850 adjiciunt,

2327 3883 2386 3932 ct
2411 3891 2567 3930 xxuu
2601 3873 2873 3930 volumina
2907 3873 3117 3930 Veteris
3142 3873 3480 3929 Tostameoti
3514 3872 3740 3939 faciunt,
3763 3875 3920 3947 juxta

2332 3983 2492 4024 nun
2538 3966 2816 4031 seniores,
2846 3967 2940 4037 qui
2987 3975 3112 4020 ante
3159 3973 3510 4037 conspectum
3539 3963 3753 4022 Dom'ni
3783 3968 3923 4023 assi-

2333 4070 2502 4116 stunt.

2400 4153 2568 4210 Inter.
2593 4150 2951 4210 Inveniuntur
2973 4152 3203 4222 amplius
3224 4167 3289 4207 ex
3321 4151 3476 4207 libris
3497 4153 3711 4208 Veteris
3734 4151 3916 4208 Testa-

2331 4247 2534 4303 meuti?
2558 4245 2710 4318 Resp.
2741 4245 2938 4301 Etiam.
2983 4243 3149 4298 Inter.
3190 4243 3507 4312 Quomodo?
3537 4242 3693 4314 Resp.
3735 4241 3909 4299 Habe-

2329 4351 2420 4396 tur
2448 4341 2610 4396 etiam
2637 4339 2770 4396 ordo
2805 4349 3030 4410 quartus
3059 4352 3246 4392 eorum
3278 4336 3537 4392 librorum
3559 4378 3575 4402 ,
3604 4337 3697 4408 qui
3737 4337 3789 4392 in
3824 4352 3914 4395 ca-

2334 4451 2472 4490 none
2514 4432 2781 4489 lleliraico
2812 4449 2916 4487 non
2947 4441 3088 4486 sunt.
3134 4431 3301 4486 Inter.
3345 4429 3626 4499 Quomodo
3660 4439 3921 4487 vocantur

2284 4494 2444 4581 ’illi?
2491 4525 2645 4598 Resp.
2701 4525 2914 4580 Primus
2961 4535 3045 4580 cst
3088 4521 3240 4577 Liber
3285 4494 3589 4595 Sapientitr.
3639 4522 3919 4579 Secundus

2333 4621 2752 4677 Ecciesiusticus.
2780 4619 2995 4674 Tertius
3019 4615 3166 4672 Tobi.
3191 4615 3428 4685 Quartus
3450 4614 3662 4671 Iudith.
3689 4615 3922 4684 Quintus

2331 4727 2386 4772 et
2409 4727 2595 4771 sevtus
2631 4712 3061 4776 Marhabeorum,
3091 4727 3226 4780 quos
3249 4709 3378 4767 licet
3410 4708 3580 4766 Iudmi
3619 4713 3762 4766 inter
3793 4727 3920 4782 apo-

2333 4807 2467 4877 grifa
2497 4813 2776 4876 separent;
2821 4803 3062 4858 Ecclesia
3101 4811 3282 4857 tamen
3306 4800 3508 4857 Christi
3541 4804 3681 4858 inter
3709 4802 3921 4860 divinos

2337 4899 2501 4953 libros
2520 4899 2749 4952 honorat
2777 4906 2833 4950 et
2865 4894 3124 4967 praedicat
3150 4907 3196 4949 ι.
3621 4886 3627 4891 ’

2409 4988 2574 5043 Inter.
2601 4987 2912 5043 Transactis
2931 4986 3239 5042 nominibus
3261 4995 3316 5042 et
3336 4986 3638 5052 ordinibus,
3653 4987 3736 5044 vel
3756 4989 3916 5046 etiam

2341 5083 2469 5154 quid
2495 5098 2559 5137 ex
2588 5088 2741 5152 parte
2769 5080 2821 5133 in
2846 5080 3048 5134 eisdem
3083 5077 3236 5133 libris
3262 5079 3603 5144 continetur,
3645 5095 3787 5136 nunc
3823 5081 3918 5134 ob-

2335 5165 2512 5236 secro,
2538 5181 2598 5227 ut
2622 5173 2910 5241 scriptores
2936 5185 3121 5223 eorum
3148 5210 3161 5235 ,
3191 5169 3282 5238 qui
3311 5167 3539 5224 fuissent
3560 5211 3573 5233 ,
3607 5184 3707 5225 nec
3729 5186 3832 5226 non
3863 5182 3918 5226 et

2335 5263 2632 5330 vocabula,
2672 5276 2842 5333 quare
2888 5260 3258 5330 unusquisque
3313 5274 3503 5315 eorum
3553 5258 3626 5314 ita
3675 5270 3914 5324 vocetur,

2336 5357 2466 5411 mihi
2505 5357 2733 5427 aperias.
2763 5353 2914 5424 Resp.
2945 5354 3103 5419 Vere,
3135 5353 3323 5418 frater,
3352 5367 3605 5422 magnam
3644 5361 3702 5408 et
3735 5350 3916 5408 diﬂici-

2337 5448 2442 5501 lem
2471 5462 2584 5502 rem
2614 5461 2643 5500 a
2672 5461 2756 5501 me
2787 5445 3044 5515 requiris,
3072 5461 3232 5515 quam
3267 5453 3479 5512 tamen;
3505 5454 3665 5516 prout
3693 5445 3914 5502 Domino

2338 5540 2548 5594 volente
2578 5537 2749 5600 valeo,
2782 5537 2878 5590 tibi
2905 5551 3190 5606 exponam.

2409 5631 2574 5686 Inter.
2603 5633 2698 5686 llic
2723 5646 2854 5700 ergo
2875 5629 3028 5691 mihi,
3065 5630 3274 5684 Veteris
3304 5629 3633 5686 Testamenti
3657 5628 3912 5688 librorum

728 5777 752 5803 ο
797 5760 853 5813 Vi
878 5760 924 5815 Ie
953 5773 1069 5828 qufr
1099 5761 1400 5813 notavimus
1429 5757 1492 5811 ad
1523 5758 1640 5811 lilu‘.
1675 5773 1688 5810 ι
1717 5755 1978 5810 adversus
2015 5753 2332 5826 I-Jlipazidun'i
2359 5753 2578 5820 huiusce
2620 5760 2748 5806 tow.
2788 5752 2890 5806 cui.
2919 5751 3040 5804 “23.4.
