  <div class='ocr_page' id='page_1' title='image "/cluster/home/n/w/nwhite01/storage/ocr_20150623/101/umn.31951002477394h/576.png"; bbox 0 0 4090 6518; ppageno 0'>
   <div class='ocr_carea' id='block_1_1' title="bbox 332 349 469 408">
    <p class='ocr_par' dir='ltr' id='par_1_1' title="bbox 332 349 469 408">
     <span class='ocr_line' id='line_1_1' title="bbox 332 349 469 408; baseline 0.007 -3"><span class='ocrx_word' id='word_1_1' title='bbox 332 349 469 408; x_wconf 66' lang='lat' dir='ltr'><strong>H25</strong></span> 
     </span>
    </p>
   </div>
   <div class='ocr_carea' id='block_1_2' title="bbox 1243 356 2674 422">
    <p class='ocr_par' dir='ltr' id='par_1_2' title="bbox 1243 356 2674 422">
     <span class='ocr_line' id='line_1_2' title="bbox 1243 356 2674 422; baseline 0.005 -8"><span class='ocrx_word' id='word_1_2' title='bbox 1243 356 1392 414; x_wconf 83' lang='lat' dir='ltr'><strong>OPP.</strong></span> <span class='ocrx_word' id='word_1_3' title='bbox 1435 357 1664 415; x_wconf 64' lang='lat' dir='ltr'><strong>DUBIA.</strong></span> <span class='ocrx_word' id='word_1_4' title='bbox 1701 389 1771 400; x_wconf 85' lang='lat'><strong>-</strong></span> <span class='ocrx_word' id='word_1_5' title='bbox 1808 359 2226 420; x_wconf 70' lang='lat' dir='ltr'><strong>DISPUTATEO</strong></span> <span class='ocrx_word' id='word_1_6' title='bbox 2267 359 2674 422; x_wconf 71' lang='lat' dir='ltr'><strong>PUERORUM.</strong></span> 
     </span>
    </p>
   </div>
   <div class='ocr_carea' id='block_1_3' title="bbox 3467 364 3603 421">
    <p class='ocr_par' dir='ltr' id='par_1_3' title="bbox 3467 364 3603 421">
     <span class='ocr_line' id='line_1_3' title="bbox 3467 364 3603 421; baseline 0.015 -2"><span class='ocrx_word' id='word_1_7' title='bbox 3467 364 3603 421; x_wconf 70' lang='lat'><strong>“26</strong></span> 
     </span>
    </p>
   </div>
   <div class='ocr_carea' id='block_1_4' title="bbox 330 469 3601 551">
    <p class='ocr_par' dir='ltr' id='par_1_4' title="bbox 330 469 3601 551">
     <span class='ocr_line' id='line_1_4' title="bbox 330 469 3601 551; baseline 0.002 -26"><span class='ocrx_word' id='word_1_8' title='bbox 330 476 580 526; x_wconf 82' lang='lat' dir='ltr'><strong>auctores</strong></span> <span class='ocrx_word' id='word_1_9' title='bbox 622 469 716 542; x_wconf 99' lang='lat' dir='ltr'><strong>qui</strong></span> <span class='ocrx_word' id='word_1_10' title='bbox 763 470 1026 530; x_wconf 69' lang='lat' dir='ltr'><strong>fuissent?</strong></span> <span class='ocrx_word' id='word_1_11' title='bbox 1069 473 1221 546; x_wconf 71' lang='lat' dir='ltr'><strong>Resp.</strong></span> <span class='ocrx_word' id='word_1_12' title='bbox 1265 488 1290 516; x_wconf 73' lang='grc' dir='ltr'><strong>ι</strong></span> <span class='ocrx_word' id='word_1_13' title='bbox 1316 475 1529 532; x_wconf 74' lang='lat' dir='ltr'><strong>\‘eteris</strong></span> <span class='ocrx_word' id='word_1_14' title='bbox 1575 474 1912 531; x_wconf 83' lang='lat' dir='ltr'><strong>Testamenti</strong></span> <span class='ocrx_word' id='word_1_15' title='bbox 1942 479 1994 538; x_wconf 75' lang='grc' dir='ltr'><strong>Α</strong></span> <span class='ocrx_word' id='word_1_16' title='bbox 2087 474 2253 532; x_wconf 81' lang='lat' dir='ltr'><strong>Inter.</strong></span> <span class='ocrx_word' id='word_1_17' title='bbox 2283 475 2858 551; x_wconf 83' lang='lat' dir='ltr'><strong>Paralipomenon.qna</strong></span> <span class='ocrx_word' id='word_1_18' title='bbox 2883 478 3060 550; x_wconf 79' lang='lat' dir='ltr'><strong>lingua</strong></span> <span class='ocrx_word' id='word_1_19' title='bbox 3091 476 3423 550; x_wconf 80' lang='lat' dir='ltr'><strong>appellatur?</strong></span> <span class='ocrx_word' id='word_1_20' title='bbox 3447 477 3601 551; x_wconf 81' lang='lat' dir='ltr'><strong>Resp.</strong></span> 
     </span>
    </p>
   </div>
   <div class='ocr_carea' id='block_1_5' title="bbox 326 565 3607 642">
    <p class='ocr_par' dir='ltr' id='par_1_5' title="bbox 326 565 3607 642">
     <span class='ocr_line' id='line_1_5' title="bbox 326 565 3607 642; baseline 0.001 -20"><span class='ocrx_word' id='word_1_21' title='bbox 326 567 624 625; x_wconf 86' lang='lat' dir='ltr'><strong>secundum</strong></span> <span class='ocrx_word' id='word_1_22' title='bbox 671 567 1006 626; x_wconf 85' lang='lat' dir='ltr'><strong>llebreorum</strong></span> <span class='ocrx_word' id='word_1_23' title='bbox 1056 571 1407 628; x_wconf 71' lang='lat' dir='ltr'><strong>traditionem</strong></span> <span class='ocrx_word' id='word_1_24' title='bbox 1452 571 1510 626; x_wconf 91' lang='lat' dir='ltr'><strong>hi</strong></span> <span class='ocrx_word' id='word_1_25' title='bbox 1557 569 1916 642; x_wconf 75' lang='lat' dir='ltr'><strong>perhibentur</strong></span> <span class='ocrx_word' id='word_1_26' title='bbox 2017 565 2465 640; x_wconf 83' lang='lat' dir='ltr'><strong>Paralipomenon</strong></span> <span class='ocrx_word' id='word_1_27' title='bbox 2480 567 2678 626; x_wconf 58' lang='lat' dir='ltr'><strong>Graece</strong></span> <span class='ocrx_word' id='word_1_28' title='bbox 2707 570 2926 637; x_wconf 90' lang='lat' dir='ltr'><strong>dicitur,</strong></span> <span class='ocrx_word' id='word_1_29' title='bbox 2954 569 3098 641; x_wconf 87' lang='lat' dir='ltr'><strong>quod</strong></span> <span class='ocrx_word' id='word_1_30' title='bbox 3141 583 3242 625; x_wconf 86' lang='lat' dir='ltr'><strong>nos</strong></span> <span class='ocrx_word' id='word_1_31' title='bbox 3276 571 3607 640; x_wconf 68' lang='lat' dir='ltr'><strong>pmlcrmis-</strong></span> 
     </span>
    </p>
   </div>
   <div class='ocr_carea' id='block_1_6' title="bbox 327 658 1915 734">
    <p class='ocr_par' dir='ltr' id='par_1_6' title="bbox 327 658 1915 734">
     <span class='ocr_line' id='line_1_6' title="bbox 327 658 1915 734; baseline 0.001 -22"><span class='ocrx_word' id='word_1_32' title='bbox 327 667 594 716; x_wconf 80' lang='lat' dir='ltr'><strong>auctores.</strong></span> <span class='ocrx_word' id='word_1_33' title='bbox 617 658 832 718; x_wconf 87' lang='lat' dir='ltr'><strong>Primus</strong></span> <span class='ocrx_word' id='word_1_34' title='bbox 863 661 1074 734; x_wconf 84' lang='lat' dir='ltr'><strong>Moyses</strong></span> <span class='ocrx_word' id='word_1_35' title='bbox 1098 662 1294 719; x_wconf 66' lang='lat' dir='ltr'><strong>divina:</strong></span> <span class='ocrx_word' id='word_1_36' title='bbox 1329 661 1572 718; x_wconf 70' lang='lat' dir='ltr'><strong>historian</strong></span> <span class='ocrx_word' id='word_1_37' title='bbox 1601 675 1915 732; x_wconf 84' lang='lat' dir='ltr'><strong>cosmogra-</strong></span> 
     </span>
    </p>
   </div>
   <div class='ocr_carea' id='block_1_7' title="bbox 325 744 1914 822">
    <p class='ocr_par' dir='ltr' id='par_1_7' title="bbox 325 744 1914 822">
     <span class='ocr_line' id='line_1_7' title="bbox 325 744 1914 822; baseline 0.001 -20"><span class='ocrx_word' id='word_1_38' title='bbox 325 744 468 803; x_wconf 80' lang='lat' dir='ltr'><strong>ileon</strong></span> <span class='ocrx_word' id='word_1_39' title='bbox 495 747 554 803; x_wconf 90' lang='lat' dir='ltr'><strong>in</strong></span> <span class='ocrx_word' id='word_1_40' title='bbox 587 749 825 820; x_wconf 89' lang='lat' dir='ltr'><strong>quinque</strong></span> <span class='ocrx_word' id='word_1_41' title='bbox 853 751 1217 808; x_wconf 84' lang='lat' dir='ltr'><strong>voluminibus</strong></span> <span class='ocrx_word' id='word_1_42' title='bbox 1245 752 1432 818; x_wconf 82' lang='lat' dir='ltr'><strong>edidit,</strong></span> <span class='ocrx_word' id='word_1_43' title='bbox 1461 750 1604 822; x_wconf 86' lang='lat' dir='ltr'><strong>quod</strong></span> <span class='ocrx_word' id='word_1_44' title='bbox 1625 750 1914 805; x_wconf 84' lang='lat' dir='ltr'><strong>Pentateu-</strong></span> 
     </span>
    </p>
   </div>
   <div class='ocr_carea' id='block_1_8' title="bbox 325 841 1910 914">
    <p class='ocr_par' dir='ltr' id='par_1_8' title="bbox 325 841 1910 914">
     <span class='ocr_line' id='line_1_8' title="bbox 325 841 1910 914; baseline 0.001 -20"><span class='ocrx_word' id='word_1_45' title='bbox 325 851 454 896; x_wconf 85' lang='lat' dir='ltr'><strong>cum</strong></span> <span class='ocrx_word' id='word_1_46' title='bbox 501 841 834 898; x_wconf 83' lang='lat' dir='ltr'><strong>nominatur.</strong></span> <span class='ocrx_word' id='word_1_47' title='bbox 883 842 1050 899; x_wconf 94' lang='lat' dir='ltr'><strong>Inter.</strong></span> <span class='ocrx_word' id='word_1_48' title='bbox 1104 844 1283 912; x_wconf 83' lang='lat' dir='ltr'><strong>Quare</strong></span> <span class='ocrx_word' id='word_1_49' title='bbox 1325 845 1402 900; x_wconf 91' lang='lat' dir='ltr'><strong>ita</strong></span> <span class='ocrx_word' id='word_1_50' title='bbox 1449 843 1708 900; x_wconf 84' lang='lat' dir='ltr'><strong>vocatur?</strong></span> <span class='ocrx_word' id='word_1_51' title='bbox 1751 842 1910 914; x_wconf 75' lang='lat' dir='ltr'><strong>Resp.</strong></span> 
     </span>
    </p>
   </div>
   <div class='ocr_carea' id='block_1_9' title="bbox 322 929 1909 1008">
    <p class='ocr_par' dir='ltr' id='par_1_9' title="bbox 322 929 1909 1008">
     <span class='ocr_line' id='line_1_9' title="bbox 322 929 1909 1008; baseline -0.002 -18"><span class='ocrx_word' id='word_1_52' title='bbox 322 929 686 991; x_wconf 79' lang='lat' dir='ltr'><strong>Pentateucus</strong></span> <span class='ocrx_word' id='word_1_53' title='bbox 719 943 902 991; x_wconf 88' lang='lat' dir='ltr'><strong>autem</strong></span> <span class='ocrx_word' id='word_1_54' title='bbox 944 950 976 991; x_wconf 89' lang='lat' dir='ltr'><strong>a</strong></span> <span class='ocrx_word' id='word_1_55' title='bbox 1018 937 1258 1008; x_wconf 88' lang='lat' dir='ltr'><strong>quinque</strong></span> <span class='ocrx_word' id='word_1_56' title='bbox 1292 935 1661 992; x_wconf 74' lang='lat' dir='ltr'><strong>voluminibus</strong></span> <span class='ocrx_word' id='word_1_57' title='bbox 1690 936 1909 990; x_wconf 88' lang='lat' dir='ltr'><strong>dicitur.</strong></span> 
     </span>
    </p>
   </div>
   <div class='ocr_carea' id='block_1_10' title="bbox 322 1021 1915 1101">
    <p class='ocr_par' dir='ltr' id='par_1_10' title="bbox 322 1021 1915 1101">
     <span class='ocr_line' id='line_1_10' title="bbox 322 1021 1915 1101; baseline -0.001 -20"><span class='ocrx_word' id='word_1_58' title='bbox 322 1021 491 1081; x_wconf 82' lang='lat' dir='ltr'><strong>Inter.</strong></span> <span class='ocrx_word' id='word_1_59' title='bbox 528 1024 647 1094; x_wconf 84' lang='lat' dir='ltr'><strong>Qua</strong></span> <span class='ocrx_word' id='word_1_60' title='bbox 675 1028 921 1085; x_wconf 78' lang='lat' dir='ltr'><strong>ratione?</strong></span> <span class='ocrx_word' id='word_1_61' title='bbox 941 1028 1097 1101; x_wconf 78' lang='lat' dir='ltr'><strong>Resp.</strong></span> <span class='ocrx_word' id='word_1_62' title='bbox 1135 1028 1304 1084; x_wconf 88' lang='lat' dir='ltr'><strong>Penta</strong></span> <span class='ocrx_word' id='word_1_63' title='bbox 1331 1027 1478 1086; x_wconf 89' lang='lat' dir='ltr'><strong>enim</strong></span> <span class='ocrx_word' id='word_1_64' title='bbox 1518 1026 1705 1082; x_wconf 77' lang='lat' dir='ltr'><strong>Grzece</strong></span> <span class='ocrx_word' id='word_1_65' title='bbox 1729 1025 1915 1101; x_wconf 81' lang='lat' dir='ltr'><strong>[quin-</strong></span> 
     </span>
    </p>
   </div>
   <div class='ocr_carea' id='block_1_11' title="bbox 321 1117 1912 1193">
    <p class='ocr_par' dir='ltr' id='par_1_11' title="bbox 321 1117 1912 1193">
     <span class='ocr_line' id='line_1_11' title="bbox 321 1117 1912 1193; baseline -0.001 -19"><span class='ocrx_word' id='word_1_66' title='bbox 321 1117 451 1193; x_wconf 80' lang='lat' dir='ltr'><strong>que]</strong></span> <span class='ocrx_word' id='word_1_67' title='bbox 485 1119 699 1176; x_wconf 70' lang='lat' dir='ltr'><strong>theatro:</strong></span> <span class='ocrx_word' id='word_1_68' title='bbox 727 1136 857 1178; x_wconf 90' lang='lat' dir='ltr'><strong>vero</strong></span> <span class='ocrx_word' id='word_1_69' title='bbox 892 1121 1144 1178; x_wconf 87' lang='lat' dir='ltr'><strong>volumen</strong></span> <span class='ocrx_word' id='word_1_70' title='bbox 1179 1129 1426 1188; x_wconf 82' lang='lat' dir='ltr'><strong>vocatur,</strong></span> <span class='ocrx_word' id='word_1_71' title='bbox 1455 1120 1549 1176; x_wconf 86' lang='lat' dir='ltr'><strong>ubi</strong></span> <span class='ocrx_word' id='word_1_72' title='bbox 1588 1128 1645 1175; x_wconf 89' lang='lat' dir='ltr'><strong>et.</strong></span> <span class='ocrx_word' id='word_1_73' title='bbox 1685 1118 1912 1175; x_wconf 84' lang='lat' dir='ltr'><strong>Genesis</strong></span> 
     </span>
    </p>
   </div>
   <div class='ocr_carea' id='block_1_12' title="bbox 317 1208 1908 1280">
    <p class='ocr_par' dir='ltr' id='par_1_12' title="bbox 317 1208 1908 1280">
     <span class='ocr_line' id='line_1_12' title="bbox 317 1208 1908 1280; baseline -0.001 -16"><span class='ocrx_word' id='word_1_74' title='bbox 317 1209 527 1280; x_wconf 80' lang='lat' dir='ltr'><strong>primus</strong></span> <span class='ocrx_word' id='word_1_75' title='bbox 558 1219 801 1269; x_wconf 87' lang='lat' dir='ltr'><strong>vocatur.</strong></span> <span class='ocrx_word' id='word_1_76' title='bbox 835 1210 1003 1269; x_wconf 89' lang='lat' dir='ltr'><strong>Inter.</strong></span> <span class='ocrx_word' id='word_1_77' title='bbox 1031 1213 1185 1270; x_wconf 67' lang='lat' dir='ltr'><strong>Unde</strong></span> <span class='ocrx_word' id='word_1_78' title='bbox 1223 1212 1451 1270; x_wconf 87' lang='lat' dir='ltr'><strong>Genesis</strong></span> <span class='ocrx_word' id='word_1_79' title='bbox 1480 1211 1714 1268; x_wconf 86' lang='lat' dir='ltr'><strong>dicitur?</strong></span> <span class='ocrx_word' id='word_1_80' title='bbox 1750 1208 1908 1280; x_wconf 81' lang='lat' dir='ltr'><strong>Resp.</strong></span> 
     </span>
    </p>
   </div>
   <div class='ocr_carea' id='block_1_13' title="bbox 316 1299 1910 1378">
    <p class='ocr_par' dir='ltr' id='par_1_13' title="bbox 316 1299 1910 1378">
     <span class='ocr_line' id='line_1_13' title="bbox 316 1299 1910 1378; baseline -0.001 -21"><span class='ocrx_word' id='word_1_81' title='bbox 316 1299 546 1361; x_wconf 78' lang='lat' dir='ltr'><strong>Genesis</strong></span> <span class='ocrx_word' id='word_1_82' title='bbox 597 1304 735 1360; x_wconf 89' lang='lat' dir='ltr'><strong>liber</strong></span> <span class='ocrx_word' id='word_1_83' title='bbox 784 1306 910 1362; x_wconf 89' lang='lat' dir='ltr'><strong>inde</strong></span> <span class='ocrx_word' id='word_1_84' title='bbox 961 1306 1282 1378; x_wconf 80' lang='lat' dir='ltr'><strong>appellatur,</strong></span> <span class='ocrx_word' id='word_1_85' title='bbox 1329 1321 1397 1364; x_wconf 91' lang='lat' dir='ltr'><strong>eo</strong></span> <span class='ocrx_word' id='word_1_86' title='bbox 1437 1305 1580 1376; x_wconf 89' lang='lat' dir='ltr'><strong>quod</strong></span> <span class='ocrx_word' id='word_1_87' title='bbox 1626 1303 1910 1359; x_wconf 74' lang='lat' dir='ltr'><strong>exordium</strong></span> 
     </span>
    </p>
   </div>
   <div class='ocr_carea' id='block_1_14' title="bbox 317 1396 1669 1469">
    <p class='ocr_par' dir='ltr' id='par_1_14' title="bbox 317 1396 1669 1469">
     <span class='ocr_line' id='line_1_14' title="bbox 317 1396 1669 1469; baseline -0.001 -18"><span class='ocrx_word' id='word_1_88' title='bbox 317 1396 503 1452; x_wconf 84' lang='lat' dir='ltr'><strong>mundi</strong></span> <span class='ocrx_word' id='word_1_89' title='bbox 530 1403 587 1453; x_wconf 88' lang='lat' dir='ltr'><strong>et</strong></span> <span class='ocrx_word' id='word_1_90' title='bbox 615 1399 892 1469; x_wconf 75' lang='lat' dir='ltr'><strong>generatio</strong></span> <span class='ocrx_word' id='word_1_91' title='bbox 923 1399 1107 1455; x_wconf 62' lang='lat' dir='ltr'><strong>sarculi</strong></span> <span class='ocrx_word' id='word_1_92' title='bbox 1133 1399 1188 1455; x_wconf 90' lang='lat' dir='ltr'><strong>in</strong></span> <span class='ocrx_word' id='word_1_93' title='bbox 1217 1415 1285 1455; x_wconf 87' lang='lat' dir='ltr'><strong>co</strong></span> <span class='ocrx_word' id='word_1_94' title='bbox 1306 1398 1669 1455; x_wconf 89' lang='lat' dir='ltr'><strong>contineatur.</strong></span> 
     </span>
    </p>
   </div>
   <div class='ocr_carea' id='block_1_15' title="bbox 388 1485 1910 1560">
    <p class='ocr_par' dir='ltr' id='par_1_15' title="bbox 388 1485 1910 1560">
     <span class='ocr_line' id='line_1_15' title="bbox 388 1485 1910 1560; baseline -0.003 -17"><span class='ocrx_word' id='word_1_95' title='bbox 388 1485 554 1544; x_wconf 85' lang='lat' dir='ltr'><strong>Inter.</strong></span> <span class='ocrx_word' id='word_1_96' title='bbox 591 1489 810 1546; x_wconf 77' lang='lat' dir='ltr'><strong>Exodus</strong></span> <span class='ocrx_word' id='word_1_97' title='bbox 837 1491 979 1547; x_wconf 88' lang='lat' dir='ltr'><strong>unde</strong></span> <span class='ocrx_word' id='word_1_98' title='bbox 1008 1507 1204 1548; x_wconf 88' lang='lat' dir='ltr'><strong>nomen</strong></span> <span class='ocrx_word' id='word_1_99' title='bbox 1239 1491 1483 1560; x_wconf 85' lang='lat' dir='ltr'><strong>accepit?</strong></span> <span class='ocrx_word' id='word_1_100' title='bbox 1510 1487 1662 1560; x_wconf 83' lang='lat' dir='ltr'><strong>Resp.</strong></span> <span class='ocrx_word' id='word_1_101' title='bbox 1690 1485 1910 1542; x_wconf 60' lang='lat' dir='ltr'><strong>lix-odos</strong></span> 
     </span>
    </p>
   </div>
   <div class='ocr_carea' id='block_1_16' title="bbox 313 1578 1910 1658">
    <p class='ocr_par' dir='ltr' id='par_1_16' title="bbox 313 1578 1910 1658">
     <span class='ocr_line' id='line_1_16' title="bbox 313 1578 1910 1658; baseline -0.003 -21"><span class='ocrx_word' id='word_1_102' title='bbox 313 1595 445 1638; x_wconf 88' lang='lat' dir='ltr'><strong>vero</strong></span> <span class='ocrx_word' id='word_1_103' title='bbox 469 1582 674 1639; x_wconf 78' lang='lat' dir='ltr'><strong>exitum</strong></span> <span class='ocrx_word' id='word_1_104' title='bbox 697 1584 765 1640; x_wconf 88' lang='lat' dir='ltr'><strong>ab</strong></span> <span class='ocrx_word' id='word_1_105' title='bbox 796 1581 1030 1657; x_wconf 57' lang='lat' dir='ltr'><strong>[Egypto</strong></span> <span class='ocrx_word' id='word_1_106' title='bbox 1059 1583 1144 1641; x_wconf 91' lang='lat' dir='ltr'><strong>vel</strong></span> <span class='ocrx_word' id='word_1_107' title='bbox 1177 1600 1457 1658; x_wconf 86' lang='lat' dir='ltr'><strong>egressum</strong></span> <span class='ocrx_word' id='word_1_108' title='bbox 1493 1581 1675 1655; x_wconf 87' lang='lat' dir='ltr'><strong>p0puli</strong></span> <span class='ocrx_word' id='word_1_109' title='bbox 1703 1578 1910 1636; x_wconf 86' lang='lat' dir='ltr'><strong>Israhel</strong></span> 
     </span>
    </p>
   </div>
   <div class='ocr_carea' id='block_1_17' title="bbox 313 1672 1473 1747">
    <p class='ocr_par' dir='ltr' id='par_1_17' title="bbox 313 1672 1473 1747">
     <span class='ocr_line' id='line_1_17' title="bbox 313 1672 1473 1747; baseline 0.001 -19"><span class='ocrx_word' id='word_1_110' title='bbox 313 1672 530 1745; x_wconf 87' lang='lat' dir='ltr'><strong>digerit,</strong></span> <span class='ocrx_word' id='word_1_111' title='bbox 561 1682 619 1730; x_wconf 88' lang='lat' dir='ltr'><strong>et</strong></span> <span class='ocrx_word' id='word_1_112' title='bbox 643 1691 711 1733; x_wconf 79' lang='lat' dir='ltr'><strong>ex</strong></span> <span class='ocrx_word' id='word_1_113' title='bbox 739 1689 803 1732; x_wconf 90' lang='lat' dir='ltr'><strong>ea</strong></span> <span class='ocrx_word' id='word_1_114' title='bbox 827 1691 992 1732; x_wconf 90' lang='lat' dir='ltr'><strong>causa</strong></span> <span class='ocrx_word' id='word_1_115' title='bbox 1021 1691 1218 1733; x_wconf 90' lang='lat' dir='ltr'><strong>nomen</strong></span> <span class='ocrx_word' id='word_1_116' title='bbox 1250 1676 1473 1747; x_wconf 88' lang='lat' dir='ltr'><strong>accepit.</strong></span> 
     </span>
    </p>
   </div>
   <div class='ocr_carea' id='block_1_18' title="bbox 383 1764 1909 1839">
    <p class='ocr_par' dir='ltr' id='par_1_18' title="bbox 383 1764 1909 1839">
     <span class='ocr_line' id='line_1_18' title="bbox 383 1764 1909 1839; baseline -0.001 -19"><span class='ocrx_word' id='word_1_117' title='bbox 383 1764 415 1820; x_wconf 97' lang='grc'><strong>1</strong></span> <span class='ocrx_word' id='word_1_118' title='bbox 419 1775 549 1821; x_wconf 89' lang='lat' dir='ltr'><strong>nter.</strong></span> <span class='ocrx_word' id='word_1_119' title='bbox 583 1765 856 1823; x_wconf 83' lang='lat' dir='ltr'><strong>Leviticus</strong></span> <span class='ocrx_word' id='word_1_120' title='bbox 879 1768 1022 1824; x_wconf 84' lang='lat' dir='ltr'><strong>unde</strong></span> <span class='ocrx_word' id='word_1_121' title='bbox 1045 1767 1280 1825; x_wconf 84' lang='lat' dir='ltr'><strong>dicitur?</strong></span> <span class='ocrx_word' id='word_1_122' title='bbox 1301 1767 1456 1839; x_wconf 78' lang='lat' dir='ltr'><strong>Resp.</strong></span> <span class='ocrx_word' id='word_1_123' title='bbox 1494 1765 1767 1823; x_wconf 87' lang='lat' dir='ltr'><strong>Leviticus</strong></span> <span class='ocrx_word' id='word_1_124' title='bbox 1813 1780 1909 1834; x_wconf 85' lang='lat' dir='ltr'><strong>ap-</strong></span> 
     </span>
    </p>
   </div>
   <div class='ocr_carea' id='block_1_19' title="bbox 2016 661 3601 734">
    <p class='ocr_par' dir='ltr' id='par_1_19' title="bbox 2016 661 3601 734">
     <span class='ocr_line' id='line_1_19' title="bbox 2016 661 3601 734; baseline 0 -18"><span class='ocrx_word' id='word_1_125' title='bbox 2016 676 2199 716; x_wconf 87' lang='lat' dir='ltr'><strong>sorum</strong></span> <span class='ocrx_word' id='word_1_126' title='bbox 2228 661 2314 716; x_wconf 87' lang='lat' dir='ltr'><strong>vel</strong></span> <span class='ocrx_word' id='word_1_127' title='bbox 2357 661 2687 734; x_wconf 89' lang='lat' dir='ltr'><strong>reliquorum</strong></span> <span class='ocrx_word' id='word_1_128' title='bbox 2735 663 2915 720; x_wconf 78' lang='lat' dir='ltr'><strong>dicere</strong></span> <span class='ocrx_word' id='word_1_129' title='bbox 2963 677 3283 732; x_wconf 89' lang='lat' dir='ltr'><strong>possumus,</strong></span> <span class='ocrx_word' id='word_1_130' title='bbox 3327 662 3455 733; x_wconf 91' lang='lat' dir='ltr'><strong>quia</strong></span> <span class='ocrx_word' id='word_1_131' title='bbox 3506 680 3601 728; x_wconf 84' lang='lat' dir='ltr'><strong>ca,</strong></span> 
     </span>
    </p>
   </div>
   <div class='ocr_carea' id='block_1_20' title="bbox 2013 752 3602 826">
    <p class='ocr_par' dir='ltr' id='par_1_20' title="bbox 2013 752 3602 826">
     <span class='ocr_line' id='line_1_20' title="bbox 2013 752 3602 826; baseline 0.001 -21"><span class='ocrx_word' id='word_1_132' title='bbox 2013 765 2136 822; x_wconf 79' lang='lat' dir='ltr'><strong>qua:</strong></span> <span class='ocrx_word' id='word_1_133' title='bbox 2160 753 2210 807; x_wconf 89' lang='lat' dir='ltr'><strong>in</strong></span> <span class='ocrx_word' id='word_1_134' title='bbox 2237 752 2381 824; x_wconf 85' lang='lat' dir='ltr'><strong>Lege</strong></span> <span class='ocrx_word' id='word_1_135' title='bbox 2401 768 2502 810; x_wconf 92' lang='lat' dir='ltr'><strong>nec</strong></span> <span class='ocrx_word' id='word_1_136' title='bbox 2523 769 2633 809; x_wconf 89' lang='lat' dir='ltr'><strong>non</strong></span> <span class='ocrx_word' id='word_1_137' title='bbox 2658 754 2711 810; x_wconf 91' lang='lat' dir='ltr'><strong>in</strong></span> <span class='ocrx_word' id='word_1_138' title='bbox 2739 753 2948 826; x_wconf 76' lang='lat' dir='ltr'><strong>Regum</strong></span> <span class='ocrx_word' id='word_1_139' title='bbox 2977 752 3132 809; x_wconf 79' lang='lat' dir='ltr'><strong>libris</strong></span> <span class='ocrx_word' id='word_1_140' title='bbox 3157 752 3490 817; x_wconf 85' lang='lat' dir='ltr'><strong>velomissa,</strong></span> <span class='ocrx_word' id='word_1_141' title='bbox 3517 753 3602 806; x_wconf 89' lang='lat' dir='ltr'><strong>vel</strong></span> 
     </span>
    </p>
   </div>
   <div class='ocr_carea' id='block_1_21' title="bbox 2014 842 3604 912">
    <p class='ocr_par' dir='ltr' id='par_1_21' title="bbox 2014 842 3604 912">
     <span class='ocr_line' id='line_1_21' title="bbox 2014 842 3604 912; baseline 0.001 -16"><span class='ocrx_word' id='word_1_142' title='bbox 2014 855 2124 897; x_wconf 89' lang='lat' dir='ltr'><strong>non</strong></span> <span class='ocrx_word' id='word_1_143' title='bbox 2162 843 2318 912; x_wconf 83' lang='lat' dir='ltr'><strong>plena</strong></span> <span class='ocrx_word' id='word_1_144' title='bbox 2355 842 2526 899; x_wconf 87' lang='lat' dir='ltr'><strong>relata</strong></span> <span class='ocrx_word' id='word_1_145' title='bbox 2560 851 2684 899; x_wconf 90' lang='lat' dir='ltr'><strong>sunt</strong></span> <span class='ocrx_word' id='word_1_146' title='bbox 2705 885 2721 910; x_wconf 89' lang='lat'><strong>,</strong></span> <span class='ocrx_word' id='word_1_147' title='bbox 2758 843 2814 898; x_wconf 90' lang='lat' dir='ltr'><strong>in</strong></span> <span class='ocrx_word' id='word_1_148' title='bbox 2848 845 2951 901; x_wconf 90' lang='lat' dir='ltr'><strong>isto</strong></span> <span class='ocrx_word' id='word_1_149' title='bbox 2981 843 3293 900; x_wconf 85' lang='lat' dir='ltr'><strong>summatim</strong></span> <span class='ocrx_word' id='word_1_150' title='bbox 3327 858 3393 898; x_wconf 90' lang='lat' dir='ltr'><strong>ac</strong></span> <span class='ocrx_word' id='word_1_151' title='bbox 3427 843 3604 898; x_wconf 84' lang='lat' dir='ltr'><strong>brevi-</strong></span> 
     </span>
    </p>
   </div>
   <div class='ocr_carea' id='block_1_22' title="bbox 2016 935 2487 1008">
    <p class='ocr_par' dir='ltr' id='par_1_22' title="bbox 2016 935 2487 1008">
     <span class='ocr_line' id='line_1_22' title="bbox 2016 935 2487 1008; baseline -0.002 -17"><span class='ocrx_word' id='word_1_152' title='bbox 2016 943 2100 991; x_wconf 88' lang='lat' dir='ltr'><strong>ter</strong></span> <span class='ocrx_word' id='word_1_153' title='bbox 2131 935 2487 1008; x_wconf 81' lang='lat' dir='ltr'><strong>explicantur.</strong></span> 
     </span>
    </p>
   </div>
   <div class='ocr_carea' id='block_1_23' title="bbox 2086 1025 3602 1100">
    <p class='ocr_par' dir='ltr' id='par_1_23' title="bbox 2086 1025 3602 1100">
     <span class='ocr_line' id='line_1_23' title="bbox 2086 1025 3602 1100; baseline 0 -18"><span class='ocrx_word' id='word_1_154' title='bbox 2086 1025 2252 1083; x_wconf 89' lang='lat' dir='ltr'><strong>Inter.</strong></span> <span class='ocrx_word' id='word_1_155' title='bbox 2285 1028 2530 1099; x_wconf 85' lang='lat' dir='ltr'><strong>Scriptor</strong></span> <span class='ocrx_word' id='word_1_156' title='bbox 2558 1029 2682 1084; x_wconf 86' lang='lat' dir='ltr'><strong>libri</strong></span> <span class='ocrx_word' id='word_1_157' title='bbox 2726 1029 2830 1085; x_wconf 79' lang='lat' dir='ltr'><strong>Job</strong></span> <span class='ocrx_word' id='word_1_158' title='bbox 2874 1029 2966 1100; x_wconf 89' lang='lat' dir='ltr'><strong>qui</strong></span> <span class='ocrx_word' id='word_1_159' title='bbox 3009 1027 3146 1084; x_wconf 83' lang='lat' dir='ltr'><strong>fuit?</strong></span> <span class='ocrx_word' id='word_1_160' title='bbox 3186 1028 3332 1100; x_wconf 78' lang='lat' dir='ltr'><strong>Resp.</strong></span> <span class='ocrx_word' id='word_1_161' title='bbox 3379 1026 3602 1083; x_wconf 85' lang='lat' dir='ltr'><strong>Librum</strong></span> 
     </span>
    </p>
   </div>
   <div class='ocr_carea' id='block_1_24' title="bbox 2010 1115 3603 1194">
    <p class='ocr_par' dir='ltr' id='par_1_24' title="bbox 2010 1115 3603 1194">
     <span class='ocr_line' id='line_1_24' title="bbox 2010 1115 3603 1194; baseline -0.003 -19"><span class='ocrx_word' id='word_1_162' title='bbox 2010 1115 2114 1176; x_wconf 79' lang='lat' dir='ltr'><strong>Ioh</strong></span> <span class='ocrx_word' id='word_1_163' title='bbox 2135 1121 2356 1191; x_wconf 87' lang='lat' dir='ltr'><strong>quidam</strong></span> <span class='ocrx_word' id='word_1_164' title='bbox 2382 1121 2601 1194; x_wconf 86' lang='lat' dir='ltr'><strong>Moysen</strong></span> <span class='ocrx_word' id='word_1_165' title='bbox 2625 1123 2910 1193; x_wconf 85' lang='lat' dir='ltr'><strong>scripsisse.</strong></span> <span class='ocrx_word' id='word_1_166' title='bbox 2937 1123 3290 1188; x_wconf 84' lang='lat' dir='ltr'><strong>arbitrantur,</strong></span> <span class='ocrx_word' id='word_1_167' title='bbox 3315 1119 3402 1176; x_wconf 86' lang='lat' dir='ltr'><strong>alii</strong></span> <span class='ocrx_word' id='word_1_168' title='bbox 3435 1135 3603 1173; x_wconf 76' lang='lat' dir='ltr'><strong>imum</strong></span> 
     </span>
    </p>
   </div>
   <div class='ocr_carea' id='block_1_25' title="bbox 2013 1211 3607 1286">
    <p class='ocr_par' dir='ltr' id='par_1_25' title="bbox 2013 1211 3607 1286">
     <span class='ocr_line' id='line_1_25' title="bbox 2013 1211 3607 1286; baseline -0.002 -17"><span class='ocrx_word' id='word_1_169' title='bbox 2013 1227 2080 1269; x_wconf 79' lang='lat' dir='ltr'><strong>ex</strong></span> <span class='ocrx_word' id='word_1_170' title='bbox 2103 1214 2412 1286; x_wconf 85' lang='lat' dir='ltr'><strong>prophetis;</strong></span> <span class='ocrx_word' id='word_1_171' title='bbox 2447 1216 2691 1271; x_wconf 90' lang='lat' dir='ltr'><strong>nonnulli</strong></span> <span class='ocrx_word' id='word_1_172' title='bbox 2726 1231 2857 1270; x_wconf 81' lang='lat' dir='ltr'><strong>vero</strong></span> <span class='ocrx_word' id='word_1_173' title='bbox 2893 1218 3142 1270; x_wconf 70' lang='lat' dir='ltr'><strong>cum-lem</strong></span> <span class='ocrx_word' id='word_1_174' title='bbox 3177 1214 3277 1270; x_wconf 82' lang='lat' dir='ltr'><strong>Job</strong></span> <span class='ocrx_word' id='word_1_175' title='bbox 3323 1221 3446 1283; x_wconf 89' lang='lat' dir='ltr'><strong>post</strong></span> <span class='ocrx_word' id='word_1_176' title='bbox 3492 1211 3607 1283; x_wconf 70' lang='lat' dir='ltr'><strong>pla~</strong></span> 
     </span>
    </p>
   </div>
   <div class='ocr_carea' id='block_1_26' title="bbox 2011 1300 3607 1380">
    <p class='ocr_par' dir='ltr' id='par_1_26' title="bbox 2011 1300 3607 1380">
     <span class='ocr_line' id='line_1_26' title="bbox 2011 1300 3607 1380; baseline -0.002 -18"><span class='ocrx_word' id='word_1_177' title='bbox 2011 1321 2137 1380; x_wconf 85' lang='lat' dir='ltr'><strong>gam</strong></span> <span class='ocrx_word' id='word_1_178' title='bbox 2165 1321 2276 1362; x_wconf 62' lang='lat' dir='ltr'><strong>suae</strong></span> <span class='ocrx_word' id='word_1_179' title='bbox 2301 1300 2572 1377; x_wconf 72' lang='lat' dir='ltr'><strong>paSsionis</strong></span> <span class='ocrx_word' id='word_1_180' title='bbox 2593 1310 2913 1379; x_wconf 86' lang='lat' dir='ltr'><strong>scriptorem</strong></span> <span class='ocrx_word' id='word_1_181' title='bbox 2945 1308 3111 1363; x_wconf 82' lang='lat' dir='ltr'><strong>fuisse</strong></span> <span class='ocrx_word' id='word_1_182' title='bbox 3135 1309 3430 1372; x_wconf 64' lang='lat' dir='ltr'><strong>aestimant,</strong></span> <span class='ocrx_word' id='word_1_183' title='bbox 3461 1304 3607 1360; x_wconf 83' lang='lat' dir='ltr'><strong>arbi-</strong></span> 
     </span>
    </p>
   </div>
   <div class='ocr_carea' id='block_1_27' title="bbox 2015 1400 3604 1472">
    <p class='ocr_par' dir='ltr' id='par_1_27' title="bbox 2015 1400 3604 1472">
     <span class='ocr_line' id='line_1_27' title="bbox 2015 1400 3604 1472; baseline -0.003 -17"><span class='ocrx_word' id='word_1_184' title='bbox 2015 1406 2246 1465; x_wconf 87' lang='lat' dir='ltr'><strong>trantes,</strong></span> <span class='ocrx_word' id='word_1_185' title='bbox 2279 1407 2337 1454; x_wconf 90' lang='lat' dir='ltr'><strong>ut</strong></span> <span class='ocrx_word' id='word_1_186' title='bbox 2366 1400 2456 1470; x_wconf 90' lang='lat' dir='ltr'><strong>qui</strong></span> <span class='ocrx_word' id='word_1_187' title='bbox 2491 1401 2789 1455; x_wconf 81' lang='lat' dir='ltr'><strong>certamina</strong></span> <span class='ocrx_word' id='word_1_188' title='bbox 2816 1401 3080 1468; x_wconf 78' lang='lat' dir='ltr'><strong>spiritalis</strong></span> <span class='ocrx_word' id='word_1_189' title='bbox 3109 1416 3300 1472; x_wconf 73' lang='lat' dir='ltr'><strong>pugna:</strong></span> <span class='ocrx_word' id='word_1_190' title='bbox 3322 1400 3604 1460; x_wconf 87' lang='lat' dir='ltr'><strong>sustinuit.</strong></span> 
     </span>
    </p>
   </div>
   <div class='ocr_carea' id='block_1_28' title="bbox 2014 1489 3599 1562">
    <p class='ocr_par' dir='ltr' id='par_1_28' title="bbox 2014 1489 3599 1562">
     <span class='ocr_line' id='line_1_28' title="bbox 2014 1489 3599 1562; baseline -0.001 -19"><span class='ocrx_word' id='word_1_191' title='bbox 2014 1489 2128 1560; x_wconf 86' lang='lat' dir='ltr'><strong>ipse</strong></span> <span class='ocrx_word' id='word_1_192' title='bbox 2152 1499 2404 1545; x_wconf 79' lang='lat' dir='ltr'><strong>narraret</strong></span> <span class='ocrx_word' id='word_1_193' title='bbox 2428 1505 2568 1562; x_wconf 88' lang='lat' dir='ltr'><strong>quas</strong></span> <span class='ocrx_word' id='word_1_194' title='bbox 2593 1490 2850 1546; x_wconf 85' lang='lat' dir='ltr'><strong>victorias</strong></span> <span class='ocrx_word' id='word_1_195' title='bbox 2876 1491 3164 1561; x_wconf 77' lang='lat' dir='ltr'><strong>expedivit.</strong></span> <span class='ocrx_word' id='word_1_196' title='bbox 3193 1489 3466 1560; x_wconf 85' lang='lat' dir='ltr'><strong>Principia</strong></span> <span class='ocrx_word' id='word_1_197' title='bbox 3503 1503 3599 1543; x_wconf 85' lang='lat' dir='ltr'><strong>att-</strong></span> 
     </span>
    </p>
   </div>
   <div class='ocr_carea' id='block_1_29' title="bbox 2015 1579 3606 1653">
    <p class='ocr_par' dir='ltr' id='par_1_29' title="bbox 2015 1579 3606 1653">
     <span class='ocr_line' id='line_1_29' title="bbox 2015 1579 3606 1653; baseline -0.003 -17"><span class='ocrx_word' id='word_1_198' title='bbox 2015 1591 2124 1636; x_wconf 87' lang='lat' dir='ltr'><strong>tem</strong></span> <span class='ocrx_word' id='word_1_199' title='bbox 2150 1588 2206 1636; x_wconf 86' lang='lat' dir='ltr'><strong>et</strong></span> <span class='ocrx_word' id='word_1_200' title='bbox 2240 1580 2376 1635; x_wconf 81' lang='lat' dir='ltr'><strong>ﬁnes</strong></span> <span class='ocrx_word' id='word_1_201' title='bbox 2405 1580 2528 1635; x_wconf 84' lang='lat' dir='ltr'><strong>libri</strong></span> <span class='ocrx_word' id='word_1_202' title='bbox 2557 1579 2658 1638; x_wconf 87' lang='lat' dir='ltr'><strong>Job</strong></span> <span class='ocrx_word' id='word_1_203' title='bbox 2687 1581 2826 1653; x_wconf 86' lang='lat' dir='ltr'><strong>apud</strong></span> <span class='ocrx_word' id='word_1_204' title='bbox 2864 1581 3106 1638; x_wconf 88' lang='lat' dir='ltr'><strong>llcbreos</strong></span> <span class='ocrx_word' id='word_1_205' title='bbox 3149 1596 3316 1653; x_wconf 88' lang='lat' dir='ltr'><strong>prosa</strong></span> <span class='ocrx_word' id='word_1_206' title='bbox 3353 1579 3606 1637; x_wconf 79' lang='lat' dir='ltr'><strong>oratione</strong></span> 
     </span>
    </p>
   </div>
   <div class='ocr_carea' id='block_1_30' title="bbox 2015 1672 3597 1745">
    <p class='ocr_par' dir='ltr' id='par_1_30' title="bbox 2015 1672 3597 1745">
     <span class='ocr_line' id='line_1_30' title="bbox 2015 1672 3597 1745; baseline -0.003 -16"><span class='ocrx_word' id='word_1_207' title='bbox 2015 1681 2159 1729; x_wconf 78' lang='lat' dir='ltr'><strong>texta</strong></span> <span class='ocrx_word' id='word_1_208' title='bbox 2193 1682 2352 1733; x_wconf 87' lang='lat' dir='ltr'><strong>sunt:</strong></span> <span class='ocrx_word' id='word_1_209' title='bbox 2385 1675 2561 1729; x_wconf 87' lang='lat' dir='ltr'><strong>media</strong></span> <span class='ocrx_word' id='word_1_210' title='bbox 2593 1682 2771 1729; x_wconf 85' lang='lat' dir='ltr'><strong>autem</strong></span> <span class='ocrx_word' id='word_1_211' title='bbox 2801 1674 2967 1745; x_wconf 84' lang='lat' dir='ltr'><strong>ipsius</strong></span> <span class='ocrx_word' id='word_1_212' title='bbox 2999 1675 3066 1729; x_wconf 91' lang='lat' dir='ltr'><strong>ab</strong></span> <span class='ocrx_word' id='word_1_213' title='bbox 3093 1690 3160 1729; x_wconf 90' lang='lat' dir='ltr'><strong>eo</strong></span> <span class='ocrx_word' id='word_1_214' title='bbox 3193 1674 3332 1738; x_wconf 91' lang='lat' dir='ltr'><strong>loco,</strong></span> <span class='ocrx_word' id='word_1_215' title='bbox 3363 1673 3453 1744; x_wconf 88' lang='lat' dir='ltr'><strong>qui</strong></span> <span class='ocrx_word' id='word_1_216' title='bbox 3481 1672 3552 1726; x_wconf 91' lang='lat' dir='ltr'><strong>ait</strong></span> <span class='ocrx_word' id='word_1_217' title='bbox 3587 1691 3597 1724; x_wconf 90' lang='lat'><strong>:</strong></span> 
     </span>
    </p>
   </div>
   <div class='ocr_carea' id='block_1_31' title="bbox 2017 1765 3599 1839">
    <p class='ocr_par' dir='ltr' id='par_1_31' title="bbox 2017 1765 3599 1839">
     <span class='ocr_line' id='line_1_31' title="bbox 2017 1765 3599 1839; baseline -0.001 -17"><span class='ocrx_word' id='word_1_218' title='bbox 2017 1767 2205 1822; x_wconf 79' lang='lat' dir='ltr'><strong>Pereat</strong></span> <span class='ocrx_word' id='word_1_219' title='bbox 2231 1767 2363 1833; x_wconf 80' lang='lat' dir='ltr'><strong>dies,</strong></span> <span class='ocrx_word' id='word_1_220' title='bbox 2389 1768 2444 1822; x_wconf 82' lang='lat' dir='ltr'><strong>in</strong></span> <span class='ocrx_word' id='word_1_221' title='bbox 2472 1785 2577 1839; x_wconf 83' lang='lat' dir='ltr'><strong>qua</strong></span> <span class='ocrx_word' id='word_1_222' title='bbox 2605 1777 2758 1822; x_wconf 77' lang='lat' dir='ltr'><strong>natus</strong></span> <span class='ocrx_word' id='word_1_223' title='bbox 2781 1783 2919 1831; x_wconf 79' lang='lat' dir='ltr'><strong>sunt,</strong></span> <span class='ocrx_word' id='word_1_224' title='bbox 2945 1783 3117 1838; x_wconf 86' lang='lat' dir='ltr'><strong>usque</strong></span> <span class='ocrx_word' id='word_1_225' title='bbox 3143 1767 3208 1822; x_wconf 72' lang='lat' dir='ltr'><strong>atl</strong></span> <span class='ocrx_word' id='word_1_226' title='bbox 3231 1782 3356 1823; x_wconf 90' lang='lat' dir='ltr'><strong>cum</strong></span> <span class='ocrx_word' id='word_1_227' title='bbox 3380 1765 3558 1823; x_wconf 80' lang='lat' dir='ltr'><strong>locum</strong></span> <span class='ocrx_word' id='word_1_228' title='bbox 3589 1784 3599 1820; x_wconf 93' lang='lat'>:</span> 
     </span>
    </p>
   </div>
   <div class='ocr_carea' id='block_1_32' title="bbox 309 1841 3599 1931">
    <p class='ocr_par' dir='ltr' id='par_1_32' title="bbox 309 1841 3599 1931">
     <span class='ocr_line' id='line_1_32' title="bbox 309 1841 3599 1931; baseline -0.001 -18"><span class='ocrx_word' id='word_1_229' title='bbox 309 1858 540 1930; x_wconf 84' lang='lat' dir='ltr'><strong>pellatus</strong></span> <span class='ocrx_word' id='word_1_230' title='bbox 560 1874 627 1914; x_wconf 85' lang='lat' dir='ltr'><strong>eo</strong></span> <span class='ocrx_word' id='word_1_231' title='bbox 651 1859 796 1931; x_wconf 83' lang='lat' dir='ltr'><strong>quod</strong></span> <span class='ocrx_word' id='word_1_232' title='bbox 829 1859 1136 1915; x_wconf 66' lang='lat' dir='ltr'><strong>levitarum</strong></span> <span class='ocrx_word' id='word_1_233' title='bbox 1180 1860 1480 1916; x_wconf 87' lang='lat' dir='ltr'><strong>ministeria</strong></span> <span class='ocrx_word' id='word_1_234' title='bbox 1527 1866 1585 1914; x_wconf 87' lang='lat' dir='ltr'><strong>et</strong></span> <span class='ocrx_word' id='word_1_235' title='bbox 1623 1857 1908 1912; x_wconf 80' lang='lat' dir='ltr'><strong>diversita-</strong></span> <span class='ocrx_word' id='word_1_236' title='bbox 1935 1841 1980 1901; x_wconf 81' lang='grc' dir='ltr'><strong><em>Β</em></strong></span> <span class='ocrx_word' id='word_1_237' title='bbox 2015 1858 2224 1914; x_wconf 80' lang='lat' dir='ltr'><strong>Idcirco</strong></span> <span class='ocrx_word' id='word_1_238' title='bbox 2249 1861 2356 1930; x_wconf 79' lang='lat' dir='ltr'><strong>ipse</strong></span> <span class='ocrx_word' id='word_1_239' title='bbox 2386 1877 2469 1915; x_wconf 86' lang='lat' dir='ltr'><strong>me</strong></span> <span class='ocrx_word' id='word_1_240' title='bbox 2505 1859 2820 1929; x_wconf 78' lang='lat' dir='ltr'><strong>reprehendo</strong></span> <span class='ocrx_word' id='word_1_241' title='bbox 2852 1868 2900 1914; x_wconf 89' lang='lat' dir='ltr'><strong>et</strong></span> <span class='ocrx_word' id='word_1_242' title='bbox 2933 1876 3030 1930; x_wconf 80' lang='lat' dir='ltr'><strong>ago</strong></span> <span class='ocrx_word' id='word_1_243' title='bbox 3066 1858 3418 1930; x_wconf 49' lang='lat' dir='ltr'><strong>potnitentiam</strong></span> <span class='ocrx_word' id='word_1_244' title='bbox 3455 1856 3599 1930; x_wconf 78' lang='lat' dir='ltr'><strong>(Job.</strong></span> 
     </span>
    </p>
   </div>
   <div class='ocr_carea' id='block_1_33' title="bbox 311 1947 1903 2024">
    <p class='ocr_par' dir='ltr' id='par_1_33' title="bbox 311 1947 1903 2024">
     <span class='ocr_line' id='line_1_33' title="bbox 311 1947 1903 2024; baseline -0.004 -16"><span class='ocrx_word' id='word_1_245' title='bbox 311 1961 420 2008; x_wconf 85' lang='lat' dir='ltr'><strong>tem</strong></span> <span class='ocrx_word' id='word_1_246' title='bbox 451 1951 793 2007; x_wconf 86' lang='lat' dir='ltr'><strong>victimarum</strong></span> <span class='ocrx_word' id='word_1_247' title='bbox 819 1950 1156 2024; x_wconf 83' lang='lat' dir='ltr'><strong>exsequitur,</strong></span> <span class='ocrx_word' id='word_1_248' title='bbox 1184 1960 1436 2021; x_wconf 84' lang='lat' dir='ltr'><strong>totusque</strong></span> <span class='ocrx_word' id='word_1_249' title='bbox 1462 1951 1514 2004; x_wconf 89' lang='lat' dir='ltr'><strong>in</strong></span> <span class='ocrx_word' id='word_1_250' title='bbox 1547 1963 1613 2006; x_wconf 91' lang='lat' dir='ltr'><strong>eo</strong></span> <span class='ocrx_word' id='word_1_251' title='bbox 1634 1949 1771 2006; x_wconf 86' lang='lat' dir='ltr'><strong>Ordo</strong></span> <span class='ocrx_word' id='word_1_252' title='bbox 1802 1947 1903 2002; x_wconf 86' lang='lat' dir='ltr'><strong>Le-</strong></span> 
     </span>
    </p>
   </div>
   <div class='ocr_carea' id='block_1_34' title="bbox 308 2041 1405 2115">
    <p class='ocr_par' dir='ltr' id='par_1_34' title="bbox 308 2041 1405 2115">
     <span class='ocr_line' id='line_1_34' title="bbox 308 2041 1405 2115; baseline 0 -19"><span class='ocrx_word' id='word_1_253' title='bbox 308 2041 510 2098; x_wconf 83' lang='lat' dir='ltr'><strong>viticus</strong></span> <span class='ocrx_word' id='word_1_254' title='bbox 541 2043 857 2098; x_wconf 87' lang='lat' dir='ltr'><strong>admutatur</strong></span> <span class='ocrx_word' id='word_1_255' title='bbox 882 2041 1063 2114; x_wconf 71' lang='lat' dir='ltr'><strong>[Itid.,</strong></span> <span class='ocrx_word' id='word_1_256' title='bbox 1090 2041 1405 2115; x_wconf 88' lang='lat' dir='ltr'><strong>adnotatur]</strong></span> 
     </span>
    </p>
   </div>
   <div class='ocr_carea' id='block_1_35' title="bbox 381 2130 1905 2206">
    <p class='ocr_par' dir='ltr' id='par_1_35' title="bbox 381 2130 1905 2206">
     <span class='ocr_line' id='line_1_35' title="bbox 381 2130 1905 2206; baseline 0.001 -20"><span class='ocrx_word' id='word_1_257' title='bbox 381 2130 546 2187; x_wconf 81' lang='lat' dir='ltr'><strong>Inter.</strong></span> <span class='ocrx_word' id='word_1_258' title='bbox 587 2130 857 2190; x_wconf 79' lang='lat' dir='ltr'><strong>Numerus</strong></span> <span class='ocrx_word' id='word_1_259' title='bbox 899 2132 1071 2206; x_wconf 82' lang='lat' dir='ltr'><strong>[Leg.,</strong></span> <span class='ocrx_word' id='word_1_260' title='bbox 1120 2130 1503 2205; x_wconf 88' lang='lat' dir='ltr'><strong>Numerorum]</strong></span> <span class='ocrx_word' id='word_1_261' title='bbox 1550 2130 1689 2187; x_wconf 78' lang='lat' dir='ltr'><strong>liber</strong></span> <span class='ocrx_word' id='word_1_262' title='bbox 1733 2147 1905 2203; x_wconf 87' lang='lat' dir='ltr'><strong>quare</strong></span> 
     </span>
    </p>
   </div>
   <div class='ocr_carea' id='block_1_36' title="bbox 308 2219 1904 2295">
    <p class='ocr_par' dir='ltr' id='par_1_36' title="bbox 308 2219 1904 2295">
     <span class='ocr_line' id='line_1_36' title="bbox 308 2219 1904 2295; baseline 0 -18"><span class='ocrx_word' id='word_1_263' title='bbox 308 2221 540 2277; x_wconf 84' lang='lat' dir='ltr'><strong>dicitur?</strong></span> <span class='ocrx_word' id='word_1_264' title='bbox 566 2219 720 2295; x_wconf 72' lang='lat' dir='ltr'><strong>Resp.</strong></span> <span class='ocrx_word' id='word_1_265' title='bbox 756 2221 1025 2280; x_wconf 83' lang='lat' dir='ltr'><strong>Numerus</strong></span> <span class='ocrx_word' id='word_1_266' title='bbox 1055 2222 1193 2279; x_wconf 86' lang='lat' dir='ltr'><strong>liber</strong></span> <span class='ocrx_word' id='word_1_267' title='bbox 1222 2231 1468 2288; x_wconf 86' lang='lat' dir='ltr'><strong>vocatur,</strong></span> <span class='ocrx_word' id='word_1_268' title='bbox 1493 2237 1560 2277; x_wconf 87' lang='lat' dir='ltr'><strong>eo</strong></span> <span class='ocrx_word' id='word_1_269' title='bbox 1584 2223 1728 2294; x_wconf 90' lang='lat' dir='ltr'><strong>quod</strong></span> <span class='ocrx_word' id='word_1_270' title='bbox 1759 2224 1813 2277; x_wconf 88' lang='lat' dir='ltr'><strong>in</strong></span> <span class='ocrx_word' id='word_1_271' title='bbox 1837 2237 1904 2278; x_wconf 88' lang='lat' dir='ltr'><strong>eo</strong></span> 
     </span>
    </p>
   </div>
   <div class='ocr_carea' id='block_1_37' title="bbox 308 2314 1904 2388">
    <p class='ocr_par' dir='ltr' id='par_1_37' title="bbox 308 2314 1904 2388">
     <span class='ocr_line' id='line_1_37' title="bbox 308 2314 1904 2388; baseline 0 -18"><span class='ocrx_word' id='word_1_272' title='bbox 308 2329 542 2383; x_wconf 64' lang='lat' dir='ltr'><strong>egressae</strong></span> <span class='ocrx_word' id='word_1_273' title='bbox 578 2315 647 2372; x_wconf 89' lang='lat' dir='ltr'><strong>de</strong></span> <span class='ocrx_word' id='word_1_274' title='bbox 694 2314 928 2388; x_wconf 63' lang='lat' dir='ltr'><strong>Egypto</strong></span> <span class='ocrx_word' id='word_1_275' title='bbox 963 2315 1140 2373; x_wconf 84' lang='lat' dir='ltr'><strong>tribus</strong></span> <span class='ocrx_word' id='word_1_276' title='bbox 1176 2316 1611 2382; x_wconf 85' lang='lat' dir='ltr'><strong>dinumerantur,</strong></span> <span class='ocrx_word' id='word_1_277' title='bbox 1640 2325 1696 2370; x_wconf 82' lang='lat' dir='ltr'><strong>et</strong></span> <span class='ocrx_word' id='word_1_278' title='bbox 1737 2332 1800 2370; x_wconf 67' lang='grc' dir='ltr'><strong>ιιιΔ</strong></span> <span class='ocrx_word' id='word_1_279' title='bbox 1838 2330 1904 2371; x_wconf 91' lang='lat' dir='ltr'><strong>ac</strong></span> 
     </span>
    </p>
   </div>
   <div class='ocr_carea' id='block_1_38' title="bbox 307 2405 1902 2479">
    <p class='ocr_par' dir='ltr' id='par_1_38' title="bbox 307 2405 1902 2479">
     <span class='ocr_line' id='line_1_38' title="bbox 307 2405 1902 2479; baseline 0.001 -17"><span class='ocrx_word' id='word_1_280' title='bbox 307 2405 538 2462; x_wconf 86' lang='lat' dir='ltr'><strong>duarum</strong></span> <span class='ocrx_word' id='word_1_281' title='bbox 582 2423 683 2479; x_wconf 87' lang='lat' dir='ltr'><strong>per</strong></span> <span class='ocrx_word' id='word_1_282' title='bbox 710 2423 951 2464; x_wconf 87' lang='lat' dir='ltr'><strong>eremum</strong></span> <span class='ocrx_word' id='word_1_283' title='bbox 1001 2406 1346 2462; x_wconf 84' lang='lat' dir='ltr'><strong>mansionum</strong></span> <span class='ocrx_word' id='word_1_284' title='bbox 1385 2407 1442 2462; x_wconf 90' lang='lat' dir='ltr'><strong>in</strong></span> <span class='ocrx_word' id='word_1_285' title='bbox 1487 2422 1554 2461; x_wconf 90' lang='lat' dir='ltr'><strong>eo</strong></span> <span class='ocrx_word' id='word_1_286' title='bbox 1603 2407 1902 2477; x_wconf 84' lang='lat' dir='ltr'><strong>descriptio</strong></span> 
     </span>
    </p>
   </div>
   <div class='ocr_carea' id='block_1_39' title="bbox 305 2496 636 2552">
    <p class='ocr_par' dir='ltr' id='par_1_39' title="bbox 305 2496 636 2552">
     <span class='ocr_line' id='line_1_39' title="bbox 305 2496 636 2552; baseline 0.003 -1"><span class='ocrx_word' id='word_1_287' title='bbox 305 2496 636 2552; x_wconf 88' lang='lat' dir='ltr'><strong>continetur.</strong></span> 
     </span>
    </p>
   </div>
   <div class='ocr_carea' id='block_1_40' title="bbox 376 2585 1902 2659">
    <p class='ocr_par' dir='ltr' id='par_1_40' title="bbox 376 2585 1902 2659">
     <span class='ocr_line' id='line_1_40' title="bbox 376 2585 1902 2659; baseline 0.003 -19"><span class='ocrx_word' id='word_1_288' title='bbox 376 2585 542 2641; x_wconf 84' lang='lat' dir='ltr'><strong>Inter.</strong></span> <span class='ocrx_word' id='word_1_289' title='bbox 597 2585 1080 2643; x_wconf 86' lang='lat' dir='ltr'><strong>Deuteronomium</strong></span> <span class='ocrx_word' id='word_1_290' title='bbox 1129 2599 1232 2644; x_wconf 89' lang='lat' dir='ltr'><strong>cur</strong></span> <span class='ocrx_word' id='word_1_291' title='bbox 1288 2587 1365 2642; x_wconf 92' lang='lat' dir='ltr'><strong>ita</strong></span> <span class='ocrx_word' id='word_1_292' title='bbox 1421 2587 1722 2659; x_wconf 85' lang='lat' dir='ltr'><strong>appellatus</strong></span> <span class='ocrx_word' id='word_1_293' title='bbox 1773 2590 1902 2644; x_wconf 83' lang='lat' dir='ltr'><strong>est?</strong></span> 
     </span>
    </p>
   </div>
   <div class='ocr_carea' id='block_1_41' title="bbox 304 2673 1898 2746">
    <p class='ocr_par' dir='ltr' id='par_1_41' title="bbox 304 2673 1898 2746">
     <span class='ocr_line' id='line_1_41' title="bbox 304 2673 1898 2746; baseline 0.001 -16"><span class='ocrx_word' id='word_1_294' title='bbox 304 2673 456 2746; x_wconf 74' lang='lat' dir='ltr'><strong>Resp.</strong></span> <span class='ocrx_word' id='word_1_295' title='bbox 503 2675 981 2733; x_wconf 86' lang='lat' dir='ltr'><strong>Deuteronominm</strong></span> <span class='ocrx_word' id='word_1_296' title='bbox 1031 2673 1225 2733; x_wconf 64' lang='lat' dir='ltr'><strong>Gtvcco</strong></span> <span class='ocrx_word' id='word_1_297' title='bbox 1273 2691 1526 2732; x_wconf 82' lang='lat' dir='ltr'><strong>sermone</strong></span> <span class='ocrx_word' id='word_1_298' title='bbox 1574 2677 1898 2746; x_wconf 83' lang='lat' dir='ltr'><strong>appellatur,</strong></span> 
     </span>
    </p>
   </div>
   <div class='ocr_carea' id='block_1_42' title="bbox 304 2766 1902 2838">
    <p class='ocr_par' dir='ltr' id='par_1_42' title="bbox 304 2766 1902 2838">
     <span class='ocr_line' id='line_1_42' title="bbox 304 2766 1902 2838; baseline -0.001 -16"><span class='ocrx_word' id='word_1_299' title='bbox 304 2766 446 2838; x_wconf 75' lang='lat' dir='ltr'><strong>quod</strong></span> <span class='ocrx_word' id='word_1_300' title='bbox 471 2766 663 2823; x_wconf 87' lang='lat' dir='ltr'><strong>Latine</strong></span> <span class='ocrx_word' id='word_1_301' title='bbox 689 2767 1076 2838; x_wconf 82' lang='lat' dir='ltr'><strong>interpretatur</strong></span> <span class='ocrx_word' id='word_1_302' title='bbox 1103 2767 1342 2822; x_wconf 83' lang='lat' dir='ltr'><strong>secunda</strong></span> <span class='ocrx_word' id='word_1_303' title='bbox 1372 2766 1480 2832; x_wconf 81' lang='lat' dir='ltr'><strong>lex,</strong></span> <span class='ocrx_word' id='word_1_304' title='bbox 1517 2767 1569 2822; x_wconf 87' lang='lat' dir='ltr'><strong>id</strong></span> <span class='ocrx_word' id='word_1_305' title='bbox 1599 2776 1686 2822; x_wconf 86' lang='lat' dir='ltr'><strong>est</strong></span> <span class='ocrx_word' id='word_1_306' title='bbox 1705 2807 1719 2832; x_wconf 93' lang='lat'><strong>,</strong></span> <span class='ocrx_word' id='word_1_307' title='bbox 1746 2782 1902 2837; x_wconf 88' lang='lat' dir='ltr'><strong>rcpc-</strong></span> 
     </span>
    </p>
   </div>
   <div class='ocr_carea' id='block_1_43' title="bbox 303 2854 1902 2929">
    <p class='ocr_par' dir='ltr' id='par_1_43' title="bbox 303 2854 1902 2929">
     <span class='ocr_line' id='line_1_43' title="bbox 303 2854 1902 2929; baseline 0 -17"><span class='ocrx_word' id='word_1_308' title='bbox 303 2857 443 2924; x_wconf 88' lang='lat' dir='ltr'><strong>titio,</strong></span> <span class='ocrx_word' id='word_1_309' title='bbox 475 2864 530 2913; x_wconf 90' lang='lat' dir='ltr'><strong>et</strong></span> <span class='ocrx_word' id='word_1_310' title='bbox 553 2857 880 2929; x_wconf 72' lang='lat' dir='ltr'><strong>evangelica:</strong></span> <span class='ocrx_word' id='word_1_311' title='bbox 907 2857 1043 2929; x_wconf 86' lang='lat' dir='ltr'><strong>legis</strong></span> <span class='ocrx_word' id='word_1_312' title='bbox 1074 2854 1461 2929; x_wconf 62' lang='lat' dir='ltr'><strong>priniiguratio,</strong></span> <span class='ocrx_word' id='word_1_313' title='bbox 1488 2857 1582 2928; x_wconf 87' lang='lat' dir='ltr'><strong>qui</strong></span> <span class='ocrx_word' id='word_1_314' title='bbox 1607 2858 1685 2911; x_wconf 88' lang='lat' dir='ltr'><strong>sic</strong></span> <span class='ocrx_word' id='word_1_315' title='bbox 1715 2871 1780 2912; x_wconf 89' lang='lat' dir='ltr'><strong>ea</strong></span> <span class='ocrx_word' id='word_1_316' title='bbox 1805 2858 1902 2912; x_wconf 85' lang='lat' dir='ltr'><strong>ha-</strong></span> 
     </span>
    </p>
   </div>
   <div class='ocr_carea' id='block_1_44' title="bbox 305 2948 1896 3022">
    <p class='ocr_par' dir='ltr' id='par_1_44' title="bbox 305 2948 1896 3022">
     <span class='ocr_line' id='line_1_44' title="bbox 305 2948 1896 3022; baseline 0 -16"><span class='ocrx_word' id='word_1_317' title='bbox 305 2949 423 3016; x_wconf 83' lang='lat' dir='ltr'><strong>bet,</strong></span> <span class='ocrx_word' id='word_1_318' title='bbox 450 2963 574 3022; x_wconf 70' lang='lat' dir='ltr'><strong>qum</strong></span> <span class='ocrx_word' id='word_1_319' title='bbox 620 2948 801 3020; x_wconf 85' lang='lat' dir='ltr'><strong>priora</strong></span> <span class='ocrx_word' id='word_1_320' title='bbox 833 2955 988 3014; x_wconf 87' lang='lat' dir='ltr'><strong>sunt,</strong></span> <span class='ocrx_word' id='word_1_321' title='bbox 1020 2955 1079 3002; x_wconf 89' lang='lat' dir='ltr'><strong>ut</strong></span> <span class='ocrx_word' id='word_1_322' title='bbox 1111 2956 1291 3004; x_wconf 87' lang='lat' dir='ltr'><strong>tamen</strong></span> <span class='ocrx_word' id='word_1_323' title='bbox 1343 2965 1483 3004; x_wconf 88' lang='lat' dir='ltr'><strong>nova</strong></span> <span class='ocrx_word' id='word_1_324' title='bbox 1528 2949 1640 3004; x_wconf 90' lang='lat' dir='ltr'><strong>sint</strong></span> <span class='ocrx_word' id='word_1_325' title='bbox 1680 2951 1861 3006; x_wconf 82' lang='lat' dir='ltr'><strong>omnia</strong></span> <span class='ocrx_word' id='word_1_326' title='bbox 1881 2993 1896 3018; x_wconf 92' lang='lat'><strong>,</strong></span> 
     </span>
    </p>
   </div>
   <div class='ocr_carea' id='block_1_45' title="bbox 309 3039 975 3112">
    <p class='ocr_par' dir='ltr' id='par_1_45' title="bbox 309 3039 975 3112">
     <span class='ocr_line' id='line_1_45' title="bbox 309 3039 975 3112; baseline -0.002 -17"><span class='ocrx_word' id='word_1_327' title='bbox 309 3050 427 3112; x_wconf 65' lang='lat' dir='ltr'><strong>qua</strong></span> <span class='ocrx_word' id='word_1_328' title='bbox 451 3039 506 3095; x_wconf 90' lang='lat' dir='ltr'><strong>in</strong></span> <span class='ocrx_word' id='word_1_329' title='bbox 531 3055 599 3096; x_wconf 89' lang='lat' dir='ltr'><strong>eo</strong></span> <span class='ocrx_word' id='word_1_330' title='bbox 622 3039 975 3112; x_wconf 87' lang='lat' dir='ltr'><strong>replicantur.</strong></span> 
     </span>
    </p>
   </div>
   <div class='ocr_carea' id='block_1_46' title="bbox 378 3131 1902 3206">
    <p class='ocr_par' dir='ltr' id='par_1_46' title="bbox 378 3131 1902 3206">
     <span class='ocr_line' id='line_1_46' title="bbox 378 3131 1902 3206; baseline 0.003 -19"><span class='ocrx_word' id='word_1_331' title='bbox 378 3131 545 3189; x_wconf 83' lang='lat' dir='ltr'><strong>Inter.</strong></span> <span class='ocrx_word' id='word_1_332' title='bbox 575 3131 740 3190; x_wconf 78' lang='lat' dir='ltr'><strong>Iosue</strong></span> <span class='ocrx_word' id='word_1_333' title='bbox 776 3149 807 3188; x_wconf 84' lang='lat' dir='ltr'><strong>a</strong></span> <span class='ocrx_word' id='word_1_334' title='bbox 837 3148 946 3204; x_wconf 88' lang='lat' dir='ltr'><strong>quo</strong></span> <span class='ocrx_word' id='word_1_335' title='bbox 990 3148 1190 3190; x_wconf 87' lang='lat' dir='ltr'><strong>nomen</strong></span> <span class='ocrx_word' id='word_1_336' title='bbox 1239 3134 1486 3204; x_wconf 86' lang='lat' dir='ltr'><strong>accepit?</strong></span> <span class='ocrx_word' id='word_1_337' title='bbox 1529 3133 1680 3206; x_wconf 72' lang='lat' dir='ltr'><strong>Resp.</strong></span> <span class='ocrx_word' id='word_1_338' title='bbox 1737 3134 1902 3192; x_wconf 76' lang='lat' dir='ltr'><strong>Josne</strong></span> 
     </span>
    </p>
   </div>
   <div class='ocr_carea' id='block_1_47' title="bbox 309 3221 1970 3300">
    <p class='ocr_par' dir='ltr' id='par_1_47' title="bbox 309 3221 1970 3300">
     <span class='ocr_line' id='line_1_47' title="bbox 309 3221 1970 3300; baseline -0.002 -17"><span class='ocrx_word' id='word_1_339' title='bbox 309 3222 443 3284; x_wconf 82' lang='lat' dir='ltr'><strong>liber</strong></span> <span class='ocrx_word' id='word_1_340' title='bbox 463 3239 662 3281; x_wconf 89' lang='lat' dir='ltr'><strong>nomen</strong></span> <span class='ocrx_word' id='word_1_341' title='bbox 690 3225 897 3297; x_wconf 86' lang='lat' dir='ltr'><strong>accepit</strong></span> <span class='ocrx_word' id='word_1_342' title='bbox 920 3225 989 3280; x_wconf 89' lang='lat' dir='ltr'><strong>ab</strong></span> <span class='ocrx_word' id='word_1_343' title='bbox 1011 3223 1139 3281; x_wconf 80' lang='lat' dir='ltr'><strong>Jesu</strong></span> <span class='ocrx_word' id='word_1_344' title='bbox 1158 3267 1172 3291; x_wconf 93' lang='lat'><strong>,</strong></span> <span class='ocrx_word' id='word_1_345' title='bbox 1206 3225 1314 3281; x_wconf 89' lang='lat' dir='ltr'><strong>tilio</strong></span> <span class='ocrx_word' id='word_1_346' title='bbox 1338 3225 1487 3284; x_wconf 84' lang='lat' dir='ltr'><strong>Nave</strong></span> <span class='ocrx_word' id='word_1_347' title='bbox 1503 3268 1518 3294; x_wconf 88' lang='lat'><strong>,</strong></span> <span class='ocrx_word' id='word_1_348' title='bbox 1547 3229 1704 3300; x_wconf 85' lang='lat' dir='ltr'><strong>cujus</strong></span> <span class='ocrx_word' id='word_1_349' title='bbox 1728 3229 1896 3283; x_wconf 84' lang='lat' dir='ltr'><strong>histo-</strong></span> <span class='ocrx_word' id='word_1_350' title='bbox 1927 3221 1970 3280; x_wconf 89' lang='lat' dir='ltr'><strong>C</strong></span> 
     </span>
    </p>
   </div>
   <div class='ocr_carea' id='block_1_48' title="bbox 307 3316 1898 3388">
    <p class='ocr_par' dir='ltr' id='par_1_48' title="bbox 307 3316 1898 3388">
     <span class='ocr_line' id='line_1_48' title="bbox 307 3316 1898 3388; baseline 0.003 -16"><span class='ocrx_word' id='word_1_351' title='bbox 307 3316 446 3372; x_wconf 87' lang='lat' dir='ltr'><strong>riam</strong></span> <span class='ocrx_word' id='word_1_352' title='bbox 474 3317 716 3373; x_wconf 90' lang='lat' dir='ltr'><strong>continet</strong></span> <span class='ocrx_word' id='word_1_353' title='bbox 741 3335 754 3370; x_wconf 90' lang='lat'><strong>:</strong></span> <span class='ocrx_word' id='word_1_354' title='bbox 786 3316 1108 3388; x_wconf 83' lang='lat' dir='ltr'><strong>scriptorem</strong></span> <span class='ocrx_word' id='word_1_355' title='bbox 1130 3333 1261 3372; x_wconf 88' lang='lat' dir='ltr'><strong>vero</strong></span> <span class='ocrx_word' id='word_1_356' title='bbox 1303 3319 1421 3388; x_wconf 83' lang='lat' dir='ltr'><strong>ejus</strong></span> <span class='ocrx_word' id='word_1_357' title='bbox 1452 3320 1700 3377; x_wconf 85' lang='lat' dir='ltr'><strong>eumdem</strong></span> <span class='ocrx_word' id='word_1_358' title='bbox 1731 3317 1898 3376; x_wconf 83' lang='lat' dir='ltr'><strong>Josue</strong></span> 
     </span>
    </p>
   </div>
   <div class='ocr_carea' id='block_1_49' title="bbox 305 3406 1898 3482">
    <p class='ocr_par' dir='ltr' id='par_1_49' title="bbox 305 3406 1898 3482">
     <span class='ocr_line' id='line_1_49' title="bbox 305 3406 1898 3482; baseline -0.001 -16"><span class='ocrx_word' id='word_1_359' title='bbox 305 3406 502 3466; x_wconf 76' lang='lat' dir='ltr'><strong>chrei</strong></span> <span class='ocrx_word' id='word_1_360' title='bbox 525 3417 796 3475; x_wconf 87' lang='lat' dir='ltr'><strong>asserunt,</strong></span> <span class='ocrx_word' id='word_1_361' title='bbox 831 3409 885 3464; x_wconf 92' lang='lat' dir='ltr'><strong>in</strong></span> <span class='ocrx_word' id='word_1_362' title='bbox 906 3410 1062 3482; x_wconf 80' lang='lat' dir='ltr'><strong>cujus</strong></span> <span class='ocrx_word' id='word_1_363' title='bbox 1087 3418 1238 3464; x_wconf 77' lang='lat' dir='ltr'><strong>textu</strong></span> <span class='ocrx_word' id='word_1_364' title='bbox 1265 3419 1386 3480; x_wconf 68' lang='lat' dir='ltr'><strong>ptist</strong></span> <span class='ocrx_word' id='word_1_365' title='bbox 1411 3408 1664 3465; x_wconf 80' lang='lat' dir='ltr'><strong>Jordanis</strong></span> <span class='ocrx_word' id='word_1_366' title='bbox 1699 3411 1898 3465; x_wconf 79' lang='lat' dir='ltr'><strong>transi-</strong></span> 
     </span>
    </p>
   </div>
   <div class='ocr_carea' id='block_1_50' title="bbox 305 3501 1898 3573">
    <p class='ocr_par' dir='ltr' id='par_1_50' title="bbox 305 3501 1898 3573">
     <span class='ocr_line' id='line_1_50' title="bbox 305 3501 1898 3573; baseline -0.001 -15"><span class='ocrx_word' id='word_1_367' title='bbox 305 3511 418 3558; x_wconf 87' lang='lat' dir='ltr'><strong>tum</strong></span> <span class='ocrx_word' id='word_1_368' title='bbox 449 3517 616 3573; x_wconf 84' lang='lat' dir='ltr'><strong>regna</strong></span> <span class='ocrx_word' id='word_1_369' title='bbox 639 3501 874 3558; x_wconf 83' lang='lat' dir='ltr'><strong>hostium</strong></span> <span class='ocrx_word' id='word_1_370' title='bbox 897 3501 1286 3557; x_wconf 87' lang='lat' dir='ltr'><strong>subvertuntur</strong></span> <span class='ocrx_word' id='word_1_371' title='bbox 1307 3542 1321 3567; x_wconf 91' lang='lat'><strong>,</strong></span> <span class='ocrx_word' id='word_1_372' title='bbox 1352 3510 1497 3556; x_wconf 85' lang='lat' dir='ltr'><strong>terra</strong></span> <span class='ocrx_word' id='word_1_373' title='bbox 1529 3502 1727 3573; x_wconf 90' lang='lat' dir='ltr'><strong>popqu</strong></span> <span class='ocrx_word' id='word_1_374' title='bbox 1759 3502 1898 3557; x_wconf 80' lang='lat' dir='ltr'><strong>divi-</strong></span> 
     </span>
    </p>
   </div>
   <div class='ocr_carea' id='block_1_51' title="bbox 301 3597 1896 3671">
    <p class='ocr_par' dir='ltr' id='par_1_51' title="bbox 301 3597 1896 3671">
     <span class='ocr_line' id='line_1_51' title="bbox 301 3597 1896 3671; baseline -0.001 -17"><span class='ocrx_word' id='word_1_375' title='bbox 301 3597 468 3664; x_wconf 84' lang='lat' dir='ltr'><strong>ditur,</strong></span> <span class='ocrx_word' id='word_1_376' title='bbox 492 3607 548 3654; x_wconf 87' lang='lat' dir='ltr'><strong>et</strong></span> <span class='ocrx_word' id='word_1_377' title='bbox 569 3614 669 3670; x_wconf 84' lang='lat' dir='ltr'><strong>per</strong></span> <span class='ocrx_word' id='word_1_378' title='bbox 694 3597 936 3671; x_wconf 86' lang='lat' dir='ltr'><strong>singulas</strong></span> <span class='ocrx_word' id='word_1_379' title='bbox 967 3599 1162 3665; x_wconf 84' lang='lat' dir='ltr'><strong>urbes,</strong></span> <span class='ocrx_word' id='word_1_380' title='bbox 1210 3599 1392 3664; x_wconf 79' lang='lat' dir='ltr'><strong>vicos,</strong></span> <span class='ocrx_word' id='word_1_381' title='bbox 1437 3609 1682 3664; x_wconf 85' lang='lat' dir='ltr'><strong>montes,</strong></span> <span class='ocrx_word' id='word_1_382' title='bbox 1731 3611 1896 3670; x_wconf 83' lang='lat' dir='ltr'><strong>atque</strong></span> 
     </span>
    </p>
   </div>
   <div class='ocr_carea' id='block_1_52' title="bbox 302 3689 1893 3762">
    <p class='ocr_par' dir='ltr' id='par_1_52' title="bbox 302 3689 1893 3762">
     <span class='ocr_line' id='line_1_52' title="bbox 302 3689 1893 3762; baseline -0.001 -15"><span class='ocrx_word' id='word_1_383' title='bbox 302 3691 540 3749; x_wconf 72' lang='lat' dir='ltr'><strong>confinia</strong></span> <span class='ocrx_word' id='word_1_384' title='bbox 573 3691 849 3756; x_wconf 70' lang='lat' dir='ltr'><strong>Ecclesiae,</strong></span> <span class='ocrx_word' id='word_1_385' title='bbox 879 3691 1226 3762; x_wconf 66' lang='lat' dir='ltr'><strong>caelestisque</strong></span> <span class='ocrx_word' id='word_1_386' title='bbox 1257 3689 1598 3747; x_wconf 88' lang='lat' dir='ltr'><strong>llierusalem</strong></span> <span class='ocrx_word' id='word_1_387' title='bbox 1623 3692 1893 3762; x_wconf 87' lang='lat' dir='ltr'><strong>spiritalia</strong></span> 
     </span>
    </p>
   </div>
   <div class='ocr_carea' id='block_1_53' title="bbox 305 3782 940 3858">
    <p class='ocr_par' dir='ltr' id='par_1_53' title="bbox 305 3782 940 3858">
     <span class='ocr_line' id='line_1_53' title="bbox 305 3782 940 3858; baseline -0.008 -17"><span class='ocrx_word' id='word_1_388' title='bbox 305 3800 472 3858; x_wconf 80' lang='lat' dir='ltr'><strong>regna</strong></span> <span class='ocrx_word' id='word_1_389' title='bbox 506 3782 940 3857; x_wconf 65' lang='lat' dir='ltr'><strong>praeﬁgurantur.</strong></span> 
     </span>
    </p>
   </div>
   <div class='ocr_carea' id='block_1_54' title="bbox 375 3871 1892 3946">
    <p class='ocr_par' dir='ltr' id='par_1_54' title="bbox 375 3871 1892 3946">
     <span class='ocr_line' id='line_1_54' title="bbox 375 3871 1892 3946; baseline -0.001 -15"><span class='ocrx_word' id='word_1_390' title='bbox 375 3876 541 3931; x_wconf 87' lang='lat' dir='ltr'><strong>Inter.</strong></span> <span class='ocrx_word' id='word_1_391' title='bbox 577 3873 826 3931; x_wconf 72' lang='lat' dir='ltr'><strong>Iudicum</strong></span> <span class='ocrx_word' id='word_1_392' title='bbox 871 3873 1014 3929; x_wconf 84' lang='lat' dir='ltr'><strong>unde</strong></span> <span class='ocrx_word' id='word_1_393' title='bbox 1055 3874 1402 3930; x_wconf 80' lang='lat' dir='ltr'><strong>nominatur?</strong></span> <span class='ocrx_word' id='word_1_394' title='bbox 1433 3873 1585 3946; x_wconf 73' lang='lat' dir='ltr'><strong>Resp.</strong></span> <span class='ocrx_word' id='word_1_395' title='bbox 1637 3871 1892 3929; x_wconf 73' lang='lat' dir='ltr'><strong>Iudicum</strong></span> 
     </span>
    </p>
   </div>
   <div class='ocr_carea' id='block_1_55' title="bbox 303 3968 1894 4041">
    <p class='ocr_par' dir='ltr' id='par_1_55' title="bbox 303 3968 1894 4041">
     <span class='ocr_line' id='line_1_55' title="bbox 303 3968 1894 4041; baseline -0.003 -12"><span class='ocrx_word' id='word_1_396' title='bbox 303 3972 618 4029; x_wconf 87' lang='lat' dir='ltr'><strong>nominatur</strong></span> <span class='ocrx_word' id='word_1_397' title='bbox 645 3985 676 4026; x_wconf 87' lang='lat' dir='ltr'><strong>a</strong></span> <span class='ocrx_word' id='word_1_398' title='bbox 706 3969 1040 4041; x_wconf 88' lang='lat' dir='ltr'><strong>principibus</strong></span> <span class='ocrx_word' id='word_1_399' title='bbox 1071 3968 1286 4041; x_wconf 90' lang='lat' dir='ltr'><strong>populi,</strong></span> <span class='ocrx_word' id='word_1_400' title='bbox 1315 3969 1406 4040; x_wconf 89' lang='lat' dir='ltr'><strong>qui</strong></span> <span class='ocrx_word' id='word_1_401' title='bbox 1454 3968 1790 4039; x_wconf 80' lang='lat' dir='ltr'><strong>pr:cfuerunt</strong></span> <span class='ocrx_word' id='word_1_402' title='bbox 1841 3970 1894 4025; x_wconf 91' lang='lat' dir='ltr'><strong>in</strong></span> 
     </span>
    </p>
   </div>
   <div class='ocr_carea' id='block_1_56' title="bbox 303 4061 1898 4136">
    <p class='ocr_par' dir='ltr' id='par_1_56' title="bbox 303 4061 1898 4136">
     <span class='ocr_line' id='line_1_56' title="bbox 303 4061 1898 4136; baseline -0.003 -13"><span class='ocrx_word' id='word_1_403' title='bbox 303 4064 507 4122; x_wconf 84' lang='lat' dir='ltr'><strong>lsrahel</strong></span> <span class='ocrx_word' id='word_1_404' title='bbox 536 4071 658 4136; x_wconf 87' lang='lat' dir='ltr'><strong>post</strong></span> <span class='ocrx_word' id='word_1_405' title='bbox 693 4062 911 4135; x_wconf 76' lang='lat' dir='ltr'><strong>Moysen</strong></span> <span class='ocrx_word' id='word_1_406' title='bbox 947 4070 1004 4117; x_wconf 88' lang='lat' dir='ltr'><strong>et</strong></span> <span class='ocrx_word' id='word_1_407' title='bbox 1048 4061 1243 4128; x_wconf 68' lang='lat' dir='ltr'><strong>Iosue,</strong></span> <span class='ocrx_word' id='word_1_408' title='bbox 1292 4074 1584 4133; x_wconf 82' lang='lat' dir='ltr'><strong>antequam</strong></span> <span class='ocrx_word' id='word_1_409' title='bbox 1625 4061 1794 4117; x_wconf 87' lang='lat' dir='ltr'><strong>David</strong></span> <span class='ocrx_word' id='word_1_410' title='bbox 1841 4071 1898 4119; x_wconf 83' lang='lat' dir='ltr'><strong>et</strong></span> 
     </span>
    </p>
   </div>
   <div class='ocr_carea' id='block_1_57' title="bbox 302 4151 1899 4226">
    <p class='ocr_par' dir='ltr' id='par_1_57' title="bbox 302 4151 1899 4226">
     <span class='ocr_line' id='line_1_57' title="bbox 302 4151 1899 4226; baseline -0.001 -15"><span class='ocrx_word' id='word_1_411' title='bbox 302 4155 482 4212; x_wconf 63' lang='lat' dir='ltr'><strong>ueteri</strong></span> <span class='ocrx_word' id='word_1_412' title='bbox 513 4169 670 4226; x_wconf 85' lang='lat' dir='ltr'><strong>reges</strong></span> <span class='ocrx_word' id='word_1_413' title='bbox 694 4154 1008 4210; x_wconf 78' lang='lat' dir='ltr'><strong>existerent.</strong></span> <span class='ocrx_word' id='word_1_414' title='bbox 1039 4151 1191 4210; x_wconf 80' lang='lat' dir='ltr'><strong>Hunc</strong></span> <span class='ocrx_word' id='word_1_415' title='bbox 1221 4153 1416 4209; x_wconf 86' lang='lat' dir='ltr'><strong>librum</strong></span> <span class='ocrx_word' id='word_1_416' title='bbox 1445 4153 1679 4208; x_wconf 58' lang='lat' dir='ltr'><strong>edidisse</strong></span> <span class='ocrx_word' id='word_1_417' title='bbox 1724 4154 1899 4209; x_wconf 81' lang='lat' dir='ltr'><strong>credi-</strong></span> 
     </span>
    </p>
   </div>
   <div class='ocr_carea' id='block_1_58' title="bbox 304 4249 696 4306">
    <p class='ocr_par' dir='ltr' id='par_1_58' title="bbox 304 4249 696 4306">
     <span class='ocr_line' id='line_1_58' title="bbox 304 4249 696 4306; baseline -0.008 0"><span class='ocrx_word' id='word_1_418' title='bbox 304 4260 392 4306; x_wconf 91' lang='lat' dir='ltr'><strong>tur</strong></span> <span class='ocrx_word' id='word_1_419' title='bbox 421 4249 696 4306; x_wconf 83' lang='lat' dir='ltr'><strong>Samuhel.</strong></span> 
     </span>
    </p>
   </div>
   <div class='ocr_carea' id='block_1_59' title="bbox 371 4339 1897 4412">
    <p class='ocr_par' dir='ltr' id='par_1_59' title="bbox 371 4339 1897 4412">
     <span class='ocr_line' id='line_1_59' title="bbox 371 4339 1897 4412; baseline -0.003 -14"><span class='ocrx_word' id='word_1_420' title='bbox 371 4342 538 4398; x_wconf 85' lang='lat' dir='ltr'><strong>Inter.</strong></span> <span class='ocrx_word' id='word_1_421' title='bbox 591 4341 898 4398; x_wconf 87' lang='lat' dir='ltr'><strong>Samuhelis</strong></span> <span class='ocrx_word' id='word_1_422' title='bbox 966 4341 1136 4407; x_wconf 89' lang='lat' dir='ltr'><strong>liber,</strong></span> <span class='ocrx_word' id='word_1_423' title='bbox 1193 4355 1362 4412; x_wconf 90' lang='lat' dir='ltr'><strong>quare</strong></span> <span class='ocrx_word' id='word_1_424' title='bbox 1418 4340 1492 4395; x_wconf 88' lang='lat' dir='ltr'><strong>ita</strong></span> <span class='ocrx_word' id='word_1_425' title='bbox 1556 4339 1897 4412; x_wconf 84' lang='lat' dir='ltr'><strong>appellatur?</strong></span> 
     </span>
    </p>
   </div>
   <div class='ocr_carea' id='block_1_60' title="bbox 302 4433 1896 4507">
    <p class='ocr_par' dir='ltr' id='par_1_60' title="bbox 302 4433 1896 4507">
     <span class='ocr_line' id='line_1_60' title="bbox 302 4433 1896 4507; baseline 0 -17"><span class='ocrx_word' id='word_1_426' title='bbox 302 4433 460 4507; x_wconf 76' lang='lat' dir='ltr'><strong>Resp.</strong></span> <span class='ocrx_word' id='word_1_427' title='bbox 482 4435 644 4490; x_wconf 89' lang='lat' dir='ltr'><strong>Liber</strong></span> <span class='ocrx_word' id='word_1_428' title='bbox 665 4434 972 4490; x_wconf 85' lang='lat' dir='ltr'><strong>Samuhelis</strong></span> <span class='ocrx_word' id='word_1_429' title='bbox 996 4435 1238 4507; x_wconf 85' lang='lat' dir='ltr'><strong>ejusdem</strong></span> <span class='ocrx_word' id='word_1_430' title='bbox 1265 4434 1526 4489; x_wconf 63' lang='lat' dir='ltr'><strong>Samuhel</strong></span> <span class='ocrx_word' id='word_1_431' title='bbox 1553 4434 1896 4491; x_wconf 81' lang='lat' dir='ltr'><strong>nativitatem</strong></span> 
     </span>
    </p>
   </div>
   <div class='ocr_carea' id='block_1_61' title="bbox 299 4525 1897 4598">
    <p class='ocr_par' dir='ltr' id='par_1_61' title="bbox 299 4525 1897 4598">
     <span class='ocr_line' id='line_1_61' title="bbox 299 4525 1897 4598; baseline -0.003 -15"><span class='ocrx_word' id='word_1_432' title='bbox 299 4538 356 4583; x_wconf 80' lang='lat' dir='ltr'><strong>et</strong></span> <span class='ocrx_word' id='word_1_433' title='bbox 390 4526 752 4583; x_wconf 85' lang='lat' dir='ltr'><strong>sacerdotium</strong></span> <span class='ocrx_word' id='word_1_434' title='bbox 782 4535 838 4582; x_wconf 86' lang='lat' dir='ltr'><strong>et</strong></span> <span class='ocrx_word' id='word_1_435' title='bbox 867 4535 1016 4598; x_wconf 88' lang='lat' dir='ltr'><strong>gesta</strong></span> <span class='ocrx_word' id='word_1_436' title='bbox 1059 4525 1348 4590; x_wconf 80' lang='lat' dir='ltr'><strong>describit,</strong></span> <span class='ocrx_word' id='word_1_437' title='bbox 1389 4526 1596 4580; x_wconf 81' lang='lat' dir='ltr'><strong>idcirco</strong></span> <span class='ocrx_word' id='word_1_438' title='bbox 1642 4535 1700 4580; x_wconf 82' lang='lat' dir='ltr'><strong>et</strong></span> <span class='ocrx_word' id='word_1_439' title='bbox 1735 4527 1803 4582; x_wconf 88' lang='lat' dir='ltr'><strong>ab</strong></span> <span class='ocrx_word' id='word_1_440' title='bbox 1830 4541 1897 4580; x_wconf 88' lang='lat' dir='ltr'><strong>eo</strong></span> 
     </span>
    </p>
   </div>
   <div class='ocr_carea' id='block_1_62' title="bbox 301 4576 1976 4686">
    <p class='ocr_par' dir='ltr' id='par_1_62' title="bbox 301 4576 1976 4686">
     <span class='ocr_line' id='line_1_62' title="bbox 301 4576 1976 4686; baseline -0.002 -12"><span class='ocrx_word' id='word_1_441' title='bbox 301 4631 498 4674; x_wconf 87' lang='lat' dir='ltr'><strong>nomen</strong></span> <span class='ocrx_word' id='word_1_442' title='bbox 527 4616 737 4685; x_wconf 83' lang='lat' dir='ltr'><strong>accepit</strong></span> <span class='ocrx_word' id='word_1_443' title='bbox 762 4635 774 4670; x_wconf 88' lang='lat'><strong>:</strong></span> <span class='ocrx_word' id='word_1_444' title='bbox 800 4625 854 4671; x_wconf 89' lang='lat' dir='ltr'><strong>et</strong></span> <span class='ocrx_word' id='word_1_445' title='bbox 868 4576 1136 4686; x_wconf 67' lang='lat' dir='ltr'><strong>0quamvis</strong></span> <span class='ocrx_word' id='word_1_446' title='bbox 1178 4615 1268 4670; x_wconf 91' lang='lat' dir='ltr'><strong>hic</strong></span> <span class='ocrx_word' id='word_1_447' title='bbox 1298 4615 1437 4669; x_wconf 85' lang='lat' dir='ltr'><strong>liber</strong></span> <span class='ocrx_word' id='word_1_448' title='bbox 1468 4613 1598 4669; x_wconf 87' lang='lat' dir='ltr'><strong>Sanl</strong></span> <span class='ocrx_word' id='word_1_449' title='bbox 1630 4625 1686 4670; x_wconf 80' lang='lat' dir='ltr'><strong>et</strong></span> <span class='ocrx_word' id='word_1_450' title='bbox 1727 4615 1894 4672; x_wconf 81' lang='lat' dir='ltr'><strong>David</strong></span> <span class='ocrx_word' id='word_1_451' title='bbox 1928 4576 1976 4636; x_wconf 69' lang='grc' dir='ltr'><strong>θ</strong></span> 
     </span>
    </p>
   </div>
   <div class='ocr_carea' id='block_1_63' title="bbox 301 4706 1894 4778">
    <p class='ocr_par' dir='ltr' id='par_1_63' title="bbox 301 4706 1894 4778">
     <span class='ocr_line' id='line_1_63' title="bbox 301 4706 1894 4778; baseline -0.002 -14"><span class='ocrx_word' id='word_1_452' title='bbox 301 4708 581 4765; x_wconf 82' lang='lat' dir='ltr'><strong>historiam</strong></span> <span class='ocrx_word' id='word_1_453' title='bbox 627 4707 943 4772; x_wconf 86' lang='lat' dir='ltr'><strong>contineat,</strong></span> <span class='ocrx_word' id='word_1_454' title='bbox 989 4706 1204 4778; x_wconf 79' lang='lat' dir='ltr'><strong>utrique</strong></span> <span class='ocrx_word' id='word_1_455' title='bbox 1234 4715 1414 4760; x_wconf 86' lang='lat' dir='ltr'><strong>tamen</strong></span> <span class='ocrx_word' id='word_1_456' title='bbox 1452 4706 1518 4761; x_wconf 88' lang='lat' dir='ltr'><strong>ad</strong></span> <span class='ocrx_word' id='word_1_457' title='bbox 1546 4706 1894 4763; x_wconf 77' lang='lat' dir='ltr'><strong>Samuhelem</strong></span> 
     </span>
    </p>
   </div>
   <div class='ocr_carea' id='block_1_64' title="bbox 301 4798 1895 4870">
    <p class='ocr_par' dir='ltr' id='par_1_64' title="bbox 301 4798 1895 4870">
     <span class='ocr_line' id='line_1_64' title="bbox 301 4798 1895 4870; baseline -0.002 -14"><span class='ocrx_word' id='word_1_458' title='bbox 301 4800 628 4866; x_wconf 78' lang='lat' dir='ltr'><strong>referuntur,</strong></span> <span class='ocrx_word' id='word_1_459' title='bbox 661 4801 787 4870; x_wconf 83' lang='lat' dir='ltr'><strong>quia</strong></span> <span class='ocrx_word' id='word_1_460' title='bbox 823 4800 940 4870; x_wconf 88' lang='lat' dir='ltr'><strong>ipse</strong></span> <span class='ocrx_word' id='word_1_461' title='bbox 970 4800 1128 4855; x_wconf 81' lang='lat' dir='ltr'><strong>unxit</strong></span> <span class='ocrx_word' id='word_1_462' title='bbox 1156 4798 1285 4854; x_wconf 81' lang='lat' dir='ltr'><strong>Saul</strong></span> <span class='ocrx_word' id='word_1_463' title='bbox 1316 4799 1370 4852; x_wconf 89' lang='lat' dir='ltr'><strong>in</strong></span> <span class='ocrx_word' id='word_1_464' title='bbox 1398 4814 1611 4868; x_wconf 84' lang='lat' dir='ltr'><strong>regem,</strong></span> <span class='ocrx_word' id='word_1_465' title='bbox 1650 4799 1764 4870; x_wconf 85' lang='lat' dir='ltr'><strong>ipse</strong></span> <span class='ocrx_word' id='word_1_466' title='bbox 1789 4799 1895 4853; x_wconf 83' lang='lat' dir='ltr'><strong>Da-</strong></span> 
     </span>
    </p>
   </div>
   <div class='ocr_carea' id='block_1_65' title="bbox 300 4888 1892 4962">
    <p class='ocr_par' dir='ltr' id='par_1_65' title="bbox 300 4888 1892 4962">
     <span class='ocr_line' id='line_1_65' title="bbox 300 4888 1892 4962; baseline 0.001 -18"><span class='ocrx_word' id='word_1_467' title='bbox 300 4893 389 4948; x_wconf 81' lang='lat' dir='ltr'><strong>vid</strong></span> <span class='ocrx_word' id='word_1_468' title='bbox 420 4893 474 4948; x_wconf 91' lang='lat' dir='ltr'><strong>in</strong></span> <span class='ocrx_word' id='word_1_469' title='bbox 505 4907 688 4962; x_wconf 79' lang='lat' dir='ltr'><strong>regem</strong></span> <span class='ocrx_word' id='word_1_470' title='bbox 730 4890 991 4946; x_wconf 77' lang='lat' dir='ltr'><strong>futurum.</strong></span> <span class='ocrx_word' id='word_1_471' title='bbox 1023 4888 1187 4959; x_wconf 85' lang='lat' dir='ltr'><strong>Cujus</strong></span> <span class='ocrx_word' id='word_1_472' title='bbox 1216 4889 1341 4945; x_wconf 89' lang='lat' dir='ltr'><strong>libri</strong></span> <span class='ocrx_word' id='word_1_473' title='bbox 1394 4890 1626 4960; x_wconf 88' lang='lat' dir='ltr'><strong>primam</strong></span> <span class='ocrx_word' id='word_1_474' title='bbox 1680 4901 1892 4962; x_wconf 82' lang='lat' dir='ltr'><strong>partem</strong></span> 
     </span>
    </p>
   </div>
   <div class='ocr_carea' id='block_1_66' title="bbox 297 4981 1900 5055">
    <p class='ocr_par' dir='ltr' id='par_1_66' title="bbox 297 4981 1900 5055">
     <span class='ocr_line' id='line_1_66' title="bbox 297 4981 1900 5055; baseline -0.002 -15"><span class='ocrx_word' id='word_1_475' title='bbox 297 4984 624 5055; x_wconf 86' lang='lat' dir='ltr'><strong>conscripsit</strong></span> <span class='ocrx_word' id='word_1_476' title='bbox 659 4984 799 5038; x_wconf 64' lang='lat' dir='ltr'><strong>idem</strong></span> <span class='ocrx_word' id='word_1_477' title='bbox 831 4982 1124 5049; x_wconf 88' lang='lat' dir='ltr'><strong>Samuhel;</strong></span> <span class='ocrx_word' id='word_1_478' title='bbox 1153 4981 1438 5052; x_wconf 88' lang='lat' dir='ltr'><strong>sequentia</strong></span> <span class='ocrx_word' id='word_1_479' title='bbox 1467 4996 1600 5037; x_wconf 89' lang='lat' dir='ltr'><strong>vero</strong></span> <span class='ocrx_word' id='word_1_480' title='bbox 1646 4981 1765 5052; x_wconf 87' lang='lat' dir='ltr'><strong>ejus</strong></span> <span class='ocrx_word' id='word_1_481' title='bbox 1808 4997 1900 5036; x_wconf 80' lang='lat' dir='ltr'><strong>us-</strong></span> 
     </span>
    </p>
   </div>
   <div class='ocr_carea' id='block_1_67' title="bbox 298 5073 1617 5147">
    <p class='ocr_par' dir='ltr' id='par_1_67' title="bbox 298 5073 1617 5147">
     <span class='ocr_line' id='line_1_67' title="bbox 298 5073 1617 5147; baseline -0.005 -16"><span class='ocrx_word' id='word_1_482' title='bbox 298 5091 404 5147; x_wconf 85' lang='lat' dir='ltr'><strong>que</strong></span> <span class='ocrx_word' id='word_1_483' title='bbox 427 5074 633 5131; x_wconf 84' lang='lat' dir='ltr'><strong>caleem</strong></span> <span class='ocrx_word' id='word_1_484' title='bbox 669 5074 890 5145; x_wconf 85' lang='lat' dir='ltr'><strong>scripsit</strong></span> <span class='ocrx_word' id='word_1_485' title='bbox 912 5073 1104 5129; x_wconf 81' lang='lat' dir='ltr'><strong>David.</strong></span> <span class='ocrx_word' id='word_1_486' title='bbox 1614 5094 1617 5095; x_wconf 51' lang='grc' dir='ltr'><em>ν</em></span> 
     </span>
    </p>
   </div>
   <div class='ocr_carea' id='block_1_68' title="bbox 369 5164 1900 5240">
    <p class='ocr_par' dir='ltr' id='par_1_68' title="bbox 369 5164 1900 5240">
     <span class='ocr_line' id='line_1_68' title="bbox 369 5164 1900 5240; baseline -0.003 -17"><span class='ocrx_word' id='word_1_487' title='bbox 369 5167 536 5225; x_wconf 86' lang='lat' dir='ltr'><strong>Inter.</strong></span> <span class='ocrx_word' id='word_1_488' title='bbox 569 5167 852 5222; x_wconf 79' lang='lat' dir='ltr'><strong>Malacbim</strong></span> <span class='ocrx_word' id='word_1_489' title='bbox 876 5166 1061 5240; x_wconf 78' lang='lat' dir='ltr'><strong>[Isid.,</strong></span> <span class='ocrx_word' id='word_1_490' title='bbox 1087 5164 1397 5238; x_wconf 84' lang='lat' dir='ltr'><strong>Melachim]</strong></span> <span class='ocrx_word' id='word_1_491' title='bbox 1426 5179 1526 5222; x_wconf 88' lang='lat' dir='ltr'><strong>cur</strong></span> <span class='ocrx_word' id='word_1_492' title='bbox 1549 5166 1621 5220; x_wconf 91' lang='lat' dir='ltr'><strong>ita</strong></span> <span class='ocrx_word' id='word_1_493' title='bbox 1651 5165 1900 5221; x_wconf 88' lang='lat' dir='ltr'><strong>nomina-</strong></span> 
     </span>
    </p>
   </div>
   <div class='ocr_carea' id='block_1_69' title="bbox 299 5255 1896 5332">
    <p class='ocr_par' dir='ltr' id='par_1_69' title="bbox 299 5255 1896 5332">
     <span class='ocr_line' id='line_1_69' title="bbox 299 5255 1896 5332; baseline -0.003 -18"><span class='ocrx_word' id='word_1_494' title='bbox 299 5260 416 5315; x_wconf 85' lang='lat' dir='ltr'><strong>tur?</strong></span> <span class='ocrx_word' id='word_1_495' title='bbox 436 5258 588 5332; x_wconf 72' lang='lat' dir='ltr'><strong>Resp.</strong></span> <span class='ocrx_word' id='word_1_496' title='bbox 618 5258 897 5313; x_wconf 81' lang='lat' dir='ltr'><strong>Malachim</strong></span> <span class='ocrx_word' id='word_1_497' title='bbox 921 5257 1056 5313; x_wconf 88' lang='lat' dir='ltr'><strong>liber</strong></span> <span class='ocrx_word' id='word_1_498' title='bbox 1075 5257 1301 5328; x_wconf 87' lang='lat' dir='ltr'><strong>proinde</strong></span> <span class='ocrx_word' id='word_1_499' title='bbox 1321 5255 1643 5327; x_wconf 88' lang='lat' dir='ltr'><strong>appellatur,</strong></span> <span class='ocrx_word' id='word_1_500' title='bbox 1671 5271 1737 5311; x_wconf 91' lang='lat' dir='ltr'><strong>co</strong></span> <span class='ocrx_word' id='word_1_501' title='bbox 1752 5255 1896 5326; x_wconf 87' lang='lat' dir='ltr'><strong>quod</strong></span> 
     </span>
    </p>
   </div>
   <div class='ocr_carea' id='block_1_70' title="bbox 238 5341 1895 5424">
    <p class='ocr_par' dir='ltr' id='par_1_70' title="bbox 238 5341 1895 5424">
     <span class='ocr_line' id='line_1_70' title="bbox 238 5341 1895 5424; baseline -0.003 -16"><span class='ocrx_word' id='word_1_502' title='bbox 238 5341 251 5354; x_wconf 79' lang='grc'><strong>’</strong></span> <span class='ocrx_word' id='word_1_503' title='bbox 298 5367 453 5424; x_wconf 81' lang='lat' dir='ltr'><strong>reges</strong></span> <span class='ocrx_word' id='word_1_504' title='bbox 487 5349 639 5406; x_wconf 67' lang='lat' dir='ltr'><strong>Inda:</strong></span> <span class='ocrx_word' id='word_1_505' title='bbox 679 5360 735 5404; x_wconf 84' lang='lat' dir='ltr'><strong>ct</strong></span> <span class='ocrx_word' id='word_1_506' title='bbox 772 5349 1121 5410; x_wconf 75' lang='lat' dir='ltr'><strong>lsrahelitica:</strong></span> <span class='ocrx_word' id='word_1_507' title='bbox 1150 5349 1330 5421; x_wconf 86' lang='lat' dir='ltr'><strong>gentis</strong></span> <span class='ocrx_word' id='word_1_508' title='bbox 1352 5389 1366 5413; x_wconf 94' lang='lat'><strong>,</strong></span> <span class='ocrx_word' id='word_1_509' title='bbox 1415 5356 1676 5418; x_wconf 80' lang='lat' dir='ltr'><strong>gestaque</strong></span> <span class='ocrx_word' id='word_1_510' title='bbox 1705 5363 1895 5403; x_wconf 90' lang='lat' dir='ltr'><strong>eorum</strong></span> 
     </span>
    </p>
   </div>
   <div class='ocr_carea' id='block_1_71' title="bbox 298 5438 1890 5513">
    <p class='ocr_par' dir='ltr' id='par_1_71' title="bbox 298 5438 1890 5513">
     <span class='ocr_line' id='line_1_71' title="bbox 298 5438 1890 5513; baseline -0.004 -17"><span class='ocrx_word' id='word_1_511' title='bbox 298 5457 397 5513; x_wconf 83' lang='lat' dir='ltr'><strong>per</strong></span> <span class='ocrx_word' id='word_1_512' title='bbox 421 5441 667 5498; x_wconf 87' lang='lat' dir='ltr'><strong>ordinem</strong></span> <span class='ocrx_word' id='word_1_513' title='bbox 695 5443 904 5509; x_wconf 78' lang='lat' dir='ltr'><strong>digerat</strong></span> <span class='ocrx_word' id='word_1_514' title='bbox 936 5451 1263 5512; x_wconf 86' lang='lat' dir='ltr'><strong>temporum.</strong></span> <span class='ocrx_word' id='word_1_515' title='bbox 1293 5438 1579 5494; x_wconf 85' lang='lat' dir='ltr'><strong>Malachim</strong></span> <span class='ocrx_word' id='word_1_516' title='bbox 1603 5438 1890 5503; x_wconf 82' lang='lat' dir='ltr'><strong>llebraiec,</strong></span> 
     </span>
    </p>
   </div>
   <div class='ocr_carea' id='block_1_72' title="bbox 298 5529 1896 5602">
    <p class='ocr_par' dir='ltr' id='par_1_72' title="bbox 298 5529 1896 5602">
     <span class='ocr_line' id='line_1_72' title="bbox 298 5529 1896 5602; baseline -0.003 -13"><span class='ocrx_word' id='word_1_517' title='bbox 298 5533 488 5589; x_wconf 81' lang='lat' dir='ltr'><strong>Latine</strong></span> <span class='ocrx_word' id='word_1_518' title='bbox 511 5546 697 5601; x_wconf 80' lang='lat' dir='ltr'><strong>regum</strong></span> <span class='ocrx_word' id='word_1_519' title='bbox 735 5533 1144 5602; x_wconf 83' lang='lat' dir='ltr'><strong>interpretatur.</strong></span> <span class='ocrx_word' id='word_1_520' title='bbox 1180 5529 1336 5586; x_wconf 81' lang='lat' dir='ltr'><strong>Hunc</strong></span> <span class='ocrx_word' id='word_1_521' title='bbox 1365 5530 1564 5584; x_wconf 84' lang='lat' dir='ltr'><strong>librum</strong></span> <span class='ocrx_word' id='word_1_522' title='bbox 1592 5529 1896 5586; x_wconf 77' lang='lat' dir='ltr'><strong>Hieremias</strong></span> 
     </span>
    </p>
   </div>
   <div class='ocr_carea' id='block_1_73' title="bbox 297 5621 1896 5696">
    <p class='ocr_par' dir='ltr' id='par_1_73' title="bbox 297 5621 1896 5696">
     <span class='ocr_line' id='line_1_73' title="bbox 297 5621 1896 5696; baseline -0.003 -16"><span class='ocrx_word' id='word_1_523' title='bbox 297 5625 504 5696; x_wconf 87' lang='lat' dir='ltr'><strong>primus</strong></span> <span class='ocrx_word' id='word_1_524' title='bbox 534 5625 588 5680; x_wconf 92' lang='lat' dir='ltr'><strong>in</strong></span> <span class='ocrx_word' id='word_1_525' title='bbox 617 5640 781 5679; x_wconf 90' lang='lat' dir='ltr'><strong>unum</strong></span> <span class='ocrx_word' id='word_1_526' title='bbox 821 5622 1068 5678; x_wconf 76' lang='lat' dir='ltr'><strong>volumen</strong></span> <span class='ocrx_word' id='word_1_527' title='bbox 1091 5623 1288 5693; x_wconf 79' lang='lat' dir='ltr'><strong>coegit.</strong></span> <span class='ocrx_word' id='word_1_528' title='bbox 1315 5621 1451 5677; x_wconf 82' lang='lat' dir='ltr'><strong>Nam</strong></span> <span class='ocrx_word' id='word_1_529' title='bbox 1485 5631 1643 5676; x_wconf 85' lang='lat' dir='ltr'><strong>antea</strong></span> <span class='ocrx_word' id='word_1_530' title='bbox 1674 5637 1896 5692; x_wconf 81' lang='lat' dir='ltr'><strong>sparsus</strong></span> 
     </span>
    </p>
   </div>
   <div class='ocr_carea' id='block_1_74' title="bbox 295 5714 1425 5787">
    <p class='ocr_par' dir='ltr' id='par_1_74' title="bbox 295 5714 1425 5787">
     <span class='ocr_line' id='line_1_74' title="bbox 295 5714 1425 5787; baseline -0.005 -12"><span class='ocrx_word' id='word_1_531' title='bbox 295 5726 414 5775; x_wconf 79' lang='lat' dir='ltr'><strong>erat</strong></span> <span class='ocrx_word' id='word_1_532' title='bbox 445 5729 543 5787; x_wconf 88' lang='lat' dir='ltr'><strong>per</strong></span> <span class='ocrx_word' id='word_1_533' title='bbox 573 5714 905 5786; x_wconf 82' lang='lat' dir='ltr'><strong>singulorum</strong></span> <span class='ocrx_word' id='word_1_534' title='bbox 936 5730 1122 5786; x_wconf 71' lang='lat' dir='ltr'><strong>regum</strong></span> <span class='ocrx_word' id='word_1_535' title='bbox 1147 5715 1425 5770; x_wconf 86' lang='lat' dir='ltr'><strong>historias.</strong></span> 
     </span>
    </p>
   </div>
   <div class='ocr_carea' id='block_1_75' title="bbox 367 5829 1350 5905">
    <p class='ocr_par' dir='ltr' id='par_1_75' title="bbox 367 5829 1350 5905">
     <span class='ocr_line' id='line_1_75' title="bbox 367 5829 1350 5905; baseline -0.01 -11"><span class='ocrx_word' id='word_1_536' title='bbox 367 5849 394 5878; x_wconf 79' lang='grc'><strong><em>⁸</em></strong></span> <span class='ocrx_word' id='word_1_537' title='bbox 423 5837 503 5893; x_wconf 77' lang='lat' dir='ltr'><strong>Ex</strong></span> <span class='ocrx_word' id='word_1_538' title='bbox 530 5830 657 5889; x_wconf 78' lang='lat' dir='ltr'><strong>Isid.</strong></span> <span class='ocrx_word' id='word_1_539' title='bbox 693 5829 813 5886; x_wconf 81' lang='lat' dir='ltr'><strong>libr.</strong></span> <span class='ocrx_word' id='word_1_540' title='bbox 856 5851 904 5891; x_wconf 74' lang='lat' dir='ltr'><strong>vi</strong></span> <span class='ocrx_word' id='word_1_541' title='bbox 941 5831 1118 5904; x_wconf 81' lang='lat' dir='ltr'><strong>Orig.,</strong></span> <span class='ocrx_word' id='word_1_542' title='bbox 1151 5849 1269 5905; x_wconf 85' lang='lat' dir='ltr'><strong>cap.</strong></span> <span class='ocrx_word' id='word_1_543' title='bbox 1298 5831 1350 5885; x_wconf 79' lang='lat'><strong>9..</strong></span> 
     </span>
    </p>
   </div>
   <div class='ocr_carea' id='block_1_76' title="bbox 2009 1949 3456 2023">
    <p class='ocr_par' dir='ltr' id='par_1_76' title="bbox 2009 1949 3456 2023">
     <span class='ocr_line' id='line_1_76' title="bbox 2009 1949 3456 2023; baseline 0.002 -18"><span class='ocrx_word' id='word_1_544' title='bbox 2009 1967 2088 2016; x_wconf 89' lang='lat' dir='ltr'><strong>Ill,</strong></span> <span class='ocrx_word' id='word_1_545' title='bbox 2115 1949 2150 2003; x_wconf 78' lang='grc'><strong>5</strong></span> <span class='ocrx_word' id='word_1_546' title='bbox 2176 1960 2225 2006; x_wconf 90' lang='lat' dir='ltr'><strong>et</strong></span> <span class='ocrx_word' id='word_1_547' title='bbox 2251 1950 2438 2023; x_wconf 56' lang='lat' dir='ltr'><strong>seqq),</strong></span> <span class='ocrx_word' id='word_1_548' title='bbox 2465 1952 2651 2007; x_wconf 89' lang='lat' dir='ltr'><strong>omnia</strong></span> <span class='ocrx_word' id='word_1_549' title='bbox 2681 1952 2902 2008; x_wconf 87' lang='lat' dir='ltr'><strong>heroico</strong></span> <span class='ocrx_word' id='word_1_550' title='bbox 2925 1959 3099 2006; x_wconf 80' lang='lat' dir='ltr'><strong>metro</strong></span> <span class='ocrx_word' id='word_1_551' title='bbox 3125 1952 3456 2008; x_wconf 81' lang='lat' dir='ltr'><strong>discurrunt.</strong></span> 
     </span>
    </p>
   </div>
   <div class='ocr_carea' id='block_1_77' title="bbox 2078 2040 3597 2116">
    <p class='ocr_par' dir='ltr' id='par_1_77' title="bbox 2078 2040 3597 2116">
     <span class='ocr_line' id='line_1_77' title="bbox 2078 2040 3597 2116; baseline 0.001 -20"><span class='ocrx_word' id='word_1_552' title='bbox 2078 2041 2246 2098; x_wconf 83' lang='lat' dir='ltr'><strong>Inter.</strong></span> <span class='ocrx_word' id='word_1_553' title='bbox 2273 2042 2435 2098; x_wconf 86' lang='lat' dir='ltr'><strong>Liber</strong></span> <span class='ocrx_word' id='word_1_554' title='bbox 2461 2043 2806 2099; x_wconf 87' lang='lat' dir='ltr'><strong>Psalmorum</strong></span> <span class='ocrx_word' id='word_1_555' title='bbox 2833 2059 2940 2115; x_wconf 87' lang='lat' dir='ltr'><strong>qtta</strong></span> <span class='ocrx_word' id='word_1_556' title='bbox 2973 2043 3154 2116; x_wconf 83' lang='lat' dir='ltr'><strong>lingua</strong></span> <span class='ocrx_word' id='word_1_557' title='bbox 3185 2044 3416 2100; x_wconf 82' lang='lat' dir='ltr'><strong>dicitur?</strong></span> <span class='ocrx_word' id='word_1_558' title='bbox 3444 2040 3597 2114; x_wconf 75' lang='lat' dir='ltr'><strong>Resp.</strong></span> 
     </span>
    </p>
   </div>
   <div class='ocr_carea' id='block_1_78' title="bbox 2006 2133 3599 2202">
    <p class='ocr_par' dir='ltr' id='par_1_78' title="bbox 2006 2133 3599 2202">
     <span class='ocr_line' id='line_1_78' title="bbox 2006 2133 3599 2202; baseline 0.001 -14"><span class='ocrx_word' id='word_1_559' title='bbox 2006 2133 2348 2191; x_wconf 85' lang='lat' dir='ltr'><strong>Psalmorum</strong></span> <span class='ocrx_word' id='word_1_560' title='bbox 2375 2134 2512 2192; x_wconf 86' lang='lat' dir='ltr'><strong>liber</strong></span> <span class='ocrx_word' id='word_1_561' title='bbox 2536 2133 2720 2191; x_wconf 64' lang='lat' dir='ltr'><strong>Graece</strong></span> <span class='ocrx_word' id='word_1_562' title='bbox 2740 2135 3087 2202; x_wconf 86' lang='lat' dir='ltr'><strong>Psalterium,</strong></span> <span class='ocrx_word' id='word_1_563' title='bbox 3111 2134 3377 2192; x_wconf 82' lang='lat' dir='ltr'><strong>llehraice</strong></span> <span class='ocrx_word' id='word_1_564' title='bbox 3399 2135 3566 2192; x_wconf 81' lang='lat' dir='ltr'><strong>Nabla</strong></span> <span class='ocrx_word' id='word_1_565' title='bbox 3584 2180 3599 2200; x_wconf 83' lang='lat'><strong>,</strong></span> 
     </span>
    </p>
   </div>
   <div class='ocr_carea' id='block_1_79' title="bbox 2006 2227 3600 2297">
    <p class='ocr_par' dir='ltr' id='par_1_79' title="bbox 2006 2227 3600 2297">
     <span class='ocr_line' id='line_1_79' title="bbox 2006 2227 3600 2297; baseline 0.002 -15"><span class='ocrx_word' id='word_1_566' title='bbox 2006 2227 2203 2283; x_wconf 90' lang='lat' dir='ltr'><strong>Latine</strong></span> <span class='ocrx_word' id='word_1_567' title='bbox 2233 2241 2500 2297; x_wconf 78' lang='lat' dir='ltr'><strong>organum</strong></span> <span class='ocrx_word' id='word_1_568' title='bbox 2532 2228 2732 2285; x_wconf 90' lang='lat' dir='ltr'><strong>dicitur</strong></span> <span class='ocrx_word' id='word_1_569' title='bbox 2759 2247 2771 2284; x_wconf 95' lang='lat'>:</span> <span class='ocrx_word' id='word_1_570' title='bbox 2801 2235 3025 2285; x_wconf 88' lang='lat' dir='ltr'><strong>vocatus</strong></span> <span class='ocrx_word' id='word_1_571' title='bbox 3051 2239 3230 2285; x_wconf 86' lang='lat' dir='ltr'><strong>autem</strong></span> <span class='ocrx_word' id='word_1_572' title='bbox 3263 2229 3600 2286; x_wconf 86' lang='lat' dir='ltr'><strong>Psalmorum</strong></span> 
     </span>
    </p>
   </div>
   <div class='ocr_carea' id='block_1_80' title="bbox 2004 2319 3603 2393">
    <p class='ocr_par' dir='ltr' id='par_1_80' title="bbox 2004 2319 3603 2393">
     <span class='ocr_line' id='line_1_80' title="bbox 2004 2319 3603 2393; baseline 0.003 -21"><span class='ocrx_word' id='word_1_573' title='bbox 2004 2319 2162 2385; x_wconf 83' lang='lat' dir='ltr'><strong>liber,</strong></span> <span class='ocrx_word' id='word_1_574' title='bbox 2201 2322 2330 2390; x_wconf 86' lang='lat' dir='ltr'><strong>quia</strong></span> <span class='ocrx_word' id='word_1_575' title='bbox 2364 2336 2474 2376; x_wconf 90' lang='lat' dir='ltr'><strong>uno</strong></span> <span class='ocrx_word' id='word_1_576' title='bbox 2494 2319 2758 2393; x_wconf 81' lang='lat' dir='ltr'><strong>prepheta</strong></span> <span class='ocrx_word' id='word_1_577' title='bbox 2787 2329 3016 2379; x_wconf 88' lang='lat' dir='ltr'><strong>canente</strong></span> <span class='ocrx_word' id='word_1_578' title='bbox 3038 2321 3104 2376; x_wconf 89' lang='lat' dir='ltr'><strong>ad</strong></span> <span class='ocrx_word' id='word_1_579' title='bbox 3127 2321 3444 2392; x_wconf 85' lang='lat' dir='ltr'><strong>psalterium</strong></span> <span class='ocrx_word' id='word_1_580' title='bbox 3473 2324 3603 2377; x_wconf 81' lang='lat' dir='ltr'><strong>cho-</strong></span> 
     </span>
    </p>
   </div>
   <div class='ocr_carea' id='block_1_81' title="bbox 2005 2409 3600 2482">
    <p class='ocr_par' dir='ltr' id='par_1_81' title="bbox 2005 2409 3600 2482">
     <span class='ocr_line' id='line_1_81' title="bbox 2005 2409 3600 2482; baseline 0.002 -18"><span class='ocrx_word' id='word_1_581' title='bbox 2005 2427 2099 2465; x_wconf 88' lang='lat' dir='ltr'><strong>rus</strong></span> <span class='ocrx_word' id='word_1_582' title='bbox 2125 2409 2478 2466; x_wconf 86' lang='lat' dir='ltr'><strong>consonando</strong></span> <span class='ocrx_word' id='word_1_583' title='bbox 2503 2411 2879 2482; x_wconf 86' lang='lat' dir='ltr'><strong>responderet.</strong></span> <span class='ocrx_word' id='word_1_584' title='bbox 2915 2411 3118 2468; x_wconf 83' lang='lat' dir='ltr'><strong>l‘itulus</strong></span> <span class='ocrx_word' id='word_1_585' title='bbox 3140 2420 3323 2468; x_wconf 86' lang='lat' dir='ltr'><strong>autem</strong></span> <span class='ocrx_word' id='word_1_586' title='bbox 3367 2414 3418 2469; x_wconf 91' lang='lat' dir='ltr'><strong>in</strong></span> <span class='ocrx_word' id='word_1_587' title='bbox 3446 2413 3568 2470; x_wconf 80' lang='lat' dir='ltr'><strong>Psal</strong></span> <span class='ocrx_word' id='word_1_588' title='bbox 3585 2446 3600 2454; x_wconf 88' lang='lat'><em>-</em></span> 
     </span>
    </p>
   </div>
   <div class='ocr_carea' id='block_1_82' title="bbox 2003 2500 3602 2578">
    <p class='ocr_par' dir='ltr' id='par_1_82' title="bbox 2003 2500 3602 2578">
     <span class='ocr_line' id='line_1_82' title="bbox 2003 2500 3602 2578; baseline 0.003 -22"><span class='ocrx_word' id='word_1_589' title='bbox 2003 2503 2107 2556; x_wconf 81' lang='lat' dir='ltr'><strong>mis</strong></span> <span class='ocrx_word' id='word_1_590' title='bbox 2132 2501 2414 2558; x_wconf 73' lang='lat' dir='ltr'><strong>Hebraicts</strong></span> <span class='ocrx_word' id='word_1_591' title='bbox 2439 2503 2514 2558; x_wconf 90' lang='lat' dir='ltr'><strong>ita</strong></span> <span class='ocrx_word' id='word_1_592' title='bbox 2540 2512 2628 2558; x_wconf 90' lang='lat' dir='ltr'><strong>est</strong></span> <span class='ocrx_word' id='word_1_593' title='bbox 2655 2521 2668 2558; x_wconf 91' lang='lat'><strong>:</strong></span> <span class='ocrx_word' id='word_1_594' title='bbox 2697 2500 2964 2575; x_wconf 75' lang='lat' dir='ltr'><strong>Hyspysta</strong></span> <span class='ocrx_word' id='word_1_595' title='bbox 2987 2503 3182 2560; x_wconf 87' lang='lat' dir='ltr'><strong>librum</strong></span> <span class='ocrx_word' id='word_1_596' title='bbox 3207 2503 3381 2578; x_wconf 85' lang='lat' dir='ltr'><strong>[lsid.,</strong></span> <span class='ocrx_word' id='word_1_597' title='bbox 3408 2503 3602 2560; x_wconf 76' lang='lat' dir='ltr'><strong>The/ii-</strong></span> 
     </span>
    </p>
   </div>
   <div class='ocr_carea' id='block_1_83' title="bbox 2003 2592 3601 2668">
    <p class='ocr_par' dir='ltr' id='par_1_83' title="bbox 2003 2592 3601 2668">
     <span class='ocr_line' id='line_1_83' title="bbox 2003 2592 3601 2668; baseline 0.001 -21"><span class='ocrx_word' id='word_1_598' title='bbox 2003 2593 2140 2667; x_wconf 86' lang='lat' dir='ltr'><strong>Iim],</strong></span> <span class='ocrx_word' id='word_1_599' title='bbox 2173 2595 2262 2664; x_wconf 91' lang='lat' dir='ltr'><strong>qui</strong></span> <span class='ocrx_word' id='word_1_600' title='bbox 2286 2594 2675 2665; x_wconf 86' lang='lat' dir='ltr'><strong>interpretatur</strong></span> <span class='ocrx_word' id='word_1_601' title='bbox 2694 2594 2946 2650; x_wconf 88' lang='lat' dir='ltr'><strong>volumen</strong></span> <span class='ocrx_word' id='word_1_602' title='bbox 2972 2593 3314 2668; x_wconf 82' lang='lat' dir='ltr'><strong>hymnorum.</strong></span> <span class='ocrx_word' id='word_1_603' title='bbox 3333 2592 3601 2650; x_wconf 79' lang='lat' dir='ltr'><strong>Auctorcs</strong></span> 
     </span>
    </p>
   </div>
   <div class='ocr_carea' id='block_1_84' title="bbox 2001 2683 3604 2757">
    <p class='ocr_par' dir='ltr' id='par_1_84' title="bbox 2001 2683 3604 2757">
     <span class='ocr_line' id='line_1_84' title="bbox 2001 2683 3604 2757; baseline 0.002 -20"><span class='ocrx_word' id='word_1_604' title='bbox 2001 2693 2183 2740; x_wconf 79' lang='lat' dir='ltr'><strong>autem</strong></span> <span class='ocrx_word' id='word_1_605' title='bbox 2223 2685 2552 2756; x_wconf 87' lang='lat' dir='ltr'><strong>psalmorum</strong></span> <span class='ocrx_word' id='word_1_606' title='bbox 2573 2725 2588 2749; x_wconf 89' lang='lat'><strong>,</strong></span> <span class='ocrx_word' id='word_1_607' title='bbox 2626 2685 2716 2755; x_wconf 90' lang='lat' dir='ltr'><strong>qui</strong></span> <span class='ocrx_word' id='word_1_608' title='bbox 2748 2691 3024 2756; x_wconf 89' lang='lat' dir='ltr'><strong>ponuntur</strong></span> <span class='ocrx_word' id='word_1_609' title='bbox 3055 2685 3110 2740; x_wconf 93' lang='lat' dir='ltr'><strong>in</strong></span> <span class='ocrx_word' id='word_1_610' title='bbox 3141 2684 3344 2752; x_wconf 86' lang='lat' dir='ltr'><strong>titulis,</strong></span> <span class='ocrx_word' id='word_1_611' title='bbox 3392 2683 3604 2757; x_wconf 78' lang='lat' dir='ltr'><strong>Moyses</strong></span> 
     </span>
    </p>
   </div>
   <div class='ocr_carea' id='block_1_85' title="bbox 2003 2776 3604 2850">
    <p class='ocr_par' dir='ltr' id='par_1_85' title="bbox 2003 2776 3604 2850">
     <span class='ocr_line' id='line_1_85' title="bbox 2003 2776 3604 2850; baseline 0.001 -18"><span class='ocrx_word' id='word_1_612' title='bbox 2003 2778 2210 2833; x_wconf 85' lang='lat' dir='ltr'><strong>scilicet</strong></span> <span class='ocrx_word' id='word_1_613' title='bbox 2237 2787 2290 2832; x_wconf 90' lang='lat' dir='ltr'><strong>et</strong></span> <span class='ocrx_word' id='word_1_614' title='bbox 2316 2776 2508 2844; x_wconf 86' lang='lat' dir='ltr'><strong>David,</strong></span> <span class='ocrx_word' id='word_1_615' title='bbox 2532 2785 2589 2832; x_wconf 88' lang='lat' dir='ltr'><strong>ct</strong></span> <span class='ocrx_word' id='word_1_616' title='bbox 2612 2776 2899 2842; x_wconf 87' lang='lat' dir='ltr'><strong>Salomon,</strong></span> <span class='ocrx_word' id='word_1_617' title='bbox 2927 2776 3140 2850; x_wconf 81' lang='lat' dir='ltr'><strong>Asaph,</strong></span> <span class='ocrx_word' id='word_1_618' title='bbox 3173 2777 3379 2836; x_wconf 66' lang='lat' dir='ltr'><strong>Ethan</strong></span> <span class='ocrx_word' id='word_1_619' title='bbox 3414 2788 3470 2835; x_wconf 87' lang='lat' dir='ltr'><strong>et</strong></span> <span class='ocrx_word' id='word_1_620' title='bbox 3501 2779 3604 2834; x_wconf 87' lang='lat' dir='ltr'><strong>ldi-</strong></span> 
     </span>
    </p>
   </div>
   <div class='ocr_carea' id='block_1_86' title="bbox 2003 2866 3600 2943">
    <p class='ocr_par' dir='ltr' id='par_1_86' title="bbox 2003 2866 3600 2943">
     <span class='ocr_line' id='line_1_86' title="bbox 2003 2866 3600 2943; baseline -0.001 -18"><span class='ocrx_word' id='word_1_621' title='bbox 2003 2871 2137 2925; x_wconf 89' lang='lat' dir='ltr'><strong>thun</strong></span> <span class='ocrx_word' id='word_1_622' title='bbox 2165 2875 2221 2926; x_wconf 86' lang='lat' dir='ltr'><strong>et</strong></span> <span class='ocrx_word' id='word_1_623' title='bbox 2246 2869 2340 2923; x_wconf 76' lang='lat' dir='ltr'><strong>lilii</strong></span> <span class='ocrx_word' id='word_1_624' title='bbox 2368 2867 2530 2933; x_wconf 83' lang='lat' dir='ltr'><strong>Core,</strong></span> <span class='ocrx_word' id='word_1_625' title='bbox 2560 2868 2730 2924; x_wconf 85' lang='lat' dir='ltr'><strong>Eman</strong></span> <span class='ocrx_word' id='word_1_626' title='bbox 2759 2866 3135 2940; x_wconf 72' lang='lat' dir='ltr'><strong>[Eszrahelitte</strong></span> <span class='ocrx_word' id='word_1_627' title='bbox 3164 2867 3374 2942; x_wconf 86' lang='lat' dir='ltr'><strong>(Omitt.</strong></span> <span class='ocrx_word' id='word_1_628' title='bbox 3401 2868 3564 2943; x_wconf 73' lang='lat' dir='ltr'><strong>Isid.)</strong></span> <span class='ocrx_word' id='word_1_629' title='bbox 3588 2869 3600 2943; x_wconf 82' lang='grc' dir='ltr'>ι</span> 
     </span>
    </p>
   </div>
   <div class='ocr_carea' id='block_1_87' title="bbox 2002 2958 3601 3032">
    <p class='ocr_par' dir='ltr' id='par_1_87' title="bbox 2002 2958 3601 3032">
     <span class='ocr_line' id='line_1_87' title="bbox 2002 2958 3601 3032; baseline -0.001 -15"><span class='ocrx_word' id='word_1_630' title='bbox 2002 2971 2057 3018; x_wconf 84' lang='lat' dir='ltr'><strong>et</strong></span> <span class='ocrx_word' id='word_1_631' title='bbox 2089 2960 2447 3031; x_wconf 88' lang='lat' dir='ltr'><strong>reliquorum,</strong></span> <span class='ocrx_word' id='word_1_632' title='bbox 2472 2973 2607 3029; x_wconf 92' lang='lat' dir='ltr'><strong>quos</strong></span> <span class='ocrx_word' id='word_1_633' title='bbox 2640 2959 2842 3015; x_wconf 83' lang='lat' dir='ltr'><strong>Esdras</strong></span> <span class='ocrx_word' id='word_1_634' title='bbox 2883 2975 2993 3016; x_wconf 90' lang='lat' dir='ltr'><strong>uno</strong></span> <span class='ocrx_word' id='word_1_635' title='bbox 3031 2958 3309 3016; x_wconf 90' lang='lat' dir='ltr'><strong>volumine</strong></span> <span class='ocrx_word' id='word_1_636' title='bbox 3352 2975 3601 3032; x_wconf 86' lang='lat' dir='ltr'><strong>compre-</strong></span> 
     </span>
    </p>
   </div>
   <div class='ocr_carea' id='block_1_88' title="bbox 2001 3049 3604 3123">
    <p class='ocr_par' dir='ltr' id='par_1_88' title="bbox 2001 3049 3604 3123">
     <span class='ocr_line' id='line_1_88' title="bbox 2001 3049 3604 3123; baseline -0.002 -14"><span class='ocrx_word' id='word_1_637' title='bbox 2001 3054 2210 3110; x_wconf 74' lang='lat' dir='ltr'><strong>hendit.</strong></span> <span class='ocrx_word' id='word_1_638' title='bbox 2237 3049 2440 3108; x_wconf 89' lang='lat' dir='ltr'><strong>Omnes</strong></span> <span class='ocrx_word' id='word_1_639' title='bbox 2465 3061 2646 3106; x_wconf 82' lang='lat' dir='ltr'><strong>autem</strong></span> <span class='ocrx_word' id='word_1_640' title='bbox 2673 3051 2866 3122; x_wconf 86' lang='lat' dir='ltr'><strong>psalmi</strong></span> <span class='ocrx_word' id='word_1_641' title='bbox 2910 3052 3053 3123; x_wconf 85' lang='lat' dir='ltr'><strong>apud</strong></span> <span class='ocrx_word' id='word_1_642' title='bbox 3090 3051 3335 3108; x_wconf 82' lang='lat' dir='ltr'><strong>Ilcbreos</strong></span> <span class='ocrx_word' id='word_1_643' title='bbox 3373 3055 3604 3109; x_wconf 88' lang='lat' dir='ltr'><strong>metrico</strong></span> 
     </span>
    </p>
   </div>
   <div class='ocr_carea' id='block_1_89' title="bbox 2003 3143 3602 3215">
    <p class='ocr_par' dir='ltr' id='par_1_89' title="bbox 2003 3143 3602 3215">
     <span class='ocr_line' id='line_1_89' title="bbox 2003 3143 3602 3215; baseline -0.003 -14"><span class='ocrx_word' id='word_1_644' title='bbox 2003 3147 2246 3201; x_wconf 89' lang='lat' dir='ltr'><strong>carmine</strong></span> <span class='ocrx_word' id='word_1_645' title='bbox 2273 3153 2528 3201; x_wconf 88' lang='lat' dir='ltr'><strong>constant</strong></span> <span class='ocrx_word' id='word_1_646' title='bbox 2555 3160 2677 3200; x_wconf 82' lang='lat' dir='ltr'><strong>esse</strong></span> <span class='ocrx_word' id='word_1_647' title='bbox 2712 3145 3018 3215; x_wconf 88' lang='lat' dir='ltr'><strong>compositi.</strong></span> <span class='ocrx_word' id='word_1_648' title='bbox 3044 3143 3181 3200; x_wconf 87' lang='lat' dir='ltr'><strong>Nam</strong></span> <span class='ocrx_word' id='word_1_649' title='bbox 3207 3144 3262 3199; x_wconf 93' lang='lat' dir='ltr'><strong>in</strong></span> <span class='ocrx_word' id='word_1_650' title='bbox 3304 3160 3454 3201; x_wconf 86' lang='lat' dir='ltr'><strong>more</strong></span> <span class='ocrx_word' id='word_1_651' title='bbox 3492 3145 3602 3200; x_wconf 78' lang='lat' dir='ltr'><strong>llo-</strong></span> 
     </span>
    </p>
   </div>
   <div class='ocr_carea' id='block_1_90' title="bbox 2002 3235 3606 3302">
    <p class='ocr_par' dir='ltr' id='par_1_90' title="bbox 2002 3235 3606 3302">
     <span class='ocr_line' id='line_1_90' title="bbox 2002 3235 3606 3302; baseline -0.001 -10"><span class='ocrx_word' id='word_1_652' title='bbox 2002 3238 2148 3292; x_wconf 75' lang='lat' dir='ltr'><strong>mani</strong></span> <span class='ocrx_word' id='word_1_653' title='bbox 2191 3235 2404 3302; x_wconf 78' lang='lat' dir='ltr'><strong>Flacci,</strong></span> <span class='ocrx_word' id='word_1_654' title='bbox 2451 3244 2507 3290; x_wconf 88' lang='lat' dir='ltr'><strong>et</strong></span> <span class='ocrx_word' id='word_1_655' title='bbox 2557 3235 2732 3291; x_wconf 68' lang='lat' dir='ltr'><strong>Crzeci</strong></span> <span class='ocrx_word' id='word_1_656' title='bbox 2787 3235 3210 3301; x_wconf 83' lang='lat' dir='ltr'><strong>Piudari,nunc</strong></span> <span class='ocrx_word' id='word_1_657' title='bbox 3239 3236 3329 3292; x_wconf 89' lang='lat' dir='ltr'><strong>alii</strong></span> <span class='ocrx_word' id='word_1_658' title='bbox 3370 3238 3606 3294; x_wconf 87' lang='lat' dir='ltr'><strong>iambico</strong></span> 
     </span>
    </p>
   </div>
   <div class='ocr_carea' id='block_1_91' title="bbox 2003 3324 3604 3400">
    <p class='ocr_par' dir='ltr' id='par_1_91' title="bbox 2003 3324 3604 3400">
     <span class='ocr_line' id='line_1_91' title="bbox 2003 3324 3604 3400; baseline 0.001 -19"><span class='ocrx_word' id='word_1_659' title='bbox 2003 3335 2250 3391; x_wconf 84' lang='lat' dir='ltr'><strong>currunt,</strong></span> <span class='ocrx_word' id='word_1_660' title='bbox 2279 3341 2423 3381; x_wconf 90' lang='lat' dir='ltr'><strong>nunc</strong></span> <span class='ocrx_word' id='word_1_661' title='bbox 2447 3325 2798 3381; x_wconf 66' lang='lat' dir='ltr'><strong>Eszrshclitm</strong></span> <span class='ocrx_word' id='word_1_662' title='bbox 2824 3326 3084 3382; x_wconf 89' lang='lat' dir='ltr'><strong>Alchaico</strong></span> <span class='ocrx_word' id='word_1_663' title='bbox 3105 3324 3292 3400; x_wconf 77' lang='lat' dir='ltr'><strong>[Isid.,</strong></span> <span class='ocrx_word' id='word_1_664' title='bbox 3320 3343 3467 3384; x_wconf 88' lang='lat' dir='ltr'><strong>nunc</strong></span> <span class='ocrx_word' id='word_1_665' title='bbox 3496 3328 3604 3382; x_wconf 80' lang='lat' dir='ltr'><strong>cle-</strong></span> 
     </span>
    </p>
   </div>
   <div class='ocr_carea' id='block_1_92' title="bbox 2001 3416 3606 3490">
    <p class='ocr_par' dir='ltr' id='par_1_92' title="bbox 2001 3416 3606 3490">
     <span class='ocr_line' id='line_1_92' title="bbox 2001 3416 3606 3490; baseline 0.003 -19"><span class='ocrx_word' id='word_1_666' title='bbox 2001 3417 2180 3490; x_wconf 80' lang='lat' dir='ltr'><strong>giaeo]</strong></span> <span class='ocrx_word' id='word_1_667' title='bbox 2222 3426 2546 3488; x_wconf 85' lang='lat' dir='ltr'><strong>personant,</strong></span> <span class='ocrx_word' id='word_1_668' title='bbox 2591 3433 2735 3472; x_wconf 90' lang='lat' dir='ltr'><strong>nunc</strong></span> <span class='ocrx_word' id='word_1_669' title='bbox 2777 3416 2974 3474; x_wconf 79' lang='lat' dir='ltr'><strong>Sallico</strong></span> <span class='ocrx_word' id='word_1_670' title='bbox 3019 3419 3214 3484; x_wconf 86' lang='lat' dir='ltr'><strong>nitent,</strong></span> <span class='ocrx_word' id='word_1_671' title='bbox 3242 3421 3495 3478; x_wconf 88' lang='lat' dir='ltr'><strong>trimetro</strong></span> <span class='ocrx_word' id='word_1_672' title='bbox 3519 3423 3606 3477; x_wconf 88' lang='lat' dir='ltr'><strong>vcl</strong></span> 
     </span>
    </p>
   </div>
   <div class='ocr_carea' id='block_1_93' title="bbox 2002 3509 2839 3580">
    <p class='ocr_par' dir='ltr' id='par_1_93' title="bbox 2002 3509 2839 3580">
     <span class='ocr_line' id='line_1_93' title="bbox 2002 3509 2839 3580; baseline -0.002 -14"><span class='ocrx_word' id='word_1_673' title='bbox 2002 3519 2249 3566; x_wconf 81' lang='lat' dir='ltr'><strong>tetramcl</strong></span> <span class='ocrx_word' id='word_1_674' title='bbox 2263 3525 2322 3563; x_wconf 88' lang='lat' dir='ltr'><strong>ro</strong></span> <span class='ocrx_word' id='word_1_675' title='bbox 2350 3509 2485 3580; x_wconf 70' lang='lat' dir='ltr'><strong>pede</strong></span> <span class='ocrx_word' id='word_1_676' title='bbox 2512 3511 2839 3566; x_wconf 54' lang='lat' dir='ltr'><strong>incedentes.</strong></span> 
     </span>
    </p>
   </div>
   <div class='ocr_carea' id='block_1_94' title="bbox 2069 3600 3604 3674">
    <p class='ocr_par' dir='ltr' id='par_1_94' title="bbox 2069 3600 3604 3674">
     <span class='ocr_line' id='line_1_94' title="bbox 2069 3600 3604 3674; baseline 0.005 -20"><span class='ocrx_word' id='word_1_677' title='bbox 2069 3601 2235 3657; x_wconf 86' lang='lat' dir='ltr'><strong>Inter.</strong></span> <span class='ocrx_word' id='word_1_678' title='bbox 2287 3600 2437 3656; x_wconf 86' lang='lat' dir='ltr'><strong>Libri</strong></span> <span class='ocrx_word' id='word_1_679' title='bbox 2491 3600 2797 3657; x_wconf 79' lang='lat' dir='ltr'><strong>Salomonis</strong></span> <span class='ocrx_word' id='word_1_680' title='bbox 2845 3617 2953 3674; x_wconf 87' lang='lat' dir='ltr'><strong>qua</strong></span> <span class='ocrx_word' id='word_1_681' title='bbox 2998 3603 3212 3660; x_wconf 86' lang='lat' dir='ltr'><strong>ratione</strong></span> <span class='ocrx_word' id='word_1_682' title='bbox 3264 3606 3604 3661; x_wconf 78' lang='lat' dir='ltr'><strong>consistunt?</strong></span> 
     </span>
    </p>
   </div>
   <div class='ocr_carea' id='block_1_95' title="bbox 1999 3692 3600 3766">
    <p class='ocr_par' dir='ltr' id='par_1_95' title="bbox 1999 3692 3600 3766">
     <span class='ocr_line' id='line_1_95' title="bbox 1999 3692 3600 3766; baseline 0.003 -18"><span class='ocrx_word' id='word_1_683' title='bbox 1999 3692 2150 3764; x_wconf 78' lang='lat' dir='ltr'><strong>Resp.</strong></span> <span class='ocrx_word' id='word_1_684' title='bbox 2181 3693 2456 3756; x_wconf 87' lang='lat' dir='ltr'><strong>Salomon,</strong></span> <span class='ocrx_word' id='word_1_685' title='bbox 2493 3693 2633 3748; x_wconf 76' lang='lat' dir='ltr'><strong>[ilius</strong></span> <span class='ocrx_word' id='word_1_686' title='bbox 2658 3693 2849 3760; x_wconf 67' lang='lat' dir='ltr'><strong>David,</strong></span> <span class='ocrx_word' id='word_1_687' title='bbox 2880 3711 2974 3749; x_wconf 75' lang='lat' dir='ltr'><strong>rex</strong></span> <span class='ocrx_word' id='word_1_688' title='bbox 2995 3695 3202 3750; x_wconf 84' lang='lat' dir='ltr'><strong>lsrahcl</strong></span> <span class='ocrx_word' id='word_1_689' title='bbox 3223 3692 3379 3766; x_wconf 72' lang='lat' dir='ltr'><strong>juxta</strong></span> <span class='ocrx_word' id='word_1_690' title='bbox 3408 3713 3600 3753; x_wconf 82' lang='lat' dir='ltr'><strong>nume-</strong></span> 
     </span>
    </p>
   </div>
   <div class='ocr_carea' id='block_1_96' title="bbox 1999 3786 3592 3863">
    <p class='ocr_par' dir='ltr' id='par_1_96' title="bbox 1999 3786 3592 3863">
     <span class='ocr_line' id='line_1_96' title="bbox 1999 3786 3592 3863; baseline 0.003 -22"><span class='ocrx_word' id='word_1_691' title='bbox 1999 3802 2119 3841; x_wconf 85' lang='lat' dir='ltr'><strong>rum</strong></span> <span class='ocrx_word' id='word_1_692' title='bbox 2141 3786 2521 3842; x_wconf 85' lang='lat' dir='ltr'><strong>vocabulorum</strong></span> <span class='ocrx_word' id='word_1_693' title='bbox 2543 3802 2764 3844; x_wconf 88' lang='lat' dir='ltr'><strong>suornm</strong></span> <span class='ocrx_word' id='word_1_694' title='bbox 2788 3787 2892 3842; x_wconf 83' lang='lat' dir='ltr'><strong>tria</strong></span> <span class='ocrx_word' id='word_1_695' title='bbox 2921 3787 3192 3843; x_wconf 90' lang='lat' dir='ltr'><strong>volumina</strong></span> <span class='ocrx_word' id='word_1_696' title='bbox 3217 3788 3404 3857; x_wconf 67' lang='lat' dir='ltr'><strong>edidit,</strong></span> <span class='ocrx_word' id='word_1_697' title='bbox 3426 3789 3592 3863; x_wconf 57' lang='lat'><strong>532</strong></span> 
     </span>
    </p>
   </div>
   <div class='ocr_carea' id='block_1_97' title="bbox 1999 3875 3600 3951">
    <p class='ocr_par' dir='ltr' id='par_1_97' title="bbox 1999 3875 3600 3951">
     <span class='ocr_line' id='line_1_97' title="bbox 1999 3875 3600 3951; baseline 0.004 -22"><span class='ocrx_word' id='word_1_698' title='bbox 1999 3892 2232 3947; x_wconf 87' lang='lat' dir='ltr'><strong>quorum</strong></span> <span class='ocrx_word' id='word_1_699' title='bbox 2278 3878 2509 3947; x_wconf 81' lang='lat' dir='ltr'><strong>primunt</strong></span> <span class='ocrx_word' id='word_1_700' title='bbox 2558 3885 2642 3932; x_wconf 80' lang='lat' dir='ltr'><strong>est</strong></span> <span class='ocrx_word' id='word_1_701' title='bbox 2693 3875 2922 3932; x_wconf 78' lang='lat' dir='ltr'><strong>Mnslotlt</strong></span> <span class='ocrx_word' id='word_1_702' title='bbox 2967 3876 3138 3950; x_wconf 67' lang='grc' dir='ltr'><strong>μείω..</strong></span> <span class='ocrx_word' id='word_1_703' title='bbox 3178 3877 3395 3951; x_wconf 75' lang='lat' dir='ltr'><strong>Misso],</strong></span> <span class='ocrx_word' id='word_1_704' title='bbox 3437 3895 3600 3950; x_wconf 82' lang='lat' dir='ltr'><strong>quem</strong></span> 
     </span>
    </p>
   </div>
   <div class='ocr_carea' id='block_1_98' title="bbox 1999 3967 3600 4039">
    <p class='ocr_par' dir='ltr' id='par_1_98' title="bbox 1999 3967 3600 4039">
     <span class='ocr_line' id='line_1_98' title="bbox 1999 3967 3600 4039; baseline -0.002 -12"><span class='ocrx_word' id='word_1_705' title='bbox 1999 3970 2172 4027; x_wconf 58' lang='lat' dir='ltr'><strong>Graeci</strong></span> <span class='ocrx_word' id='word_1_706' title='bbox 2211 3967 2527 4036; x_wconf 77' lang='lat' dir='ltr'><strong>Parabo!as,</strong></span> <span class='ocrx_word' id='word_1_707' title='bbox 2560 3969 2735 4024; x_wconf 85' lang='lat' dir='ltr'><strong>Latini</strong></span> <span class='ocrx_word' id='word_1_708' title='bbox 2771 3971 3174 4028; x_wconf 77' lang='lat' dir='ltr'><strong>Prorerbiorunt</strong></span> <span class='ocrx_word' id='word_1_709' title='bbox 3205 3973 3509 4039; x_wconf 87' lang='lat' dir='ltr'><strong>nominant,</strong></span> <span class='ocrx_word' id='word_1_710' title='bbox 3533 3989 3600 4025; x_wconf 89' lang='lat' dir='ltr'><strong>co</strong></span> 
     </span>
    </p>
   </div>
   <div class='ocr_carea' id='block_1_99' title="bbox 2000 4060 3601 4134">
    <p class='ocr_par' dir='ltr' id='par_1_99' title="bbox 2000 4060 3601 4134">
     <span class='ocr_line' id='line_1_99' title="bbox 2000 4060 3601 4134; baseline -0.001 -19"><span class='ocrx_word' id='word_1_711' title='bbox 2000 4061 2142 4132; x_wconf 90' lang='lat' dir='ltr'><strong>quod</strong></span> <span class='ocrx_word' id='word_1_712' title='bbox 2179 4063 2229 4116; x_wconf 89' lang='lat' dir='ltr'><strong>in</strong></span> <span class='ocrx_word' id='word_1_713' title='bbox 2272 4061 2390 4131; x_wconf 87' lang='lat' dir='ltr'><strong>ipso</strong></span> <span class='ocrx_word' id='word_1_714' title='bbox 2437 4061 2537 4117; x_wconf 88' lang='lat' dir='ltr'><strong>sub</strong></span> <span class='ocrx_word' id='word_1_715' title='bbox 2582 4063 2952 4133; x_wconf 89' lang='lat' dir='ltr'><strong>comparativa</strong></span> <span class='ocrx_word' id='word_1_716' title='bbox 3003 4060 3362 4120; x_wconf 86' lang='lat' dir='ltr'><strong>similitudine</strong></span> <span class='ocrx_word' id='word_1_717' title='bbox 3397 4061 3601 4134; x_wconf 64' lang='lat' dir='ltr'><strong>ﬂgurm</strong></span> 
     </span>
    </p>
   </div>
   <div class='ocr_carea' id='block_1_100' title="bbox 1999 4151 3606 4225">
    <p class='ocr_par' dir='ltr' id='par_1_100' title="bbox 1999 4151 3606 4225">
     <span class='ocr_line' id='line_1_100' title="bbox 1999 4151 3606 4225; baseline 0.003 -21"><span class='ocrx_word' id='word_1_718' title='bbox 1999 4151 2289 4206; x_wconf 85' lang='lat' dir='ltr'><strong>verborum</strong></span> <span class='ocrx_word' id='word_1_719' title='bbox 2335 4159 2390 4206; x_wconf 84' lang='lat' dir='ltr'><strong>et</strong></span> <span class='ocrx_word' id='word_1_720' title='bbox 2434 4151 2697 4222; x_wconf 80' lang='lat' dir='ltr'><strong>imagines</strong></span> <span class='ocrx_word' id='word_1_721' title='bbox 2747 4153 2999 4208; x_wconf 85' lang='lat' dir='ltr'><strong>veritatis</strong></span> <span class='ocrx_word' id='word_1_722' title='bbox 3041 4152 3381 4218; x_wconf 86' lang='lat' dir='ltr'><strong>ostenderit;</strong></span> <span class='ocrx_word' id='word_1_723' title='bbox 3430 4155 3606 4225; x_wconf 57' lang='lat' dir='ltr'><strong>ipsam</strong></span> 
     </span>
    </p>
   </div>
   <div class='ocr_carea' id='block_1_101' title="bbox 2002 4244 3601 4317">
    <p class='ocr_par' dir='ltr' id='par_1_101' title="bbox 2002 4244 3601 4317">
     <span class='ocr_line' id='line_1_101' title="bbox 2002 4244 3601 4317; baseline 0.001 -18"><span class='ocrx_word' id='word_1_724' title='bbox 2002 4253 2182 4299; x_wconf 79' lang='lat' dir='ltr'><strong>autem</strong></span> <span class='ocrx_word' id='word_1_725' title='bbox 2212 4244 2491 4298; x_wconf 86' lang='lat' dir='ltr'><strong>veritatem</strong></span> <span class='ocrx_word' id='word_1_726' title='bbox 2525 4244 2592 4298; x_wconf 90' lang='lat' dir='ltr'><strong>ad</strong></span> <span class='ocrx_word' id='word_1_727' title='bbox 2626 4245 3036 4315; x_wconf 85' lang='lat' dir='ltr'><strong>intelligendum</strong></span> <span class='ocrx_word' id='word_1_728' title='bbox 3077 4244 3383 4317; x_wconf 78' lang='lat' dir='ltr'><strong>lcgcntilns</strong></span> <span class='ocrx_word' id='word_1_729' title='bbox 3422 4261 3601 4301; x_wconf 81' lang='lat' dir='ltr'><strong>rescr-</strong></span> 
     </span>
    </p>
   </div>
   <div class='ocr_carea' id='block_1_102' title="bbox 2003 4332 3606 4406">
    <p class='ocr_par' dir='ltr' id='par_1_102' title="bbox 2003 4332 3606 4406">
     <span class='ocr_line' id='line_1_102' title="bbox 2003 4332 3606 4406; baseline 0 -17"><span class='ocrx_word' id='word_1_730' title='bbox 2003 4335 2166 4390; x_wconf 78' lang='lat' dir='ltr'><strong>vavit.</strong></span> <span class='ocrx_word' id='word_1_731' title='bbox 2197 4334 2508 4390; x_wconf 77' lang='lat' dir='ltr'><strong>Secundum</strong></span> <span class='ocrx_word' id='word_1_732' title='bbox 2536 4333 2733 4389; x_wconf 87' lang='lat' dir='ltr'><strong>librum</strong></span> <span class='ocrx_word' id='word_1_733' title='bbox 2761 4332 2975 4390; x_wconf 81' lang='lat' dir='ltr'><strong>Coeleth</strong></span> <span class='ocrx_word' id='word_1_734' title='bbox 3004 4335 3256 4400; x_wconf 87' lang='lat' dir='ltr'><strong>vocavit,</strong></span> <span class='ocrx_word' id='word_1_735' title='bbox 3285 4337 3378 4406; x_wconf 89' lang='lat' dir='ltr'><strong>qui</strong></span> <span class='ocrx_word' id='word_1_736' title='bbox 3417 4334 3606 4391; x_wconf 62' lang='lat' dir='ltr'><strong>Gra‘ce</strong></span> 
     </span>
    </p>
   </div>
   <div class='ocr_carea' id='block_1_103' title="bbox 2002 4424 3607 4498">
    <p class='ocr_par' dir='ltr' id='par_1_103' title="bbox 2002 4424 3607 4498">
     <span class='ocr_line' id='line_1_103' title="bbox 2002 4424 3607 4498; baseline 0 -16"><span class='ocrx_word' id='word_1_737' title='bbox 2002 4426 2350 4482; x_wconf 71' lang='lat' dir='ltr'><strong>Ecclesiastes</strong></span> <span class='ocrx_word' id='word_1_738' title='bbox 2402 4425 2620 4491; x_wconf 85' lang='lat' dir='ltr'><strong>dicitur,</strong></span> <span class='ocrx_word' id='word_1_739' title='bbox 2676 4425 2868 4482; x_wconf 84' lang='lat' dir='ltr'><strong>Latine</strong></span> <span class='ocrx_word' id='word_1_740' title='bbox 2918 4424 3292 4489; x_wconf 79' lang='lat' dir='ltr'><strong>Coneionatar,</strong></span> <span class='ocrx_word' id='word_1_741' title='bbox 3340 4441 3407 4482; x_wconf 86' lang='lat' dir='ltr'><strong>eo</strong></span> <span class='ocrx_word' id='word_1_742' title='bbox 3460 4431 3607 4498; x_wconf 82' lang='lat' dir='ltr'><strong>quod</strong></span> 
     </span>
    </p>
   </div>
   <div class='ocr_carea' id='block_1_104' title="bbox 2001 4515 3602 4588">
    <p class='ocr_par' dir='ltr' id='par_1_104' title="bbox 2001 4515 3602 4588">
     <span class='ocr_line' id='line_1_104' title="bbox 2001 4515 3602 4588; baseline -0.002 -13"><span class='ocrx_word' id='word_1_743' title='bbox 2001 4533 2180 4574; x_wconf 78' lang='lat' dir='ltr'><strong>Sermo</strong></span> <span class='ocrx_word' id='word_1_744' title='bbox 2205 4519 2324 4588; x_wconf 88' lang='lat' dir='ltr'><strong>ejus</strong></span> <span class='ocrx_word' id='word_1_745' title='bbox 2348 4533 2453 4572; x_wconf 90' lang='lat' dir='ltr'><strong>non</strong></span> <span class='ocrx_word' id='word_1_746' title='bbox 2482 4516 2789 4588; x_wconf 80' lang='lat' dir='ltr'><strong>specialiter</strong></span> <span class='ocrx_word' id='word_1_747' title='bbox 2817 4517 2883 4571; x_wconf 89' lang='lat' dir='ltr'><strong>ad</strong></span> <span class='ocrx_word' id='word_1_748' title='bbox 2910 4532 3096 4580; x_wconf 88' lang='lat' dir='ltr'><strong>unum,</strong></span> <span class='ocrx_word' id='word_1_749' title='bbox 3130 4517 3270 4572; x_wconf 86' lang='lat' dir='ltr'><strong>sicut</strong></span> <span class='ocrx_word' id='word_1_750' title='bbox 3295 4518 3346 4571; x_wconf 89' lang='lat' dir='ltr'><strong>in</strong></span> <span class='ocrx_word' id='word_1_751' title='bbox 3373 4515 3602 4573; x_wconf 81' lang='lat' dir='ltr'><strong>Prover-</strong></span> 
     </span>
    </p>
   </div>
   <div class='ocr_carea' id='block_1_105' title="bbox 2001 4609 3604 4680">
    <p class='ocr_par' dir='ltr' id='par_1_105' title="bbox 2001 4609 3604 4680">
     <span class='ocr_line' id='line_1_105' title="bbox 2001 4609 3604 4680; baseline -0.002 -11"><span class='ocrx_word' id='word_1_752' title='bbox 2001 4612 2126 4676; x_wconf 82' lang='lat' dir='ltr'><strong>biis,</strong></span> <span class='ocrx_word' id='word_1_753' title='bbox 2161 4610 2256 4666; x_wconf 84' lang='lat' dir='ltr'><strong>sed</strong></span> <span class='ocrx_word' id='word_1_754' title='bbox 2289 4611 2356 4664; x_wconf 88' lang='lat' dir='ltr'><strong>ad</strong></span> <span class='ocrx_word' id='word_1_755' title='bbox 2397 4609 2681 4664; x_wconf 87' lang='lat' dir='ltr'><strong>universos</strong></span> <span class='ocrx_word' id='word_1_756' title='bbox 2714 4609 3042 4679; x_wconf 79' lang='lat' dir='ltr'><strong>generaliter</strong></span> <span class='ocrx_word' id='word_1_757' title='bbox 3081 4609 3366 4680; x_wconf 82' lang='lat' dir='ltr'><strong>dirigatur,</strong></span> <span class='ocrx_word' id='word_1_758' title='bbox 3403 4609 3604 4665; x_wconf 78' lang='lat' dir='ltr'><strong>docens</strong></span> 
     </span>
    </p>
   </div>
   <div class='ocr_carea' id='block_1_106' title="bbox 1999 4700 3604 4772">
    <p class='ocr_par' dir='ltr' id='par_1_106' title="bbox 1999 4700 3604 4772">
     <span class='ocr_line' id='line_1_106' title="bbox 1999 4700 3604 4772; baseline -0.002 -15"><span class='ocrx_word' id='word_1_759' title='bbox 1999 4703 2205 4768; x_wconf 85' lang='lat' dir='ltr'><strong>omnia,</strong></span> <span class='ocrx_word' id='word_1_760' title='bbox 2229 4717 2348 4772; x_wconf 61' lang='lat' dir='ltr'><strong>qua}</strong></span> <span class='ocrx_word' id='word_1_761' title='bbox 2371 4702 2422 4756; x_wconf 86' lang='lat' dir='ltr'><strong>in</strong></span> <span class='ocrx_word' id='word_1_762' title='bbox 2452 4702 2653 4756; x_wconf 78' lang='lat' dir='ltr'><strong>mundo</strong></span> <span class='ocrx_word' id='word_1_763' title='bbox 2687 4701 2981 4767; x_wconf 80' lang='lat' dir='ltr'><strong>cernimus,</strong></span> <span class='ocrx_word' id='word_1_764' title='bbox 3013 4701 3218 4756; x_wconf 83' lang='lat' dir='ltr'><strong>caduca</strong></span> <span class='ocrx_word' id='word_1_765' title='bbox 3250 4716 3371 4755; x_wconf 87' lang='lat' dir='ltr'><strong>esse</strong></span> <span class='ocrx_word' id='word_1_766' title='bbox 3404 4711 3458 4754; x_wconf 90' lang='lat' dir='ltr'><strong>et</strong></span> <span class='ocrx_word' id='word_1_767' title='bbox 3484 4700 3604 4754; x_wconf 70' lang='lat' dir='ltr'><strong>bre-</strong></span> 
     </span>
    </p>
   </div>
   <div class='ocr_carea' id='block_1_107' title="bbox 2000 4789 3603 4862">
    <p class='ocr_par' dir='ltr' id='par_1_107' title="bbox 2000 4789 3603 4862">
     <span class='ocr_line' id='line_1_107' title="bbox 2000 4789 3603 4862; baseline -0.004 -14"><span class='ocrx_word' id='word_1_768' title='bbox 2000 4795 2111 4860; x_wconf 87' lang='lat' dir='ltr'><strong>via,</strong></span> <span class='ocrx_word' id='word_1_769' title='bbox 2137 4802 2190 4850; x_wconf 90' lang='lat' dir='ltr'><strong>et</strong></span> <span class='ocrx_word' id='word_1_770' title='bbox 2225 4795 2296 4849; x_wconf 89' lang='lat' dir='ltr'><strong>ob</strong></span> <span class='ocrx_word' id='word_1_771' title='bbox 2337 4795 2439 4848; x_wconf 88' lang='lat' dir='ltr'><strong>hoc</strong></span> <span class='ocrx_word' id='word_1_772' title='bbox 2469 4792 2691 4848; x_wconf 87' lang='lat' dir='ltr'><strong>minime</strong></span> <span class='ocrx_word' id='word_1_773' title='bbox 2738 4790 3061 4862; x_wconf 85' lang='lat' dir='ltr'><strong>appetenda.</strong></span> <span class='ocrx_word' id='word_1_774' title='bbox 3110 4791 3352 4846; x_wconf 87' lang='lat' dir='ltr'><strong>Tertium</strong></span> <span class='ocrx_word' id='word_1_775' title='bbox 3401 4789 3603 4844; x_wconf 88' lang='lat' dir='ltr'><strong>librum</strong></span> 
     </span>
    </p>
   </div>
   <div class='ocr_carea' id='block_1_108' title="bbox 2005 4882 3604 4969">
    <p class='ocr_par' dir='ltr' id='par_1_108' title="bbox 2005 4882 3604 4969">
     <span class='ocr_line' id='line_1_108' title="bbox 2005 4882 3604 4969; baseline -0.003 -27"><span class='ocrx_word' id='word_1_776' title='bbox 2005 4887 2293 4959; x_wconf 74' lang='lat' dir='ltr'><strong>Syrasyrin</strong></span> <span class='ocrx_word' id='word_1_777' title='bbox 2319 4886 2412 4969; x_wconf 68' lang='lat' dir='ltr'><strong>[lsi</strong></span> <span class='ocrx_word' id='word_1_778' title='bbox 2437 4888 2497 4952; x_wconf 92' lang='lat' dir='ltr'><strong>l.,</strong></span> <span class='ocrx_word' id='word_1_779' title='bbox 2527 4887 2603 4941; x_wconf 82' lang='lat' dir='ltr'><strong>sir</strong></span> <span class='ocrx_word' id='word_1_780' title='bbox 2629 4883 2874 4958; x_wconf 80' lang='lat' dir='ltr'><strong>Itgsirim]</strong></span> <span class='ocrx_word' id='word_1_781' title='bbox 2907 4885 3246 4955; x_wconf 63' lang='lat' dir='ltr'><strong>prmnotavit,</strong></span> <span class='ocrx_word' id='word_1_782' title='bbox 3276 4884 3368 4955; x_wconf 88' lang='lat' dir='ltr'><strong>qui</strong></span> <span class='ocrx_word' id='word_1_783' title='bbox 3408 4884 3461 4938; x_wconf 89' lang='lat' dir='ltr'><strong>in</strong></span> <span class='ocrx_word' id='word_1_784' title='bbox 3508 4882 3604 4937; x_wconf 83' lang='lat' dir='ltr'><strong>La-</strong></span> 
     </span>
    </p>
   </div>
   <div class='ocr_carea' id='block_1_109' title="bbox 2003 4975 3604 5048">
    <p class='ocr_par' dir='ltr' id='par_1_109' title="bbox 2003 4975 3604 5048">
     <span class='ocr_line' id='line_1_109' title="bbox 2003 4975 3604 5048; baseline -0.001 -15"><span class='ocrx_word' id='word_1_785' title='bbox 2003 4981 2170 5034; x_wconf 83' lang='lat' dir='ltr'><strong>tinam</strong></span> <span class='ocrx_word' id='word_1_786' title='bbox 2200 4979 2440 5048; x_wconf 81' lang='lat' dir='ltr'><strong>linguam</strong></span> <span class='ocrx_word' id='word_1_787' title='bbox 2465 4977 2697 5032; x_wconf 85' lang='lat' dir='ltr'><strong>vertitur</strong></span> <span class='ocrx_word' id='word_1_788' title='bbox 2726 4976 2946 5031; x_wconf 79' lang='lat' dir='ltr'><strong>Cantira</strong></span> <span class='ocrx_word' id='word_1_789' title='bbox 2977 4975 3312 5030; x_wconf 74' lang='lat' dir='ltr'><strong>(.‘enticorum</strong></span> <span class='ocrx_word' id='word_1_790' title='bbox 3331 5017 3345 5041; x_wconf 92' lang='lat'><strong>,</strong></span> <span class='ocrx_word' id='word_1_791' title='bbox 3379 4975 3468 5029; x_wconf 86' lang='lat' dir='ltr'><strong>ubi</strong></span> <span class='ocrx_word' id='word_1_792' title='bbox 3506 4989 3604 5044; x_wconf 80' lang='lat' dir='ltr'><strong>per</strong></span> 
     </span>
    </p>
   </div>
   <div class='ocr_carea' id='block_1_110' title="bbox 2002 5065 3601 5140">
    <p class='ocr_par' dir='ltr' id='par_1_110' title="bbox 2002 5065 3601 5140">
     <span class='ocr_line' id='line_1_110' title="bbox 2002 5065 3601 5140; baseline -0.001 -17"><span class='ocrx_word' id='word_1_793' title='bbox 2002 5069 2372 5140; x_wconf 85' lang='lat' dir='ltr'><strong>cpitalamium</strong></span> <span class='ocrx_word' id='word_1_794' title='bbox 2401 5084 2616 5124; x_wconf 82' lang='lat' dir='ltr'><strong>carmen</strong></span> <span class='ocrx_word' id='word_1_795' title='bbox 2648 5067 3079 5136; x_wconf 63' lang='lat' dir='ltr'><strong>conjuncﬂoncm</strong></span> <span class='ocrx_word' id='word_1_796' title='bbox 3101 5067 3303 5122; x_wconf 81' lang='lat' dir='ltr'><strong>Christi</strong></span> <span class='ocrx_word' id='word_1_797' title='bbox 3329 5077 3383 5122; x_wconf 88' lang='lat' dir='ltr'><strong>et</strong></span> <span class='ocrx_word' id='word_1_798' title='bbox 3409 5065 3601 5123; x_wconf 64' lang='lat' dir='ltr'><strong>Eccle-</strong></span> 
     </span>
    </p>
   </div>
   <div class='ocr_carea' id='block_1_111' title="bbox 2004 5166 2555 5236">
    <p class='ocr_par' dir='ltr' id='par_1_111' title="bbox 2004 5166 2555 5236">
     <span class='ocr_line' id='line_1_111' title="bbox 2004 5166 2555 5236; baseline -0.002 -18"><span class='ocrx_word' id='word_1_799' title='bbox 2004 5166 2099 5218; x_wconf 70' lang='lat' dir='ltr'><strong>sia:</strong></span> <span class='ocrx_word' id='word_1_800' title='bbox 2130 5166 2357 5236; x_wconf 80' lang='lat' dir='ltr'><strong>mystice</strong></span> <span class='ocrx_word' id='word_1_801' title='bbox 2387 5167 2555 5221; x_wconf 83' lang='lat' dir='ltr'><strong>canit.</strong></span> 
     </span>
    </p>
   </div>
   <div class='ocr_carea' id='block_1_112' title="bbox 2075 5247 3598 5328">
    <p class='ocr_par' dir='ltr' id='par_1_112' title="bbox 2075 5247 3598 5328">
     <span class='ocr_line' id='line_1_112' title="bbox 2075 5247 3598 5328; baseline 0 -16"><span class='ocrx_word' id='word_1_802' title='bbox 2075 5247 2242 5312; x_wconf 84' lang='lat' dir='ltr'><strong>Inter.</strong></span> <span class='ocrx_word' id='word_1_803' title='bbox 2298 5259 2476 5325; x_wconf 82' lang='lat' dir='ltr'><strong>Quare</strong></span> <span class='ocrx_word' id='word_1_804' title='bbox 2515 5258 2714 5313; x_wconf 86' lang='lat' dir='ltr'><strong>dicitur</strong></span> <span class='ocrx_word' id='word_1_805' title='bbox 2750 5257 2974 5311; x_wconf 80' lang='lat' dir='ltr'><strong>Cantica</strong></span> <span class='ocrx_word' id='word_1_806' title='bbox 3016 5255 3400 5314; x_wconf 82' lang='lat' dir='ltr'><strong>Canticorum?</strong></span> <span class='ocrx_word' id='word_1_807' title='bbox 3443 5253 3598 5328; x_wconf 80' lang='lat' dir='ltr'><strong>Resp.</strong></span> 
     </span>
    </p>
   </div>
   <div class='ocr_carea' id='block_1_113' title="bbox 2003 5346 3602 5419">
    <p class='ocr_par' dir='ltr' id='par_1_113' title="bbox 2003 5346 3602 5419">
     <span class='ocr_line' id='line_1_113' title="bbox 2003 5346 3602 5419; baseline -0.001 -17"><span class='ocrx_word' id='word_1_808' title='bbox 2003 5347 2218 5404; x_wconf 89' lang='lat' dir='ltr'><strong>Dictum</strong></span> <span class='ocrx_word' id='word_1_809' title='bbox 2245 5359 2424 5404; x_wconf 91' lang='lat' dir='ltr'><strong>autem</strong></span> <span class='ocrx_word' id='word_1_810' title='bbox 2449 5348 2727 5406; x_wconf 86' lang='lat' dir='ltr'><strong>Canticum</strong></span> <span class='ocrx_word' id='word_1_811' title='bbox 2771 5349 3151 5414; x_wconf 85' lang='lat' dir='ltr'><strong>Canticorum,</strong></span> <span class='ocrx_word' id='word_1_812' title='bbox 3199 5363 3266 5404; x_wconf 91' lang='lat' dir='ltr'><strong>eo</strong></span> <span class='ocrx_word' id='word_1_813' title='bbox 3307 5346 3450 5419; x_wconf 84' lang='lat' dir='ltr'><strong>quod</strong></span> <span class='ocrx_word' id='word_1_814' title='bbox 3486 5361 3602 5403; x_wconf 83' lang='lat' dir='ltr'><strong>ont-</strong></span> 
     </span>
    </p>
   </div>
   <div class='ocr_carea' id='block_1_114' title="bbox 2004 5439 3603 5512">
    <p class='ocr_par' dir='ltr' id='par_1_114' title="bbox 2004 5439 3603 5512">
     <span class='ocr_line' id='line_1_114' title="bbox 2004 5439 3603 5512; baseline 0.001 -18"><span class='ocrx_word' id='word_1_815' title='bbox 2004 5441 2163 5496; x_wconf 90' lang='lat' dir='ltr'><strong>nibus</strong></span> <span class='ocrx_word' id='word_1_816' title='bbox 2209 5442 2439 5496; x_wconf 83' lang='lat' dir='ltr'><strong>canticis</strong></span> <span class='ocrx_word' id='word_1_817' title='bbox 2483 5440 2823 5512; x_wconf 65' lang='lat' dir='ltr'><strong>praeferatur,</strong></span> <span class='ocrx_word' id='word_1_818' title='bbox 2868 5439 2960 5510; x_wconf 92' lang='lat' dir='ltr'><strong>qui</strong></span> <span class='ocrx_word' id='word_1_819' title='bbox 3002 5440 3056 5494; x_wconf 89' lang='lat' dir='ltr'><strong>in</strong></span> <span class='ocrx_word' id='word_1_820' title='bbox 3087 5439 3387 5511; x_wconf 87' lang='lat' dir='ltr'><strong>Seripturis</strong></span> <span class='ocrx_word' id='word_1_821' title='bbox 3430 5439 3603 5495; x_wconf 84' lang='lat' dir='ltr'><strong>sacris</strong></span> 
     </span>
    </p>
   </div>
   <div class='ocr_carea' id='block_1_115' title="bbox 2003 5531 3600 5605">
    <p class='ocr_par' dir='ltr' id='par_1_115' title="bbox 2003 5531 3600 5605">
     <span class='ocr_line' id='line_1_115' title="bbox 2003 5531 3600 5605; baseline -0.003 -16"><span class='ocrx_word' id='word_1_822' title='bbox 2003 5533 2308 5600; x_wconf 86' lang='lat' dir='ltr'><strong>habentur;</strong></span> <span class='ocrx_word' id='word_1_823' title='bbox 2341 5536 2482 5590; x_wconf 62' lang='lat' dir='ltr'><strong>sicut</strong></span> <span class='ocrx_word' id='word_1_824' title='bbox 2517 5534 2767 5604; x_wconf 64' lang='lat' dir='ltr'><strong>quaedam</strong></span> <span class='ocrx_word' id='word_1_825' title='bbox 2810 5533 2863 5587; x_wconf 92' lang='lat' dir='ltr'><strong>in</strong></span> <span class='ocrx_word' id='word_1_826' title='bbox 2902 5531 3046 5605; x_wconf 84' lang='lat' dir='ltr'><strong>Lege</strong></span> <span class='ocrx_word' id='word_1_827' title='bbox 3088 5533 3346 5588; x_wconf 88' lang='lat' dir='ltr'><strong>dicuntur</strong></span> <span class='ocrx_word' id='word_1_828' title='bbox 3388 5540 3600 5594; x_wconf 85' lang='lat' dir='ltr'><strong>sancta.</strong></span> 
     </span>
    </p>
   </div>
   <div class='ocr_carea' id='block_1_116' title="bbox 2001 5623 3599 5696">
    <p class='ocr_par' dir='ltr' id='par_1_116' title="bbox 2001 5623 3599 5696">
     <span class='ocr_line' id='line_1_116' title="bbox 2001 5623 3599 5696; baseline -0.001 -17"><span class='ocrx_word' id='word_1_829' title='bbox 2001 5625 2198 5696; x_wconf 86' lang='lat' dir='ltr'><strong>quibus</strong></span> <span class='ocrx_word' id='word_1_830' title='bbox 2228 5627 2432 5696; x_wconf 70' lang='lat' dir='ltr'><strong>majora</strong></span> <span class='ocrx_word' id='word_1_831' title='bbox 2459 5635 2583 5682; x_wconf 89' lang='lat' dir='ltr'><strong>sunt</strong></span> <span class='ocrx_word' id='word_1_832' title='bbox 2612 5635 2802 5682; x_wconf 85' lang='lat' dir='ltr'><strong>sancta</strong></span> <span class='ocrx_word' id='word_1_833' title='bbox 2836 5633 3166 5681; x_wconf 78' lang='lat' dir='ltr'><strong>sanctorum.</strong></span> <span class='ocrx_word' id='word_1_834' title='bbox 3195 5623 3396 5679; x_wconf 89' lang='lat' dir='ltr'><strong>llorum</strong></span> <span class='ocrx_word' id='word_1_835' title='bbox 3419 5635 3599 5679; x_wconf 80' lang='lat' dir='ltr'><strong>autem</strong></span> 
     </span>
    </p>
   </div>
   <div class='ocr_carea' id='block_1_117' title="bbox 2006 5719 3600 5788">
    <p class='ocr_par' dir='ltr' id='par_1_117' title="bbox 2006 5719 3600 5788">
     <span class='ocr_line' id='line_1_117' title="bbox 2006 5719 3600 5788; baseline 0.002 -17"><span class='ocrx_word' id='word_1_836' title='bbox 2006 5719 2169 5773; x_wconf 90' lang='lat' dir='ltr'><strong>trium</strong></span> <span class='ocrx_word' id='word_1_837' title='bbox 2195 5719 2454 5774; x_wconf 82' lang='lat' dir='ltr'><strong>librorum</strong></span> <span class='ocrx_word' id='word_1_838' title='bbox 2495 5720 2736 5775; x_wconf 85' lang='lat' dir='ltr'><strong>carmina</strong></span> <span class='ocrx_word' id='word_1_839' title='bbox 2771 5719 3100 5784; x_wconf 69' lang='lat' dir='ltr'><strong>exuunt-tris,</strong></span> <span class='ocrx_word' id='word_1_840' title='bbox 3149 5729 3196 5772; x_wconf 86' lang='lat' dir='ltr'><strong>cl</strong></span> <span class='ocrx_word' id='word_1_841' title='bbox 3244 5719 3600 5788; x_wconf 69' lang='lat' dir='ltr'><strong>pentamctt&#39;is</strong></span> 
     </span>
    </p>
   </div>
   <div class='ocr_carea' id='block_1_118' title="bbox 2618 5969 2648 6024">
    <p class='ocr_par' dir='ltr' id='par_1_118' title="bbox 2618 5969 2648 6024">
     <span class='ocr_line' id='line_1_118' title="bbox 2618 5969 2648 6024; baseline 0 0"><span class='ocrx_word' id='word_1_842' title='bbox 2618 5969 2648 6024; x_wconf 59' lang='grc' dir='ltr'>ὁ</span> 
     </span>
    </p>
   </div>
  </div>
