4090 6482
1280 367 1339 424 Β.
1379 367 1442 424 ιε’.
1480 356 1703 422 ALBlNl
1742 361 1895 434 εεις,
1916 355 2193 416 Αιουιςι
2229 354 2513 413 υΡΕΒῙΞΜ
2551 352 2731 409 PARS
2771 352 2903 411 VIII.

3605 351 3748 410 1128

466 491 715 552 versibus
733 487 878 564 apud
905 501 1031 543 suos
1070 485 1373 556 composita
1406 478 1782 555 perhibentur,
1816 483 1878 533 ut
1906 470 2058 531 Iose-
2083 478 2135 538 Α
2167 470 2280 545 [Ita
2306 467 2453 564 cod.)
2488 464 2617 524 Iesu
2645 465 2945 564 sacerdotis
2974 464 3153 534 magni
3180 463 3485 537 composuit
3505 503 3519 528 ,
3547 464 3612 520 de
3637 480 3752 536 quo

466 587 627 659 phus,
654 581 1122 654 llicronymasque
1145 575 1410 633 scribunt.

541 675 709 733 later.
737 672 961 729 Librum
985 669 1159 726 Esaiae
1177 668 1304 740 quis
1326 663 1666 738 composuit?
1686 658 1840 733 Resp.
1865 657 2060 715 Esaias

467 767 802 841 evangelista
842 765 1024 837 potius
1065 776 1230 834 quam
1281 759 1546 832 propheta
1569 797 1586 820 .
1643 754 1814 812 edidit
1862 751 2058 808 librum

469 873 655 925 suum,
691 856 844 930 cuius
863 855 1042 912 omnis
1071 860 1252 909 textus
1273 849 1594 924 eloquentia:
1619 862 1780 920 prosa
1820 843 2056 910 incedit;

470 951 751 1006 canticum
777 960 908 1003 vero
931 954 1211 1000 exametro
1235 951 1294 1000 et
1317 948 1659 1014 pentametro
1684 951 1844 992 cursu
1873 933 2059 1008 [Isid.,

473 1040 660 1116 versu)
683 1039 959 1099 discurrit.

545 1131 714 1189 Inter.
750 1129 1038 1186 llicremite
1083 1124 1239 1199 quis?
1272 1125 1426 1197 Resp.
1469 1121 1769 1180 Hieremias
1811 1119 2065 1176 similiter

471 1223 646 1280 edidit
671 1221 867 1280 librum
890 1236 1048 1277 suum
1073 1235 1196 1275 cum
1224 1217 1455 1275 Threnis
1479 1216 1597 1287 ejus
1618 1256 1632 1279 ,
1660 1228 1797 1284 quos
1830 1227 1930 1268 nos
1964 1209 2065 1266 La-

475 1323 659 1373 menta
681 1328 963 1378 vocamus,
987 1326 1055 1367 eo
1077 1309 1219 1381 quod
1245 1310 1298 1364 in
1324 1307 1655 1364 tristioribus
1675 1305 1836 1360 rebus
1867 1301 2069 1358 funeri-

473 1409 684 1479 busque
727 1407 1108 1471 anhibeantur,
1136 1405 1192 1459 in
1230 1402 1427 1473 quibus
1468 1397 1803 1472 quadruplex
1852 1396 2071 1452 diverso

477 1511 656 1560 metro
672 1498 978 1571 contposuit
995 1496 1308 1559 all'abetum,
1335 1508 1568 1566 quorum
1587 1491 1695 1547 duo
1715 1491 1888 1561 prima
1915 1489 2070 1562 quasi

481 1591 678 1650 Salllco
700 1599 876 1649 metro
901 1590 1105 1660 scripta
1126 1593 1287 1652 sunt,
1319 1585 1447 1656 quia
1475 1592 1588 1639 tres
1622 1580 1947 1644 versiculos,
1979 1579 2070 1651 qui

480 1686 585 1746 sibi
616 1683 741 1741 nexi
767 1699 808 1739 s'
833 1690 918 1748 nt,
947 1689 1002 1736 et
1030 1678 1102 1736 ab
1126 1693 1235 1734 una
1277 1685 1490 1734 tantum
1540 1674 1720 1730 littera
1769 1673 2070 1744 incipiunt,

480 1775 763 1834 heroicum
812 1785 1023 1830 comma
1070 1766 1424 1825 concludunt.
1478 1765 1724 1822 Tertium
1779 1760 2070 1819 alfabetum

2156 560 2405 618 meminit
2429 559 2744 615 Zacharias.
2769 557 2872 626 Qui
2908 556 3044 613 liber
3071 556 3212 628 apud
3247 554 3501 623 Latinos,
3526 565 3757 628 propter

2156 651 2358 723 eloquii
2385 648 2797 706 similitudinem
2820 660 2844 689 ι
2869 646 3181 702 Salomonis
3207 646 3364 701 titulo
3391 653 3752 716 przenotatur.

2157 741 2348 799 Dictus
2372 749 2551 798 autem
2574 739 3017 805 Ecclesiasticus,
3041 754 3109 796 eo
3132 737 3276 811 quod
3303 739 3474 795 totius
3499 735 3759 793 Ecclesia

2159 835 2459 908 disciplina:
2488 833 2672 909 [Isid.,
2698 830 3002 904 disciplina]
3027 831 3293 902 religiosa:
3319 829 3758 887 conversationis

2160 943 2356 1001 magna
2373 942 2502 984 cura
2529 935 2586 982 et
2617 925 2830 980 ratione
2847 925 2917 980 sit
2943 924 3136 979 editus.
3157 923 3322 978 ilicet
3342 922 3486 993 apud
3505 918 3756 976 Hebreos

2163 1020 2455 1091 reperitur,
2502 1018 2596 1074 sed
2643 1017 2785 1072 inter
2813 1014 3083 1087 apocril'os
3127 1012 3375 1069 habetur.
3407 1010 3593 1069 Iudith
3622 1025 3759 1066 rem

2163 1123 2219 1169 et
2249 1111 2383 1168 Tobi
2414 1127 2529 1167 sive
2567 1107 2984 1165 llachabeorum
3023 1106 3148 1161 libri
3199 1102 3397 1174 quibus
3446 1100 3760 1160 auctoribus

2166 1204 2354 1276 scripti
2378 1212 2525 1267 sunt,
2555 1201 2780 1257 minime
2799 1209 3034 1256 constat.
3060 1197 3273 1255 Habent
3295 1205 3476 1253 autem
3496 1192 3764 1253 vocabula

2166 1312 2234 1353 ex
2265 1310 2451 1354 eorum
2479 1294 2820 1357 nominibus,
2855 1307 3086 1364 quorum
3137 1296 3290 1362 gesta
3337 1287 3601 1344 scribunt.
3631 1283 3765 1342 Hac

2168 1404 2342 1460 pauca
2368 1389 2436 1444 de
2460 1387 2642 1442 Veteri
2670 1385 3024 1444 Testamento
3055 1385 3156 1439 hac
3181 1383 3300 1438 vice
3337 1381 3433 1437 tibi
3474 1377 3762 1434 sull'iciaat.

2757 1497 2988 1554 CAPUT
3029 1497 3161 1555 Vill.

2633 1586 2700 1625 DE
2739 1586 2877 1626 δοιό
2918 1583 3294 1626 τεετιιιεκτο.

2245 1665 2410 1722 Inter.
2440 1665 2516 1721 Ea
2545 1679 2668 1736 qua:
2693 1663 2760 1720 de
2790 1662 2882 1719 illo
2905 1661 3112 1728 dixisti,
3137 1660 3410 1717 sullleiuut
3429 1702 3443 1726 ,
3473 1655 3566 1714 sed
3592 1674 3770 1731 quare

2176 1757 2383 1815 Novum
2413 1758 2818 1814 Testamentum
2837 1757 3073 1822 dicatur,
3101 1764 3160 1811 ut
3183 1755 3314 1812 mihi
3341 1754 3576 1828 aperias,
3604 1753 3775 1808 obsc-

483 1866 734 1922 trimetro
757 1861 1021 1933 scriptum
1042 1866 1148 1926 est,
1165 1866 1265 1913 eta
1292 1856 1464 1912 ternis
1481 1854 1702 1918 litteris,
1726 1851 1779 1908 id
1801 1861 1908 1917 est,
1934 1849 2070 1906 terni
2103 1825 2149 1887 Β
2179 1866 2292 1908 cro.
2342 1847 2497 1922 Resp.
2526 1847 2737 1904 Novum
2764 1847 3179 1904 Testamentum
3208 1846 3330 1904 ideo
3362 1825 3609 1912 vocatur,
3636 1845 3774 1916 quia

482 1973 680 2017 versus
700 1955 720 2030 Ῐ
730 1956 890 2021 lsid.,
914 1953 1078 2011 iidem
1101 1947 1314 2025 versus]
1346 1948 1632 2021 incipiunt.
1659 1946 1924 2017 Quartum
1947 1941 2076 1999 alfa-

483 2051 673 2110 betum
699 2046 878 2104 simile
903 2045 1081 2118 primo
1106 2049 1166 2099 et
1186 2039 1426 2098 secundo
1452 2040 1704 2097 habetur.

557 2142 726 2201 Inter.
749 2134 1056 2198 Etechielis
1077 2143 1135 2193 et
1159 2130 1438 2192 Danihelis
1465 2131 1623 2204 quis?
1646 2127 1804 2202 Resp.
1828 2124 2079 2185 Eaechiel

486 2244 546 2294 et
562 2232 792 2292 Danihel
817 2247 850 2287 a
873 2229 1008 2287 viris
1033 2226 1360 2300 quibusdam
1385 2222 1721 2295 sapientibus
1748 2219 1936 2291 scripti
1960 2230 2083 2275 esse

485 2325 865 2400 perhibentur,
886 2334 1122 2392 quorum
1146 2314 1397 2374 Ezechiel
1414 2312 1683 2388 principia
1705 2315 1762 2368 et
1785 2308 1922 2368 lines
1948 2308 2088 2366 mul-

489 2399 563 2477 tis
597 2417 763 2477 habet
790 2411 1217 2472 obscuritatibus
1243 2406 1504 2466 involuta.
1534 2401 1763 2461 Danihel
1785 2416 1919 2458 vero
1938 2399 2089 2456 claro

491 2525 746 2569 sermone
777 2521 942 2579 regna
971 2504 1120 2562 orbis
1149 2498 1484 2575 pronuntiat,
1510 2504 1568 2552 et
1587 2504 1802 2565 tempus
1824 2491 2093 2550 adventus

435 2597 444 2606 ’
488 2603 693 2663 Christi
715 2597 1161 2659 manifestissima
1190 2591 1579 2666 prtedicatione
1597 2594 1845 2645 annotat.
1869 2583 1937 2640 lli
1963 2590 2094 2640 sunt

489 2704 728 2769 quatuor
754 2690 1061 2765 prophetae,
1093 2686 1187 2757 qui
1214 2682 1448 2752 majores
1491 2687 1775 2744 vocantur,
1804 2676 1929 2747 quia
1971 2689 2098 2745 pro-

493 2787 602 2846 lixa
633 2783 907 2841 volumina
935 2777 1321 2836 condiderunt.

566 2878 737 2937 Inter.
762 2874 910 2932 Libri
931 2887 1008 2928 xu
1034 2869 1431 2939 Prophetarum
1459 2871 1710 2920 auctores
1724 2858 1820 2933 qui
1843 2855 2096 2914 fuerunt?

496 2972 657 3044 Resp.
687 2967 836 3028 Libri
864 2981 944 3021 xu
969 2963 1363 3033 Prophetarum
1399 2963 1680 3010 auctorum
1726 2965 1950 3008 suorum
1996 2963 2096 3006 no-

2177 1944 2428 2008 innovat;
2453 1957 2561 1997 non
2587 1940 2732 1998 enim
2764 1939 2895 1997 illud
2917 1941 3156 2006 discunt,
3187 1938 3292 1995 nisi
3322 1938 3572 1996 homines
3611 1952 3779 1992 reno-

2179 2033 2289 2090 vati
2315 2049 2382 2090 ex
2405 2041 2677 2090 vetustate
2710 2048 2809 2106 per
2835 2034 3068 2107 gratiam
3106 2042 3163 2088 et
3191 2033 3526 2106 pertinentes
3560 2032 3678 2105 iam
3705 2033 3781 2089 ad

2181 2130 2566 2180 testamentum
2599 2137 2821 2189 novum,
2846 2126 2995 2195 quod
3017 2131 3101 2180 est
3125 2138 3346 2196 regnum
3375 2123 3659 2181 cmlorum.

2256 2213 2426 2271 Ister.
2486 2213 2722 2272 Ordines
2768 2215 3032 2272 librorum
3098 2216 3233 2274 Novi
3289 2215 3623 2274 Testamenti
3681 2217 3778 2288 qui

2184 2307 2350 2364 sunt?
2373 2304 2532 2378 Resp.
2563 2305 2699 2362 Duo.
2723 2306 2891 2360 Inter.
2911 2307 3061 2376 Qui?
3089 2309 3244 2380 Resp.
3268 2308 3485 2366 Primus
3508 2319 3594 2382 est
3616 2324 3783 2367 crau-

2186 2397 2415 2470 gelicus,
2442 2395 2498 2451 in
2529 2411 2639 2468 quo
2666 2403 2795 2450 sunt
2821 2393 3112 2460 Mattheus,
3135 2397 3371 2464 Marcus,
3397 2399 3575 2456 Lucas
3603 2407 3659 2456 et
3679 2399 3776 2456 Io-

2189 2489 2419 2545 hannes.
2446 2485 2730 2543 Secundus
2758 2484 3109 2558 apostolicus,
3138 2486 3193 2542 in
3214 2501 3324 2557 quo
3349 2496 3475 2544 sunt
3498 2487 3694 2544 Paulus
3713 2489 3773 2546 in

2191 2597 2285 2639 xiv
2309 2580 2589 2655 Epistolis,
2616 2580 2816 2636 Petrus
2844 2581 2898 2635 in
2926 2577 3154 2644 duabus,
3184 2579 3463 2637 Iohannes
3490 2580 3546 2637 in
3573 2582 3740 2638 tribus
3759 2621 3779 2649 ,

2191 2669 2428 2732 Iacobus
2450 2679 2507 2729 et
2529 2669 2698 2729 Iudas
2717 2670 2772 2727 in
2800 2669 3027 2740 singulis
3050 2709 3067 2737 ,
3092 2669 3262 2726 Actus
3305 2668 3688 2742 Apostolorum
3725 2684 3789 2730 ct

2194 2768 2555 2842 Apocalipsis.

2267 2859 2435 2918 Inter.
2478 2857 2747 2916 Auctores
2775 2854 2935 2927 hujus
2979 2855 3112 2913 Novi
3156 2856 3488 2916 Testamenta
3530 2857 3626 2932 qui
3674 2859 3796 2918 iuo-

2197 2955 2362 3013 runt?
2405 2951 2563 3028 Resp.
2612 2953 2855 3028 Quatuor
2895 2953 3065 3009 libros
3100 2952 3517 3026 Evangeliorum
3557 2964 3798 3025 quatuor

498 3041 733 3123 minibus
761 3063 1154 3132 praenotantur,
1178 3051 1268 3122 qui
1296 3055 1584 3120 propterea
1622 3045 1879 3101 dicuntur
1921 3041 2104 3098 mino-
2198 3062 2363 3118 supra
2389 3046 2650 3103 ηοωίηεηί
2686 3045 3039 3118 singulatim.
3061 3049 3520 3115 consummat.

496 3172 625 3225 res,
665 3155 794 3228 quia
844 3162 1127 3208 sermones
1165 3158 1353 3234 eorum
1405 3142 1598 3234 breves
1649 3145 1793 3234 sunt.
1849 3134 2001 3234 Unde
2037 3138 2096 3193 et
2120 3166 2170 3234 ο
2273 3136 2440 3195 Inter.
2491 3136 2645 3194 Nunc
2691 3145 2848 3208 peto,
2888 3144 2949 3193 ut
2997 3136 3134 3194 mihi
3180 3151 3421 3209 exponas
3450 3138 3574 3210 quis
3600 3153 3795 3196 eorum

496 3226 731 3307 connesi
759 3243 976 3300 sibimet
1010 3237 1244 3295 invicem
1273 3233 1330 3290 in
1355 3245 1466 3290 uno
1496 3229 1771 3287 volumine
1806 3226 2089 3285 continen-
2131 3226 2167 3234 ⁷
2196 3234 2428 3309 primus,
2456 3240 2514 3288 et
2539 3245 2644 3302 qua
2673 3228 2883 3303 lingua,
2907 3228 2992 3286 vel
3023 3229 3116 3285 ubi
3153 3235 3212 3284 et
3252 3228 3397 3286 unde
3438 3227 3797 3302 Evangeliutu

501 3350 612 3406 tur,
645 3349 880 3410 quorum
913 3331 1136 3390 nomina
1169 3327 1289 3384 hte'c
1317 3331 1483 3383 sunt:
1515 3321 1672 3388 Osee,
1695 3318 1869 3383 Iohel,
1900 3318 2090 3410 Amos,

499 3409 728 3498 Abdias,
748 3427 933 3493 Ionas,
963 3423 1225 3486 Micheas,
1249 3419 1445 3484 Naum,
1468 3417 1689 3473 Abacuc
1707 3455 1721 3480 ,
1755 3409 2091 3486 Sophonias,

498 3528 701 3596 Agens,
727 3519 1042 3583 Zacharias,
1071 3523 1128 3572 et
1151 3511 1462 3570 Malachias.

572 3617 741 3689 Inter.
762 3611 950 3672 Eadm
971 3608 1097 3667 libri
1119 3607 1242 3679 quis
1265 3611 1453 3662 auctor
1467 3594 1882 3671 exstitit?Resp.
1909 3596 2095 3655 Esdrz

501 3713 644 3770 liber
689 3705 928 3767 auctoris
966 3701 1051 3761 sui
1097 3699 1257 3757 titulo
1277 3703 1633 3772 pmotatur,
1671 3693 1725 3750 in
1759 3690 1918 3761 cuius
1941 3696 2093 3748 testu

503 3801 747 3878 ejusdem
770 3795 993 3856 Hesdras
1014 3792 1359 3861 Neemiteque
1384 3801 1666 3845 sermones
1695 3784 1902 3857 pariter
1919 3781 2095 3839 conti-

505 3873 724 3952 nentur.
766 3890 846 3947 Ne
891 3897 1220 3959 quemquam
1265 3885 1498 3942 moveat.
1542 3877 1692 3948 quod
1736 3889 1875 3931 unus
1902 3873 2093 3931 Esdra:

507 3988 707 4044 dicitur
732 3984 890 4050 liber,
918 3978 1046 4051 quia
1088 3973 1387 4037 secundus,
1421 3971 1616 4028 tertius
1648 3979 1704 4025 ct
1726 3975 1952 4039 quartus
1987 3982 2095 4024 non

507 4077 780 4135 habentur
811 4071 954 4145 apud
981 4068 1245 4131 Rebreos,
1277 4062 1373 4121 sed
1399 4065 1541 4117 inter
1575 4058 1896 4132 apocriphos
1929 4057 2099 4130 depu—

509 4180 716 4230 tantur.

581 4264 749 4323 later.
778 4260 1001 4317 Librum
1042 4255 1240 4312 llestcr
1271 4251 1395 4323 quis
1420 4247 1672 4321 scripsit?
1715 4243 1869 4316 Resp.
1907 4240 2100 4299 Hester

514 4357 713 4414 librum
755 4353 872 4425 ipsa
918 4348 1160 4407 creditur
1202 4341 1626 4414 conscripsisse,
1664 4338 1717 4394 in
1767 4350 1874 4408 quo
1905 4331 2098 4425 eadem

515 4449 721 4520 regina,
743 4424 847 4500 sub
871 4442 1040 4515 llgnra
1070 4436 1345 4500 Ecclesiae,
1379 4432 1475 4490 Dei
1503 4429 1758 4506 populum
1779 4443 1818 4520 ⁸εδ
1839 4424 2102 4520 servitute

2191 3322 2642 3396 conscripsisset?
2664 3319 2930 3377 Similiter
2951 3321 3018 3376 de
3054 3319 3315 3385 secundo,
3338 3319 3525 3386 tertio,
3547 3329 3604 3376 et
3627 3335 3795 3392 quar-

2197 3424 2254 3473 to
2303 3414 2486 3472 facere
2539 3426 2647 3469 non
2703 3427 2919 3468 renuas.
2975 3409 3132 3484 Resp.
3175 3411 3203 3453 δ
3251 3409 3469 3468 Primus
3519 3409 3793 3468 Mattheus

2194 3505 2524 3575 conscripsit
2549 3503 2902 3574 Evangelium
2927 3492 3130 3560 litteris
3169 3500 3454 3560 Hebraicis
3491 3510 3544 3559 et
3579 3517 3790 3560 sermo-

2195 3598 2374 3662 nibus,
2426 3596 2480 3652 in
2528 3595 2713 3654 Iudaea
2762 3595 2988 3651 initians
3032 3594 3414 3670 evangeliaare
3450 3596 3520 3651 ab
3546 3595 3787 3653 humana

2194 3687 2401 3747 Christi
2449 3687 2735 3745 nativitate
2777 3689 3006 3746 dicens:
3035 3687 3188 3744 Liber
3225 3691 3577 3760 generationis
3623 3689 3790 3765 533

2197 3783 2335 3840 Iesu
2363 3781 2560 3838 Christi
2601 3781 2700 3853 ﬁlii
2730 3781 2905 3839 David
2923 3822 2937 3848 ,
2967 3779 3068 3854 ﬁlii
3095 3781 3364 3839 Abraham
3406 3782 3623 3852 (Matth.
3646 3799 3682 3849 l,
3709 3784 3790 3854 ί).

2199 3874 2525 3948 Signiﬁcant
2553 3872 2902 3930 descendisse
2935 3872 3290 3944 corporaliter
3335 3890 3403 3930 ex
3453 3875 3661 3933 semine
3694 3889 3794 3947 pa-

2199 3969 2559 4025 triarcharum
2587 3965 2887 4031 Christum,
2914 3964 3053 4021 sicut
3081 3965 3410 4037 promissum
3435 3973 3559 4021 erat
3587 3969 3642 4023 in
3667 3982 3796 4037 pro-

2197 4060 2378 4134 phetis
2421 4074 2520 4132 per
2581 4055 2844 4128 Spiritum
2915 4065 3182 4112 sanctum.
3236 4056 3520 4115 Secundus
3578 4057 3796 4114 Marcus

2197 4153 2389 4227 plenus
2435 4148 2637 4222 Spiritu
2692 4155 2882 4204 sancto
2926 4147 3142 4218 scripsit
3185 4147 3536 4220 Evangelium
3588 4146 3793 4205 Christi

2199 4244 2416 4316 eloquio
2428 4241 2617 4299 Graeco
2642 4240 2697 4296 in
2722 4238 2873 4295 Italia
2900 4247 3121 4296 secutus
3142 4238 3364 4295 Petrum
3391 4247 3451 4295 ut
3472 4238 3788 4311 discipulus.

2201 4335 2252 4391 ls
2285 4334 2500 4391 initium
2523 4347 2553 4387 a
2573 4330 2767 4403 spiritu
2803 4328 3103 4401 prophetali
3136 4327 3265 4387 fecit
3290 4329 3477 4385 dicens
3501 4343 3515 4382 :
3549 4325 3663 4385 Vos
3686 4327 3792 4383 els-

2203 4425 2396 4481 utantis
2427 4423 2482 4478 iu
2508 4420 2712 4477 deserto
2739 4434 2756 4473 :
2787 4419 2983 4476 Parare
3006 4412 3146 4475 viam
3170 4417 3395 4475 Domino
3419 4417 3616 4492 (Marc.
3644 4434 3686 4485 ι,
3714 4418 3794 4490 5),

514 4508 773 4598 etymorte
802 4508 1066 4605 eripuisse
1105 4527 1386 4591 scribitur,
1431 4533 1593 4595 atque
1628 4517 1914 4576 interiecto
1947 4517 2104 4572 hoste
2134 4542 2182 4604 ο
2206 4524 2266 4570 ut
2305 4513 2618 4571 ostenderet
2649 4509 2925 4568 Christum
2970 4518 3094 4581 post
3141 4509 3564 4582 assumptionem
3613 4508 3797 4564 carnis

514 4633 707 4694 Aman,
739 4629 831 4701 qui
869 4627 1257 4696 interpretatur
1288 4615 1567 4688 iniquitas,
1592 4612 1700 4669 diei
1725 4610 2015 4668 celebritas
2048 4607 2104 4664 in

516 4729 765 4798 posteros
792 4716 1044 4774 mittitur.

591 4812 757 4869 Inter.
796 4807 942 4865 Libri
978 4801 1271 4878 Sapientiae
1327 4809 1384 4858 et
1428 4795 1853 4865 Ecclesiastici,
1883 4792 2100 4858 Iudith,

520 4903 724 4968 Tobias,
759 4909 920 4972 atque
947 4895 1364 4952 llaehabeorum
1399 4891 1694 4963 scriptores
1741 4887 1834 4960 qui
1883 4901 2004 4944 esse
2031 4884 2107 4942 dio

521 4993 758 5053 cuntur?
793 4991 946 5062 Resp.
991 4987 1155 5043 Liber
1191 4981 1488 5057 Sapientiae
1513 4981 1656 5055 apud
1685 4977 1926 5036 Hebreos
1974 4992 2106 5036 nus-

523 5100 688 5160 quam
712 5091 828 5148 est;
862 5080 1003 5136 unde
1032 5086 1089 5135 et
1125 5078 1238 5148 ipse
1273 5073 1462 5130 titulus
1504 5071 1750 5130 Grzecam
1792 5069 1966 5143 magis
1997 5069 2113 5127 elo—

525 5159 802 5249 quentlam
824 5171 1048 5229 redolet.
1077 5167 1232 5224 Ilunc
1256 5164 1411 5221 Iudei
1432 5162 1636 5220 Filonis
1664 5177 1787 5219 esse
1809 5159 2109 5219 armant:

527 5267 622 5340 qui
653 5264 878 5340 proinde
907 5259 1182 5334 Sapientia
1211 5258 1542 5321 nominatur,
1565 5253 1690 5325 quia
1725 5251 1776 5307 in
1820 5267 1888 5308 eo
1909 5250 2112 5308 Christi

531 5360 825 5424 adventus,
855 5356 948 5428 qui
982 5363 1070 5409 est
1112 5351 1376 5424 sapientia
1420 5347 1601 5403 Patris
1626 5386 1640 5407 .
1683 5354 1736 5400 et
1773 5345 1955 5416 passio
1995 5344 2113 5416 ejus

529 5450 810 5508 evidenter
833 5445 1174 5520 exprimitur.
1198 5441 1420 5498 Librum
1460 5446 1642 5493 autem
1679 5435 2119 5491 Eeclesiasticntu

533 5542 841 5602 certissime
885 5537 1045 5597 Iesus
1088 5535 1231 5592 lilius
1288 5531 1481 5589 Sirach
1532 5528 1900 5587 Ierosolimita
1949 5541 2118 5598 nepus

610 5686 635 5716 ι
671 5670 895 5746 Propter
911 5668 1101 5795 ειοὲἴεὶ
1121 5665 1281 5721 simili
1290 5664 1538 5720 .ttdiuem.
1560 5658 1764 5717 Confer
1786 5672 1977 5715 versus
1998 5672 2120 5728 poe-

610 5753 700 5795 atts
736 5752 786 5795 υ.
815 5741 916 5795 col.
947 5740 976 5795 7
1056 5779 1069 5794 .

538 5753 700 5802 matis
736 5740 789 5808 ti,
815 5741 916 5798 eoi.
947 5740 1069 5795 754.

696 5834 784 5886 lits
806 5841 901 5883 duo
921 5834 1189 5896 junguntur
1216 5845 1302 5898 per
1328 5832 1541 5892 νεοττιάς
1560 5842 1620 5880 nu
1642 5826 1753 5876 litin

1475 5903 1509 5966 1

2211 4606 2561 4677 Evangelium
2598 4602 2920 4677 praedicasse
2965 4603 3186 4660 mundo.
3214 4601 3334 4674 ipse
3372 4601 3520 4659 enim
3547 4600 3800 4659 Christus

2209 4709 2263 4758 et
2289 4700 2552 4775 propheta
2577 4697 2756 4754 dictus
2798 4702 2918 4764 est,
2961 4694 3102 4752 sicut
3149 4694 3412 4766 scriptum
3431 4701 3552 4750 est:
3586 4692 3800 4764 Etpro-

2209 4792 2417 4866 paetum
2447 4791 2500 4845 in
2535 4789 2769 4861 gentibus
2797 4787 2946 4861 posui
2974 4794 3024 4844 te
3055 4783 3191 4855 (Jer.
3215 4801 3258 4851 l,
3282 4785 3359 4859 5).
3386 4784 3603 4843 Tertius
3622 4782 3800 4841 Lucas

2212 4885 2356 4943 inter
2373 4894 2564 4941 Otones
2591 4878 2952 4953 evangelistas
2981 4877 3189 4936 Graecis
3223 4879 3570 4935 sermonibus
3605 4876 3795 4952 υσεδ..

2214 4975 2386 5034 Gmci
2411 4971 2704 5046 sermonis]
2735 4969 3140 5030 eruditissimus
3160 5011 3175 5035 ,
3206 4968 3405 5042 quippe
3429 4976 3492 5024 ut
3519 4968 3756 5025 medicus
3778 5007 3796 5033 ,

2213 5069 2269 5127 iu
2296 5067 2503 5125 Gracia
2529 5062 2880 5140 Evangelium
2929 5061 3150 5136 scripsit
3180 5059 3480 5134 Theophilo
3515 5060 3795 5133 episcopo.

2213 5158 2436 5216 initians
2462 5172 2494 5212 a
2521 5153 2842 5212 sacerdotali
2879 5153 3074 5225 spiritu
3121 5153 3346 5208 dicens:
3374 5149 3500 5206 Fuit
3533 5152 3586 5206 in
3616 5151 3798 5205 diebus

2216 5249 2443 5306 Herodis
2471 5248 2604 5320 regis
2627 5245 2786 5301 Iuda:
2815 5245 3063 5301 sacerdos
3101 5242 3318 5316 quidam
3355 5245 3562 5298 nomine
3593 5241 3796 5298 Zacha-

2217 5342 2322 5396 rias
2352 5339 2504 5412 (Luc.
2537 5355 2577 5403 ι,
2605 5337 2683 5409 5).
2716 5336 2785 5394 Ut
2815 5335 3188 5392 manilestaret
3208 5332 3484 5390 Christum
3503 5340 3627 5404 post
3653 5333 3799 5389 nati-

2218 5438 2441 5494 vitatem
2470 5435 2656 5492 carnis
2685 5441 2741 5489 et
2769 5431 3209 5504 praedicationem
3251 5428 3530 5499 Evangelii
3567 5427 3797 5484 hostiam

2220 5528 2389 5586 fuisse
2415 5525 2663 5584 eﬂ’ectnm
2703 5539 2802 5596 pro
2821 5525 3001 5580 salute
3029 5521 3251 5578 mundi:
3277 5521 3393 5592 ipse
3423 5529 3508 5576 est
3535 5520 3678 5576 enim
3707 5534 3796 5577 sa-

2436 5661 2651 5721 Quorum
2675 5660 2854 5720 quippe
2880 5658 3010 5719 prior
3035 5651 3284 5719 Sapientia
3303 5654 3485 5721 dicitur
3512 5653 3636 5704 altus

2501 5718 2740 5772 botantur
2763 5718 2888 5770 Jestt
2909 5718 3113 5771 nomine
3138 5718 3400 5781 posterior.

2299 5802 2326 5842 δ
2351 5803 2606 5866 Isidorus.
2634 5801 2736 5856 loc.
2762 5802 2854 5857 cit.
