4090 6522
226 466 386 527 lii!)

1177 471 1326 528 OPP.
1370 468 1601 529 DUBIA.
1642 497 1712 508 --
1749 458 2168 521 DlSPUTATlO
2206 457 2613 518 PUERORUM.

3391 450 3530 506 “350

219 585 456 650 ccrdos,
487 581 554 641 de
582 594 692 654 quo
717 581 923 638 dictum
949 591 1033 640 est
1074 584 1127 640 in
1169 585 1401 641 Psalmis
1431 602 1444 638 :
1480 582 1560 638 Tu
1586 599 1640 640 es
1662 596 1839 637 sacer—
1865 582 1912 641 Α
1941 575 2247 634 Barnabam
2271 575 2586 647 scripsisse;
2612 572 2700 628 alii
2729 587 2757 626 a
2779 569 3056 628 Clemente
3079 571 3338 643 scriptam
3367 570 3534 630 fuisse

218 678 334 734 dos
354 677 412 734 in
433 686 685 734 aeternum
700 675 988 732 secundum
1001 677 1238 731 ordinem
1261 675 1640 731 Melchisedech
1659 670 1828 746 (Psal.

220 786 354 836 csx,
378 768 455 842 4).
490 768 593 828 Ubi
622 769 767 825 enim
796 766 1048 824 Christus
1075 769 1290 823 advenit
1309 807 1323 832 ,
1353 767 1722 822 sacerdotium
1742 763 1831 819 Ju-

223 862 483 918 ὁποι-πω
503 860 799 926 obmutuit,
822 856 907 912 lex
931 867 986 914 et
1004 857 1286 928 prophetia
1311 857 1568 914 cessavit.
1600 855 1839 924 Quartus

222 949 482 1008 Joannes
519 949 741 1022 scripsit
774 948 1124 1020 Evangelium
1153 948 1377 1003 ultimus
1431 947 1485 1001 in
1515 947 1668 1012 Asia,
1709 947 1843 1002 inci-

221 1045 400 1116 piens
426 1056 458 1099 a
485 1040 702 1107 Verbo,
733 1047 796 1096 ut
831 1039 1146 1096 ostenderet
1176 1041 1428 1094 eumdem
1459 1037 1801 1104 Salvatorem
1821 1080 1836 1104 ,

224 1134 335 1207 qui
361 1150 463 1208 pro
488 1133 645 1189 nobis
671 1132 926 1203 dignatus
954 1139 1038 1185 est
1064 1132 1213 1187 nasci
1239 1139 1293 1186 et
1325 1131 1439 1199 pati
1467 1151 1478 1184 :
1506 1130 1684 1199 ipsum
1716 1139 1841 1186 ante

226 1227 442 1286 uacula
484 1225 582 1282 Dei
625 1223 862 1281 Verbum
908 1238 1070 1280 esse:
1103 1225 1281 1296 ipsum
1322 1224 1463 1280 cmlo
1506 1226 1756 1290 venisse,
1785 1232 1843 1279 et

226 1326 365 1390 post
387 1324 617 1375 mortem
637 1318 709 1372 ad
733 1314 932 1371 ccnlum
959 1315 1158 1371 iterum
1185 1331 1481 1372 remeasse.

313 1407 483 1465 Inter.
517 1407 669 1465 Nunc
699 1408 820 1462 volo
846 1413 904 1461 ut
930 1407 1060 1462 mihi
1093 1423 1356 1478 exponas,
1384 1423 1559 1477 quare
1606 1417 1841 1478 quatuor

228 1499 354 1556 sint
397 1501 489 1570 qui
537 1501 654 1557 iure
704 1506 853 1572 gesta
895 1501 1375 1570 conscripserunt?
1405 1516 1500 1556 seu
1531 1501 1719 1567 etiam,
1746 1504 1842 1573 qui

229 1594 353 1648 sint
379 1591 434 1649 bi
455 1601 710 1664 quatuor,
742 1593 834 1663 qui
863 1590 1049 1647 divino
1071 1589 1295 1660 Spiritu,
1325 1593 1685 1649 annuntiante
1710 1591 1846 1649 Pro-

230 1686 428 1758 pheta,
457 1686 654 1757 signati
704 1683 863 1739 sunt?
911 1682 1062 1754 Resp.
1111 1681 1237 1740 ideo
1281 1698 1414 1757 ergo
1441 1684 1846 1756 conscriptores

234 1777 542 1851 gestauit)
557 1777 976 1847 Evangeliorum
996 1784 1232 1846 quatuor
1254 1789 1376 1832 esse
1401 1775 1841 1846 dicuntur,quia,

235 1869 459 1925 dicente
470 1870 758 1940 Propheta,
774 1876 1012 1939 quatuor
1027 1866 1284 1924 animalia
1296 1873 1516 1924 ostensa
1531 1881 1652 1924 esse
1665 1868 1847 1940 legun-

1939 671 2304 742 suspicantur.

2011 763 2178 818 Inter.
2205 762 2353 818 Petri
2375 761 2516 834 quis,
2545 769 2640 816 aut
2667 767 2822 831 quot,
2848 759 2932 814 vei
2958 759 3231 830 quomodo
3250 758 3537 816 nominan-

1940 857 2066 910 tur?
2097 853 2253 926 Resp.
2293 852 2489 909 Petrus
2523 852 2740 924 scripsit
2775 851 2912 906 duas
2946 849 3182 906 nominis
3211 850 3296 906 sui
3323 849 3537 923 Episto-

1943 946 2040 1010 las,
2076 962 2198 1018 quae
2240 945 2525 1001 catholica!
2558 944 2681 1000 ideo
2710 945 3079 1010 nominantur,
3110 944 3238 1017 quia
3284 960 3395 1001 non
3443 945 3537 1002 uni

1943 1046 2156 1094 tantum
2206 1037 2404 1111 populo
2454 1038 2538 1094 vel
2587 1038 2815 1105 civitati,
2853 1039 2948 1096 sed
2986 1040 3256 1096 universis
3285 1039 3536 1112 gentibus

1943 1129 2271 1200 generaliter
2293 1130 2510 1203 scriptu:
2548 1140 2694 1188 sunt.

2016 1218 2182 1275 Inter.
2209 1220 2428 1288 Jacobi,
2455 1220 2684 1280 Joannis
2711 1232 2767 1280 et
2788 1222 2939 1282 Judat
2972 1225 3132 1297 quis?
3166 1225 3319 1299 Resp.
3348 1227 3536 1294 Jacob,

1943 1310 2180 1368 Joannes
2209 1322 2264 1366 et
2289 1310 2457 1370 Judas
2480 1329 2605 1370 suas
2629 1315 2967 1386 scripserunt
2995 1317 3287 1388 Epistolas.

2016 1400 2181 1457 Inter.
2215 1405 2448 1459 Actuum
2473 1408 2842 1479 apostolorum
2873 1407 3108 1480 scriptor
3139 1411 3262 1482 quis
3291 1411 3541 1469 exstitit?

1950 1492 2104 1568 Resp.
2148 1496 2317 1551 Actus
2343 1496 2708 1568 apostolorum
2740 1499 3035 1568 primordia
3068 1499 3192 1558 ﬁdei
3218 1500 3544 1560 Christiana

1946 1588 2002 1643 in
2033 1587 2303 1660 gentibus,
2336 1597 2391 1645 et
2413 1592 2689 1647 nascentis
2714 1591 2971 1648 Ecclesiae
3001 1583 3287 1652 historiam
3319 1596 3540 1671 digerit.

1947 1678 2179 1736 Actuum
2210 1681 2582 1752 apostolorum
2612 1685 2934 1754 scriptorem
2983 1685 3189 1743 Lucam
3223 1703 3347 1745 esse
3371 1704 3543 1746 evan-

1947 1772 2198 1844 gelistam
2248 1773 2602 1831 manifestum
2652 1787 2757 1843 est,
2799 1777 2854 1834 in
2902 1793 3009 1850 quo
3063 1795 3227 1853 opere
3267 1783 3546 1841 nascentis

1949 1863 2203 1920 Ecclesia:
2245 1864 2478 1921 infantia
2524 1868 2747 1933 texitur,
2792 1877 2848 1924 et
2893 1871 3261 1942 apostolorum
3316 1874 3544 1930 historia

238 1971 352 2028 tur,
388 1977 619 2033 quorum
665 1961 900 2041 primum
952 1961 1153 2019 animal
1198 1971 1390 2020 tenens
1428 1960 1840 2018 similitudinem
1873 1959 1920 2022 Β
1949 1956 2231 2014 retinetur.
2262 1955 2416 2015 Unde
2439 1968 2494 2014 et
2518 1960 2680 2015 Actus
2707 1960 3064 2034 apostolorum
3089 1963 3308 2021 dicitur.

238 2054 499 2120 hominis,
538 2056 837 2117 secundum
880 2053 1078 2121 temnis,
1111 2055 1337 2113 tertium
1378 2053 1560 2121 vituli,
1587 2060 1844 2126 quartum

240 2158 377 2200 vero
399 2144 612 2216 aquilae.
664 2142 778 2199 Sed
809 2145 860 2203 lii
913 2154 1146 2216 quatuor
1175 2145 1276 2200 has
1325 2145 1593 2203 habentes
1639 2146 1844 2217 ﬁguras

245 2237 606 2308 evangelistas
630 2253 751 2295 esse
783 2250 889 2292 non
918 2237 1145 2293 dubium
1169 2248 1274 2296 est.

321 2327 485 2383 Inter.
525 2330 618 2386 Isti
651 2329 1003 2399 evangelista:
1039 2344 1209 2399 quare
1239 2337 1477 2401 quatuor
1516 2329 1847 2386 animalibus

248 2419 536 2476 assimilati
555 2419 718 2474 sunt?
746 2417 899 2490 Resp.
938 2418 1073 2486 Quia
1111 2434 1208 2490 per
1235 2429 1472 2492 quatuor
1496 2419 1682 2477 mundi
1718 2435 1848 2494 par-

248 2521 330 2569 tes
376 2513 511 2570 lides
545 2511 871 2576 Christiana:
903 2514 1184 2587 religionis
1223 2528 1413 2571 eorum
1457 2515 1848 2579 praedicatione

246 2604 600 2662 disseminata
633 2617 740 2661 est.

318 2695 484 2752 Inter.
523 2696 705 2764 Quare
733 2697 991 2754 dicuntur
1024 2699 1318 2756 animalia?
1363 2699 1518 2772 Resp.
1552 2701 1691 2771 Quia
1716 2717 1848 2774 pro-

245 2794 368 2856 pter
401 2788 641 2843 animam
672 2788 909 2846 hominis
940 2791 1268 2862 praedicatur
1296 2790 1651 2863 Evangelium
1689 2793 1848 2850 Chri-

247 2880 336 2935 sti.
368 2878 503 2935 Nam
527 2888 582 2935 et
601 2880 775 2937 oculis
795 2880 954 2950 plena
974 2890 1132 2938 erant
1153 2883 1300 2939 intus
1325 2895 1380 2938 et
1409 2883 1565 2948 foris,
1588 2884 1850 2954 quoniam

251 2970 547 3040 pravident
574 2971 894 3044 Evangelia,
917 2987 1040 3045 quae
1071 2973 1216 3032 dicta
1249 2985 1375 3031 sunt
1405 2991 1432 3029 a
1469 2974 1771 3046 prophetis,
1795 2985 1852 3032 et

252 3075 374 3131 qua:
402 3065 726 3131 promiserat
754 3065 806 3118 in
835 3064 1028 3135 priori.
1054 3063 1227 3120 Crura
1255 3073 1438 3121 autem
1463 3080 1656 3123 eorum
1679 3072 1846 3132 recta,

253 3153 380 3223 quia
413 3153 542 3208 nihil
584 3169 812 3226 pravum
845 3156 900 3210 in
942 3154 1254 3226 Evangeliis
1290 3157 1594 3227 reperitur;
1632 3164 1691 3215 et
1735 3158 1852 3215 alas

255 3241 515 3298 habentes
541 3258 704 3300 senas
741 3252 987 3314 tegentes
1023 3261 1184 3304 crura
1212 3256 1269 3302 et
1299 3247 1466 3303 facies
1498 3264 1627 3305 suas
1651 3269 1662 3303 :
1689 3262 1851 3306 reve-

253 3333 360 3391 lata
390 3341 516 3390 sunt
536 3335 682 3391 enim
709 3351 829 3407 qua:
854 3338 1182 3410 tegebantur
1209 3338 1262 3393 in
1288 3338 1520 3394 adventu
1550 3337 1775 3396 Christi.

321 3422 489 3482 Inter.
535 3425 636 3483 Dic
682 3427 815 3484 mihi
861 3441 963 3483 cur
1017 3427 1351 3498 evangelista
1396 3429 1454 3485 in
1499 3431 1854 3500 generatione

247 3519 450 3577 Christi
491 3521 740 3576 ordinem
781 3529 1176 3593 praeposterum
1211 3520 1483 3594 posuisset
1508 3564 1521 3588 ,
1551 3536 1677 3578 cum
1724 3532 1852 3579 ante

246 3609 443 3679 David,
465 3619 524 3671 et
543 3621 731 3684 postea
752 3612 1058 3668 nominavit
1078 3611 1388 3669 Abraham?
1417 3614 1572 3686 Resp.
1593 3612 1694 3669 llic
1716 3616 1853 3670 ordo

250 3706 308 3760 in
333 3705 437 3762 hoc
468 3704 591 3762 loco
615 3706 944 3761 necessitate
967 3714 1051 3761 est
1078 3714 1478 3771 commutatus;
1513 3707 1771 3776 quoniam
1805 3707 1853 3763 si

246 3796 486 3868 primum
518 3795 792 3867 posuisset
816 3795 1115 3861 Abraham,
1142 3804 1196 3852 et
1224 3803 1411 3867 postea
1446 3795 1639 3862 David,
1664 3813 1854 3856 rursus

247 3889 299 3943 ei
329 3887 658 3958 repetendus
683 3895 803 3942 erat
831 3887 1109 3944 Abraham
1131 3928 1146 3955 ,
1188 3896 1250 3943 ut
1277 3889 1449 3946 series
1479 3890 1854 3961 generationis

247 3978 452 4037 Christi
487 3984 790 4034 texeretur.

322 4069 487 4127 Inter.
523 4068 705 4138 Quare
751 4072 965 4128 ueteris
998 4069 1384 4144 pratert'nissis
1436 4073 1629 4130 horum
1682 4073 1854 4130 tilium

250 4175 376 4219 cum
432 4161 798 4230 nuncupavit?
845 4160 996 4233 Resp.
1049 4163 1177 4220 ideo
1222 4163 1371 4218 illum
1420 4164 1648 4222 istorum
1681 4164 1856 4224 lilium

253 4265 378 4311 esse
411 4251 569 4317 dixit,
595 4252 723 4322 quia
761 4252 830 4308 ad
859 4254 958 4309 hos
993 4262 1202 4310 tantum
1233 4255 1375 4311 facta
1408 4270 1530 4312 esse
1557 4259 1852 4327 repromis-

254 4345 337 4399 sio
365 4342 583 4416 legitur.
617 4341 787 4400 Inter.
839 4342 1084 4412 Qualiter
1127 4346 1419 4416 promissio
1465 4344 1610 4402 facta
1662 4359 1747 4403 est
1787 4348 1856 4405 ad

254 4432 559 4499 Abraham,
593 4440 648 4490 et
681 4433 918 4504 qualiter
955 4433 1021 4489 ad
1069 4434 1274 4491 David?
1309 4432 1463 4506 Resp.
1504 4436 1735 4493 Abrahae
1767 4436 1856 4495 di-

254 4534 402 4584 etum
441 4534 526 4582 est
554 4543 567 4578 :
595 4525 664 4581 In
693 4528 889 4582 semine
914 4536 1006 4582 tuo
1038 4526 1409 4581 benedicentur
1456 4542 1635 4582 omnes
1679 4538 1855 4599 gentes

2019 2047 2190 2104 Inter.
2224 2048 2590 2123 Apocalypsin
2616 2052 2760 2122 quis,
2788 2060 2882 2106 aut
2904 2068 3012 2124 quo
3031 2061 3299 2125 tempore.
3322 2055 3406 2113 vel
3427 2057 3546 2114 ubi?

1950 2140 2107 2214 Resp.
2139 2141 2498 2215 Apocalypsin
2535 2143 2734 2201 librum
2777 2143 3016 2203 Joannes
3042 2149 3376 2220 evangelista
3403 2152 3545 2208 scri—

1947 2232 2059 2303 psit
2085 2247 2156 2289 eo
2185 2240 2452 2306 tempore,
2484 2250 2595 2305 quo
2627 2235 2698 2291 ob
2722 2233 2998 2308 Evangelii
3025 2238 3468 2307 praedicationem
3490 2241 3547 2297 in

1950 2321 2128 2377 insula
2185 2321 2446 2379 Patbmos
2497 2323 2731 2381 traditur
2781 2325 3044 2397 religatus
3105 2325 3288 2402 [Leg.,
3333 2329 3548 2400 retexa-

1948 2410 2089 2485 tus].
2120 2411 2288 2468 Inter.
2316 2411 2671 2486 Apocalypsis
2702 2429 2812 2487 qua
2846 2413 3030 2489 lingua
3063 2418 3282 2486 dicitur,
3312 2418 3400 2476 vel
3419 2419 3549 2493 quid

1951 2505 2374 2578 interpretatur?
2409 2502 2557 2580 Resp.
2610 2509 2964 2584 Apocalypsis
3007 2521 3190 2570 autem
3228 2530 3298 2570 ex
3336 2512 3548 2580 Caeco,

1951 2594 2007 2650 in
2037 2595 2291 2652 Latinum
2331 2597 2590 2654 revelatio
2623 2598 3034 2672 interpretatur.
3068 2601 3235 2661 Inter.
3270 2603 3552 2662 Revelatio

1951 2688 2083 2759 quid
2103 2690 2219 2747 est?
2237 2687 2392 2762 Resp.
2420 2688 2699 2749 Revelatio
2721 2701 2806 2750 est
2827 2695 3192 2754 manifestatio
3214 2711 3403 2756 eorum
3428 2714 3553 2772 qua

1953 2783 2269 2838 abscondita
2311 2793 2497 2851 erant,
2533 2786 2691 2856 juxta
2730 2787 2876 2856 quod
2925 2788 3044 2860 ipse
3089 2788 3326 2847 Joannes
3377 2791 3548 2848 dicit:

1953 2870 2298 2945 Apocalypsi
2320 2873 2452 2930 Jesu
2481 2875 2703 2942 Christi,
2724 2893 2876 2950 quem
2915 2879 3060 2935 dedit
3085 2880 3164 2936 illi
3200 2880 3344 2938 Deus
3369 2883 3554 2956 palatis

1955 2961 2129 3033 facere
2169 2965 2330 3020 servis
2360 2967 2472 3021 suis
2505 2966 2691 3038 (Apoc.
2725 2982 2765 3036 ι,
2801 2969 2873 3041 l).
2913 2968 2980 3026 Hi
3006 2979 3062 3025 et
3098 2974 3304 3038 caeteri,
3333 2988 3470 3045 quos
3495 2975 3553 3031 in

1955 3055 2138 3112 Veteri
2175 3055 2526 3114 Testamento
2561 3058 2722 3129 paulo
2767 3062 3018 3132 superius
3062 3062 3550 3134 dinumeravimus,

1953 3159 2082 3205 sunt
2129 3151 2424 3221 scriptores
2476 3165 2764 3208 sacrorum
2810 3151 3099 3213 Librorum
3141 3173 3239 3230 per
3289 3158 3552 3232 Spiritum

1954 3245 2205 3296 sanctum
2234 3238 2519 3310 loquentes
2547 3240 2616 3296 ad
2644 3241 3005 3301 eruditionem
3040 3257 3306 3317 nostram,
3340 3258 3397 3307 et
3415 3264 3556 3321 pnn-

1879 3316 1927 3381 C
1955 3340 2114 3399 cepta
2142 3330 2380 3403 vivendi,
2406 3338 2463 3387 et
2502 3330 2758 3391 credendi
2801 3335 3044 3407 regulam
3091 3316 3551 3413 conscripserunt.

1955 3419 2161 3478 Praeter
2186 3423 2304 3478 hmo
2335 3423 2439 3480 alia
2472 3424 2748 3484 volumina
2771 3429 3014 3500 apocrifa
3043 3442 3443 3506 nuncupantur.

2029 3511 2192 3567 Inter.
2250 3513 2430 3582 Quare
2477 3516 2734 3573 dicuntur
2777 3518 3054 3590 apocrit‘a?
3102 3520 3261 3598 Resp.
3298 3527 3557 3598 Apocrita

1955 3613 2136 3662 autem
2163 3607 2325 3674 dicta,
2355 3607 2410 3663 id
2430 3617 2535 3674 est,
2562 3619 2797 3678 secreta,
2821 3615 2947 3684 quia
2972 3615 3029 3672 in
3049 3616 3274 3675 dubium
3293 3622 3550 3688 veniunt;

1954 3707 2042 3755 est
2067 3700 2215 3757 enim
2247 3716 2439 3758 earum
2463 3703 2678 3762 occulta
2704 3708 2879 3778 origo,
2908 3724 3010 3766 nec
3036 3714 3186 3780 patet
3217 3711 3491 3782 Patribus,
3522 3732 3556 3773 o

1954 3791 2154 3863 quibus
2185 3808 2360 3865 usque
2385 3795 2454 3851 ad
2485 3809 2590 3852 nos
2612 3802 2909 3855 anetoritas
2932 3804 3211 3859 veracium
3238 3802 3556 3876 Scriptura-

1958 3893 2078 3938 rum
2129 3884 2438 3941 certissima
2483 3893 2538 3942 et
2577 3889 2864 3945 notissima
2911 3895 3259 3951 successione
3285 3900 3553 3968 pervenit.

1956 3971 2014 4030 in
2046 3975 2131 4032 bis
2159 3977 2434 4046 apocritis,
2465 3980 2566 4034 etsi
2603 3981 2876 4037 invenitur
2908 3983 3092 4056 aliqua
3121 3989 3344 4056 veritas,
3374 4000 3555 4049 tamen

1956 4073 2179 4139 propter
2208 4066 2376 4124 multa
2411 4068 2571 4136 falsa,
2599 4070 2740 4127 nulla
2777 4080 2864 4129 est
2890 4073 2947 4130 in
2977 4076 3058 4131 eis
3082 4079 3344 4136 canonica
3371 4093 3557 4140 aucto-

1959 4158 2113 4225 ritas,
2149 4175 2271 4231 qua:
2303 4169 2451 4219 recte
2478 4179 2508 4220 a
2537 4165 2893 4234 prudentibus
2914 4166 3255 4241 judicantur,
3287 4189 3393 4232 non
3436 4190 3560 4235 esse

1958 4265 2150 4308 eorum
2194 4253 2493 4320 credenda,
2525 4256 2725 4326 quibus
2772 4260 3119 4318 ascribuntur
3165 4262 3343 4335 (σοι,
3378 4268 3553 4325 ascri-

1958 4340 2137 4405 bunt).
2163 4341 2300 4398 Nam
2327 4345 2494 4401 multa
2523 4352 2576 4399 et
2606 4347 2706 4402 sub
2729 4348 3041 4407 nominibus
3065 4352 3477 4425 prophetarum,
3501 4370 3559 4417 et

1958 4428 2261 4483 recentiora
2294 4428 2393 4486 sub
2423 4430 2731 4491 nominibus
2775 4437 3147 4505 apostolorum
3181 4441 3250 4498 ab
3282 4444 3559 4508 baretieis

1958 4517 2327 4591 proferuntur,
2376 4537 2497 4594 qua:
2546 4525 2732 4582 omnia
2780 4528 2883 4584 sub
2928 4531 3146 4590 nomine
3187 4537 3555 4606 apocrii'orum

255 4618 411 4692 (Gen.
464 4634 615 4684 xxtt,
665 4617 753 4689 l8)
806 4626 996 4682 terrai,
1029 4615 1177 4688 quod
1214 4627 1300 4674 est
1348 4617 1618 4674 Christus.
1686 4617 1853 4674 David
1890 4678 1934 4692 λ
1961 4612 2283 4669 auctoritate
2328 4614 2587 4671 canonica
2635 4615 2878 4689 diligenti
2910 4622 3313 4683 examinatione
3341 4642 3555 4689 remota

255 4678 385 4766 vero
413 4729 424 4764 ;
454 4711 532 4765 De
560 4678 746 4782 [ruent
773 4712 968 4767 ventris
996 4678 1072 4764 tui
1105 4725 1297 4780 ponam
1325 4726 1482 4779 super
1512 4710 1682 4765 sedent
1708 4719 1854 4766 tuam
1890 4678 1938 4739 θ
1963 4716 2106 4760 sunt.

257 4802 429 4875 (Pent.
461 4817 649 4868 cxxxt,
676 4801 787 4873 li).

327 4895 492 4953 Inter.
544 4895 746 4952 Ordine
785 4896 963 4965 primo
995 4893 1128 4951 Novi
1161 4891 1495 4951 Testamenti
1527 4891 1712 4961 linito,
1743 4896 1851 4961 dic,

256 4987 480 5046 secundi
512 4986 744 5050 ordinis,
776 4987 869 5057 qui
902 4985 1171 5056 sequitur,
1206 4991 1457 5040 auctores
1480 4983 1572 5054 qui
1601 4983 1850 5041 fuissent.

256 5082 411 5153 Resp.
450 5081 618 5138 Prout
645 5079 907 5153 intelligo,
939 5079 1136 5137 dicam.
1165 5078 1330 5135 Inter.
1359 5079 1453 5134 Dic
1482 5095 1611 5153 ergo
1634 5079 1852 5153 Episto-

257 5175 340 5231 las
372 5173 525 5232 Pauli
549 5173 671 5245 quis
701 5171 950 5244 scripsit;
988 5182 1043 5227 et
1076 5180 1208 5242 quot
1242 5179 1398 5236 sunt,
1429 5171 1513 5226 vel
1537 5171 1630 5227 ubi
1659 5181 1717 5229 et
1760 5173 1854 5228 ubi

259 5266 514 5340 leguntur
567 5264 820 5337 scriptae?
875 5263 1029 5334 Resp.
1084 5275 1108 5305 ι
1151 5263 1349 5320 Paulus
1400 5263 1679 5334 apostolus
1731 5279 1859 5320 suas

261 5356 480 5428 scripsit
499 5353 770 5427 Epistolas
799 5369 910 5409 xiv.
946 5351 1024 5410 Ex
1051 5354 1251 5424 quibus
1275 5367 1470 5412 novem
1494 5369 1569 5407 vn
1600 5352 1860 5410 Eeclesiis

264 5449 510 5522 scripsit;
558 5446 799 5519 reliquas
852 5461 984 5502 vero
1033 5446 1314 5516 discipulis
1359 5446 1508 5508 suis,
1539 5444 1858 5512 Timotheo.

265 5543 389 5600 'l'ito
423 5550 479 5596 et
503 5539 753 5596 Filimoni
781 5538 954 5610 μεθ..
979 5537 1327 5611 Philemoni].
1361 5538 1443 5593 Ad
1476 5538 1733 5596 Hebrmos
1755 5553 1856 5594 au-

269 5641 376 5690 tom
422 5630 658 5700 Epistola
689 5629 964 5701 plerisque
1001 5643 1032 5683 e
1062 5628 1270 5685 Latinis
1316 5631 1435 5699 ejus
1479 5644 1600 5686 esse
1651 5631 1857 5687 incerta

269 5736 370 5788 est,
400 5731 618 5795 propter
652 5721 1045 5778 dissonantiam
1069 5725 1356 5786 sermonis,
1391 5724 1748 5795 eamdemque
1769 5727 1857 5780 alii

345 5913 369 5942 ³
407 5900 664 5964 lsiiiorus,
693 5900 792 5954 ioc.
822 5901 916 5955 cit.

717 5989 988 6053 Psraor.
1031 5986 1131 6052 Cl.

2033 4805 2199 4880 535
2244 4805 2408 4861 Inter.
2443 4809 2582 4864 Ecce
2611 4811 2884 4880 protulisti
2916 4816 3152 4886 quadam
3179 4835 3245 4878 ex
3280 4830 3440 4892 parte
3464 4824 3553 4883 in-

1964 4899 2381 4971 terpretationes
2426 4897 2604 4975 [Cod.,
2653 4902 3140 4982 intemptationes],
3183 4921 3238 4968 et
3271 4929 3552 4986 numeros,

1963 4989 2290 5061 ordinesque
2345 4998 2512 5059 atque
2555 4995 2872 5062 scriptores,
2930 5011 3141 5056 necnon
3191 5010 3247 5058 et
3289 5008 3553 5067 vocabula

1965 5080 2222 5140 librorum
2247 5083 2379 5140 Novi
2414 5083 2774 5153 Testamenti;
2808 5103 2955 5146 nunc
2980 5101 3104 5161 peto
3127 5102 3188 5149 ut
3209 5097 3472 5170 quidquid
3498 5102 3553 5158 in

1959 5175 2040 5231 eis
2067 5177 2438 5257 contineatur,
2465 5192 2562 5247 per
2601 5177 2812 5249 singula
2855 5195 3084 5240 currens
3120 5184 3271 5241 brevi
3301 5203 3552 5252 sermone

1962 5265 2094 5322 mibi
2123 5281 2382 5337 exponas.
2417 5265 2570 5340 Resp.
2607 5265 2960 5342 Nequaquam
2991 5272 3063 5330 ab
3083 5274 3187 5340 his,
3213 5278 3426 5339 volente
3447 5283 3554 5341 Do-

1961 5359 2128 5425 mino,
2160 5359 2391 5416 lassabo.
2439 5359 2604 5419 Inter.
2635 5361 2730 5419 Dic
2758 5377 2889 5436 ergo
2931 5365 3088 5433 mihi,
3138 5371 3266 5441 quid
3310 5375 3366 5430 in
3400 5374 3552 5437 libris

1960 5448 2096 5507 Novi
2154 5450 2488 5508 Testamenti
2548 5453 2920 5525 principaliter
2971 5459 3346 5518 contineatur?
3394 5465 3546 5540 Resp.

1963 5538 2131 5592 Prout
2156 5539 2242 5594 ille
2270 5541 2869 5614 concedere..dignatur,
2905 5562 2936 5600 a
2963 5563 3068 5617 quo
3092 5559 3146 5603 et
3174 5551 3341 5609 Vetus
3369 5565 3422 5610 et
3444 5538 3550 5613 No-

1965 5646 2090 5687 vum
2109 5642 2356 5687 exortum
2378 5642 2462 5689 est
2475 5634 3066 5706 Testamentum,juxta
3081 5643 3224 5711 quod
3245 5661 3387 5704 nunc
3409 5651 3549 5706 ratio

1966 5726 2151 5796 exigit,
2185 5726 2380 5783 dicam.
