4092 6536
633 415 760 472 “Si

1447 410 1507 466 Β.
1537 409 1610 466 F.
1649 405 1875 465 A1.le
1915 405 2047 465 SEU
2084 404 2362 464 ALCClNl
2400 405 2688 466 OPERUH
2723 409 2906 477 PARS
2944 412 3075 470 Vill.

3761 413 3914 471 H3!

695 529 860 586 Inter.
903 525 1024 584 iam
1069 525 1195 598 quia
1232 523 1354 581 libri
1404 504 1817 596 Evangeliorum
1852 523 1906 579 in
1934 521 2199 596 principio
2229 526 2274 585 Α
2305 522 2503 596 lythus,
2545 534 2733 581 sextus
2755 524 3134 592 subdiaconus,
3161 527 3421 598 septimus
3444 527 3727 595 diaconus,
3752 540 3912 586 octa-

624 623 858 689 lllorum,
887 620 1028 677 sicut
1052 619 1274 693 dignum
1299 627 1402 684 est,
1439 619 1602 690 positi
1623 627 1769 686 sunt,
1799 618 1887 674 die
1915 616 2045 672 mihi
2073 617 2203 686 quid

622 714 676 770 in
720 713 800 770 eis
832 712 1129 769 habeatur?
1176 707 1329 782 Resp.
1380 709 1547 766 Prout
1578 711 1748 776 valeo,
1790 710 1843 764 in
1872 711 2060 782 paucis
2105 707 2203 764 tibi

621 805 817 858 dicam.
852 801 1170 858 Continetur
1198 802 1342 856 enim
1372 801 1428 856 in
1453 800 1558 856 illis
1600 800 1933 871 praedicatio.
1960 815 2081 870 quae
2122 807 2204 855 ta-

621 907 744 950 men
777 909 884 951 una
927 909 1046 950 esse
1081 894 1442 965 dignoscitur,
1479 891 1606 964 quia
1645 907 1712 949 ex
1761 907 1870 949 uno
1903 893 2203 964 eodemque

617 999 715 1042 ore
738 985 1034 1042 divinitatis
1060 985 1341 1055 processit.
1371 981 1496 1039 Haec
1513 991 1643 1040 sunt
1667 985 1814 1038 enim
1838 991 2073 1055 quatuor
2106 983 2204 1037 ilu-

618 1077 764 1130 mina
789 1076 855 1132 de
881 1091 985 1132 uno
1007 1075 1249 1131 Paradisi
1277 1074 1426 1130 fonte
1446 1077 1743 1142 manantia,
1760 1065 1882 1146 qua:
1905 1089 2004 1146 per
2030 1081 2203 1130 totum

618 1167 877 1222 mundum
920 1168 1176 1224 ctelestes
1216 1166 1628 1238 praedicationes
1667 1166 2000 1232 ministrant,
2033 1173 2090 1222 et
2137 1166 2206 1224 de

618 1263 824 1320 ﬂuento
845 1260 1024 1337 [ϐοείη
1047 1259 1275 1334 ﬂuenta]
1297 1261 1488 1334 gratia:
1511 1276 1576 1318 ac
1605 1261 1728 1317 ﬁdei
1768 1262 2000 1317 virorem
2024 1259 2206 1318 infun-

617 1356 772 1412 dunt.

691 1447 855 1503 Inter.
884 1443 1022 1514 Quid
1047 1439 1355 1503 continetur
1379 1445 1434 1500 in
1459 1443 1714 1518 Epistolis
1738 1445 1928 1501 Pauli?
1958 1442 2114 1517 Resp.
2141 1442 2203 1500 In

614 1537 704 1595 illa
728 1551 891 1610 quam
911 1537 1130 1609 scripsit
1153 1535 1222 1592 ad
1246 1535 1537 1602 Romanos,
1567 1536 1730 1594 ﬁdem
1754 1537 2011 1593 Romamn
2030 1537 2206 1608 plebis

612 1629 909 1695 collaudat;
941 1631 994 1685 in
1021 1628 1126 1686 illis
1152 1630 1218 1684 ad
1244 1629 1556 1686 Corinthios
1600 1631 1870 1701 geminam
1897 1631 2200 1686 doctrinam

610 1724 869 1796 castigat;
897 1723 963 1777 ad
992 1721 1216 1778 Galatas
1241 1737 1338 1793 per
1358 1722 1585 1792 gratiam
1616 1722 1739 1779 ﬁdei
1767 1721 2005 1778 excludit
2034 1735 2198 1794 opera

609 1813 776 1886 legis;
810 1814 877 1871 ad
910 1812 1191 1884 Ephesios,
1219 1813 1531 1885 magniﬁcat
1555 1827 1650 1869 eos
1688 1812 1744 1868 in
1769 1812 1875 1869 ﬁde
1918 1829 2079 1884 quam
2110 1829 2200 1871 ac-

607 1913 902 1975 ceperunt;
934 1905 1000 1958 ad
1026 1901 1376 1959 Colossenses
1409 1902 1595 1958 laudat
1627 1917 1722 1960 eos
1754 1919 1854 1976 pro
1877 1920 1944 1960 co
1968 1905 2112 1976 quod
2141 1907 2198 1961 in

607 1996 716 2053 ﬁde
763 1998 1144 2068 perstiterunt;
1197 1994 1267 2052 ad
1312 1995 1687 2068 Philippenses
1747 1995 2050 2069 gratulatur
2103 2011 2198 2055 eos

605 2089 954 2161 Evangelium
1003 2088 1336 2154 custodisse;
1371 2089 1440 2144 ad
1484 2087 1994 2146 Thessalonicensos
2033 2089 2196 2146 ﬁdem

606 2177 814 2254 [ΓΜ-σε,
846 2179 994 2254 ﬁde},
1025 2188 1081 2239 et
1113 2181 1372 2253 operibus
1390 2179 1686 2238 credidisse
1712 2190 1767 2237 et
1787 2183 2198 2254 persecutiones

603 2273 863 2330 toierasse
885 2288 979 2330 eos
999 2273 1289 2346 gloriatur;
1317 2276 1385 2330 ad
1409 2275 1752 2332 Timotheum
1776 2291 1909 2333 Vero
1928 2287 1984 2333 et
2013 2277 2196 2336 Titum

601 2363 823 2422 instruit
845 2365 1143 2433 Ecclesias;
1171 2365 1240 2422 ad
1269 2361 1638 2423 Philemonem
1671 2375 1822 2438 rogat
1844 2369 1910 2424 de
1935 2367 2193 2429 Onesimo

601 2470 762 2512 servo
802 2458 1108 2513 emendato.
1153 2457 1212 2513 ln
1244 2456 1432 2513 ultima
1469 2472 1598 2514 vero
1644 2473 1810 2530 quam
1855 2461 2076 2532 scripsit
2122 2462 2191 2518 ad

602 2553 876 2620 Hebrteos,
909 2558 999 2626 qui
1035 2554 1090 2610 in
1130 2553 1350 2610 Christo
1377 2554 1736 2621 crediderant,
1769 2564 1826 2611 et
1849 2558 2189 2628 postmodum

601 2646 1064 2718 persecutiouibus
1076 2645 1310 2716 judaicis
1319 2647 1494 2702 territi
1517 2663 1550 2704 a
1569 2646 1673 2704 ﬁde
1687 2657 2046 2717 recesserant,
2059 2662 2187 2706 wn-

600 2735 766 2792 i‘ortat
787 2743 949 2806 atque
980 2737 1048 2792 ad
1072 2737 1305 2807 gratiam
1330 2737 1606 2810 Evangelii
1631 2747 1869 2794 revocat.

667 2825 833 2882 Inter.
882 2825 1020 2894 Quid
1045 2825 1278 2884 habetur
1311 2827 1365 2883 in
1399 2829 1645 2900 epistolis
1683 2829 1863 2886 Petri?
1897 2830 2053 2904 Resp.
2090 2833 2186 2890 Est

595 2920 741 2976 enim
790 2919 864 2975 ibi
908 2918 1248 2990 profunditas
1298 2931 1514 2988 sensus,
1545 2936 1611 2979 eo
1653 2923 1797 2994 quod
1836 2925 2029 2998 repleti
2074 2927 2184 2982 sint

596 3008 865 3076 sensibus,
891 3017 953 3064 ut
979 3024 1075 3080 per
1099 3025 1193 3067 eas
1220 3011 1415 3068 divinae
1445 3013 1686 3070 scientiae
1733 3029 1928 3073 sensus
1969 3019 2182 3089 possint

598 3101 949 3171 perscrutari.

666 3194 831 3251 Inter.
860 3195 996 3263 Quid
1021 3196 1074 3250 in
1102 3194 1324 3252 Jacobi?
1346 3209 1372 3238 ι
1401 3195 1556 3268 Resp.
1584 3195 1897 3257 Ediﬁcatio
1918 3200 2174 3259 Ecclesiae

591 3297 649 3343 et
687 3285 886 3344 infusio
911 3288 1193 3344 charitatis
1238 3289 1292 3344 in
1320 3303 1504 3344 amore
1528 3289 1620 3344 Dei
1649 3298 1706 3346 et
1745 3289 1986 3348 fraterna
2036 3295 2172 3350 dile-

594 3380 791 3436 ctione.
823 3377 881 3434 ιη
912 3377 1146 3435 secunda
1171 3375 1435 3449 (Joannis)
1461 3379 1764 3436 dilectionis
1791 3383 2030 3438 studium
2055 3383 2180 3440 hor-

595 3476 762 3524 tatur.
793 3468 850 3524 ln
887 3470 1045 3525 tertia
1069 3469 1189 3525 laus
1215 3467 1348 3538 (ἵνεεί
1376 3467 1539 3542 [Gaii]
1565 3469 1618 3525 in
1643 3471 1822 3528 studio
1857 3473 2102 3530 veritatis
2125 3484 2182 3531 et

594 3581 756 3638 opera
786 3566 1173 3623 misericordiae
1206 3576 1476 3622 versatur.

664 3658 833 3715 Inter.
862 3659 999 3727 Quid
1020 3661 1075 3715 in
1098 3657 1285 3715 Iudas?
1309 3659 1460 3732 Resp.
1487 3661 1787 3734 increpatio
1808 3662 2180 3737 blaspheman-

594 3753 730 3808 tium
758 3752 811 3808 in
835 3751 1072 3809 Christo.
1099 3750 1263 3806 Inter.
1288 3750 1425 3820 Quid
1448 3752 1502 3806 in
1524 3753 1747 3811 Actibus
1776 3756 2178 3826 apostolorum?

595 3842 752 3914 Resp.
778 3841 1015 3899 Historia
1045 3843 1322 3900 nascentis
1351 3841 1624 3924 Ecclesia),
1646 3853 1706 3902 et
1735 3847 2028 3918 descriptio
2052 3865 2180 3921 ope-

595 3935 672 3991 ris
703 3933 845 3990 ﬁdei.

665 4027 829 4082 Inter.
868 4026 1007 4094 Quid
1044 4026 1096 4081 in
1138 4026 1498 4100 Apocalypsi?
1536 4027 1690 4099 Resp.
1742 4029 1909 4086 Multa
1956 4031 2173 4103 quidem

592 4130 649 4174 et
677 4119 910 4176 diﬁlcilia
942 4120 997 4174 in
1020 4135 1085 4174 eo
1108 4120 1377 4190 leguntur,
1406 4120 1499 4176 sed
1533 4121 1770 4177 breviter
1798 4136 1866 4178 ex
1896 4136 1963 4178 eo
1993 4124 2174 4194 aliqua

517 4259 520 4264 λ
594 4211 688 4266 tibi
718 4209 1008 4281 proferam.
1061 4209 1380 4266 Continetur
1408 4211 1552 4267 enim
1583 4214 1634 4266 in
1665 4213 1782 4283 ipso
1818 4212 1913 4269 ﬁlii
1939 4215 2172 4271 hominis

593 4303 749 4358 sedes
771 4302 825 4357 in
851 4302 1045 4356 throno
1062 4309 1118 4356 et
1137 4316 1293 4356 mm
1318 4302 1594 4356 seniores:
1623 4316 1831 4358 necnon
1861 4313 1917 4358 et
1940 4313 2174 4374 quatuor

594 4393 846 4450 animalia
893 4393 1251 4464 prtecedentia
1282 4402 1411 4448 ante
1439 4392 1714 4460 thronum,
1746 4403 2070 4466 notaturque
2099 4396 2170 4452 ibi

593 4484 719 4541 ﬁnis
747 4483 951 4550 mundi,
977 4498 1154 4555 pugna
1189 4483 1462 4540 Michaelis
1491 4499 1613 4540 cum
1637 4472 1892 4553 dracone,
1921 4486 2172 4544 interitus

592 4575 932 4640 Antichristi,
979 4577 1186 4647 punitio
1229 4576 1423 4633 diaboli
1475 4585 1530 4632 et
1576 4579 1644 4632 ad
1696 4578 1942 4634 ultimum
1991 4597 2174 4638 resur-

2306 629 2406 670 vus
2430 629 2560 671 vero
2587 615 2890 687 presbyter.

2375 704 2541 760 Inter.
2579 706 2735 764 Modo
2763 708 2884 764 volo
2904 716 2962 762 ut
2985 709 3134 764 dicas
3164 709 3296 765 mihi
3317 724 3486 779 quare
3507 710 3704 767 dicitur
3726 713 3910 768 ostia-

2303 797 2454 854 rius?
2502 797 2656 870 Resp.
2710 799 3020 856 Secundum
3063 801 3208 872 quod
3250 801 3356 872 legi
3402 801 3615 860 faciam.
3667 804 3904 862 Ostiarii

2304 888 2432 944 dicti
2480 899 2624 954 sunt,
2650 905 2716 947 eo
2744 893 2886 962 quod
2913 894 3136 964 pmsint
3168 892 3324 949 ostiis
3365 895 3570 966 templi,
3609 903 3667 950 ut
3713 898 3906 954 sciant

2306 983 2549 1053 recipere
2578 983 2764 1041 ﬁdeles
2785 993 2842 1040 et
2866 985 3108 1043 inﬁdeles
3137 1001 3410 1058 respuere.
3444 988 3598 1045 Unde
3625 999 3680 1046 et
3709 989 3906 1047 Domi-

2305 1089 2408 1131 nus
2452 1075 2707 1134 ostiarius
2755 1078 3006 1150 dignatus
3043 1087 3129 1135 est
3173 1079 3313 1145 ﬁeri,
3342 1095 3466 1137 cum
3513 1081 3653 1138 ostia
3693 1082 3904 1140 inferni

2304 1167 2534 1239 aperuit,
2561 1176 2618 1225 et
2642 1168 2844 1228 electos
2864 1185 2991 1228 suos
3011 1170 3139 1227 inde
3157 1171 3399 1240 abstulit,
3425 1174 3686 1245 reprobus
3710 1182 3900 1232 autem

2305 1257 2542 1329 reliquit.

2374 1347 2542 1404 Inter.
2583 1349 2738 1408 Unde
2765 1360 2993 1409 vocatur
3017 1353 3338 1425 psalmista?
3373 1353 3525 1427 Resp.
3559 1356 3643 1413 Ab
3667 1357 3901 1429 psalmis

2302 1442 2583 1499 canendis.
2614 1443 2720 1514 Ipsi
2750 1446 2894 1502 enim
2921 1455 3151 1515 canunt,
3182 1454 3243 1502 ut
3282 1447 3522 1503 excitent
3566 1450 3778 1505 animas
3826 1450 3901 1507 ad

2301 1533 2770 1604 compunctiouem
2797 1537 3153 1592 audientium.
3394 1549 3400 1554 '

2371 1622 2540 1678 Inter.
2578 1621 2759 1692 Quare
2803 1625 3056 1683 dicuntur
3098 1625 3360 1684 lectores?
3389 1627 3548 1702 Resp.
3590 1629 3732 1687 Dicti
3764 1640 3903 1688 sunt

2298 1712 2530 1771 lectores
2555 1730 2587 1770 a
2624 1715 2870 1785 legendo.
2901 1717 2983 1773 Illi
3011 1719 3159 1775 enim
3183 1721 3478 1790 praedicant
3500 1723 3712 1794 populis
3745 1725 3898 1795 quod

2299 1814 2616 1876 sequantur.
2647 1806 2801 1864 Unde
2835 1815 2892 1864 et
2929 1807 3190 1866 Dominus
3221 1810 3394 1868 lector
3421 1812 3635 1880 dicitur,
3673 1815 3900 1885 quando

2229 1884 2274 1944 Β
2299 1899 2511 1970 aperuit
2551 1898 2814 1956 Dominus
2849 1899 3050 1956 librum
3088 1901 3239 1957 Isaia:
3279 1904 3555 1975 prophetae
3592 1912 3650 1962 et
3677 1905 3808 1980 legit
3839 1908 3898 1964 in

2299 1994 2480 2049 medio
2505 1992 2679 2064 plebis
2701 1992 2888 2048 dicens
2914 2011 2926 2047 :
2953 1992 3182 2064 Spiritus
3216 1993 3427 2052 Domini
3456 2014 3613 2069 super
3634 2016 3741 2065 me,
3770 2018 3894 2071 pro—

2295 2093 2411 2156 pter
2434 2083 2576 2157 quod
2596 2085 2749 2140 unxit
2779 2097 2860 2139 nte
2876 2124 2890 2151 ,
2921 2085 3278 2158 euangelizare
3299 2088 3614 2158 pauperibus
3637 2091 3786 2146 misit
3811 2109 3884 2146 me

2299 2171 2461 2246 (Isai.
2485 2189 2597 2240 ut,
2623 2174 2686 2241 l;
2717 2171 2845 2230 Luc.
2879 2190 2952 2242 tv,
2979 2175 3091 2248 18).

2363 2265 2533 2321 Inter.
2572 2265 2755 2335 Quare
2798 2267 2996 2324 dicitur
3027 2269 3336 2326 exorcista?
3382 2268 3540 2344 Resp.
3587 2271 3896 2332 Emi-cista:

2292 2377 2361 2417 ex
2405 2360 2596 2419 Greco
2646 2361 2702 2417 in
2744 2359 2997 2416 Latinum
3029 2362 3345 2432 adjurantes
3391 2365 3506 2421 sive
3541 2366 3899 2440 increpantes

2292 2462 2575 2510 vocantur.
2626 2451 2782 2508 Unde
2815 2461 2873 2507 et
2910 2452 3170 2510 Dominus
3212 2461 3488 2514 exorcista
3515 2457 3640 2525 fuit,
3665 2461 3893 2533 quando

2291 2554 2496 2616 septem
2522 2543 2788 2599 daemonia
2814 2543 2882 2599 de
2909 2542 3078 2600 Maria
3104 2544 3430 2618 Magdalenen
3457 2544 3633 2616 ducit.
3731 2575 3744 2585 -

2362 2635 2526 2692 Inter.
2543 2635 2698 2694 Unde
2712 2635 2909 2692 dicitur
2921 2636 3224 2708 acolythus,
3237 2647 3330 2694 aut
3341 2641 3500 2711 quale
3519 2642 3880 2699 ministerium

2286 2729 2482 2787 habet?
2507 2726 2666 2800 Resp.
2689 2725 2939 2798 Acolythi
2968 2726 3176 2796 Grtece,
3198 2729 3390 2786 Latine
3411 2747 3541 2788 vero
3563 2731 3887 2790 cerol'erarii

2285 2821 2535 2877 dicuntur
2565 2838 2595 2876 a
2623 2820 2973 2890 deportandis
3012 2822 3210 2889 cereis,
3238 2823 3456 2894 quando
3483 2824 3774 2896 legendum
3798 2837 3884 2883 est

2283 2912 2630 2984 Evangelium
2652 2920 2708 2967 et
2731 2910 3061 2968 sacriﬁcium
3086 2912 3441 2972 offerendum.

2351 3001 2517 3060 Inter.
2543 3001 2724 3071 Quare
2746 3013 2972 3060 vocatur
3000 3005 3399 3062 subdiaconus?
3421 3006 3576 3080 Resp.
3602 3009 3733 3065 ideo
3756 3012 3879 3066 sub-

2279 3093 2491 3149 diacoui
2524 3093 2882 3164 appellantur,
2914 3094 3041 3164 quia
3068 3093 3349 3165 subiacent
3375 3101 3667 3169 praeceptis
3685 3109 3742 3155 et
3769 3101 3886 3158 oﬁi-

2281 3186 2380 3242 Ciis
2406 3184 2716 3241 levitarum.
2743 3182 2970 3256 Oportet
2991 3185 3138 3240 enim
3167 3185 3391 3242 illis.....
3415 3187 3509 3260 [In
3533 3188 3665 3256 He,
3693 3192 3882 3266 Apim]

2291 3281 2585 3336 honestare
2611 3278 2804 3345 altare,
2830 3284 2887 3332 et
2928 3291 3128 3349 aquam
3152 3292 3463 3351 praeparare
3488 3280 3545 3336 iu
3574 3283 3890 3346 ministerio

2285 3371 2487 3427 altaris.
2515 3369 2671 3428 Unde
2699 3377 2754 3425 et
2781 3369 3038 3426 Dominus
3060 3369 3424 3429 subdiaconus
3443 3380 3528 3427 est
3551 3376 3883 3445 appellatus,

2281 3462 2407 3533 quia
2428 3461 2483 3517 in
2502 3458 2650 3517 Cana
2672 3458 2891 3516 Galilei:
2915 3475 3114 3532 aquam
3140 3461 3197 3516 in
3228 3461 3414 3518 vinum
3443 3468 3725 3520 convertit.

2352 3552 2518 3609 Inter.
2551 3551 2651 3609 Dic
2693 3551 2851 3620 mihi,
2878 3567 2987 3623 qua
3030 3552 3214 3625 lingua
3249 3551 3449 3609 dicitur
3477 3555 3754 3622 diaconus,
3784 3570 3890 3617 aut

2280 3645 2422 3699 unde
2441 3643 2616 3699 dictus
2628 3651 2712 3698 est
2723 3640 3018 3699 diaconus?
3033 3641 3192 3714 Resp.
3207 3641 3478 3701 Diaconos
3491 3646 3633 3701 enim
3655 3645 3882 3718 Graece,

2279 3736 2469 3791 Latine
2492 3736 2740 3791 minister
2775 3734 2993 3802 dicitur,
3023 3737 3154 3807 quia
3189 3737 3331 3794 sicut
3362 3739 3416 3794 in
3443 3728 3722 3796 sacerdote
3748 3759 3888 3799 con-

2278 3827 2535 3892 secratio,
2582 3827 2658 3882 ita
2707 3834 2764 3884 et
2817 3826 2873 3882 in
2919 3827 3150 3884 diacono
3202 3829 3490 3887 ministerii
3539 3832 3884 3904 dispensatio

2277 3919 2526 3974 habetur.
2551 3917 2703 3973 Unde
2722 3926 2779 3974 et
2791 3916 3050 3974 Dominus
3068 3919 3330 3978 diaconus
3343 3922 3521 3982 dictus
3537 3933 3642 3990 est,
3657 3932 3882 3998 quando

2276 4009 2407 4065 lavit
2439 4010 2606 4081 pedes
2631 4009 3021 4080 discipulorum
3047 4025 3294 4068 suorum.

2345 4100 2513 4156 Inter.
2541 4100 2694 4158 Unde
2725 4101 2865 4157 idem
2881 4102 3144 4158 diaconus
3163 4102 3324 4160 levita
3347 4107 3687 4178 appellatur?
3709 4111 3874 4186 Resp.

2274 4190 2477 4248 Levita:
2501 4207 2569 4247 ex
2596 4193 2813 4248 nomine
2845 4195 3086 4250 auctoris
3109 4195 3308 4250 vocati.
3340 4197 3420 4252 De
3448 4198 3577 4254 Levi
3613 4204 3759 4258 enim
3790 4205 3870 4260 le.

2275 4285 2398 4340 vitae
2420 4284 2598 4340 exorti
2627 4293 2774 4340 sunt.

2343 4379 2510 4434 Inter.
2535 4377 2656 4434 Jam
2697 4379 2825 4450 quia
2855 4379 2922 4436 de
2965 4375 3287 4439 diaconibus
3317 4397 3383 4439 ac
3407 4381 3605 4450 levitis,
3639 4404 3862 4458 quorum

2272 4469 2635 4526 ministerium
2657 4471 2936 4541 proprium
2964 4481 3050 4528 est
3077 4472 3429 4544 Evangelium
3450 4474 3630 4548 legere
3656 4477 3674 4550 [
3680 4476 3864 4550 Suppl.

2273 4561 2476 4630 dixisti,
2508 4561 2586 4617 vel
2614 4562 2815 4634 aliquid
2839 4561 3033 4638 simile]
3062 4581 3076 4619 :
3103 4579 3244 4620 nunc
3269 4567 3409 4622 ratio
3436 4569 3624 4636 instat,
3655 4572 3777 4628 volo
3806 4582 3872 4630 ut

594 4669 765 4725 rectio
793 4679 1150 4734 mortuorum,
1191 4676 1247 4724 et
1281 4670 1495 4724 novitas
1528 4669 1650 4725 οωιί
1679 4686 1745 4726 ac
1776 4679 1933 4728 terrm
1957 4672 2042 4730 vel
2069 4690 2172 4730 ca:-
2206 4654 2208 4692 Σ

2287 4651 2428 4708 dicas
2455 4651 2588 4708 mihi
2617 4633 2746 4723 quid
2771 4653 2844 4710 sit
2863 4633 3238 4726 Evankelium,
3271 4665 3364 4712 aut
3389 4659 3531 4715 unde
3560 4633 3871 4730 descendit,

600 4773 736 4818 tera.

664 4853 790 4909 llaec
821 4867 1012 4923 pauca,
1044 4852 1232 4917 frater,
1262 4852 1329 4909 de
1355 4852 1504 4908 Novo
1529 4853 1877 4911 Testamento
1922 4856 1989 4912 ad
2034 4872 2174 4929 prae-

596 4963 719 5001 sens
751 4946 973 5000 libenter
1019 4947 1252 5016 suscipe,
1274 4946 1462 5007 donec.
1493 4945 1601 4999 Dm
1636 4946 1865 5010 volente,
1892 4965 1954 5003 cr
1991 4965 2052 5003 eo
2079 4951 2172 5002 tibi

598 5037 802 5103 majora
831 5035 1120 5106 proferam.

596 5127 821 5204 CAPUT
857 5127 952 5182 IX.
974 5159 1042 5168 -ο
1065 5143 1129 5184 ns
1167 5143 1426 5184 essemus
1464 5142 1658 5183 rorws
1693 5143 1955 5185 Εοειεειι
1994 5143 2169 5186 DIGNI-

1296 5214 1471 5253 TATIS.
1829 5215 1832 5218 ⁴

667 5288 832 5344 Inter.
865 5288 961 5344 Dic
1004 5303 1152 5360 ergo,
1181 5286 1369 5350 frater,
1399 5288 1599 5359 gradus
1643 5289 1993 5347 ecclesiastici
2041 5299 2174 5363 quot

598 5382 755 5436 sunt?
783 5379 936 5452 Resp.
976 5381 1051 5435 De
1078 5380 1162 5434 his
1186 5394 1305 5450 qua:
1331 5395 1477 5434 nunc
1502 5381 1776 5449 temporis,
1804 5379 1914 5435 Deo
1938 5381 2170 5447 volente,

599 5471 753 5525 nobis
785 5471 1074 5526 convenire
1099 5479 1345 5540 possunt,
1371 5478 1491 5525 octo
1515 5481 1658 5525 sunt.
1689 5469 1856 5525 Inter.
1895 5471 2171 5540 Quomodo

600 5563 976 5618 nominantur?
1005 5560 1161 5632 Resp.
1190 5559 1402 5616 Primus
1432 5562 1707 5627 ostiarius,
1739 5563 2004 5619 secundus
2029 5565 2168 5635 psal-

598 5656 777 5722 mista,
803 5653 993 5710 tertius
1015 5653 1205 5718 lector,
1235 5661 1459 5722 quartus
1485 5653 1772 5719 cxorcista,
1800 5655 2020 5724 quintus
2045 5670 2167 5711 aco-

2277 4743 2360 4798 vei
2408 4744 2560 4815 cujus
2591 4744 2645 4799 in
2672 4759 2737 4800 eo
2765 4744 2930 4800 verba
2975 4748 3284 4818 ponuntur?
3313 4747 3469 4820 Resp.
3512 4751 3869 4823 Evangelium

2279 4836 2479 4892 dicitur
2505 4837 2725 4907 proprie
2752 4835 2896 4892 bona
2932 4835 3093 4910 ωε
3129 4843 3493 4912 annuntiatio,
3519 4861 3639 4916 quas
3677 4852 3872 4920 utique

2278 4928 2618 4983 annuntiatio
2648 4936 2733 4982 est
2753 4927 2966 4984 Domini
2991 4932 3160 4986 nostri
3183 4931 3308 4988 Iesu
3345 4933 3548 4993 Christi
3571 4957 3583 4992 :
3610 4948 3666 4996 et
3693 4941 3869 5000 vitam

2278 5023 2563 5076 annuntiat
2603 5032 2726 5093 post
2755 5033 3002 5078 mortem.
3051 5025 3337 5082 Descendit
3388 5044 3569 5087 autem
3617 5034 3866 5109 Evanges

2268 5112 2404 5168 lium
2437 5113 2505 5168 ab
2531 5127 2596 5168 eo
2627 5128 2735 5183 quo
2778 5115 3062 5171 annuntict
3105 5126 3161 5172 et
3200 5121 3468 5188 ostendat,
3498 5126 3639 5194 quod
3678 5127 3728 5181 is
3765 5131 3867 5198 qui

2273 5220 2370 5276 per
2398 5207 2691 5275 prophetas
2718 5221 2844 5261 suos
2870 5206 3211 5275 loquebatur,
3251 5212 3397 5266 venit
3423 5213 3476 5266 in
3506 5230 3686 5282 carne,
3720 5218 3867 5274 sicut

2273 5297 2533 5366 scriptum
2561 5307 2641 5349 est.
2669 5314 2681 5348 :
2711 5295 2814 5360 Qui
2840 5297 3106 5368 loquebar,
3129 5315 3244 5356 ecce
3266 5302 3455 5356 adsunt
3477 5303 3632 5377 (Isai.
3659 5323 3754 5372 ut,
3775 5309 3860 5382 6).

2344 5385 2509 5440 Inter.
2548 5385 2842 5454 Explicasti
2887 5396 3068 5442 autem
3107 5391 3234 5459 quid
3277 5391 3349 5447 sit
3374 5392 3746 5466 Evangelium,
3773 5401 3864 5456 vel

2271 5474 2414 5528 unde
2473 5475 2780 5538 descendat,
2837 5492 2980 5531 nunc
3020 5479 3269 5546 obsecro,
3321 5489 3381 5536 ut
3427 5484 3561 5540 mihi
3618 5489 3862 5557 aperias,

2271 5578 2438 5632 quare
2464 5572 2696 5634 quatuor
2722 5565 2851 5632 sint,
2884 5567 2976 5638 qui
3019 5567 3134 5623 tunc
3163 5578 3317 5641 gesta
3364 5575 3725 5645 scripserunt,
3759 5594 3864 5637 seu

2269 5656 2432 5710 etiam
2460 5657 2552 5726 qui
2597 5665 2725 5712 sunt
2760 5656 2817 5712 hi
2845 5665 3080 5728 quatuor
3119 5661 3213 5729 qui
3247 5677 3354 5718 uno
3399 5664 3614 5735 spiritu,
3648 5683 3864 5724 annun-

665 5828 690 5858 ι
732 5811 828 5868 llic
855 5821 935 5869 est
965 5810 1204 5868 defectus
1233 5820 1288 5868 et
1316 5811 1515 5868 omissa
1559 5813 1786 5883 quwstio
1814 5812 1881 5870 dc
1915 5810 2167 5882 Epistolis
2203 5812 2371 5867 sancti
2395 5811 2638 5881 Joannis,
2663 5814 2730 5871 ad
2760 5830 2922 5884 quam
2950 5814 3041 5872 hic
3070 5805 3444 5888 rcSpondetur.
