4092 6550
146 473 286 532 “53

1067 468 1218 526 OPP.
1259 463 1488 524 DUBIA.
1527 491 1596 505 -—
1631 449 2048 516 DlSPUTATlO
2081 447 2490 509 PUEBOBUM.

3268 432 3406 490 1154

144 592 315 646 tiante
338 587 626 658 Propheta,
665 583 860 656 signati
897 584 1055 640 sunt?
1101 581 1257 655 Resp.
1287 581 1412 637 ldeo
1443 592 1571 652 ergo
1595 590 1721 633 con-
1749 576 1797 640 Α
1895 568 2062 626 Inter.
2091 566 2190 622 Dic
2210 564 2372 658 mihi,
2409 560 2696 658 presbyte:
2721 572 2824 658 qua
2867 555 3046 658 liugtta
3077 560 3330 658 rocafur,
3354 559 3411 606 et

143 681 438 754 scriptores
467 687 627 752 gestae
673 674 1084 748 Evangeliorum
1113 685 1346 745 quatuor
1370 687 1491 730 esse
1533 672 1721 728 dicun-

145 785 256 841 tur,
300 773 448 846 quia,
485 773 695 828 dicente
734 769 1019 840 Propheta,
1068 775 1300 838 quatuor
1342 764 1593 820 animalia
1631 778 1720 819 os-

144 875 301 922 tensa
325 879 442 921 csse
473 862 740 936 leguntur,
769 876 998 932 quorum
1032 860 1266 930 primum
1294 856 1492 913 animal
1535 862 1724 910 tenens

143 956 554 1012 similitudinem
602 952 867 1018 hominis,
915 950 1212 1007 secundum
1260 947 1451 1016 leonis,
1502 948 1724 1003 tertium

142 1046 323 1114 vituli,
346 1056 596 1117 quartum
624 1060 755 1102 vero
781 1044 993 1116 aquilze.
1027 1042 1134 1098 Sed
1158 1043 1214 1099 hi
1245 1051 1481 1112 quatuor
1507 1042 1607 1096 has
1629 1040 1724 1096 hs-

142 1139 338 1195 bentes
362 1137 559 1209 ﬁguras
597 1135 952 1206 evangelistas
973 1148 1093 1191 esse
1116 1150 1221 1189 non
1243 1132 1461 1188 dubium
1488 1139 1588 1187 est.

221 1229 386 1286 Inter.
431 1229 572 1285 Ecce
620 1228 805 1285 dixisti
849 1241 1134 1282 numerum
1163 1233 1218 1280 et
1247 1223 1446 1296 ﬁguras
1483 1222 1720 1295 singulo-

142 1339 292 1392 rum,
321 1324 480 1380 modo
516 1323 640 1380 volo
685 1331 746 1376 ut
775 1322 923 1377 dicas
963 1319 1201 1376 omnium
1230 1317 1441 1373 illorum
1484 1316 1720 1381 nomina,

141 1431 245 1471 seu
274 1414 438 1471 etiam
467 1415 536 1470 ob
567 1429 730 1484 quam
756 1413 1022 1468 rationem
1061 1409 1254 1479 singuli
1295 1423 1481 1463 eorum
1514 1409 1611 1464 bas
1640 1407 1724 1462 vi-

144 1507 382 1563 dcantur
400 1507 646 1562 obtinere
689 1503 922 1577 ﬁguras?
951 1501 1104 1574 Resp.
1139 1502 1364 1557 Nomina
1397 1516 1584 1555 eorum
1612 1501 1726 1555 haec

145 1608 277 1657 sunt
309 1618 322 1655 :
356 1599 656 1666 Matthteus,
706 1598 940 1665 Marcus,
967 1597 1160 1658 Lucas,
1217 1592 1471 1651 Ioannes.
1524 1592 1629 1649 Sed
1669 1600 1727 1646 ut

147 1690 282 1762 quid
325 1691 425 1748 has
453 1691 653 1763 ﬁguras
695 1691 995 1753 obtineant,
1027 1689 1253 1744 Domino
1291 1688 1600 1751 miserante,
1633 1701 1727 1741 ex-

142 1797 368 1856 ponam.
411 1782 576 1838 Inter.
613 1781 740 1837 Fac.
768 1781 918 1853 Resp.
953 1781 1232 1836 blatthecus
1271 1778 1474 1834 idcirco
1500 1779 1725 1846 figuram

150 1873 391 1930 hominis
421 1875 474 1928 in
504 1887 562 1928 se
593 1871 772 1937 habet,
803 1873 890 1944 qui
930 1872 998 1928 ab
1024 1872 1178 1928 initio
1206 1869 1480 1940 Evangelii
1521 1870 1602 1924 sui
1631 1883 1727 1939 ge-

1825 661 1966 717 unde
1985 665 2071 715 est
2094 653 2428 728 appellatus?
2474 650 2629 720 Resp.
2657 647 2947 718 Presbyter
2975 642 3182 709 Graece,
3214 641 3406 723 Latine

1827 754 2010 812 senior
2050 751 2474 822 interpretatur;
2526 745 2633 798 non
2679 750 2858 797 tamen
2903 745 3128 810 propter
3168 743 3404 797 aetatem,

1827 844 1914 902 vel
1939 843 2266 914 decrepitam
2293 846 2651 901 senectutem,
2689 834 2783 889 sed
2814 840 3032 904 propter
3057 829 3318 884 honorem
3355 832 3414 880 et

1830 941 2166 1014 dignitatem,
2197 952 2360 1010 quam
2386 939 2726 1006 acceperunt,
2752 931 2827 986 ita
2855 933 3138 983 vocantur.

1898 1013 2070 1088 Inter.
2101 1029 2280 1099 Quare
2305 1029 2448 1084 idem
2477 1025 2730 1082 sacerdos
2759 1019 3091 1094 appellatur?
3125 1015 3274 1086 Resp.
3309 1013 3411 1066 Sa-

1766 1117 1770 1120 ’
1825 1124 2022 1181 ‘cerdos
2057 1123 2200 1178 enim
2237 1134 2436 1178 nomen
2465 1117 2825 1189 compositum
2854 1111 3018 1169 habet
3038 1124 3102 1165 ex
3134 1105 3326 1164 Graeco
3355 1111 3412 1159 et

1830 1215 2044 1283 Latino,
2073 1215 2230 1287 quasi
2267 1226 2481 1270 sacrum
2509 1211 2664 1266 dans.
2697 1206 2962 1276 Quoniam
2988 1203 3129 1258 sicut
3155 1213 3253 1254 rex
3275 1213 3305 1252 a
3334 1211 3415 1252 re.

1830 1309 2024 1381 gendo,
2053 1308 2129 1364 ita
2156 1306 2407 1374 sacerdos
2433 1319 2465 1359 a
2489 1298 2878 1359 sanctiﬁcando
2898 1302 3122 1351 vocatus
3143 1301 3244 1348 est.
3272 1290 3416 1345 Coa-
3444 1335 3448 1340 .

1831 1409 2010 1458 secrat
2032 1401 2175 1455 enim
2200 1405 2257 1454 et
2280 1395 2602 1454 sanctiﬁcat.

2459 1501 2686 1558 CAPUT
2723 1500 2792 1555 Χ.

2491 1607 2556 1648 οε
2593 1607 2758 1648 κιεελ.

1905 1690 2071 1745 Inter.
2125 1689 2285 1756 Ecce,
2337 1686 2508 1742 frater
2545 1684 2640 1750 mi,
2675 1683 2739 1739 de
2767 1684 2975 1739 ratione
3017 1679 3300 1752 graduum,
3351 1677 3417 1733 de

1837 1786 2032 1856 quibus
2058 1780 2444 1854 interrogasti“
2478 1778 2746 1834 rationem
2777 1776 2869 1831 tibi
2893 1775 2945 1830 in
2982 1773 3170 1846 paucis
3196 1770 3415 1826 deduxi.

1835 1877 1990 1934 Nunc
2010 1885 2134 1948 peto
2165 1883 2224 1932 ut
2254 1875 2520 1930 rationem
2553 1870 2749 1937 missze,
2779 1882 2900 1941 quae
2925 1868 2994 1923 ab
3027 1866 3131 1923 illis
3171 1866 3418 1922 celebra-

147 1966 489 2025 mentionem
527 1976 583 2022 et
630 1967 968 2022 nativitatem
1009 1965 1306 2021 Salvatoris
1340 1969 1581 2018 enarret.
1641 1961 1734 2018 Sic
1765 1944 1811 2006 Β
1836 1979 1943 2036 ων,
1972 1944 2144 2040 ρίιθιιθ
2176 1977 2421 2032 vocetur,
2453 1964 2584 2020 mihi
2609 1975 2865 2034 exponas,
2903 1957 3055 2032 Resp,
3090 1957 3272 2023 Certe,
3303 1957 3416 2012 [ηι-

141 2059 297 2115 enim
319 2059 544 2132 incipit:
575 2057 728 2114 Liber
760 2058 1108 2132 generationis
1133 2057 1262 2112 Iesu
1287 2055 1484 2111 Ghristi
1515 2054 1729 2125 (Matth.

152 2167 193 2215 ι,
224 2148 300 2222 i),
329 2156 384 2205 et
411 2156 624 2204 cetera.
658 2147 869 2205 Marcus
897 2148 1068 2205 leonis
1096 2163 1290 2220 gerens
1319 2147 1567 2220 ﬁguram,
1607 2148 1734 2218 quia

146 2256 184 2293 -a
208 2239 492 2294 solitudine
539 2239 727 2310 incipit
765 2238 952 2295 dicens
993 2256 1006 2292 :
1065 2237 1182 2292 Vox
1226 2238 1502 2292 clamantis
1546 2238 1602 2292 in
1646 2237 1737 2292 de-

153 2339 292 2386 serto
315 2343 336 2386 ‘:
367 2329 560 2385 Parate
598 2330 735 2384 riam
761 2327 1016 2400 Domini(
1046 2327 1213 2384 Marc.
1247 2344 1284 2395 ι,
1320 2330 1352 2384 5
1382 2329 1420 2392 ξ.
1451 2328 1627 2383 Lucas
1657 2328 1736 2383 vi-

153 2421 254 2477 tuli
281 2423 515 2494 speciem
539 2429 734 2492 gestat,
765 2421 832 2476 ad
861 2419 1013 2488 cujus
1051 2419 1457 2474 similitudinem
1487 2418 1738 2475 Salvator

157 2523 344 2570 noster
372 2522 454 2570 est
476 2513 806 2578 immolatus,
829 2519 883 2565 et
913 2511 1034 2566 ideo
1062 2510 1238 2565 Lucas
1265 2509 1430 2565 vitulo
1457 2511 1736 2582 compara-

157 2613 266 2669 tur,
321 2605 444 2675 quia
475 2604 580 2659 duo
608 2618 809 2659 cornua
840 2603 946 2658 duo
995 2603 1354 2664 Testamenta,
1403 2611 1457 2658 et
1506 2611 1743 2673 quatuor

150 2701 352 2773 pedum
389 2696 618 2769 ungulas
643 2705 878 2766 quatuor
921 2693 1210 2766 Evangelia
1263 2695 1634 2766 designantur,
1682 2704 1740 2752 et

156 2792 286 2865 quia
313 2805 380 2846 eo
400 2798 644 2860 tempore
663 2789 815 2845 vituli
853 2792 905 2844 in
939 2788 1206 2846 sacriﬁcio
1236 2787 1619 2845 oﬁ‘erebantur.
1647 2787 1740 2844 Sic

152 2883 303 2937 enim
344 2896 374 2936 a
412 2881 784 2937 sacerdotibus
813 2879 1002 2951 incipit
1029 2899 1042 2932 :
1073 2879 1196 2934 Fuit
1219 2881 1271 2934 in
1298 2880 1478 2935 diebus
1514 2879 1739 2937 Herodis

161 2973 295 3042 regis
323 2971 566 3026 sacerdos
593 2969 806 3042 quidam
832 2972 1042 3026 nomine
1069 2969 1356 3026 Zacharias
1394 2973 1459 3026 de
1483 2972 1587 3027 vice
1605 2971 1740 3026 Abin

161 3075 211 3119 et
253 3080 388 3120 uxor
438 3065 552 3136 ejus
598 3065 662 3119 de
716 3063 926 3134 ﬁliabus
979 3063 1192 3129 Aaron,
1243 3080 1429 3120 nomen
1469 3063 1738 3120 Elisabetlt

167 3155 316 3226 (Luc.
345 3172 382 3217 ι.
407 3155 480 3229 5).
513 3154 748 3212 Joannes
777 3156 942 3212 habet
979 3155 1389 3212 similitudinem
1433 3157 1647 3226 aquilae,
1675 3173 1742 3215 eo

161 3249 311 3322 quod
354 3249 462 3304 alta
505 3250 680 3321 petiit.
722 3248 813 3304 Ait
838 3247 980 3303 enim
1012 3266 1025 3302 :
1060 3248 1128 3302 In
1155 3249 1411 3322 principio
1446 3258 1560 3304 erat
1611 3247 1738 3304 Ver-

163 3339 310 3406 bum,
333 3349 383 3395 et
411 3339 635 3396 Verbum
663 3348 776 3394 erat
809 3336 952 3407 apud
985 3338 1178 3404 Deum,
1215 3349 1264 3395 et
1298 3339 1441 3395 Deus
1463 3349 1576 3396 erat
1615 3336 1744 3396 Ver-

163 3429 319 3491 bum:
367 3430 465 3487 hoc
489 3430 677 3486 eratin
715 3430 970 3505 principio
1001 3430 1144 3503 apud
1175 3429 1342 3486 Deum
1373 3432 1554 3505 (Joan.
1593 3449 1636 3501 ι,
1664 3433 1740 3506 1).

166 3525 235 3582 Et
257 3525 426 3582 David
455 3525 586 3582 dicit
615 3526 682 3583 de
705 3540 935 3598 persona
966 3521 1168 3580 Christi
1197 3543 1210 3577 :
1235 3523 1588 3581 Renouabitur
1609 3528 1744 3584 sicut

166 3618 358 3691 aquila!
390 3619 632 3688 iuventus
675 3629 766 3674 tua
797 3617 818 3692 (
845 3616 993 3674 Psal.
1027 3633 1134 3684 cu,
1161 3616 1195 3673 5
1222 3616 1276 3691 ),
1309 3618 1361 3674 id
1408 3627 1514 3686 est,
1545 3619 1744 3676 Christi

166 3709 292 3768 Iesu
329 3711 540 3768 Domini
579 3712 748 3768 nostri
770 3753 785 3779 ,
839 3713 966 3782 quia
997 3727 1287 3783 resurgens
1317 3726 1346 3767 a
1386 3713 1615 3770 mortuis
1662 3726 1749 3768 as-

161 3805 348 3862 cendit
375 3807 442 3862 ad
472 3805 655 3862 caelos.

237 3897 406 3954 Inter.
436 3897 643 3954 Frater.
691 3907 852 3969 prout
891 3899 1060 3969 potui,
1093 3897 1230 3955 solvi
1268 3898 1367 3956 tibi
1392 3901 1750 3972 quaestionem

166 3999 335 4057 tuam,
373 4005 524 4063 rogo,
554 3991 598 4061 si
627 3988 822 4062 placet,
849 3997 906 4044 ut
930 3991 1081 4046 dicas
1119 3988 1250 4045 mihi
1285 4004 1382 4046 cur
1420 3991 1749 4065 evangelista

164 4082 222 4139 in
254 4080 602 4155 generatione
622 4078 823 4136 Christi
851 4080 1094 4137 ordinem
1123 4090 1512 4152 praeposterum
1539 4085 1753 4155 posuis-

164 4181 276 4239 set,
307 4188 428 4229 cum
451 4181 576 4227 ante
603 4169 790 4235 David,
819 4176 874 4225 et
900 4178 1088 4241 postea
1116 4172 1413 4229 nominavit
1441 4173 1754 4231 Abraham?

170 4260 324 4334 Resp.
363 4261 502 4318 Vere
530 4260 822 4317 secundum
849 4259 993 4331 quod
1023 4258 1246 4333 legendo
1277 4262 1461 4328 didici,
1494 4263 1749 4322 referam.

168 4353 270 4412 Hic
293 4353 426 4410 ordo
464 4353 518 4409 in
546 4352 650 4408 hoc
677 4350 796 4407 loco
823 4351 1151 4408 necessitate
1179 4359 1264 4408 est
1290 4360 1670 4410 commutatus.
1695 4353 1753 4411 Si

1837 2073 1941 2133 ter,
1981 2063 2253 2121 difﬁcilem
2281 2076 2395 2119 rem
2440 2073 2471 2116 a
2500 2074 2586 2115 me
2617 2055 2848 2129 requiris
2881 2072 2893 2108 :
2927 2053 3023 2108 sed
3051 2060 3232 2107 tamen
3258 2058 3420 2121 prout

1836 2171 1980 2213 nunc
2006 2157 2143 2211 ratio
2184 2153 2372 2226 exigit,
2406 2149 2700 2206 secundum
2725 2144 2872 2219 quod
2892 2144 3027 2209 scio,
3056 2142 3152 2199 tibi
3193 2155 3415 2212 respon-

1835 2249 1964 2306 dere
1992 2263 2098 2304 non
2129 2247 2354 2319 negabo.

1908 2338 2072 2395 Inter.
2103 2337 2257 2396 Unde
2292 2335 2432 2391 diota
2463 2341 2548 2391 est
2574 2330 2776 2390 missa?
2813 2327 2966 2400 Resp.
2999 2325 3082 2382 Ab
3102 2324 3418 2383 omittendo.

1837 2429 2004 2486 Inter.
2046 2429 2162 2498 Qua
2196 2425 2440 2484 ratione?
2482 2423 2637 2496 Resp.
2685 2421 2847 2478 Missa
2876 2419 3022 2476 enim
3063 2425 3306 2490 tempore
3332 2431 3424 2473 sa-

1839 2521 2172 2594 criﬁciiiest,
2201 2507 2419 2590 quando
2463 2513 2842 2574 catechumeni
2885 2511 3035 2568 foras
3073 2511 3426 2568 mittebantur

1837 2613 2104 2671 clamante
2130 2612 2324 2668 levita:
2346 2609 2404 2666 Si
2425 2610 2542 2682 quis
2561 2607 2965 2663 catechumenus
2987 2601 3251 2665 remansit,
3280 2600 3425 2671 foras

1838 2704 2101 2771 mittatur,
2133 2703 2258 2774 quia
2289 2707 2633 2756 sacramento
2668 2692 2849 2772 [Cod.,
2895 2690 3258 2764 sacramenta]
3289 2689 3428 2745 alta-

1839 2796 1916 2852 ris
1960 2795 2224 2851 interesse
2253 2807 2360 2848 non
2401 2797 2651 2861 possunt,
2699 2785 2791 2859 qui
2840 2783 3080 2841 nondum
3125 2781 3429 2854 regenerati

1839 2895 2159 2946 noscuntur.

1912 2980 2081 3038 Inter.
2112 2978 2227 3036 Hoc
2253 2975 2604 3042 sacriﬁcium,
2634 2970 2777 3044 quod
2809 2970 3012 3039 dixisti,
3055 2985 3227 3042 quare
3247 2968 3322 3024 ita
3346 2978 3433 3024 est

1841 3071 2202 3147 appellatum?
2250 3069 2405 3142 Resp.
2437 3064 2778 3124 Sacriﬁcium
2808 3070 2894 3119 est
2917 3062 3142 3130 dictum,
3181 3075 3250 3118 eo
3286 3061 3432 3132 quod

1841 3167 1914 3223 sit
1935 3177 2151 3221 sacrum
2181 3162 2385 3218 factum
2405 3202 2419 3227 ,
2461 3159 2586 3232 quia
2631 3172 2793 3231 prece
2819 3156 3048 3227 mystica
3083 3163 3435 3212 consecratur

1845 3273 1944 3332 pro
1973 3258 2129 3315 nobis
2168 3256 2222 3310 in
2264 3253 2584 3312 memoriam
2624 3251 2919 3308 Dominicte
2946 3250 3230 3322 passionis.
3278 3247 3435 3305 Unde

1849 3357 1906 3406 et
1942 3362 2008 3404 eo
2038 3347 2262 3418 iubente
2292 3347 2396 3402 hoc
2422 3358 2617 3416 corpus
2643 3351 2698 3400 et
2725 3344 3041 3416 sanguinem
3069 3339 3270 3398 Christi
3301 3340 3435 3396 dici-

1847 3454 1987 3506 mus,
2025 3437 2170 3512 quod
2197 3445 2256 3493 ut
2285 3437 2356 3492 sit
2388 3451 2455 3492 ex
2505 3434 2771 3492 fructibus
2813 3441 2974 3489 terras
3010 3432 3434 3500 sanctiﬁcatum,

1847 3541 1903 3587 et
1927 3531 1986 3588 ﬁt
2014 3537 2413 3588 sacramentum
2432 3533 2691 3601 aperante
2723 3526 3068 3583 invisibiliter
3089 3525 3290 3598 Spiritu
3314 3524 3432 3582 Dei.

1847 3620 2013 3693 Cujus
2051 3622 2208 3693 panis
2228 3627 2284 3676 et
2304 3619 2490 3676 calicis
2517 3626 2921 3675 sacramentum
2967 3615 3142 3676 Graeci
3175 3617 3437 3674 Euchari-

1847 3715 2010 3770 stiam
2057 3713 2264 3776 dicunt,
2313 3711 2459 3783 quod
2512 3709 2703 3766 Latine
2747 3708 2890 3766 bona
2945 3710 3121 3782 gratia
3170 3709 3439 3782 interpre-

1847 3813 2014 3872 tatur.

1921 3895 2088 3952 Inter.
2127 3909 2151 3936 ιι
2181 3893 2529 3970 Oﬂ'ertorium
2559 3893 2702 3950 unde
2733 3896 2998 3951 vocatur?
3018 3893 3173 3969 Resp.
3208 3895 3438 3952 Oﬂ'erto-

1853 3987 1993 4046 rium
2040 3987 2238 4044 dicitur
2283 3986 2504 4054 oblatio,
2546 4000 2613 4042 eo
2657 3987 2801 4058 quod
2850 3985 3112 4045 altaribus
3163 3987 3335 4045 fertur
3382 3999 3438 4048 et

1852 4078 2223 4138 sanctiﬁcatur
2251 4095 2282 4135 a
2308 4077 2698 4135 sacerdotibus.
3309 4063 3313 4067 ’

1906 4172 1952 4228 .I
1959 4183 2090 4229 nter.
2118 4172 2264 4228 Inter
2291 4171 2431 4228 dona
2460 4179 2516 4226 et
2554 4185 2782 4226 munera
2820 4171 2950 4242 quid
2979 4171 3246 4230 interest?
3274 4172 3434 4246 Resp.

1854 4266 2001 4323 Dona
2033 4265 2251 4337 proprie
2291 4263 2388 4319 Dei
2439 4261 2594 4337 [Cod.
2637 4263 2856 4338 divinat]
2901 4265 3181 4333 dicuntur;
3214 4281 3440 4322 munera

1856 4357 2132 4414 hominum
2180 4363 2325 4412 sunt.
2370 4353 2536 4410 Inter.
2578 4354 2694 4424 Qua
2727 4356 2978 4413 ratione?
3027 4354 3182 4428 Resp.
3217 4356 3441 4413 Munera

164 4447 316 4502 enim
345 4445 574 4517 Primum
615 4443 885 4514 9030355“
929 4444 1221 4508 Abraham,
1249 4451 1304 4499 ει
1329 4455 1517 4515 Postea
1560 4445 1752 4512 DaVid.
1856 4453 2111 4511 dicuntur
2135 4451 2415 4524 obsequia,
2440 4464 2560 4522 qua:
2587 4465 2853 4522 pauperes
2881 4448 3000 4506 loco
3029 4447 3207 4524 [Cod.,
3235 4449 3438 4525 locum]

169 4553 362 4594 rursus
384 4539 432 4593 ei
461 4535 780 4606 repetendus
806 4545 954 4592 esset
972 4534 1270 4601 Abraham,
1298 4543 1358 4590 ut
1388 4533 1756 4610 generationis
1855 4561 2142 4602 munerum
2186 4546 2442 4603 divitibus
2487 4545 2702 4601 solvunt
2743 4562 2756 4597 :
2787 4543 2988 4600 donum
3038 4551 3219 4601 autem
3242 4585 3258 4610 ,
3298 4544 3442 4616 quod

168 4628 346 4686 series
372 4635 660 4683 teneretur.
713 4624 880 4680 Inter.
914 4624 1095 4694 Quare
1119 4627 1332 4683 caeteris
1367 4629 1736 4700 praetermissis

1855 4637 1971 4696 Deo
1993 4639 2174 4695 datur.
2202 4637 2356 4695 Unde
2381 4646 2436 4695 et
2454 4638 2509 4694 in
2535 4638 2747 4709 templis
2771 4639 2995 4696 donaria
3024 4639 3275 4697 dicimus.

169 4723 366 4780 horum
388 4719 554 4776 ﬁlium
581 4734 705 4776 eum
727 4689 1097 4792 nuncupavit?
1121 4717 1276 4790 Resp.
1301 4689 1426 4777 Ideo
1445 4719 1596 4777 illum
1623 4723 1754 4779 isto-
1780 4689 1830 4750 Ι)
1857 4689 1893 4694 ﬁ
1908 4689 2368 4787 viniswr'.—31J.;},};
2385 4689 2406 4695 ν
2420 4689 3444 4805 ξ-ἓεὲ-Ῑῖυηῦῐέυηιυιι

171 4828 294 4871 rum
341 4811 512 4868 ﬁlium
537 4827 659 4868 esse
687 4812 958 4879 dixerunt,
989 4812 1116 4883 quia
1146 4812 1214 4868 ad
1243 4813 1344 4869 hos
1369 4821 1578 4870 tantum
1608 4812 1753 4872 facta
1857 4840 2086 4882 munera
2128 4839 2195 4886 eo
2223 4822 2369 4895 quod
2413 4825 2662 4880 manibus
2685 4823 2772 4881 vel
2813 4824 3169 4897 accipiamur,
3197 4823 3282 4881 vel
3309 4825 3445 4882 dan.

169 4919 292 4962 esse
321 4905 664 4979 repromissio
689 4903 907 4976 legitur.

1855 4927 1965 4971 tur.
1997 4914 2164 4971 Inter.
2210 4913 2352 4984 Quot
2387 4921 2532 4981 sunt,
2569 4930 2689 4987 quae
2732 4913 3066 4972 oil'eruntur?
3110 4914 3268 4989 Resp.
3302 4917 3439 4973 Duo.

243 4998 409 5055 Inter.
453 4996 699 5068 Qualiter
729 4998 1016 5071 promissio
1050 4996 1193 5054 facta
1230 5007 1316 5055 est
1352 4997 1422 5053 ad
1453 4997 1728 5056 Abraham

1860 5007 2027 5064 Inter.
2070 5008 2236 5076 Qtnn?
2282 5007 2438 5080 Resp.
2493 5007 2703 5064 Donum
2756 5016 2812 5063 et
2863 5009 3210 5065 sacriﬁcium.
3271 5009 3437 5065 Inter.

171 5098 229 5148 ει
253 5090 489 5162 qualiter
509 5089 576 5146 ad
601 5089 772 5146 David
796 5088 820 5143 ?
843 5086 998 5161 Resp.
1034 5087 1271 5146 Abrahae
1295 5090 1501 5146 dictum
1530 5097 1615 5147 est
1639 5103 1657 5146 :
1687 5090 1755 5145 In
1859 5099 1999 5169 Quid
2027 5107 2114 5156 est
2161 5100 2395 5156 donum?
2439 5097 2597 5171 Resp.
2633 5099 2844 5155 Donum
2890 5107 2996 5165 est,
3025 5099 3278 5171 quicquid
3309 5115 3444 5156 auro

171 5185 368 5237 semine
398 5190 487 5237 tuo
521 5181 886 5236 benedicentur
903 5196 1080 5234 omnes
1107 5193 1281 5251 gentes
1313 5177 1460 5253 (Cen.
1498 5197 1632 5246 xxii,
1673 5179 1756 5251 l8)
1862 5201 2192 5264 argentoque
2220 5200 2309 5246 aut
2334 5191 2577 5262 qualibet
2602 5190 2705 5246 alia
2739 5192 2917 5262 Specie
2947 5178 3188 5246 edicitur.

173 5284 353 5336 ἱέντων
409 5273 551 5344 (Ιιιοά
601 5278 684 5328 εει
727 5269 996 5327 cummi
1043 5270 1212 5326 Dav“
1249 5285 1379 5327 vero
1412 5289 1425 5326 ³
1464 5271 1543 5326 De
1581 5273 1758 5344 Ῑηιεικ
1935 5283 2099 5340 Inter.
2127 5282 2267 5352 Quid
2291 5292 2376 5339 est
2400 5279 2767 5340 sacriﬁcium?
2801 5279 2959 5354 Resp.
2993 5280 3334 5340 Sacriﬁcium
3361 5289 3447 5336 est

172 5365 367 5422 reﬂuis
398 5364 474 5418 tui
506 5379 700 5434 ponam
740 5377 898 5434 super
931 5361 1106 5418 sedem
1145 5370 1291 5416 tuam
1329 5359 1529 5436 (Psat.,
1569 5377 1734 5419 cxxxt

1861 5378 2082 5434 victima
2110 5386 2167 5433 et
2186 5389 2518 5447 quaecunque
2544 5375 2601 5431 in
2633 5390 2728 5430 ara
2754 5380 3088 5440 cremantur,
3114 5388 3210 5430 seu
3235 5387 3447 5443 ponun-

175 5457 288 5532 Η).
320 5456 444 5513 Haec
473 5472 644 5528 pauca
680 5463 904 5527 propter
948 5455 1271 5512 brevitatem
1302 5455 1410 5512 diei
1454 5456 1520 5512 de
1553 5458 1762 5512 ratione
1867 5476 1974 5525 ων,
1999 5468 2165 5542 536
2193 5467 2329 5536 Quia
2355 5482 2537 5536 omne,
2578 5467 2723 5539 quod
2755 5467 2870 5523 Deo
2891 5467 3065 5530 ἀίων,
3109 5473 3205 5521 θυι
3235 5465 3448 5521 dicam,

176 5553 592 5625 Evangeliorum
639 5553 1177 5624 conscriptorumque
1229 5567 1471 5618 suorum.
1511 5553 1555 5607 Si
1586 5551 1764 5624 placet
1866 5569 1958 5615 aut
1999 5570 2368 5617 consecratur.
2418 5559 2584 5616 Inter.
2633 5558 2748 5626 Qua
2788 5557 3038 5613 ratione?
3082 5555 3235 5625 Resp.
3289 5553 3444 5622 Quoi

179 5646 536 5705 dominationi
560 5643 900 5710 vestrae,hac
922 5645 1042 5700 vice
1061 5643 1306 5700 suﬁiccre
1325 5652 1554 5716 possunt
1579 5642 1763 5719 [Cod.,
1864 5653 2010 5707 enim
2060 5652 2293 5718 dicatur,
2339 5650 2568 5707 dicendo
2612 5650 2794 5718 datur,
2841 5651 2984 5705 unde
3031 5656 3088 5704 et
3123 5647 3440 5720 appellatur.

178 5736 404 5814 potest].
455 5735 622 5793 Inter.
652 5735 806 5794 Nunc
855 5737 925 5793 ad
969 5746 1168 5794 czetera
1203 5747 1564 5796 transeamus.
1607 5735 1760 5810 Resp.
1867 5742 2023 5800 Unde
2049 5749 2265 5809 errant,
2291 5742 2382 5814 qui
2416 5743 2882 5799 consecrationem
2927 5741 3322 5798 dedicationem
3348 5751 3446 5807 pu-

182 5833 326 5898 Γίᾶιν
355 5841 415 5887 ut
441 5831 596 5889 dicis.
1869 5843 1987 5891 tant
2043 5833 2357 5905 signiﬁcari.
2425 5833 2594 5890 Inter.
2657 5833 2958 5890 lmmolatio
3017 5832 3162 5888 unde
3206 5831 3446 5888 dicitur?

245 5962 271 5993 ι
305 5949 425 6008 Isid.
463 5947 584 6004 libr.
613 5963 666 6002 vr
695 5945 842 6021 Orig.
877 5960 995 6018 cap.
1028 5946 1113 6004 i9.
