4092 6500
573 374 606 450 ἰ
624 392 722 450 [35

1396 389 1457 443 Β.
1499 385 1562 443 F.
1595 380 1825 442 ALBlNl
1861 378 1992 438 εει]
2035 373 2311 434 Αιουιξει
2349 370 2635 432 ΟΡΕΒυΜ
2673 367 2856 425 PARS
2895 361 3026 422 Vlll.

3743 357 3813 411 LI
3834 356 3925 411 ’νϐ

576 513 734 583 Resp.
785 505 1086 566 Immolatio
1117 507 1186 562 ab
1221 504 1458 574 antiquis
1493 511 1580 559 est
1618 500 1783 564 dicta,
1815 512 1882 552 eo
1929 494 2074 568 quod
2115 492 2170 583 in
2201 496 2245 554 Α
2274 501 2419 544 tuom
2480 487 2701 542 laudant
2760 482 2971 553 angeli.
3015 495 3187 550 usque
3235 478 3301 534 ad
3347 493 3472 535 eum
3526 477 3729 542 locum,
3796 475 3920 530 ubi

573 582 714 660 mola
737 599 920 676 [Isid.,
951 597 1114 671 mole]
1141 595 1328 652 altaris
1359 593 1589 650 victimae
1618 589 1977 676 caederentur.
2012 582 2164 676 Unde

574 702 630 750 et
655 672 914 748 mactatio
928 696 1052 761 post
1065 684 1510 742 immolationem.
1536 677 1690 735 Nunc
1705 685 1887 733 autem
1919 672 2164 729 immola-

577 791 652 841 tio
674 785 830 856 panis
854 790 906 837 et
931 779 1116 837 calicis
1145 774 1417 835 convenit.

651 851 815 934 Inter.
845 874 983 943 Quid
1008 882 1092 928 est
1111 867 1332 925 libatio?
1361 864 1518 935 Resp.
1553 857 1767 916 Libatio
1794 851 2169 912 tantummodo

577 969 762 1026 salicis
794 975 879 1024 est
912 964 1133 1022 oblatio.
1174 960 1328 1018 Unde
1357 957 1593 1012 dicitur:
1625 951 1694 1008 Et
1729 949 1908 1005 libavit
1943 948 2010 1000 de
2038 962 2168 1000 san—

578 1065 735 1135 guine
762 1076 873 1115 ttth
903 1055 1095 1130 (Eecli.
1120 1072 1175 1118 r.,
1207 1052 1328 1124 lii);
1365 1065 1488 1105 nam
1519 1047 1689 1135 libare
1717 1041 1948 1135 fundere
1969 1045 2072 1093 est.

652 1150 820 1206 Inter.
857 1126 1058 1204 Hostiae
1095 1142 1236 1200 unde
1265 1135 1564 1196 vocantur?
1607 1132 1764 1204 Resp.
1800 1130 2000 1184 Hostia:
2030 1126 2173 1197 apud

579 1256 792 1302 veteres
829 1240 1150 1298 dicebantur
1173 1232 1461 1298 sacriﬁcia,
1499 1243 1619 1301 quze
1644 1224 1849 1282 ﬁebant
1882 1230 2173 1292 antequam

583 1343 652 1397 ad
678 1341 889 1395 hostem
919 1338 1226 1407 pergerent.

657 1429 820 1483 Inter.
853 1404 990 1492 Quid
1027 1404 1152 1477 sunt
1183 1418 1436 1481 victimae,
1469 1423 1524 1470 et
1559 1426 1727 1484 quam
1767 1411 1840 1465 ita
1879 1404 2177 1464 vocantur?

585 1519 743 1590 Resp.
775 1517 1020 1572 Victima:
1059 1512 1309 1567 dicuntur
1339 1505 1606 1563 sacriﬁcia
1627 1547 1640 1572 ,
1673 1518 1794 1575 quae
1836 1512 1959 1573 post
2007 1499 2180 1556 victo-

587 1615 723 1669 riam
754 1609 977 1666 devictis
997 1604 1243 1660 hostibus
1270 1598 1638 1656 immolabant.
1668 1595 1738 1649 Et
1761 1602 1916 1650 erant
1944 1591 2179 1648 victima:

589 1704 792 1773 majora
839 1695 1132 1756 sacriﬁcia,
1179 1707 1344 1762 quam
1391 1689 1588 1745 hostia.
1619 1685 1723 1741 Alii
1753 1684 2028 1740 victimam
2065 1680 2174 1737 dic-

588 1804 697 1848 tam
724 1795 1067 1863 putaverunt,
1095 1785 1221 1855 quia
1248 1785 1356 1838 ictu
1377 1794 1637 1852 percussa
1663 1777 1910 1834 cadebat.
1942 1774 2026 1830 vel
2049 1775 2174 1845 quia

587 1885 769 1938 vincta
796 1880 865 1936 ad
893 1893 1019 1932 aras
1041 1875 1358 1931 ducebatur.

642 1972 825 2026 .Inter.
870 1967 1256 2024 lloloeaustum
1311 1959 1453 2016 unde
1496 1958 1756 2014 vocatur?
1808 1957 1965 2026 Resp.
2016 1951 2175 2008 Holo-

589 2073 835 2120 caustum
876 2071 975 2124 est,
1019 2057 1110 2113 ubi
1150 2064 1321 2110 totum
1368 2053 1491 2125 igne
1520 2052 1878 2110 consumitur,
1928 2045 2070 2117 quod
2099 2042 2179 2098 of—

593 2156 784 2209 fertur.
845 2148 986 2206 Helo
1037 2143 1240 2221 [ὅλον]
1279 2143 1426 2200 enim
1473 2140 1663 2198 Graece
1715 2148 1885 2194 totum
1952 2136 2178 2199 dicitur,

591 2247 610 2318 ἱ
642 2252 827 2305 καῦσις
858 2236 1120 2310 incensio]
1156 2233 1337 2291 :uude
1377 2241 1433 2290 at
1467 2231 1863 2294 holocaustum,
1891 2239 2067 2286 totum
2098 2229 2182 2283 in-

591 2350 836 2393 censum.

666 2428 832 2482 Inter.
871 2423 1009 2493 Quid
1051 2429 1179 2478 sunt
1226 2419 1596 2476 caeremoniae?
1646 2415 1802 2486 Resp.
1835 2414 2185 2471 Czeremonitc

595 2525 737 2594 apud
767 2521 986 2574 Latinos
1015 2517 1270 2570 dicuntur
1300 2529 1456 2568 sacra
1485 2511 1686 2576 omnia,
1716 2525 1835 2579 quae
1869 2509 2010 2580 apud
2035 2508 2184 2563 Grsev

595 2632 688 2672 eos
713 2614 860 2684 orgia
883 2619 1164 2666 vocantur.
1208 2605 1435 2676 Proprie
1465 2611 1644 2657 autem
1678 2602 1850 2656 visunt
1879 2610 1961 2657 est
1992 2602 2181 2656 docto—

596 2710 746 2764 ribus
775 2722 802 2758 a
830 2703 1063 2760 carendo
1093 2699 1352 2772 appellari
1381 2696 1725 2760 casremonia,
1767 2696 1922 2766 quasi
1951 2694 2185 2749 carimo-

599 2800 734 2860 nias,
778 2811 843 2849 eo
863 2793 1003 2863 quod
1043 2805 1130 2856 ea,
1179 2805 1300 2859 quae
1338 2788 1391 2842 in
1430 2787 1603 2842 sacris
1632 2787 1828 2842 divinis
1857 2784 2182 2849 olferuntur,

599 2891 650 2942 in
700 2901 797 2941 suo
842 2900 939 2938 usu
986 2883 1040 2938 id
1078 2887 1332 2936 carerent
1379 2879 1647 2934 homines.
1692 2877 1795 2932 Alii
1830 2877 2186 2932 caeremonias

595 2969 1041 3048 proprie,[Cod..,
1092 2966 1336 3042 propria]
1379 2967 1434 3022 in
1480 2967 1952 3022 observationibus
1976 2964 2185 3020 Iudaeo-

599 3087 716 3124 rum
743 3067 997 3130 credunt;
1041 3061 1430 3118 abstinentiam
1475 3059 1682 3115 scilicet
1706 3057 2063 3129 quarumdam
2101 3071 2188 3112 es-

598 3174 783 3215 carum
813 3155 1110 3213 secundum
1131 3161 1373 3207 veterem
1398 3148 1592 3221 legem,
1626 3162 1693 3203 eo
1720 3151 1862 3218 quod
1887 3149 2184 3205 observan-

602 3261 681 3305 tes
715 3259 935 3304 careant
960 3247 1045 3302 his
1072 3245 1234 3300 rebus
1257 3242 1451 3314 quibus
1477 3257 1537 3296 se
1559 3241 1939 3295 abstinuerint.

673 3341 838 3396 Inter.
868 3340 984 3410 ipsa
1013 3336 1179 3392 missa
1209 3349 1240 3389 a
1269 3349 1377 3404 quo
1403 3330 1655 3402 pontifice
1681 3332 1911 3402 sumpsit
1936 3327 2189 3385 initium?

604 3436 762 3506 Resp.
795 3447 819 3474 ι
861 3431 1007 3487 Ordo
1051 3437 1228 3484 autem
1273 3426 1451 3480 missa:
1491 3422 1576 3478 vel
1622 3423 1953 3485 orationum,
1993 3419 2189 3489 quibus

601 3525 780 3582 oblata
820 3525 929 3580 Deo
968 3519 1234 3578 sacriﬁcia
1279 3522 1698 3578 consecrantur,
1739 3513 1916 3584 primo
1944 3525 1976 3566 a
2002 3518 2190 3566 sancto

603 3618 766 3675 Petro
808 3621 892 3671 est
939 3614 1237 3677 institutus,
1292 3607 1446 3677 cujus
1492 3605 1911 3662 celebrationem
1949 3618 2060 3658 uno
2101 3615 2193 3657 eo-

604 3712 836 3779 demque
863 3701 1126 3761 vocabulo
1151 3701 1437 3756 universus
1463 3696 1677 3769 peragit
1703 3696 1872 3752 orbis.

677 3800 844 3856 Inter.
892 3796 1132 3854 Obsecro
1180 3791 1476 3856 humiliter,
1528 3788 1659 3859 quid
1687 3788 1742 3842 in
1787 3785 1977 3843 eadem
2026 3786 2193 3840 missa

605 3893 967 3952 contineatur,
999 3897 1059 3941 ut
1099 3883 1229 3940 mihi
1258 3883 1470 3952 aperire
1513 3894 1624 3935 non
1661 3875 1990 3949 dedigneris.
2033 3873 2189 3944 Resp.

607 3987 775 4042 Prout
794 3981 1035 4050 intelligo
1062 3978 1256 4033 dicam.
1290 3973 1345 4027 In
1371 3971 1563 4028 ordine
1589 3970 1754 4024 totius
1777 3968 1956 4023 missae
1985 3974 2194 4035 septem

609 4079 887 4134 orationes
905 4072 1269 4128 continentur.
1316 4063 1485 4119 Inter.
1514 4061 1646 4131 Quae
1669 4069 1796 4116 sunt
1841 4058 1994 4114 haec?
2039 4055 2191 4124 Resp.

611 4170 793 4225 Prima
831 4161 1143 4221 earumdem
1172 4158 1364 4220 oratio,
1396 4154 1488 4209 ubi
1520 4153 1754 4209 dicitur:
1801 4148 2060 4204 Dominus
2110 4163 2198 4199 vo-

613 4263 833 4317 hiscum.
860 4253 945 4309 vel
971 4250 1214 4312 Oremus,
1247 4245 1543 4302 admonitio
1568 4252 1654 4299 est
1681 4256 1808 4313 erga
1834 4237 2110 4312 populum,
2140 4246 2198 4292 ut

615 4352 920 4406 excitentur
964 4344 1031 4398 ad
1073 4342 1241 4396 Deum
1291 4335 1642 4392 adorandum.
1701 4331 1950 4388 Secunda
1980 4327 2198 4401 quidem

615 4445 861 4507 collecta,
907 4452 1026 4509 quae
1075 4433 1316 4506 postth
1360 4429 1603 4499 sequitur
1626 4469 1640 4492 ,
1691 4425 1964 4482 invocatio
2007 4430 2093 4478 est
2133 4419 2201 4474 ad

622 4539 807 4598 Deum,
864 4541 922 4586 ut
961 4528 1256 4586 clementer
1315 4521 1574 4591 suscipiat
1624 4531 1816 4590 preces
1859 4512 2098 4570 lideiium
2147 4520 2205 4567 et

2266 597 2467 636 osanna
2499 582 2554 634 in
2599 577 2815 632 arcebis
2842 574 3075 629 canitur.
3123 571 3179 626 In
3223 586 3329 639 qua
3359 569 3526 626 etiam
3559 568 3624 622 ad
3654 566 3920 621 laudem

2268 672 2611 728 terrestrium
2668 676 3080 730 creaturarum,
3137 663 3511 732 virtutumque
3562 659 3915 716 t'mlcstiuna

2267 763 2598 818 universitas
2623 770 2972 832 provocatur.
2999 755 3170 813 Porro
3192 767 3340 810 sexta
3367 753 3564 808 exhinc
3593 750 3868 807 succedit
3892 765 3913 804 :

2271 853 2344 909 Te
2378 854 2540 926 igitur
2571 893 2586 919 ,
2613 851 3012 907 clementissime
3045 845 3233 911 Pater,
3262 860 3385 916 qua:
3414 853 3495 898 ιιςι
3520 841 3914 898 confirmatio

2271 947 2640 1009 sacramenti;
2699 953 2760 999 ut
2811 943 3016 1000 oblatio
3065 938 3401 996 sanctiﬁcata
3452 952 3553 1008 per
3601 933 3913 1006 Spiritum

2273 1047 2522 1094 sanctum
2547 1035 2574 1077 δ
2604 1051 2802 1106 corpus
2823 1045 2878 1088 et
2920 1031 3238 1104 sanguinem
3269 1026 3642 1086 conformetur
3667 1037 3716 1078 ο.
3743 1025 3916 1094 ενι)-

2275 1132 2406 1187 tima
2435 1144 2567 1184 vero
2593 1128 2769 1184 oratio
2799 1134 2902 1192 est,
2937 1139 3098 1196 quam
3127 1124 3388 1179 Dominus
3418 1129 3602 1178 noster
3629 1120 3905 1190 discipu-

2275 1222 2344 1279 lis
2368 1224 2482 1278 suis
2502 1221 2737 1278 instituit
2760 1233 2916 1275 orare
2943 1217 3132 1274 dicens
3159 1232 3173 1270 :
3210 1213 3370 1270 Pater
3391 1223 3589 1280 noster,
3612 1213 3703 1283 qui
3731 1228 3800 1266 es
3841 1212 3910 1264 iss

2278 1313 2443 1370 caelis.
2876 1354 2878 1356 τ

2349 1407 2519 1464 Inter.
2573 1406 2669 1462 Dic
2716 1403 2847 1460 mihi
2879 1404 2984 1459 bac
3020 1401 3266 1458 oratione
3294 1406 3430 1471 quot
3463 1397 3758 1470 petitiones
3792 1395 3905 1451 ha-

2278 1501 2512 1558 bentur?
2566 1497 2723 1567 Resp.
2773 1498 2888 1568 Ego
2926 1495 3177 1569 respondi
3222 1493 3316 1549 tibi
3359 1494 3413 1546 in
3464 1492 3671 1564 paucis.
3715 1497 3906 1562 prout

2281 1593 2427 1656 novi,
2461 1592 2726 1648 rationem
2759 1590 2961 1645 missae.
2990 1586 3158 1642 Inter.
3195 1584 3348 1639 Nunc
3373 1586 3620 1648 obsecro,
3652 1591 3712 1635 ιιι
3742 1582 3897 1636 mihi

2280 1686 2548 1749 similiter,
2580 1693 2743 1756 prout
2782 1681 3058 1752 intelligis,
3089 1679 3217 1749 quid
3250 1679 3301 1732 in
3334 1681 3432 1732 ista
3459 1679 3710 1732 oratione
3739 1691 3894 1731 con-

2280 1780 2536 1844 tineatur,
2590 1777 2773 1832 dicere
2797 1790 2902 1829 non
2932 1773 3185 1841 abnepos.
3223 1770 3377 1840 Resp.
3412 1769 3575 1823 Prom
3609 1767 3891 1838 intelligo,

2211 1858 2258 1917 Β
2285 1869 2501 1940 faciam.
2529 1870 2586 1924 In
2627 1870 2727 1924 hac
2766 1867 3014 1921 oratione
3040 1873 3246 1936 septem
3276 1861 3567 1931 petitiones
3589 1860 3894 1914 continen-

2283 1973 2388 2019 tur.
2423 1963 2586 2018 Inter.
2643 1962 2772 2030 Quae
2801 1968 2927 2016 sunt
2955 1959 3070 2014 liae?
3108 1954 3264 2026 Resp.
3320 1955 3500 2010 Prima
3553 1963 3679 2009 est:
3718 1951 3890 2008 Pater

2283 2065 2486 2118 noster,
2527 2055 2617 2125 qui
2657 2071 2710 2107 es
2760 2054 2814 2105 in
2854 2049 3030 2113 catis,
3083 2047 3443 2115 sanctiﬁretur
3483 2061 3672 2099 nomen
3704 2053 3879 2097 tum.

2283 2147 2532 2204 Secunda
2565 2168 2574 2199 ;
2606 2145 2864 2200 Adveniet
2908 2156 3125 2213 regnum
3168 2148 3336 2193 tuum.
3368 2135 3548 2192 Tertia
3579 2151 3593 2192 :
3628 2132 3757 2189 Fiat
3791 2151 3884 2190 eo-

2283 2238 2458 2292 luntas
2489 2247 2599 2298 tua,
2633 2235 2767 2290 sicut
2795 2235 2850 2287 in
2876 2236 3002 2286 casto
3032 2232 3158 2285 etin
3191 2240 3348 2282 terra.
3383 2227 3587 2294 Quarta
3616 2241 3632 2280 :
3676 2223 3892 2281 Pam

2284 2341 2518 2385 nostrum
2547 2327 2916 2397 quotidianum
2945 2324 3014 2378 da
3045 2323 3193 2378 nobis
3222 2322 3392 2375 hodie.
3420 2318 3619 2387 Quinta
3653 2336 3666 2372 :
3698 2316 3767 2372 Et
3801 2317 3895 2370 di-

2284 2425 2433 2477 mitte
2458 2423 2607 2477 nolris
2636 2420 2810 2474 debita
2847 2427 3045 2482 nostra,
3087 2417 3222 2470 sicut
3242 2425 3290 2467 et
3316 2431 3411 2468 nos
3441 2411 3752 2467 dimittimus
3784 2409 3891 2465 de-

2286 2514 2540 2568 bitoribus
2577 2512 2790 2567 nostris.
2819 2509 2981 2564 Sexta
3013 2527 3024 2560 :
3053 2506 3120 2561 Et
3153 2522 3214 2561 ne
3239 2524 3330 2559 nos
3361 2505 3582 2559 inducas
3620 2507 3672 2557 itt
3692 2512 3882 2556 tenta-

2286 2605 2502 2658 tionent.
2535 2600 2775 2673 Septima
2811 2619 2820 2653 :
2858 2598 2961 2654 Sed
2991 2597 3160 2652 libera
3186 2613 3283 2651 nos
3307 2614 3340 2649 α
3359 2594 3520 2650 maio.

2357 2691 2527 2750 Inter.
2571 2692 2727 2747 Nunc
2771 2689 3024 2751 obsecm,
3063 2693 3122 2741 ut
3149 2687 3301 2742 dicas
3337 2683 3488 2749 mihi.
3519 2682 3650 2755 quid
3681 2682 3736 2737 in
3783 2681 3890 2736 iis.

2287 2787 2409 2844 dem
2433 2783 2785 2856 petitionibus
2810 2780 3196 2837 contineatur?
3245 2777 3401 2848 Resp.
3433 2775 3458 2817 ιι
3486 2773 3542 2831 in
3574 2775 3751 2830 tribus
3773 2775 3889 2845 pri-

2289 2880 2393 2936 mis
2412 2889 2618 2934 acterna
2643 2884 2940 2948 poscuntur
2969 2892 2981 2927 :
3017 2874 3070 2929 in
3097 2872 3452 2942 sequentibus
3481 2877 3722 2939 quatuor
3747 2876 3881 2923 tern-

2289 2971 2515 3046 poralia,
2549 2986 2668 3042 qua
2698 2979 2880 3026 tamen
2908 2975 3144 3038 .pmpter
3173 2976 3374 3020 teter-ns
3413 2961 3761 3032 adipiscenda
3794 2974 3883 3032 pc-

2290 3073 2497 3119 tuntur.
2541 3060 2709 3118 Intsr.
2740 3058 3053 3129 Quomodo?
3087 3055 3239 3126 Resp.
3267 3054 3404 3111 Nam
3438 3068 3566 3110 cum
3601 3053 3876 3108 dicimus:

2293 3154 2669 3225 Sancti/iretur
2716 3167 2904 3207 nomen
2949 3159 3117 3204 ttttttn.
3157 3147 3411 3201 Adveniet
3440 3160 3659 3215 regnum
3706 3154 3886 3200 trram.

2212 3229 2260 3296 ϐ
2291 3244 2419 3301 Fiat
2453 3245 2694 3302 voluntas
2724 3251 2838 3309 tua,
2868 3243 3003 3297 sicut
3032 3243 3087 3296 in
3113 3239 3238 3294 calo
3265 3249 3313 3293 et
3337 3241 3392 3293 in
3422 3248 3584 3293 terra.
3627 3236 3730 3293 llic
3757 3240 3888 3308 qui-

2289 3338 2412 3395 dem
2452 3337 2556 3392 ista
2582 3336 2686 3390 tria
2716 3333 3058 3396 inchoantur,
3090 3331 3182 3385 sed
3209 3329 3263 3384 in
3304 3327 3394 3383 illa
3418 3326 3530 3383 vita
3566 3334 3888 3398 sperantur,

2289 3430 2380 3484 ubi
2409 3423 2766 3484 sanctiﬁcatio
2797 3421 2913 3486 Dei,
2962 3429 3019 3477 et
3045 3419 3294 3475 voluntas
3321 3428 3377 3475 et
3409 3432 3628 3491 regnum
3661 3415 3713 3471 in
3751 3431 3888 3472 san-

2291 3520 2394 3576 ctis
2436 3521 2550 3575 suis
2596 3515 2975 3572 immortaliter
3002 3511 3371 3585 permanebit.
3405 3508 3522 3565 Iam
3558 3523 3686 3565 vero
3723 3509 3890 3580 postis

2289 3613 2648 3684 quotidianus,
2695 3610 2788 3682 qui
2815 3610 2899 3664 vel
2932 3606 3126 3663 anime
3153 3604 3237 3662 vel
3270 3605 3424 3662 carni
3467 3603 3741 3667 tribuitur,
3792 3603 3893 3660 hic

2291 3704 2620 3774 csposcitur.
2671 3699 2692 3774 [
2726 3698 2873 3756 Ollio
2915 3706 3038 3770 post
3081 3696 3383 3753 subsidium
3427 3696 3567 3758 cibi.
3620 3694 3778 3750 venia
3817 3694 3892 3751 ad

2291 3793 2600 3862 exemplum
2637 3790 2892 3846 fraternae
2943 3785 3623 3860 indulgentiaapostulatur
3656 3804 3668 3838 :
3700 3786 3791 3841 hic
3817 3798 3894 3840 ne

2293 3886 2348 3941 in
2401 3883 2612 3956 peccati
2667 3880 3026 3937 tentationem
3099 3879 3429 3944 incidamus,
3498 3874 3889 3948 exposcimus]

2295 3973 2393 4030 liic
2439 3981 2562 4044 post
2584 3970 2768 4027 omnia
2797 3978 2857 4026 ut
2878 3967 3085 4024 amalis
3113 3968 3446 4035 liberemur,
3482 3964 3578 4022 Dei
3627 3966 3889 4023 auxilium

2296 4067 2663 4138 imploramus.
2697 4063 2756 4118 ln
2778 4063 2956 4118 tribus
2985 4070 3190 4126 autem,
3219 4075 3340 4132 quas
3369 4059 3621 4130 superius
3641 4057 3778 4119 dixi,
3806 4058 3885 4113 ni-

2297 4158 2372 4212 hil
2403 4158 2598 4213 horum
2625 4164 2727 4211 est.
2774 4153 2924 4210 Hanc
2956 4155 3136 4222 itaque
3157 4154 3461 4207 orationem
3507 4147 3759 4205 Salvator
3782 4149 3884 4204 dis-

2299 4249 2503 4320 cipulos
2528 4264 2655 4304 suos
2689 4247 2890 4310 docuit,
2920 4248 2973 4301 in
3002 4261 3108 4316 qua
3137 4258 3261 4319 spes
3290 4243 3604 4301 continetur
3627 4240 3876 4305 Idalium,

2299 4348 2354 4397 et
2373 4339 2645 4398 confessio
2654 4348 3034 4412 peccatorum.

2924 4427 3152 4486 CAPUT
3178 4427 3268 4484 XI.

2848 4537 3047 4578 INCIPIT
3087 4536 3152 4575 ιιι
3191 4533 3333 4575 FIDE.

621 4625 920 4682 oblationes
968 4631 1175 4673 eorum.
1230 4612 1414 4666 Tertia
1465 4618 1646 4666 autem
1685 4603 1976 4661 effunditur
2025 4601 2202 4658 oratio
2231 4594 2278 4654 Β
2383 4611 2679 4669 “mnta”
2708 4613 2963 4682 summa,
2997 4609 3104 4667 sed
3133 4608 3409 4681 quoniam,
3427 4607 3570 4664 sicut
3595 4609 3752 4669 εοειί,
3785 4621 3887 4662 om.

619 4734 718 4789 pro
738 4693 1108 4772 olferentibus,
1140 4708 1250 4762 sive
1280 4717 1379 4775 pro
1407 4698 1677 4758 defunctis
1702 4695 1971 4760 ﬁdelibus,
2000 4695 2056 4751 in
2085 4692 2199 4750 col-

620 4814 760 4866 lecta
789 4822 907 4879 qua:
935 4804 1129 4861 dicitur
1159 4809 1280 4872 post
1320 4795 1572 4854 sacriﬁcii
1611 4793 1996 4866 rcceptionem,
2018 4797 2080 4847 ut
2107 4805 2205 4861 per

623 4905 763 4958 idem
805 4896 984 4970 [ϐοείη
1014 4891 1284 4963 eumdem]
1321 4887 1647 4945 sacriﬁcium
1688 4885 1902 4942 veniam
1947 4882 2203 4950 consequi

623 4997 956 5050 mercantur.
988 4987 1215 5054 Quarta,
1239 4996 1361 5056 quae
1386 4980 1625 5051 posuisse
1646 4975 1878 5033 infertur
1896 4989 1997 5047 pro
2022 4973 2206 5029 osculu

625 5086 776 5160 pacis
803 5092 859 5139 et
896 5080 1157 5136 charitate
1196 5071 1652 5131 reconciliationis
1682 5085 1714 5124 ι
1749 5068 1976 5124 Sursum
2021 5067 2206 5127 corda,

628 5194 801 5249 usque
861 5191 954 5247 per
1009 5172 1275 5228 Christum
1331 5167 1618 5224 Dominum
1679 5175 1938 5221 nostrum.
2011 5161 2210 5230 Quinta

631 5269 822 5324 deinde
842 5267 1059 5338 ponitur
1079 5260 1264 5317 inlatio
1287 5257 1468 5333 [Isid.,
1495 5255 1684 5329 illatio]
1711 5255 1765 5310 in
1786 5251 2215 5309 sanctiﬁcatione

633 5355 941 5420 oblationis,
969 5369 999 5408 a
1021 5351 1162 5416 loco.
1193 5351 1282 5405 ubi
1310 5349 1507 5405 dicitur
1533 5366 1542 5401 :
1576 5347 1681 5401 Per
1710 5361 1861 5416 quem
1890 5343 2219 5415 maiestatem

714 5502 740 5529 ι
768 5487 891 5543 Isid.
937 5485 1067 5540 .libr.
1097 5501 1114 5539 ι
1147 5484 1213 5537 de
1260 5481 1465 5537 Eccles.
1516 5478 1738 5542 Ofﬁciis,
1785 5491 1905 5545 cap.
1959 5476 2046 5541 l5,
2095 5490 2218 5529 cum

647 5560 812 5615 multa
846 5556 967 5610 diﬂ'e
976 5555 1166 5610 rentia.

717 5630 745 5667 δ
778 5627 891 5681 Non
938 5625 1192 5686 dubium,
1233 5623 1360 5689 quin
1395 5620 1483 5674 hic
1513 5618 1804 5689 supplenda
1848 5618 1917 5668 sit
1958 5612 2218 5689 particula

641 5701 721 5761 in,
751 5712 854 5767 qua
877 5684 1208 5767 exprimatur
1228 5684 1550 5767 oblationem
1577 5684 1987 5767 san‘ctilicatam,
2010 5694 2137 5743 etc.,
2166 5684 2218 5735 in

645 5758 921 5839 cci-ﬁunt
950 5758 1291 5839 sanguinem
1325 5759 1523 5839 Christi
1552 5758 1877 5812 conformari
1910 5771 2001 5839 seu
2036 5765 2214 5832 trans.-

632 5824 883 5902 fnrtnari,
908 5836 1051 5907 quod
1065 5824 1210 5889 nihil
1227 5828 1370 5886 aliud
1395 5837 1497 5894 est,
1523 5843 1684 5897 quam
1707 5824 2214 5880 transsubstantiari.

2312 4720 2409 4760 nes
2435 4719 2532 4776 per
2561 4702 2722 4759 ﬁdem
2751 4703 2947 4759 salvari
2977 4702 3267 4766 credimus,
3302 4716 3432 4769 rugo
3459 4707 3520 4753 ut
3562 4699 3712 4753 dicas
3737 4696 3889 4761 mibi,

2313 4797 2586 4869 quomodo
2619 4794 2779 4851 ﬁdem
2819 4804 2966 4851 tuam
2996 4793 3269 4867 intellipis,
3309 4793 3392 4847 vel
3425 4791 3590 4847 etiam
3644 4791 3694 4845 in
3739 4805 3893 4859 quem

2313 4886 2533 4942 credis?
2561 4884 2716 4956 Resp.
2757 4884 2870 4956 Ego
2905 4882 3068 4939 credo
3106 4885 3161 4938 in
3195 4882 3365 4938 Deum
3402 4879 3619 4938 Patrem
3653 4883 3893 4951 omnipo-

2313 4989 2541 5042 tentem,
2583 4986 2882 5034 creatorem
2907 4974 3030 5030 caeli
3059 4983 3117 5030 et
3141 4984 3324 5031 terrae.

2388 5068 2553 5123 Inter.
2606 5065 2788 5132 Quare
2832 5066 3030 5122 dicitur
3053 5065 3415 5134 omnipmens,
3451 5073 3508 5117 et
3544 5076 3714 5132 quare
3751 5075 3898 5116 creao

2321 5160 2439 5214 tor?
2473 5157 2624 5229 Resp.
2657 5155 3010 5228 Omnipotens
3044 5155 3264 5220 dicitur,
3312 5154 3438 5223 quia
3484 5154 3664 5209 omnia
3694 5161 3893 5222 potest;

2324 5260 2574 5313 creator,
2615 5264 2681 5304 eo
2727 5248 2869 5320 quod
2914 5248 3093 5302 omnia
3139 5246 3362 5308 creavit,
3416 5245 3634 5308 etclam,
3683 5252 3902 5310 terram,

2328 5358 2477 5397 mare
2498 5351 2553 5398 et
2581 5343 2757 5396 omnia
2790 5353 2910 5410 quae
2942 5341 2994 5393 in
3023 5340 3102 5393 eis
3131 5348 3275 5394 sunt.

2403 5488 2424 5514 ε
2454 5475 2607 5546 Apud
2639 5471 2968 5546 lsidorum__l.
2997 5472 3089 5526 cit.
3128 5490 3139 5524 :
3167 5468 3375 5540 corpori
3403 5476 3452 5523 et
3481 5464 3723 5537 sanguini
3758 5461 3902 5519 Citri-

2327 5549 2394 5601 sti
2419 5543 2787 5614 conﬁrmetur;
2821 5543 2965 5598 nullo
2994 5556 3171 5596 sensu.

2394 5617 2420 5655 ά
2453 5616 2574 5669 Isid.
2611 5616 2713 5668 loc.
2746 5615 2840 5669 cit.

2324 5757 2355 5812 ά
2398 5699 2419 5725 ε
2447 5690 2575 5754 Quae
2623 5684 2833 5739 unciis
2878 5680 3242 5746 includuntur,
3274 5675 3518 5748 suppleta
3562 5684 3688 5732 sunt
3714 5686 3774 5730 ex
3809 5670 3897 5727 lti-

2361 5772 2474 5812 oro.

2361 5772 2474 5812 oro.
