4092 6502
647 279 784 336 “59

1439 279 1500 335 Β.
1539 279 1602 336 F.
1640 279 1868 336 ALBINI
1919 277 2053 335 SEU
2090 275 2368 334 ALCUlNl
2407 276 2692 337 OPERUM
2731 281 2908 338 PARS
2954 283 3081 339 Vill.

3789 290 3967 346 mo

645 399 788 444 rant.
820 389 921 456 Qui
948 389 1076 444 dum
1106 406 1164 445 se
1185 400 1464 462 superatos
1490 400 1898 464 cognoscerent,
1915 400 1971 446 et
1997 390 2063 445 de
2088 404 2224 461 prse-
2247 391 2299 452 Α
2324 399 2398 444 est
2422 391 2488 445 de
2510 389 2710 464 Spiritu
2740 406 2920 450 sancto
2960 407 3114 451 natus
3141 414 3204 452 ea:
3235 399 3414 456 Maria
3453 399 3686 474 Virgine.
3746 402 3965 475 Spiri-

646 479 1006 550 lio‘l‘ugientes
1034 487 1132 550 per
1149 481 1338 535 eadem
1361 481 1495 536 vada
1519 482 1748 548 evadere
1775 481 2017 536 volentes
2045 490 2222 536 trans-

644 572 808 627 eundi
843 571 1114 627 licentiam
1142 573 1516 644 postulabant,
1543 575 2053 646 interrogabantque
2083 589 2178 630 eos
2204 593 2218 629 :

652 663 802 720 Unde
846 663 1014 720 estis?
1065 663 1166 731 Qui
1193 667 1600 738 respondentes,
1631 669 1697 723 de
1713 667 1952 724 -Galaad.
1991 669 2219 724 Statira-

642 767 750 822 que
779 752 886 808 illis
925 752 1245 810 dicebatur:
1281 756 1340 812 Si
1375 758 1441 813 de
1471 756 1676 813 Galaad
1705 759 1856 822 estis,
1898 757 2058 814 dicite
2089 773 2222 830 ergo

646 844 906 912 Seboletlt,
937 847 1080 916 quod
1131 847 1518 920 interpretatur
1564 850 1734 921 spica.
1768 850 1924 918 Quod
1966 866 2090 905 cum
2135 851 2219 907 di-

644 949 768 992 cere
794 951 901 992 non
923 948 1190 1009 pnterant,
1227 941 1474 1011 protinus
1502 941 1678 1011 capite
1706 943 2117 1008 truncabantur,
2162 950 2222 996 ut

641 1029 839 1083 secreti
876 1029 1144 1086 sermonis
1191 1031 1392 1087 veritas
1431 1033 1771 1102 probaretur.
1805 1031 1903 1087 llic
1949 1041 2034 1088 est
2075 1031 2222 1087 enim

642 1133 824 1176 sermo
858 1129 1124 1186 secretus,
1153 1137 1313 1192 quem
1350 1121 1716 1180 Galaaditides
1761 1124 1861 1178 sibi
1907 1139 2005 1195 pro
2056 1122 2224 1196 438

641 1211 798 1282 signo
823 1211 1240 1267 constituerunt.
1276 1213 1359 1268 Ad
1387 1213 1542 1284 cujus
1569 1214 1976 1270 similitudinem
2001 1215 2105 1271 nisi
2126 1215 2224 1270 tal-

640 1300 744 1369 lor,
771 1302 1056 1375 praefatum
1089 1303 1390 1376 symbolum
1428 1305 1577 1361 beati
1613 1305 1845 1376 apostoli
1884 1305 2224 1376 conscripse-

639 1401 789 1462 runt,
827 1403 887 1450 ut
908 1396 1053 1451 inter
1080 1396 1269 1454 ﬁdeles
1289 1406 1345 1452 et
1368 1397 1612 1454 inﬁdeles
1653 1398 1938 1462 Ecclesiae,
1965 1398 2106 1454 sicut
2131 1413 2224 1452 su-

2327 493 2438 537 tum
2466 484 2636 540 Deum
2666 501 2786 542 esse
2823 487 3076 544 Salvator
3120 492 3233 562 ipse
3262 508 3362 549 nos
3387 495 3571 550 docuit
3615 496 3827 552 dicens
3891 500 3961 550 in

2321 577 2660 650 Evangelio:
2701 581 2840 650 Quia
2890 583 3117 656 Spiritus
3166 586 3308 644 Deus
3341 599 3416 644 est
3447 589 3628 662 (Joan.
3674 609 3757 655 iV,
3812 594 3953 647 ΞΜ.

2322 668 2389 722 Et
2414 669 2533 725 ideo
2571 681 2759 727 natum
2805 673 3082 732 Christum
3104 679 3169 734 de
3215 677 3420 750 Spiritu
3471 692 3660 738 sancto
3698 693 3759 739 et
3821 683 3958 739 Ma-

2322 757 2405 812 ria
2462 760 2686 832 Virgine
2736 765 3081 822 conﬁtemur.
3134 767 3402 839 Spiritum
3453 782 3699 828 sanetum
3732 775 3949 838 audis,

2322 865 2380 912 ut
2424 869 2638 929 partum
2686 863 2838 919 illum
2879 866 3183 923 mirabilem
3234 868 3393 924 simul
3435 878 3491 925 et
3530 870 3947 941 incnlpabilem

2321 964 2696 1023 recognoscas.
2755 954 3022 1022 Quoniam
3083 958 3308 1015 caeleste
3354 970 3438 1017 est
3483 962 3626 1031 quod
3671 963 3946 1033 Spiritus

2322 1042 2452 1110 agit,
2475 1052 2530 1098 et
2558 1043 2870 1102 inviolatum
2899 1048 3041 1118 quod
3064 1059 3286 1106 sanctus
3321 1061 3595 1124 operatur.
3620 1053 3767 1110 Nam
3793 1070 3944 1111 cum

2323 1133 2656 1203 unigenitum
2686 1137 2780 1193 Dei
2815 1139 3094 1197 hominem
3140 1141 3256 1197 ﬁeri
3286 1143 3672 1214 redemptionis
3707 1154 3946 1202 nostra:

2322 1228 2620 1284 necessitas
2641 1227 2926 1299 ﬂagitaret,
2954 1229 3058 1287 hoc
3091 1232 3392 1291 nativitatis
3423 1250 3534 1291 sua:
3566 1237 3938 1310 privilegium

2320 1317 2554 1386 propria;
2575 1318 2872 1376 divinitatis
2893 1319 3098 1393 [ἴοι-ιε,
3115 1325 3333 1395 propria
3355 1326 3658 1400 divinitate]
3674 1329 3934 1394 invexit,

2321 1413 2383 1461 ut
2403 1406 2474 1463 de
2497 1409 2706 1480 virgine
2731 1421 3068 1468 nasceretur.
3099 1414 3201 1481 Qui
3227 1416 3372 1472 enim
3406 1417 3655 1474 veniebat
3697 1419 3934 1476 invete—

638 1489 825 1558 perius
867 1487 1074 1543 dictum
1123 1496 1209 1542 est
1240 1527 1256 1553 ,
1308 1487 1592 1544 veritatem
1647 1487 1982 1544 credulitatis
2021 1487 2229 1542 ὀίδοοῐ-
2325 1507 2498 1555 ratam
2526 1502 2766 1570 peccatis
2792 1503 3072 1561 hominum
3097 1522 3360 1565 renovare
3402 1517 3677 1578 naturam,
3707 1527 3939 1568 novam

621 1594 771 1635 nete
814 1579 1145 1650 potuissent;
1189 1581 1482 1652 incipiente
1525 1581 1685 1637 beato
1719 1581 1880 1637 Petro
1905 1620 1921 1646 ,
1967 1580 2059 1652 qui
2100 1580 2218 1635 ait:

641 1669 810 1726 Credo
827 1673 880 1726 in
900 1670 1070 1726 Deum
1089 1668 1301 1727 Patrem
1321 1671 1740 1744 omnipotentem,
1763 1682 1870 1730 etc.

2324 1588 2497 1658 legem
2548 1591 2717 1648 voluit
2773 1594 2977 1672 habere
3025 1598 3302 1654 nascendi.
3364 1599 3685 1673 Unigcnitus
3749 1603 3940 1674 igitur

2326 1679 2421 1735 Dei
2447 1679 2623 1739 factus
2648 1691 2735 1739 est
2762 1684 2904 1741 ﬁlius
2922 1686 3174 1754 hominis,
3201 1696 3262 1746 ut
3285 1689 3376 1760 qui
3405 1699 3523 1748 erat
3545 1693 3735 1750 mundi
3757 1710 3935 1750 crea-

708 1760 876 1817 Inter.
921 1760 1136 1833 Optima
1181 1772 1311 1819 sunt
1365 1761 1542 1828 valde,
1572 1777 1692 1834 qua:
1726 1764 1881 1820 dicis.
1923 1763 2030 1820 Sed
2067 1762 2220 1821 obse-
2250 1747 2298 1810 Β
2326 1783 2430 1840 tor,
2454 1775 2608 1832 ﬁeret
2628 1785 2685 1831 et
2703 1777 3032 1850 redemptor.

640 1869 761 1922 cro,
800 1863 861 1910 ut
887 1855 1177 1926 quomodo,
1226 1864 1320 1910 aut
1345 1855 1582 1925 qualiter
1608 1855 1699 1911 vel
1720 1857 1774 1914 in
1798 1873 1958 1928 quem
1996 1856 2218 1913 credere

637 1948 888 2013 debeam,
928 1945 1211 2018 diligenter
1232 1948 1464 2018 aperias.
1507 1947 1663 2020 Resp.
1691 1945 1852 2004 Juxta
1887 1949 2031 2020 quod
2060 1948 2221 2004 intel-

641 2038 770 2110 ligo,
809 2037 1024 2093 faciam.
1054 2037 1370 2095 Crcdcndus
1394 2049 1479 2096 est
1507 2041 1624 2096 sine
1673 2041 1835 2098 dubio
1867 2042 2009 2098 Deus
2058 2041 2220 2098 Pater

638 2130 1014 2200 omnipotens,
1057 2131 1213 2202 cujus
1261 2132 1340 2187 sic
1372 2133 1546 2188 virtus
1582 2134 1832 2199 sentitur,
1864 2144 1924 2190 ut
1944 2136 2218 2206 quantitas

639 2221 756 2292 ejus
789 2231 845 2278 et
873 2222 1109 2294 qualitas
1135 2223 1430 2295 ignoretur.
1472 2224 1602 2281 Esse
1633 2227 1776 2282 enim
1807 2227 1947 2282 illius
1974 2237 2028 2283 et
2058 2241 2219 2299 posse

638 2330 748 2368 non
775 2313 1114 2370 discutiendo
1147 2317 1504 2385 assequimur,
1535 2318 1629 2374 sed
1652 2319 1940 2374 credendo.
1970 2317 2025 2374 In
2055 2335 2218 2389 quem

640 2416 824 2463 autem
853 2407 1081 2464 credere
1124 2408 1438 2477 debeamus,
1482 2410 1674 2466 edocet
1722 2427 1818 2467 nos
1860 2411 2221 2484 redemptoris

637 2499 810 2555 nostri
849 2499 1142 2556 auctoritas
1187 2501 1371 2558 dicens
1413 2520 1427 2556 :
1472 2501 1572 2570 Qui
1613 2502 1787 2558 credit
1830 2502 1884 2558 in
1933 2520 2019 2558 me
2063 2511 2121 2559 et
2162 2503 2218 2559 in

636 2607 760 2668 eum
805 2591 894 2661 qui
948 2606 1035 2646 me
1083 2589 1260 2657 misit,
1307 2591 1472 2648 habet
1517 2592 1685 2653 vitam
1730 2601 1990 2649 aeternam
2031 2592 2214 2664 (Joan.

638 2667 720 2746 Ili,
752 2681 862 2755 l5).
890 2683 959 2738 Et
977 2683 1105 2738 alibi
1137 2700 1151 2738 :
1178 2680 1388 2739 Credite
1412 2686 1468 2740 in
1505 2683 1695 2752 Deum,
1741 2693 1791 2740 et
1826 2685 1884 2739 in
1914 2701 1997 2740 me
2025 2686 2219 2741 credite

637 2773 826 2841 (Ibid.,
857 2773 944 2840 Η,
983 2774 1045 2846 ι).
1077 2774 1204 2830 Plus
1229 2776 1396 2842 enim,
1419 2774 1610 2844 frater,
1637 2776 1769 2832 mihi
1791 2783 1895 2842 est,
1924 2778 2065 2847 quod
2093 2777 2217 2833 ﬁdei

633 2863 806 2920 oculis
835 2864 1078 2921 videmus
1098 2905 1114 2933 ,
1137 2879 1300 2937 quam
1344 2879 1537 2922 sensus
1581 2874 1762 2923 noster
1788 2867 2021 2923 carnalis
2047 2867 2218 2940 possit

636 2956 975 3029 conspicere.

709 3048 876 3105 Inter.
903 3051 1080 3107 Crelo
1108 3054 1346 3117 omnino,
1377 3054 1518 3110 sicut
1553 3053 1706 3110 dicis.
1745 3052 1851 3110 Sed
1899 3062 2024 3126 peto
2047 3062 2108 3109 ut
2135 3053 2215 3110 di-

637 3158 733 3197 cas
760 3143 889 3214 quid
916 3145 971 3199 in
997 3145 1128 3212 Deo,
1167 3148 1295 3218 quid
1329 3147 1382 3202 in
1408 3147 1590 3214 Patre,
1627 3147 1822 3219 quidve
1869 3149 1922 3202 in
1972 3149 2220 3220 omnipo-

641 3242 790 3291 tente
829 3235 1053 3293 debeam
1104 3239 1438 3312 intelligere?
1481 3237 1637 3310 Resp.
1687 3238 1746 3294 In
1794 3239 1906 3296 Deo
1955 3239 2220 3310 siquidem

636 3333 834 3381 natura
864 3326 1227 3398 innascibilis;
1258 3329 1313 3385 in
1348 3328 1511 3386 Patre
1557 3331 1816 3403 unigeniti
1866 3331 2112 3388 veritas:
2165 3331 2220 3387 in
2282 3370 2291 3378 -

638 3416 1010 3489 omnipotente
1030 3434 1162 3476 vero
1179 3419 1456 3491 plenitudo
1478 3422 1694 3478 virtutis
1719 3421 2039 3479 ostenditur.

709 3506 874 3565 Inter.
904 3509 1215 3579 Quomodo?
1259 3509 1416 3586 Resp.
1462 3509 1556 3570 Est
1601 3529 1838 3585 namque
1865 3529 1963 3585 per
2007 3514 2219 3584 ingeni-

643 3611 754 3654 tam
798 3600 1059 3658 deitatem
1114 3604 1474 3676 omnipotens,
1517 3614 1574 3662 et
1623 3619 1723 3674 per
1767 3605 2218 3678 omnipotentiam

639 3689 817 3749 Pater.
886 3694 1000 3751 Non
1053 3697 1197 3752 enim
1240 3697 1515 3767 inquirere
1559 3698 1819 3755 debemus
1869 3699 2102 3768 qualiter
2150 3700 2221 3756 sit

638 3785 832 3851 Pater,
864 3789 987 3857 quia
1036 3787 1270 3858 qualiter
1311 3786 1453 3844 Deus
1480 3789 1551 3846 sit
1590 3797 1684 3845 aut
1729 3791 2071 3862 omnipatens
2112 3808 2219 3848 non

639 3884 817 3948 potest
844 3878 1094 3934 humanis
1123 3881 1394 3936 mentibus
1415 3881 1822 3952 comprehendi.

709 3968 873 4025 Inter.
910 3972 1086 4037 ltatio,
1111 3987 1272 4043 quam
1299 3975 1365 4030 de
1392 3976 1568 4046 primo
1595 3991 1755 4031 versu
1785 3976 2078 4048 protulisti,
2118 3978 2221 4034 hac

638 4063 758 4117 vice
780 4061 1024 4118 sulliccrc
1050 4073 1244 4134 potest.
1273 4064 1378 4121 Sed
1406 4067 1526 4138 quis
1555 4067 1851 4122 secundum
1887 4067 2219 4140 composuis-

639 4160 744 4219 set,
773 4153 854 4208 vel
887 4154 1119 4224 qualiter
1144 4171 1266 4210 eum
1306 4155 1609 4229 intelligere
1637 4157 1882 4224 debeam,
1916 4158 2215 4216 innotesce.

643 4239 800 4314 Resp.
829 4244 1075 4299 Andreas
1097 4247 1390 4301 secundum
1415 4262 1632 4303 versum
1660 4250 1966 4319 composuit
1989 4251 2213 4308 dicens:

641 4331 712 4386 Et
732 4333 786 4386 in
815 4330 997 4388 Iesum
1025 4331 1291 4392 Christum
1331 4334 1530 4392 Filium
1559 4337 1672 4410 ejus
1699 4339 1912 4394 unicum
1936 4338 2218 4397 Dominum

641 4431 892 4479 nostrum.
920 4423 1074 4484 Sicut
1102 4427 1246 4484 enim
1270 4428 1485 4485 Patrem
1525 4445 1705 4486 rerum
1745 4432 1985 4486 omnium
2013 4433 2178 4488 Deum
2197 4475 2212 4498 ,
2245 4467 2293 4527 υ

641 4515 716 4569 ita
737 4525 950 4588 oportet
978 4535 1076 4574 nos
1100 4529 1154 4575 et
1173 4520 1364 4576 Filium
1392 4521 1509 4592 ejus
1534 4520 1817 4578 Dominum
1853 4533 2095 4578 nostrum
2124 4523 2211 4580 Je-

643 4625 761 4662 sum
797 4609 1090 4678 Christum,
1121 4613 1214 4684 qui
1238 4620 1322 4668 est
1343 4611 1577 4669 Verbum
1609 4613 1794 4684 ipsius,
1822 4613 2089 4680 conﬁteri,
2117 4629 2212 4670 cu-

637 4700 726 4770 jus
757 4703 1077 4773 principium
1105 4720 1171 4760 ex
1217 4705 1333 4775 ipso
1373 4713 1457 4760 est
1479 4745 1500 4770 ,
1521 4706 1645 4776 quia
1679 4705 1822 4761 Deus
1845 4705 2083 4762 Verbum
2106 4717 2208 4763 est.

641 4793 795 4861 Quod
826 4804 1008 4851 autem
1028 4795 1278 4853 Christus
1300 4807 1383 4853 est
1411 4796 1604 4864 factus,
1635 4799 1724 4869 qui
1761 4799 1928 4855 Filius
1947 4808 2087 4865 erat,
2111 4801 2216 4857 dis-

638 4889 882 4956 pensatio
903 4899 984 4944 est
1009 4890 1395 4962 redemptionis
1419 4894 1681 4948 humanm.
1709 4894 1860 4963 Quod
1884 4911 2013 4951 vero
2028 4895 2210 4950 Domi-

641 4995 743 5034 nus
765 4987 869 5045 est,
900 4982 966 5036 de
990 4984 1321 5053 proprietate
1345 4994 1552 5041 natura:
1573 4995 1676 5041 est.
1715 4986 1917 5043 Unicus
1945 4987 2210 5057 siquidem

640 5071 720 5123 u-l
750 5073 1055 5142 unigenitus
1077 5077 1425 5130 annuntiatur
1451 5085 1509 5130 et
1535 5077 1791 5140 creditur,
1819 5078 1943 5148 quia
1967 5093 2106 5132 unus
2139 5078 2212 5133 ita

635 5172 721 5215 εςι
748 5166 980 5233 genitus,
1013 5183 1184 5237 neque
1205 5169 1368 5224 habet
1397 5168 1577 5241 [Cod.,
1611 5170 1763 5241 libet]
1784 5171 1834 5224 in
1859 5171 2062 5227 unitate
2085 5189 2214 5226 con-

639 5263 861 5309 sortem.
890 5255 1084 5311 Filium
1111 5261 1282 5324 audis,
1312 5277 1418 5314 non
1449 5272 1506 5314 nt
1536 5261 1682 5315 illum
1730 5263 1909 5331 aliquo
1930 5279 2060 5317 sexu
2100 5263 2210 5318 edi-

640 5354 752 5399 tum
783 5355 961 5416 putes,
1009 5350 1102 5405 sed
1142 5360 1202 5406 ut
1248 5354 1438 5408 credas
1475 5354 2005 5421 incotnprchensibili
2048 5355 2212 5424 maje-

636 5443 777 5491 state
822 5437 988 5494 Deuin
1022 5443 1288 5510 prodiissc
1338 5445 1405 5499 dc
1454 5444 1591 5510 D.:o,
1639 5455 1699 5500 ut
1729 5447 1841 5516 ipse
1887 5448 2001 5501 ait:
2039 5447 2149 5516 Ego
2180 5464 2210 5499 a

636 5525 798 5585 Patre
819 5534 976 5598 exiri,
1008 5543 1054 5588 et
1081 5538 1193 5590 veni
1212 5537 1264 5590 in
1294 5539 1432 5592 hunc
1459 5539 1710 5593 mundum
1737 5540 1916 5611 (Joau.
1951 5557 2058 5605 xw,
2095 5540 2206 5614 28).

706 5623 870 5680 Inter.
904 5626 1146 5684 Tertium
1188 5647 1402 5686 versum
1443 5633 1563 5704 quis
1589 5633 1910 5702 composuit,
1953 5643 2048 5688 aut
2083 5635 2210 5706 quid

638 5718 689 5776 in
714 5736 778 5774 eo
813 5722 1161 5795 intelligitur?
1194 5718 1345 5796 Resp.
1373 5725 1604 5784 Jacobus
1635 5729 1708 5784 ait
1744 5749 1753 5782 ;
1789 5727 1892 5795 Qui
1936 5739 2207 5799 conreptus

2393 1904 2561 1963 Inter.
2593 1907 2783 1977 Quarti
2823 1927 3010 1968 versus
3054 1915 3490 1985 compositorcm,
3518 1917 3633 1973 sive
3675 1919 3817 1988 quid
3863 1921 3920 1973 in

2316 2013 2384 2055 eo
2422 2000 2784 2067 contineatur,
2809 2018 3036 2074 capone.
3088 2003 3244 2076 Resp.
3283 2005 3486 2064 Beatus
3514 2005 3759 2065 Ioannes
3793 2026 3913 2080 apo-

2317 2090 2488 2148 stolus
2531 2101 2788 2162 quartum
2821 2097 3123 2166 composuit
3152 2111 3393 2164 versum,
3434 2098 3622 2155 dicens
3656 2118 3670 2153 :
3707 2097 3915 2154 Passus

2317 2180 2415 2237 sub
2455 2177 2650 2237 Pontio
2685 2180 2888 2252 Pilato,
2921 2185 3228 2256 cruciﬁxus,
3266 2197 3503 2243 mortuus
3546 2201 3595 2243 et
3617 2187 3864 2260 sepultus
3897 2204 3915 2242 :

2315 2273 2423 2330 iste
2446 2273 2654 2330 Pilatus
2670 2276 2845 2352 judex
2879 2289 3000 2333 erat
3020 2278 3110 2336 illo
3137 2287 3381 2350 tempore
3409 2279 3464 2336 in
3481 2278 3665 2337 Judaea
3693 2298 3722 2336 a
3755 2283 3922 2338 Tibe-

2319 2367 2400 2423 rio
2427 2367 2640 2424 Caesare
2663 2371 3019 2436 constitutus,
3041 2372 3144 2428 sub
3167 2388 3274 2443 quo
3297 2371 3553 2428 Dominus
3582 2387 3777 2442 passus
3799 2382 3917 2438 est,

2317 2459 2411 2531 qui
2435 2461 2597 2516 etiam
2627 2461 2852 2518 Pontius
2875 2479 2904 2516 a
2931 2461 3072 2530 loco,
3103 2463 3245 2519 unde
3265 2472 3423 2518 natus
3446 2471 3548 2527 est,
3581 2465 3904 2534 appellatur.

2319 2550 2474 2608 Hunc
2494 2553 2678 2624 itaque
2700 2551 2990 2608 Dominum
3021 2563 3264 2610 nostrum
3302 2553 3489 2611 Iesum
3520 2555 3790 2611 Christum
3822 2557 3905 2610 si-

2318 2651 2410 2698 cut
2452 2643 2751 2715 perl‘ectum
2800 2643 3008 2710 Deum,
3059 2646 3131 2702 ita
3181 2655 3239 2703 et
3285 2646 3583 2718 perfectura
3629 2649 3908 2705 hominem

2318 2734 2570 2790 conﬁteri
2601 2736 2876 2791 debemus.
2934 2736 3010 2793 De
3055 2736 3210 2810 cujus
3247 2753 3407 2794 cruce
3449 2738 3595 2794 nulla
3633 2739 3706 2794 sit
3752 2741 3910 2795 nobis

2316 2823 2581 2890 confusio,
2617 2825 2744 2897 quia
2775 2825 3037 2882 habemus
3080 2828 3147 2883 de
3171 2827 3290 2900 ejus
3313 2828 3564 2898 passione
3597 2829 3895 2887 victoriam.

2319 2915 2470 2972 Sicut
2497 2918 2644 2973 enim
2671 2916 2767 2973 Dei
2793 2917 2964 2974 Filius
2993 2935 3100 2976 non
3127 2919 3252 2984 sibi,
3285 2920 3380 2976 sed
3407 2921 3565 2977 nobis
3594 2931 3762 2978 natus
3786 2928 3864 2978 est
3882 2961 3904 2987 ι

2319 3007 2392 3062 ita
2422 3007 2802 3063 immaculatus
2827 3008 2926 3063 Dei
2971 3007 3159 3082 Agnus
3180 3025 3290 3066 non
3318 3011 3445 3078 sibi,
3474 3013 3584 3081 sed
3627 3013 3790 3070 nobis
3827 3023 3909 3070 est

2241 3105 2289 3171 (ς
2317 3113 2528 3170 passus.
2558 3099 2690 3168 Quis
2713 3111 2892 3156 autem
2915 3117 3022 3157 non
3051 3103 3247 3158 mirum
3271 3104 3514 3159 advertat
3543 3119 3666 3161 esse
3705 3115 3910 3176 myste-

2321 3191 2483 3259 rium,
2519 3191 2610 3248 ubi
2633 3193 2747 3263 ipse
2772 3191 3118 3264 prtedicatur,
3146 3193 3240 3264 qui
3271 3193 3413 3252 Deus
3440 3202 3543 3261 est,
3575 3203 3630 3250 et
3663 3197 3755 3250 ubi
3803 3197 3909 3254 Do-

2320 3283 2484 3340 minis
2529 3285 2903 3353 annuntiatur,
2950 3290 3043 3359 qui
3097 3288 3362 3344 asseritur
3399 3289 3721 3347 cruciﬁxus?
3765 3290 3918 3348 Nam.

2320 3388 2538 3430 crucem
2559 3374 2723 3440 illam,
2768 3375 2820 3430 in
2858 3392 2965 3447 qua
3009 3376 3256 3434 conﬁxus
3280 3385 3364 3435 est
3386 3395 3629 3453 corpore,
3679 3397 3783 3437 nos
3809 3397 3912 3454 ge-

2324 3476 2531 3523 stamus
2567 3468 2623 3523 in
2671 3467 2862 3525 fronte.
2888 3470 2959 3525 Et
3004 3471 3127 3528 ideo
3171 3473 3449 3530 illusiones
3488 3483 3544 3530 et
3581 3478 3906 3548 opprobria,

2319 3566 2677 3630 mortemque,
2707 3576 2870 3631 quam
2896 3563 3177 3634 sustinuit,
3219 3581 3326 3619 non
3354 3566 3608 3622 debemus
3649 3568 3909 3640 snSpiriis

2318 3654 2694 3726 ingemiscere,
2722 3655 2818 3708 sed
2861 3656 3130 3712 continuis
3154 3656 3403 3714 laudibus
3436 3658 3725 3714 celebrare.
3757 3659 3912 3730 Quo-

2319 3745 2467 3800 niam
2494 3744 2627 3800 satis
2647 3745 2966 3815 abuudcque
2993 3747 3217 3819 gloriam
3260 3751 3528 3820 passionis
3551 3749 3666 3821 ejus
3713 3762 3912 3808 esten-

2321 3835 2516 3890 derunt
2542 3838 2827 3908 repentina
2854 3837 3158 3896 obscuritas
3199 3841 3346 3908 solis,
3373 3849 3578 3898 tremor
3606 3852 3898 3909 terrarum,

2320 3939 2578 3980 saxorum
2602 3925 2818 3989 divisio,
2848 3936 2904 3982 et
2951 3929 3276 3985 resurrectio
3305 3938 3661 3988 mortuorum.
3712 3933 3905 4005 Sepul-

2321 4028 2408 4072 tus
2429 4023 2514 4071 est
2560 4027 2761 4082 autem,
2812 4019 2941 4090 quia
2971 4033 3310 4092 consequens
3352 4033 3491 4088 erat,
3523 4035 3583 4078 ut
3619 4026 3711 4095 qui
3759 4042 3901 4082 mor-

2319 4117 2442 4164 tuus
2471 4107 2666 4175 fuerat,
2695 4109 2966 4181 acciperet
3001 4113 3350 4182 sepulturam.
3385 4113 3628 4183 Qualiter
3668 4117 3734 4173 ad
3776 4132 3897 4174 con-

2318 4199 2635 4256 solationem
2665 4199 2999 4271 sepultorum
3045 4201 3474 4261 benedictionem
3496 4188 3740 4278 corporis
3781 4209 3898 4280 ejus

2318 4301 2460 4348 terra
2489 4292 2816 4364 susciperet,
2855 4301 2916 4348 ut
2963 4296 3056 4366 qui
3088 4311 3217 4352 vere
3265 4306 3511 4355 mortuus
3552 4301 3885 4368 cernebatur,

2295 4401 2448 4455 atere
2473 4401 2501 4440 a
2532 4386 2761 4441 mortuis
2787 4386 2995 4443 redisse
3024 4389 3362 4445 crederetur.

2382 4527 2550 4583 Inter.
2573 4527 2756 4597 Quinti
2772 4544 2960 4586 versus
2979 4532 3390 4602 oompositorem
3407 4530 3632 4604 ejusque
3645 4537 3898 4606 explana-

2315 4623 2517 4678 tionem
2553 4638 2582 4677 a
2612 4630 2668 4678 te
2702 4622 2886 4679 audire
2926 4623 3193 4679 desidem.
3227 4623 3383 4695 Resp.
3429 4625 3710 4698 Philippus
3736 4632 3895 4699 quin-

2314 4725 2427 4769 tum
2455 4727 2671 4773 versum
2699 4713 2950 4783 exposuit
2975 4714 3161 4769 dicens
3195 4731 3209 4768 :
3240 4715 3519 4771 Descendit
3555 4719 3625 4772 ad
3650 4721 3853 4790 inferna
3877 4765 3894 4789 ,

2313 4804 2471 4860 tertia
2491 4803 2577 4857 die
2601 4805 2884 4858 resurrexit
2909 4819 2942 4856 α
2964 4805 3204 4860 mortuis.
3233 4803 3291 4859 ln
3323 4807 3425 4860 hoc
3453 4809 3600 4863 enim
3613 4808 3896 4869 Trinitatis

2315 4895 2650 4966 mysterium,
2683 4902 2740 4948 et
2764 4893 3030 4949 naturalis
3050 4895 3184 4966 legis
3203 4898 3507 4953 ostenditur
3527 4901 3801 4960 resolutio.
3831 4915 3894 4960 ut

2317 4987 2588 5042 hominem
2612 4987 2665 5040 in
2698 4984 2908 5041 inferno
2932 4987 3168 5056 positum
3194 4987 3432 5045 elevaret
3458 4991 3525 5046 ad
3549 4990 3764 5048 caelum.
3798 4995 3898 5050 De—

2317 5077 2473 5132 cebat
2515 5076 2657 5132 enim
2697 5085 2758 5131 ut
2793 5092 2958 5141 mors,
2985 5092 3106 5148 quae
3130 5093 3227 5148 per
3257 5080 3528 5136 hominem
3559 5085 3893 5140 subintravc-

2316 5176 2421 5235 rat,
2440 5183 2536 5238 per
2559 5168 2829 5223 hominem
2857 5168 3176 5224 solveretur.
3203 5169 3271 5223 Et
3282 5171 3419 5226 sicut
3440 5175 3729 5238 credimus,
3752 5181 3892 5247 quod

2317 5261 2509 5315 mortis
2537 5269 2643 5322 cst,
2681 5260 2755 5314 ita
2806 5261 2992 5330 utique
3035 5262 3340 5325 credamus,
3371 5265 3515 5334 quod
3547 5269 3669 5322 vita:
3697 5278 3794 5323 cst.
3824 5271 3892 5326 Et

2315 5353 2456 5408 sicut
2501 5353 2556 5406 in
2587 5353 2836 5421 passione
2865 5353 3184 5424 mysterium
3221 5365 3308 5410 est
3350 5357 3587 5426 pictatis,
3615 5360 3690 5428 ita
3719 5360 3768 5415 in
3804 5379 3891 5418 re-

2317 5445 2648 5500 surrectione
2675 5445 2918 5514 operatio
2940 5445 3156 5515 pietatis
3180 5444 3382 5511 lI’orte,
3404 5452 3730 5524 potestatis],
3753 5455 3889 5512 sicut

2317 5539 2430 5609 ipse
2457 5539 2533 5594 ait
2562 5559 2573 5593 :
2604 5536 2921 5596 Potestatem
2963 5541 3128 5596 habeo
3159 5545 3382 5614 ponendi
3416 5548 3646 5602 animum
3681 5567 3838 5605 mearn
3865 5595 3880 5617 ,

2314 5646 2362 5690 et
2388 5645 2692 5708 potestatem
2731 5638 2894 5692 habeo
2935 5639 3128 5694 iterum
3176 5641 3416 5696 sumendi
3459 5661 3576 5700 eam
3615 5645 3792 5703 ileon.
3826 5665 3878 5714 x,

2321 5731 2423 5799 l8).
2450 5730 2579 5796 Quis
2609 5731 2753 5784 enim
2776 5731 2969 5784 stultus
2989 5746 3091 5786 non
3113 5735 3301 5788 credat
3327 5732 3476 5790 iitum
3502 5754 3876 5807 resurrensse,
