4092 6524
243 332 369 386 iiii

1146 333 1295 391 OPP.
1340 338 1568 393 DUBIA.
1608 369 1676 379 »-
1712 338 2128 395 DISPUTATIO
2168 339 2576 396 I'UERORUM.

3359 343 3497 397 “12

236 449 303 502 ad
330 447 481 518 cuius
534 456 857 520 prmceptum
883 449 1121 507 Lazarus
1158 451 1397 520 sepultus
1438 460 1521 508 est
1563 466 1807 507 emersus
1834 457 1884 514 Α
1911 454 2072 509 modo
2106 470 2210 510 non
2238 469 2405 509 unum
2435 469 2559 509 esse
2587 469 2711 510 cum
2745 453 2906 509 Patre
2928 455 3171 525 Filioque
3197 456 3495 513 credendus

237 538 303 593 de
332 539 569 595 tumulo?

310 630 474 686 Inter.
524 632 748 689 Sextum
784 650 1000 690 versum
1029 636 1152 705 quis
1181 636 1501 706 composuit,
1548 645 1642 691 aut
1685 637 1814 707 quid

238 722 293 779 in
328 737 396 778 eo
413 733 497 779 est
521 724 957 795 intelligendum?
988 724 1143 796 Resp.
1162 725 1584 783 Barthoiomteus
1599 737 1813 782 sextum

236 829 453 871 versum
501 817 576 871 ita
606 819 925 889 composuit,
954 820 1175 875 dicens:
1209 821 1453 876 Ascendit
1503 823 1560 876 in
1606 820 1808 876 caelum.

235 903 365 962 illuc
415 908 557 962 enim
583 910 854 976 ascendit,
900 911 1041 964 unde
1070 918 1322 978 venerat;
1370 928 1475 966 non
1506 920 1683 967 tamen
1711 911 1811 966 alio

236 995 391 1064 cujus
406 997 669 1068 iussione,
723 998 817 1054 sed
841 1001 1057 1071 propria
1089 998 1384 1057 voluntate.
1413 1000 1648 1056 Decebat
1668 1002 1813 1055 enim

239 1089 363 1146 talis
381 1088 549 1161 gloria
578 1091 873 1157 hominem,
900 1092 992 1164 qui
1014 1092 1080 1147 de
1103 1092 1314 1164 virgine
1337 1094 1676 1149 nascebatur.
1703 1092 1813 1149 Nec

237 1180 338 1237 fuit
364 1182 412 1236 ei
435 1182 763 1250 impossibile
776 1182 973 1239 coelum
989 1185 1300 1249 ascendere,
1327 1184 1411 1240 cui
1438 1185 1694 1256 possibile
1714 1184 1816 1240 fuit

236 1271 437 1329 inferos
465 1273 815 1344 triumphare.
847 1273 917 1331 Et
942 1275 1063 1331 ideo
1089 1292 1312 1332 necesse
1344 1284 1483 1343 erat,
1513 1284 1571 1331 ut
1612 1277 1702 1346 qui
1747 1277 1816 1334 ad

238 1370 467 1418 mortem
514 1363 579 1419 de
608 1381 774 1436 regno
808 1375 1046 1433 venerat,
1082 1376 1205 1437 post
1237 1376 1464 1423 mortem
1495 1367 1697 1423 rediret
1745 1368 1814 1423 ad

235 1470 482 1527 regnum.
511 1455 578 1512 Et
602 1456 743 1513 sicut
772 1466 917 1513 terra
942 1457 1120 1514 laetata
1148 1468 1233 1515 est
1266 1460 1361 1515 Dci
1391 1459 1586 1513 Filium
1614 1474 1672 1515 se
1694 1475 1814 1515 sus-

235 1549 468 1618 cepisse,
496 1547 568 1602 ita
614 1549 809 1604 ctelum
839 1547 1005 1604 lilium
1029 1548 1262 1605 hominis
1286 1564 1345 1605 se
1389 1551 1660 1619 accepisse
1686 1566 1815 1621 gau-

237 1640 412 1705 deret,
441 1640 655 1694 dicente
700 1640 969 1710 Propheta
998 1656 1012 1696 τ
1047 1640 1316 1695 Ltetentur
1347 1639 1461 1695 coeli
1497 1650 1545 1695 et
1595 1642 1816 1696 exsultet

232 1738 373 1783 terra
407 1727 579 1802 (Psal.
610 1744 731 1795 xcv,
760 1730 867 1802 Η).

307 1821 473 1878 Inter.
507 1819 732 1893 Septimi
781 1838 971 1881 versus
1016 1834 1312 1890 auctorem,
1347 1824 1569 1896 ejusque
1598 1825 1807 1881 intelle-
1842 1805 1884 1866 Β

234 1924 381 1970 ctum
404 1922 465 1969 ut
493 1916 621 1971 mihi
648 1930 909 1988 exponas,
936 1918 1180 1975 obsecro.
1204 1917 1360 1989 Resp.
1392 1918 1630 1975 Thomas
1646 1918 1810 1992 539

234 2006 452 2077 septimi
484 2020 675 2061 versus
702 2016 891 2062 auctor
918 2009 1124 2064 exstitit
1147 2011 1331 2066 dicens
1358 2028 1371 2065 :
1406 2009 1558 2066 Sedet
1591 2010 1658 2064 ad
1684 2010 1813 2065 dea:-

233 2106 399 2152 teram
425 2096 521 2153 Dei
537 2094 717 2154 Patris
738 2100 1120 2170 omnipotentis.
1136 2100 1288 2170 Quod
1304 2101 1471 2167 sedet,
1488 2100 1685 2157 Christi
1702 2102 1808 2156 vic-

238 2187 388 2242 toriae
409 2203 600 2244 munus
624 2198 737 2254 est;
766 2189 910 2260 quod
935 2190 1003 2245 ad
1029 2190 1306 2249 dexteram
1328 2190 1507 2248 Patris
1533 2191 1704 2258 sedet,
1728 2189 1813 2245 di-

236 2278 481 2334 vinitatis
493 2288 572 2335 est
593 2280 932 2353 privilegium
947 2289 1001 2336 et
1025 2283 1355 2339 consortium
1372 2283 1678 2340 indiscreta:
1692 2283 1815 2339 dia-

238 2368 435 2424 ritatis.
469 2368 538 2427 Ut
565 2370 875 2427 ostenderet
904 2371 1081 2427 locum
1102 2373 1285 2442 iustis,
1313 2381 1371 2430 et
1396 2374 1672 2430 sinistram
1692 2388 1816 2445 pec-

236 2461 509 2517 catoribus
520 2463 826 2518 demonstra
833 2470 933 2519 ret.
950 2462 1095 2521 Bene
1107 2465 1252 2521 enim
1264 2465 1330 2521 ad
1344 2465 1622 2522 dexteram
1638 2466 1815 2521 Patris

238 2553 587 2608 annuntiatur
624 2554 833 2618 sedere,
859 2555 912 2609 in
939 2570 1048 2628 quo
1076 2556 1208 2611 nihil
1242 2556 1532 2615 voluntatis
1554 2569 1665 2614 suae
1693 2555 1812 2614 dia-

238 2641 413 2707 bolus,
440 2642 533 2715 qui
564 2653 707 2700 totus
732 2645 952 2702 sinister
977 2655 1078 2714 est,
1094 2648 1317 2703 invenit.

310 2733 476 2790 Inter.
503 2736 765 2792 Octavum
794 2750 1010 2792 versum
1036 2739 1160 2810 quis
1198 2737 1348 2805 fecit,
1387 2747 1481 2794 aut
1504 2740 1633 2811 quid
1659 2741 1710 2795 in
1749 2754 1816 2798 eo

236 2826 573 2883 continetur?
618 2824 773 2899 Resp.
822 2825 1105 2885 Matthmus
1131 2836 1382 2886 octavum
1420 2846 1638 2887 versum
1670 2847 1819 2887 com-

236 2933 446 2991 ponens
475 2919 552 2976 ait
576 2936 589 2973 :
620 2918 752 2975 Inde
779 2930 1025 2977 venturus
1051 2931 1126 2976 est
1144 2923 1391 2994 judicare
1416 2924 1554 2978 uiuos
1585 2933 1634 2977 et
1678 2941 1819 2979 mor-

240 3024 376 3068 tatas.
408 3010 467 3067 in
496 3013 613 3085 ipso
641 3014 786 3069 enim
811 3027 1043 3085 corpore
1066 3013 1326 3071 Dominus
1362 3026 1623 3072 venturus
1644 3025 1726 3072 est
1750 3016 1819 3073 ad

240 3102 517 3174 iudicium,
568 3105 624 3161 in
653 3120 763 3178 quo
807 3105 1052 3161 ascendit
1080 3105 1148 3161 ad
1192 3106 1408 3163 omium.
1457 3105 1692 3164 Necesse
1732 3117 1819 3162 est

1913 554 2000 601 est
2024 545 2278 617 Spiritus,
2309 546 2393 602 cui
2428 545 2712 616 aequaliter
2738 547 2946 617 adiacet
2973 562 3132 618 posse
3170 546 3313 618 quod
3348 546 3495 602 vult?

1984 636 2148 692 Inter.
2191 638 2422 697 Omnino
2452 635 2777 693 credendum
2809 646 2892 692 est
2913 639 3006 703 ita,
3042 648 3104 694 ut
3134 638 3354 696 asseris.
3386 638 3494 695 Sed

1911 735 2056 798 peto,
2089 733 2151 781 ut
2170 726 2358 783 decimi
2382 742 2571 783 versus
2598 736 2890 792 auctorem,
2917 726 3137 797 ejusque
3164 728 3494 786 intellectum

1911 816 2045 873 mihi
2079 831 2337 887 exponas.
2398 816 2552 887 Resp.
2605 814 2791 872 Simon
2835 818 3029 873 decimi
3070 834 3262 875 tersus
3306 828 3494 877 auctor

1913 906 2120 963 exstitit
2153 906 2336 963 dicens
2366 924 2378 962 :
2414 906 2669 963 Sanctam
2698 907 2986 963 Ecclesium
3016 903 3350 975 catholicam,
3383 918 3488 965 etc.

1913 996 2047 1052 Esse
2090 997 2290 1053 etenim
2343 1005 2587 1053 sanctam
2638 995 2959 1066 Ecclesiam,
3008 997 3103 1054 sed
3128 996 3235 1053 non
3276 1000 3330 1055 in
3371 1013 3493 1055 eam

1913 1087 2140 1144 credere
2185 1088 2464 1156 debemus,
2511 1087 2638 1159 quia
2688 1102 2795 1143 non
2842 1086 3005 1155 Deus,
3059 1089 3155 1143 sed
3183 1089 3410 1159 populus
3437 1096 3493 1144 et

1913 1180 2106 1236 domus
2144 1186 2227 1236 est
2251 1179 2367 1245 Dei,
2410 1194 2508 1251 per
2552 1195 2714 1250 quam
2743 1189 2799 1235 et
2841 1178 3197 1235 sanctiﬁcatio
3246 1181 3371 1235 data
3407 1190 3494 1237 est

1912 1271 2249 1336 mortalibus,
2299 1281 2354 1327 et
2392 1258 2672 1327 crescente
2716 1272 3053 1327 credentium
3103 1287 3333 1328 numero
3373 1288 3492 1329 om-

1912 1365 2061 1420 nium
2081 1416 2085 1425 ,
2107 1379 2244 1436 pene
2270 1364 2467 1437 linguis
2510 1365 2564 1419 in
2590 1364 2686 1420 Dei
2719 1362 3229 1421 laudibussanctior
3261 1364 3493 1421 mundus

1912 1456 2168 1513 exsultat.
2212 1455 2342 1524 Quae
2370 1459 2533 1512 etiam
2560 1455 2811 1528 baptismi
2839 1464 3200 1521 sacramento,
3242 1464 3492 1527 peccato—

1913 1564 2031 1604 rum
2056 1548 2509 1604 contaminatione
2533 1548 2765 1612 detersa,
2792 1556 3063 1603 terrarum
3087 1547 3288 1603 incolas
3314 1555 3493 1633 trans—

1913 1640 2080 1695 mittit
2118 1641 2184 1694 ad
2210 1639 2425 1695 caelum.
2471 1638 2806 1714 Catholicam
2837 1639 2986 1707 dicit,
3019 1638 3071 1695 id
3094 1647 3195 1705 est,
3227 1647 3341 1696 toto
3359 1640 3493 1697 orbe

1915 1731 2182 1789 diﬂ‘usam.
2224 1729 2540 1786 Sanctorum
2571 1733 3005 1798 communionem,
3050 1731 3192 1802 quod
3224 1732 3489 1804 sequitur,

1911 1819 1966 1876 id
2001 1827 2107 1885 est,
2144 1828 2203 1874 ut
2234 1834 2355 1875 cum
2399 1820 2505 1876 illis
2536 1821 2757 1889 sanctis,
2805 1822 2899 1891 qui
2928 1822 2982 1877 in
3025 1820 3129 1877 hac
3170 1837 3332 1892 quam
3372 1838 3493 1880 sns-

1911 1909 2152 1983 cepimus
2183 1911 2286 1965 lide
2314 1911 2380 1965 de
2423 1911 2674 1981 praesenti
2710 1911 2904 1967 szeculo
2937 1912 3004 1967 ad
3033 1912 3200 1969 Deum
3226 1913 3492 1984 migrave-

1910 2009 2056 2067 runt,
2086 2004 2398 2059 societatem
2425 2009 2482 2056 et
2508 2002 2623 2074 spei
2652 2005 3088 2058 communionem
3131 2003 3331 2061 habere
3369 2019 3491 2061 cre-

1910 2093 2120 2151 damus.
2169 2093 2227 2149 Si
2255 2101 2433 2149 tamen
2467 2103 2611 2150 recte
2657 2093 2887 2150 vivendo
2935 2091 3094 2149 ﬁdem
3130 2093 3274 2150 illam
3306 2103 3491 2152 tenea-

1911 2199 2052 2250 mus,
2082 2192 2138 2239 et
2161 2183 2415 2255 operibus
2443 2184 2782 2256 impleamus.

1981 2271 2150 2329 Inter.
2194 2272 2551 2329 Undecimum
2593 2290 2810 2330 versum
2851 2277 2974 2346 quis
3019 2278 3359 2349 composuit,
3400 2285 3496 2335 aut

1911 2366 2041 2437 quid
2075 2368 2131 2423 in
2181 2382 2249 2423 eo
2282 2368 2451 2424 debeo
2487 2368 2824 2440 intelligere?
2877 2370 3033 2443 Resp.
3070 2370 3358 2427 Tiiaddcus
3392 2388 3493 2427 un-

1913 2458 2182 2516 decimum
2219 2475 2434 2516 versum
2465 2475 2793 2532 componens
2817 2463 2898 2517 ait
2930 2481 2942 2517 :
2977 2462 3355 2518 Ilemissionem
3376 2479 3495 2535 pee-

1912 2557 2168 2607 catorum.
2200 2549 2482 2610 Credeuda
2512 2565 2596 2609 est
2618 2553 2801 2627 utique
2827 2563 3169 2628 peccatorum
3212 2552 3457 2627 remissio
3478 2598 3493 2623 ,

1912 2644 2041 2712 quia
2068 2642 2171 2698 hoc
2198 2659 2363 2699 unum
2387 2651 2471 2699 est
2494 2647 2811 2713 remedium,
2836 2647 2977 2717 quod
3007 2646 3301 2702 humanum
3324 2663 3493 2718 genus
3550 2636 3551 2639 I

1916 2749 1945 2789 a
1973 2737 2237 2791 sententia
2261 2743 2533 2808 perpetuae
2578 2738 2766 2794 mortis
2799 2739 3044 2794 absolvit.
3082 2739 3287 2797 idcirco
3313 2742 3496 2814 unige-

1914 2825 2061 2881 nitus
2098 2823 2365 2882 Altissimi
2401 2827 2651 2899 dignatus
2697 2838 2864 2884 estet
2907 2844 3125 2885 carnem
3161 2845 3394 2898 sumere,
3440 2841 3495 2888 et

1915 2928 2132 2971 crucem
2180 2916 2382 2982 subire,
2414 2924 2471 2970 ut
2505 2933 2624 2983 nos,
2654 2917 2748 2988 qui
2791 2927 3013 2989 propter
3056 2919 3282 2974 crimina
3331 2928 3495 2990 atque

1915 3016 2136 3079 peccata
2177 3025 2286 3065 non
2338 3017 2650 3080 poteramus
2690 3012 2955 3078 evadere,
3010 3026 3107 3067 sua
3164 3012 3519 3085 indulgentia.

1918 3096 2122 3155 faceret
2149 3098 2482 3156 innocentes.
2515 3100 2583 3155 Et
2608 3102 2727 3157 ideo
2754 3100 3127 3157 immaculatus
3163 3104 3377 3159 occisus
3410 3114 3498 3160 est

242 3200 480 3271 quidem,
508 3209 571 3257 ut
589 3200 886 3257 humanum
918 3216 1086 3274 genus
1122 3200 1213 3256 ille
1240 3200 1517 3271 discutiat,
1540 3202 1631 3272 qui
1662 3216 1817 3258 crea-

1918 3190 2122 3263 Agnus,
2168 3201 2230 3247 ut
2257 3192 2373 3262 ejus
2403 3208 2598 3250 cruore
2630 3195 2851 3250 humani
2874 3194 3087 3264 generis
3126 3195 3353 3251 maculae
3379 3204 3492 3251 ter-

241 3292 349 3360 vit;
382 3301 439 3348 et
469 3293 583 3365 ipse
600 3293 824 3365 iudicet,
852 3295 944 3364 qui
971 3292 1217 3350 redemit.
1257 3291 1468 3349 Iustum
1495 3295 1691 3365 quippe
1711 3303 1813 3362 est,

241 3397 304 3443 ut
326 3388 665 3459 omnipotens
696 3385 956 3443 Dominus
996 3386 1252 3445 mortales
1279 3401 1427 3452 suos,
1460 3402 1596 3458 quos
1616 3389 1818 3443 virtute

242 3476 540 3534 divinitatis
576 3476 851 3543 formavit,
884 3474 1064 3533 Patris
1106 3477 1309 3548 pietate
1344 3476 1593 3545 salvavit,
1618 3475 1817 3548 iudicis

240 3569 640 3625 examinatione
685 3567 980 3635 discernat,
1030 3575 1090 3622 ut
1135 3568 1328 3640 impios
1374 3569 1633 3640 gehennae
1680 3569 1819 3642 ignis

243 3659 444 3724 tradat,
472 3660 591 3729 pios
620 3666 800 3715 autem
823 3658 877 3725 in
903 3658 1516 3715 societaterteternitatis
1546 3659 1814 3716 adsumat.

245 3748 385 3816 Quid
428 3763 660 3821 namque
683 3746 883 3819 iustius
906 3757 1086 3821 potest
1111 3764 1231 3806 esse
1259 3748 1401 3821 apud
1428 3749 1619 3815 Deum,
1655 3766 1818 3822 quam

244 3847 307 3895 ut
332 3855 560 3911 quorum
591 3840 701 3896 vita
731 3839 947 3896 diversa
991 3838 1093 3895 fuit
1135 3840 1190 3897 in
1222 3838 1439 3906 saacttlo,
1473 3853 1661 3896 eorum
1698 3849 1822 3912 post

244 3931 350 3987 hoc
384 3930 637 3987 stecuium
665 3931 860 3986 merita
897 3930 1313 4003 distinguantur.
1347 3929 1449 3986 Ubi
1476 3941 1652 3986 autem
1683 3930 1824 4002 iudi-

245 4023 402 4079 candi
433 4020 744 4078 referuntur
772 4022 921 4094 (vivi)
953 4037 1018 4077 ac
1044 4022 1262 4089 mortui,
1287 4022 1361 4077 ibi
1388 4023 1625 4079 omnium
1651 4022 1823 4078 homi-

248 4129 374 4170 num
397 4128 519 4171 esse
543 4114 684 4185 apud
704 4113 874 4169 Deum
899 4129 1029 4170 cura
1052 4114 1325 4170 credatur.

1918 3292 2193 3357 gerentur.
2236 3284 2377 3341 Ecce
2410 3285 2831 3357 profunditatem
2874 3286 3116 3357 mysterii
3151 3288 3164 3341 !
3199 3286 3337 3342 Ecce
3370 3286 3494 3343 alti-

1920 3377 2158 3433 tudinem
2198 3378 2570 3433 sacramenti!
2631 3377 2732 3434 Ubi
2778 3393 2925 3433 mors
2980 3377 3153 3433 reddit
3191 3378 3393 3445 vitam,
3441 3388 3496 3435 et

1918 3467 2257 3537 peccantium
2298 3467 2489 3523 sordes
2532 3468 2792 3540 sanguine
2838 3476 2963 3524 sunt
2996 3470 3293 3525 innocentis
3340 3485 3497 3525 mun«

1919 3557 2076 3614 datas.
2122 3556 2247 3615 Huic
2280 3568 2461 3614 autem
2506 3561 2754 3617 remissio
2795 3576 2901 3617 non
2938 3575 3040 3617 nos
3065 3562 3156 3623 ,ad
3211 3570 3492 3633 peccatum

1918 3650 2108 3717 nutrit,
2136 3651 2231 3706 sed
2260 3652 2531 3719 admonet,
2562 3660 2621 3706 ut
2642 3650 2755 3725 iam
2792 3668 3022 3724 peccare
3047 3654 3356 3715 timeamus.
3397 3654 3491 3724 qui

1917 3755 2017 3797 nos
2049 3742 2397 3814 intelligimus
2431 3745 2550 3799 sine
2594 3744 2750 3800 venia
2792 3760 2898 3800 non
2941 3760 3102 3818 posse
3138 3745 3355 3801 salvari.
3392 3746 3495 3803 Bo-

1919 3833 2063 3891 nitas
2087 3834 2231 3891 enim
2262 3837 2358 3893 Dei
2389 3850 2611 3893 munere
2635 3837 2980 3909 indulgentiae
3004 3853 3115 3894 sua:
3141 3853 3248 3894 non
3274 3854 3377 3896 nos
3403 3854 3493 3894 ar-

1917 3934 2031 3983 mat
2058 3926 2127 3982 ad
2150 3926 2384 3999 culpam,
2410 3928 2505 3983 sed
2529 3927 2756 3984 absolvit
2787 3928 2855 3983 ad
2880 3928 3124 4000 gloriam.

1990 4015 2158 4073 Inter.
2200 4015 2419 4071 Creteris
2467 4019 2712 4074 versibus
2756 4019 3037 4091 expositis,
3084 4019 3207 4091 quis
3239 4019 3491 4077 duodeci~

1918 4121 2069 4164 mum
2106 4108 2514 4178 composuisset,
2545 4123 2639 4163 seu
2668 4109 2830 4164 etiam
2862 4111 2991 4181 quid
3042 4111 3289 4167 miraculi
3329 4112 3384 4168 in
3427 4126 3493 4169 eo

317 4206 484 4264 Inter.
526 4205 739 4262 Nonum
766 4221 983 4262 versum
1027 4207 1150 4276 quis
1192 4207 1516 4277 composuit,
1548 4215 1642 4262 aut
1683 4220 1820 4277 que—
1916 4197 2205 4265 habeatur,
2237 4206 2296 4253 ut
2323 4198 2455 4254 mihi
2497 4201 2731 4271 aperias,
2763 4201 3037 4257 humiliter
3055 4201 3305 4259 obsecro.
3329 4201 3487 4275 Resp.

245 4299 407 4356 modo
435 4306 522 4354 est
545 4297 958 4369 intelligendus?
997 4296 1151 4367 Resp.
1194 4297 1327 4354 item
1355 4295 1590 4354 Iacobus
1616 4313 1819 4355 nonum
1920 4287 2101 4357 Certe,
2127 4289 2318 4357 frater.
2344 4292 2484 4349 sicut
2512 4293 2567 4348 in
2594 4293 2840 4364 reliQuis,
2862 4294 2936 4350 ita
2961 4303 3018 4349 et
3046 4295 3100 4349 in
3121 4296 3226 4351 hoc
3245 4296 3493 4366 petitioni

245 4405 461 4446 versum
499 4388 795 4460 adiungens
824 4390 938 4443 ait:
970 4385 1139 4442 Credo
1171 4387 1227 4443 in
1267 4387 1524 4458 Spiritum
1559 4398 1816 4443 sanctum.
1918 4388 2028 4438 tuae
2061 4380 2295 4457 benigno
2332 4384 2535 4452 animo,
2584 4395 2744 4456 prout
2791 4387 3050 4459 intelligo,
3082 4389 3487 4459 obtemperabo.

248 4478 362 4535 Hoc
391 4478 456 4533 ad
501 4476 729 4533 formam
762 4476 884 4532 ﬁdei
923 4476 1175 4549 pertinet,
1218 4484 1280 4531 ut
1321 4477 1465 4533 sicut
1508 4479 1564 4532 in
1601 4477 1818 4534 Patrem
1850 4532 1897 4551 ἢ
1922 4473 2198 4543 Matthiae,
2244 4478 2333 4548 qui
2379 4477 2447 4533 ab
2490 4479 2747 4549 apostolis
2789 4488 2911 4551 post
2951 4479 3143 4536 Judam
3174 4481 3379 4538 electus
3408 4489 3493 4538 est

247 4568 305 4627 et
334 4570 549 4634 Filium,
579 4570 652 4623 ita
696 4579 752 4623 et
780 4569 834 4623 in
881 4568 1142 4640 Spiritum
1188 4575 1433 4622 sanctum
1462 4567 1668 4639 absque
1710 4569 1819 4624 ulla
1853 4567 1898 4594 ν
1922 4581 2091 4639 sorte,
2139 4573 2513 4630 duodecimum
2552 4590 2769 4631 versum
2796 4574 3010 4643 adjecit,
3053 4576 3235 4632 dicens
3266 4595 3277 4631 :
3303 4576 3492 4632 Carnis

247 4662 582 4720 dubitatione
607 4660 912 4725 credamus,
945 4667 1005 4713 ut
1031 4674 1260 4728 quorum
1290 4674 1455 4713 unum
1489 4674 1686 4715 nomen
1713 4670 1818 4727 est,
1923 4664 2350 4719 resurrectionem
2385 4673 2434 4718 et
2474 4665 2633 4719 vitam
2666 4673 2933 4720 cateruam.
2965 4664 3213 4734 Carnem,
3251 4683 3413 4738 quam
3436 4669 3492 4724 in

249 4770 356 4811 non
383 4755 452 4809 sit
477 4768 664 4808 eorum
690 4751 900 4807 diversa
926 4750 1210 4807 confessio.
1237 4751 1305 4805 Et
1330 4751 1419 4820 qui
1450 4751 1500 4804 in
1523 4752 1659 4806 cmio
1680 4753 1821 4821 apud
1921 4757 2025 4813 hac
2050 4754 2159 4810 vita
2187 4754 2288 4811 sub
2320 4756 2537 4812 mortali
2569 4757 2875 4813 conditione
2901 4766 3201 4828 portamus,
3245 4760 3382 4814 banc
3408 4751 3494 4816 re-

249 4859 310 4901 se
352 4860 517 4899 unum
561 4853 706 4909 sunt,
758 4857 786 4895 a
832 4841 985 4896 nobis
1028 4856 1134 4896 non
1181 4852 1496 4913 separentur
1532 4841 1584 4895 in
1636 4842 1816 4896 terris.

249 4938 518 5007 Quoniam
555 4937 694 4991 sicut
731 4934 997 4990 divinitati
1032 4934 1164 4989 nihil
1204 4934 1269 4989 de
1305 4935 1568 4990 creaturis
1616 4932 1818 5005 mquari

249 5037 445 5101 potest,
488 5029 562 5083 ita
590 5041 804 5083 omnem
832 5026 1149 5081 divisionem
1173 5034 1229 5079 et
1274 5025 1693 5095 inanqualitatem
1719 5042 1822 5082 na-

250 5131 369 5177 tura
407 5117 705 5175 divinitatis
727 5116 981 5172 excludit.
1018 5114 1205 5185 itaque
1229 5118 1523 5171 secundum
1550 5118 1832 5189 evangelim
1870 5114 1871 5117 “

1923 4852 2291 4902 surrecturam
2329 4861 2451 4902 esse
2476 4848 2835 4903 immortalem
2864 4863 2928 4904 ac
2963 4850 3231 4905 rationem
3254 4850 3492 4906 redditu-

1920 4952 2036 4993 ram
2077 4951 2174 5007 pro
2205 4936 2476 4993 consortio
2497 4938 2689 4993 animai
2715 4939 3017 4995 credamus.
3049 4938 3180 5005 Ouis
3206 4941 3348 4997 enim
3375 4957 3492 4998 crc-

1919 5028 2051 5083 dens
2076 5028 2185 5083 Deo
2214 5027 2384 5098 possit
2414 5028 2478 5083 de
2504 5030 2899 5086 resurrectione
2924 5030 3191 5097 dubitare,
3217 5046 3340 5087 cum
3378 5048 3492 5088 ma~

1917 5118 2173 5175 nifestum
2202 5120 2274 5174 sit
2306 5119 2447 5175 hanc
2476 5121 2647 5175 solam
2672 5136 2892 5177 causam
2912 5121 3132 5179 Christo
3167 5123 3332 5180 fuisse
3368 5141 3495 5181 nas-

250 5227 369 5267 cam
392 5210 693 5276 veritatem,
721 5209 859 5265 sicut
882 5207 1049 5264 Filius
1071 5223 1102 5262 a
1126 5206 1286 5262 Patre
1310 5208 1498 5272 exivit,
1524 5207 1598 5262 ita
1620 5218 1676 5263 et
1700 5209 1821 5278 Spi-

251 5302 388 5358 ritus
412 5306 628 5356 sanctus
657 5313 687 5352 a
733 5296 895 5354 Patre
934 5297 1196 5368 procedit.
1239 5297 1307 5351 Et
1345 5297 1485 5353 sicut
1516 5297 1820 5368 unigenitus

249 5393 423 5449 Filius
481 5392 574 5446 Dei
637 5399 740 5455 est,
785 5388 857 5444 ita
905 5402 959 5444 et
1011 5390 1242 5459 Spiritus
1292 5398 1508 5445 sanctus
1556 5388 1652 5445 Dei
1714 5400 1819 5446 est.

252 5484 320 5540 Et
347 5484 488 5539 sicut
509 5479 687 5547 Pater,
731 5480 816 5537 cui
865 5477 997 5545 vult,
1042 5480 1362 5545 miseretur,
1412 5487 1469 5533 et
1500 5479 1701 5544 Filius,
1734 5481 1823 5537 cui
1925 5479 2139 5552 fugere,
2184 5493 2412 5537 mortem
2453 5494 2728 5555 expetere,
2769 5493 2823 5539 et
2874 5485 3083 5557 perpeti
3121 5487 3449 5557 sepulturam
3475 5529 3493 5555 ,

251 5577 385 5643 vult,
417 5574 635 5631 Patrem
657 5572 891 5637 revelat;
923 5574 998 5627 ita
1026 5572 1192 5627 etiam
1230 5571 1465 5643 Spiritus
1484 5571 1826 5643 etinspirare
1925 5569 2029 5624 nisi
2060 5570 2224 5625 vitam
2271 5573 2586 5628 mortalibus
2632 5576 2868 5646 praestita
2924 5576 3321 5633 resurrectione
3363 5592 3489 5634 con-

252 5668 465 5734 legitur,
492 5672 653 5736 prout
675 5660 809 5729 vult,
839 5670 895 5717 et
924 5661 1061 5717 dona
1092 5661 1391 5717 cmiestium
1420 5661 1714 5733 gratiarum
1743 5661 1827 5718 di-
1927 5659 2126 5716 ferret?
2157 5660 2322 5719 Posse
2358 5665 2461 5720 hoc
2492 5664 2606 5720 ﬁeri
2632 5663 2760 5721 facit
2792 5666 3048 5725 divinitas
3084 5666 3265 5734 fidem,
3305 5667 3390 5725 cui
3416 5677 3497 5725 to-

253 5759 456 5825 videre,
494 5764 654 5829 prout
693 5754 824 5809 vult.
858 5752 986 5821 Quae
1017 5768 1137 5808 cum
1179 5754 1251 5808 ita
1293 5769 1349 5809 se
1387 5752 1636 5819 habeant,
1690 5768 1824 5823 quo-
1929 5762 2060 5817 tum,
2088 5755 2227 5824 quod
2254 5756 2384 5821 vult,
2420 5772 2576 5827 posse
2625 5758 2885 5817 subsistit.
2922 5759 3161 5829 Denique
3191 5767 3253 5817 ut
3284 5758 3490 5817 indulti.

1921 5211 2111 5265 oendi?
2138 5210 2266 5277 Qum
2306 5212 2513 5268 utilitas
2539 5223 2684 5281 erat,
2727 5222 2787 5270 ut
2828 5222 3120 5287 perpetuus
3154 5232 3372 5273 carnem
3413 5219 3496 5274 di-

1921 5309 2178 5373 gnaretur
2193 5318 2487 5371 assumere,
2506 5305 2609 5359 nisi
2639 5315 2699 5360 ut
2718 5308 3059 5377 perpetuitati
3083 5322 3301 5362 carnem
3329 5308 3496 5363 dona»

1926 5393 2041 5446 ret?
2069 5391 2202 5458 Qum
2235 5393 2405 5464 gloria
2447 5404 2591 5450 esset
2623 5396 2714 5450 Dei
2760 5394 2957 5450 Filium
3002 5411 3221 5453 crucem
3261 5413 3368 5453 non
3411 5415 3497 5454 re-
