4092 6528
217 361 360 420 ius

216 481 384 542 tassis
408 481 526 554 qui,
566 481 635 537 ad
659 481 881 550 quasvis
907 481 1250 545 antiquitatis
1284 481 1546 544 reliquias
1567 481 1760 526 attenti
1780 509 1797 535 ,

215 555 305 612 liis
326 566 543 625 quoque
571 549 806 624 pretium
847 555 1114 610 statuant,
1143 553 1200 625 e_t
1229 544 1356 600 inde
1373 540 1654 625 nonnulla
1677 555 1802 610 qua

215 626 286 682 ad
316 615 607 690 calculum,
637 633 924 677 mensuras
949 631 1016 673 ac
1039 615 1546 690 ponderajeterum
1574 627 1804 690 cognos-

212 681 385 754 cenda
417 681 742 756 conferunt,
793 701 987 746 eruere
1010 681 1543 758 possint._Nonuul_la
1580 681 1802 758 quain

213 751 704 829 msadetieiebant,
729 751 1104 833 supplevinius
1123 770 1193 814 ex
1223 755 1360 811 Ven.
1388 751 1535 810 Beda
1569 751 1674 810 sub
1714 751 1802 810 bis

213 835 236 911 ί
311 834 550 912 μείρει.
882 896 1043 973 ul
1085 895 1124 952 ι

673 1005 988 1052 Ριονοθιτιο
1015 1005 1082 1046 BI
1113 1001 1334 1044 ιιιια.

282 1087 474 1147 Limas
495 1085 600 1146 fuit
621 1085 692 1142 ab
714 1082 1034 1142 hierundine
1068 1077 1223 1154 [ls.,
1246 1075 1578 1154 harundine]
1604 1077 1804 1134 invita-

208 1190 301 1240 tus
327 1181 396 1239 ad
424 1178 717 1253 prandium
759 1175 901 1233 intra
940 1174 1150 1231 leucam
1179 1187 1363 1228 unam.
1394 1170 1454 1226 in
1486 1169 1577 1227 die
1615 1177 1800 1225 autem

209 1290 318 1334 non
343 1274 519 1348 potuit
546 1271 670 1345 plus
690 1285 858 1343 quam
889 1282 1055 1324 unam
1081 1267 1297 1324 nnciam
1316 1263 1471 1338 pedis
1498 1264 1798 1320 ambulare.

209 1367 384 1432 Dicat,
409 1365 501 1439 qui
530 1363 680 1431 velit,
721 1363 778 1420 in
816 1368 950 1434 quot
977 1359 1158 1434 [annis
1181 1357 1290 1431 vel]
1331 1357 1525 1414 diebus
1557 1355 1626 1413 ad
1655 1355 1800 1414 idem

205 1459 494 1533 prandium
525 1459 643 1531 ipse
668 1455 834 1511 lima:
867 1449 1318 1524 perambulabat?

598 1546 853 1621 Sequitur
876 1543 1070 1601 solutio
1102 1542 1170 1599 de
1196 1542 1406 1600 limare.

277 1637 338 1697 In
364 1637 517 1698 leuca
542 1652 654 1696 una
676 1645 804 1695 sunt
826 1636 973 1693 mille
999 1637 1278 1709 quingenti
1303 1649 1529 1707 passus;
1552 1649 1629 1692 vn
1656 1650 1689 1690 υ
1709 1647 1801 1706 pe-

203 1734 324 1803 des,
350 1734 419 1793 ft":
447 1731 641 1792 uncle.
672 1727 818 1800 Quot
839 1729 1033 1796 uncia,
1071 1735 1152 1784 tet
1180 1727 1298 1786 dies
1323 1726 1565 1795 luerunt,
1593 1727 1688 1800 qui
1710 1725 1796 1784 l'a-

201 1830 356 1890 ciunt
378 1841 552 1888 annos
574 1839 789 1892 ccxevt,
806 1831 875 1881 et
897 1822 1016 1882 dies
1037 1836 1156 1878 cex.

406 2026 435 2058 ⁸
465 2023 779 2071 ηοιιοιιτιο
807 2022 874 2066 DE
900 2021 1026 2064 ΠΕΟ
1054 2019 1374 2064 auruum:
1401 2021 1455 2062 11
1483 2019 1595 2062 VIA.

274 2105 504 2178 Quidam
550 2103 639 2159 vir
679 2100 965 2162 ambulans
1011 2112 1111 2171 per
1152 2097 1298 2154 viam
1329 2097 1468 2154 vidit
1509 2095 1616 2155 sibi
1658 2095 1795 2154 alios

200 2198 452 2258 homines
487 2194 801 2259 obviantes,
844 2201 902 2249 et
936 2191 1074 2246 dixit
1108 2191 1226 2246 eis:
1266 2189 1545 2257 Volebam,
1575 2196 1637 2246 ut
1663 2188 1795 2246 fuis-

201 2292 334 2349 setis
373 2287 561 2362 [Bed.,
611 2289 820 2342 utinam
865 2281 1140 2356 fuissetis]
1185 2283 1276 2340 alii
1321 2291 1556 2350 tantum,
1601 2282 1792 2355 quanti

199 2383 370 2450 estis;
401 2392 457 2438 et
478 2381 741 2438 medietas
770 2377 1110 2441 medietatis;
1150 2385 1209 2433 et
1244 2375 1404 2446 hujus
1429 2376 1641 2431 numeri
1675 2390 1793 2431 me-

200 2477 376 2534 dietas
417 2474 495 2548 [et
529 2487 722 2529 rursus
745 2471 813 2527 de
841 2468 1136 2536 medietate
1164 2466 1448 2540 medietas]
1473 2484 1488 2535 ;
1531 2475 1662 2524 tunc
1684 2482 1791 2524 una

196 2580 414 2626 necum
442 2580 474 2623 e
513 2563 772 2620 fuissetis.
818 2561 994 2627 Dicat,
1036 2561 1130 2631 qui
1161 2559 1309 2628 velit,
1332 2557 1789 2638 quanti.i'uerunt,

197 2657 370 2731 quiin
394 2656 587 2730 primis
611 2653 680 2711 ab
708 2651 803 2710 illo
822 2651 924 2710 visi
946 2651 1116 2710 sunt?

558 2744 764 2804 Salutio
785 2744 851 2800 de
873 2744 1054 2800 uideat
1075 2744 1450 2816 propositione.

269 2839 372 2909 Qui
402 2837 669 2911 imprimis
689 2836 869 2894 abillo
894 2835 994 2892 visi
1019 2844 1165 2902 sunt,
1204 2835 1427 2892 fuerunt
1461 2851 1650 2892 xxsvr.
1680 2834 1788 2893 Alii

197 2942 409 2992 tantum
448 2944 619 2989 usu.
662 2925 920 2984 “edictas
962 2926 1266 2984 medietatis
1306 2941 1462 2985 xvm.
1511 2925 1583 2985 Et
1625 2925 1788 2996 huius

197 3025 408 3082 numeri
453 3022 715 3080 medietas
760 3027 888 3076 sunt
911 3036 1052 3075 vnn.
1098 3017 1196 3074 Dic
1232 3032 1366 3092 ergo
1393 3020 1512 3076 sic:
1553 3033 1703 3076 usti
1729 3027 1788 3077 et

199 3131 332 3173 xvtn
362 3115 496 3172 ﬁunt
515 3129 604 3172 se.
629 3112 782 3170 Adde
805 3127 942 3179 vnn,
970 3113 1106 3168 ﬁunt
1135 3125 1340 3167 xcvtut.
1379 3111 1530 3169 Adde
1559 3110 1784 3184 brquen-

197 3216 332 3275 tem,
354 3213 412 3265 et
431 3204 657 3264 habebis
686 3217 741 3263 c.
949 3271 1017 3329 ω

373 3369 402 3413 ι’
427 3383 740 3427 raorostrto
763 3381 830 3424 us
857 3378 1058 3424 sumus
1084 3377 1604 3426 "metantem.

263 3459 384 3520 Duo
424 3460 672 3518 homines
717 3457 1054 3515 ambulantes
1092 3471 1192 3528 per
1227 3456 1392 3523 viam,
1429 3457 1785 3532 videntesque

193 3552 453 3618 ciconias,
482 3550 738 3608 dixerunt
781 3549 924 3605 inter
963 3563 1057 3604 se:
1094 3547 1238 3615 Quot
1268 3549 1438 3604 sunt?
1473 3547 1575 3617 Qui
1599 3548 1786 3607 confe-

192 3651 378 3703 rentes
407 3655 692 3698 numerum
723 3640 977 3697 dixerunt
1003 3657 1015 3693 :
1058 3638 1117 3695 Si
1142 3649 1330 3696 essent
1360 3642 1479 3696 alite
1507 3648 1703 3710 tanta;
1727 3653 1784 3698 et

192 3746 277 3793 tcr
301 3734 478 3808 [Bed.,
501 3741 559 3790 et
580 3730 767 3804 etiam]
791 3739 973 3798 talitae,
994 3737 1050 3786 et
1074 3731 1336 3800 medietas
1359 3733 1526 3798 tertii,
1556 3730 1784 3802 adjectis

191 3831 419 3894 duobus,
444 3843 475 3884 c
502 3836 706 3883 essent.
741 3825 912 3891 Dicat,
943 3824 1035 3897 qui
1064 3832 1263 3896 potest,
1291 3833 1505 3895 quanta
1538 3823 1779 3895 fuerunt,

189 3937 311 3996 qua:
335 3918 600 3990 imprimis
626 3917 696 3973 ab
723 3915 828 3972 illis
846 3915 977 3973 visa
1001 3914 1164 3971 sunt?

697 4005 904 4063 Salutio
933 4006 998 4061 de
1030 4006 1270 4062 cicottit's.

188 4141 189 4144 η
261 4115 432 4158 uvm
458 4106 514 4155 et
548 4113 703 4163 xvm,
724 4103 782 4152 et
806 4095 969 4152 tertio
993 4096 1109 4162 sic;
1144 4095 1283 4154 tiunt
1305 4112 1553 4154 suum.
1580 4097 1648 4155 Et
1670 4113 1782 4156 me-

189 4196 364 4252 dietas
393 4192 540 4248 tertii
577 4190 715 4247 ﬁunt
735 4204 878 4245 mu.
926 4186 1066 4255 Sunt
1093 4187 1149 4244 in
1179 4196 1354 4248 totum
1398 4205 1588 4248 scvnt.
1614 4191 1780 4264 Adje.

188 4288 293 4352 ctis
318 4284 548 4352 duobus,
576 4298 607 4341 c
634 4287 917 4357 apparent.

482 4477 506 4509 ⁸
543 4477 860 4529 νιοβοειτιο
886 4481 953 4520 νε
978 4476 1180 4520 ΙΙΟΙΙΚΕ
1209 4479 1279 4524 ΕΤ
1302 4478 1475 4528 επις.

257 4560 488 4633 Quidam
528 4558 690 4614 homo
731 4557 863 4614 vidit
897 4570 1067 4627 equos
1110 4562 1394 4625 pascentes
1443 4555 1499 4611 in
1543 4571 1771 4627 campo,
1803 4542 1855 4604 Ι)

187 4655 394 4728 optavit
426 4650 651 4708 dicens:
700 4646 918 4704 Utinam
948 4647 1143 4704 essetis
1181 4646 1320 4710 mei,
1350 4654 1409 4701 et
1444 4646 1638 4704 essetis
1682 4647 1773 4703 alii

187 4757 418 4809 tantum,
444 4752 503 4800 et
525 4740 788 4797 medietas
825 4739 1132 4794 medietatis
1160 4756 1172 4802 ;
1211 4747 1359 4794 certe
1393 4737 1654 4809 gloriarer
1685 4754 1778 4795 su-

185 4853 285 4910 per
312 4849 483 4906 equos
512 4849 562 4888 c.
597 4831 904 4892 Discernat,
935 4830 1026 4899 qui
1059 4829 1188 4893 vult,
1229 4837 1365 4902 quot
1387 4843 1558 4900 equos
1589 4830 1777 4901 impri-

183 4929 292 4989 Inis
313 4924 446 4983 vidit
477 4922 565 4980 ille
602 4924 766 4979 homo
795 4921 1120 4990 pascentes?

747 5010 951 5067 Salutio
973 5011 1039 5065 de
1062 5012 1226 5081 equis.

259 5126 325 5168 st.
364 5107 490 5180 equi
532 5114 708 5172 erant,
749 5105 841 5174 qui
885 5103 1199 5174 pascebant.
1248 5103 1353 5162 Alii
1397 5111 1608 5164 tantum
1640 5103 1776 5163 iiunt

184 5219 348 5262 tua.
384 5199 642 5256 ledietas
665 5195 974 5254 medietatis
1002 5193 1181 5265 huius,
1203 5195 1258 5252 id
1285 5201 1390 5261 est,
1415 5211 1505 5261 xx,
1535 5192 1582 5250 si
1613 5193 1776 5250 adda-

185 5302 297 5362 tur,
323 5294 459 5356 ﬁunt
481 5309 533 5349 (ι.
954 5358 998 5413 v

405 5457 433 5500 ἀ
464 5470 779 5514 rnorostvlo
809 5471 875 5510 ne
902 5466 1151 5510 ειντοιε
1180 5465 1544 5510 οεωιιιοιυι.

257 5550 403 5610 Dixit
442 5550 665 5624 quidam
703 5556 918 5620 emptor
946 5547 1138 5620 [Bed.,
1169 5546 1508 5620 mercator]:
1544 5544 1677 5602 Volo
1704 5545 1773 5605 de

260 5701 285 5728 ει
317 5685 472 5757 Apud
505 5685 744 5757 Bedam:
788 5681 866 5738 De
907 5681 1116 5736 homine
1156 5679 1290 5734 alios
1334 5679 1569 5736 homines
1607 5677 1660 5734 in
1691 5679 1774 5734 eis

187 5759 288 5815 sibi
307 5756 652 5811 adulantibus.

264 5833 290 5870 ιι
321 5827 474 5899 Apud
497 5824 695 5884 Bcdum
727 5824 972 5884 additur:
1016 5822 1152 5878 Visis
1186 5822 1417 5877 eiconiis.

1110 358 1263 417 OPP.
1302 356 1533 417 DUBIA.
1574 385 1646 400 --
1682 354 2230 415 PROPOSITIONES
2264 357 2561 418 ALCUINI.

487 479 526 546 i,
566 480 635 537 ad
659 475 881 550 quasvis
907 473 1250 550 antiquitatis
1284 470 1546 550 reliquias
1567 470 1760 550 attenti
1780 509 1797 535 ,
1829 469 1878 531 Α
1903 477 2121 525 centum
2144 468 2383 526 denariis
2403 484 2434 525 c
2455 485 2652 542 porcos
2677 484 2858 527 εωθω
2882 488 2898 539 ;
2937 472 3019 530 δίε
3049 482 3228 531 tamen
3245 514 3261 536 .
3289 481 3350 528 υι
3373 488 3495 528 ην,

1810 3174 1859 3244 C

3355 361 3492 418 “46

1904 574 1995 616 res
2025 574 2061 616 a
2102 559 2344 618 denariis
2389 569 2647 628 ematur;
2700 560 2879 621 scrofa
2917 571 3101 622 autem
3143 581 3177 622 v
3210 563 3493 631 denariis;

1901 651 2012 708 duo
2034 667 2166 710 vero
2197 651 2420 723 porcelli
2455 653 2685 710 denario
2703 670 2831 710 uno.
2873 654 3056 723 Dicat,
3081 655 3174 727 qui
3220 655 3492 726 intelligit,

1900 749 2034 812 quot
2055 757 2262 810 verres,
2290 749 2427 814 quot
2465 742 2657 800 scrofae
2675 787 2689 810 ,
2733 756 2933 817 quotve
2973 745 3196 818 porcelli
3233 761 3355 803 esse
3399 748 3494 802 de-

1900 833 2087 900 beant,
2116 844 2177 891 ut
2200 837 2254 893 in
2285 836 2494 893 neutris
2520 852 2781 894 numerus
2807 852 2908 895 nec
2943 837 3368 912 superabundet,
3394 852 3494 898 nes

1899 924 2217 987 minuatur?

2407 1016 2613 1077 Salutio
2648 1024 2713 1075 de
2745 1031 2996 1093 emptore.

1971 1108 2082 1167 l-‘ac
2107 1125 2225 1166 vim
2255 1110 2464 1167 seratas
2491 1119 2549 1168 et
2579 1127 2744 1168 illiilli]
2771 1126 2986 1170 verrem
3016 1113 3073 1170 in
3100 1110 3495 1187 quinquaginta

1898 1200 2141 1273 quinque
2186 1200 2465 1266 denariis;
2503 1210 2562 1259 et
2606 1218 2748 1259 uas
2798 1203 3068 1276 porcellos
3114 1205 3168 1262 in
3216 1221 3307 1262 χι..
3354 1205 3495 1264 Ecce

1897 1295 2048 1364 porci
2085 1307 2173 1351 sc.
2218 1291 2278 1349 in
2316 1293 2552 1351 residuis
2577 1310 2612 1349 v
2647 1294 2912 1364 denariis,
2945 1295 3033 1353 fac
3060 1295 3330 1368 porcellos
3355 1313 3411 1364 s,
3440 1304 3492 1354 et

1899 1382 2125 1441 habebis
2149 1384 2524 1441 centenarium
2548 1398 2838 1443 numerum
2870 1386 2925 1442 in
2948 1386 3215 1459 utrisque.

1968 1601 2285 1646 ηοιιωηω
2308 1601 2376 1644 νε
2407 1602 2612 1645 DUOBUS
2647 1601 3114 1648 μεσοτιλτοιιιιυε
3143 1603 3173 1646 C
3198 1602 3420 1647 ωιιυω

2519 1694 2871 1739 ΙΙΑΒΕΙτΙΒυ..

1965 1771 2211 1828 Fuerunt
2239 1769 2349 1828 duo
2369 1770 2755 1843 negotiatores,
2782 1772 3045 1830 habentes
3063 1789 3096 1833 c
3117 1771 3321 1832 solidos
3337 1788 3489 1832 eom-

1902 1876 2114 1931 munes,
2144 1860 2342 1935 quibus
2377 1874 2627 1921 emerent
2667 1880 2884 1937 porcos.
2915 1865 3176 1924 Emerunt
3218 1875 3402 1925 autem
3433 1867 3489 1926 in

1897 1953 2086 2009 solidis
2110 1953 2322 2010 duobus
2341 1968 2538 2024 porcos
2568 1970 2622 2022 v,
2643 1953 2887 2014 volentes
2905 1972 3002 2014 eos
3028 1959 3302 2030 saginare,
3323 1967 3488 2030 atque

1895 2044 2096 2101 iterum
2116 2045 2450 2112 venundare,
2484 2053 2540 2102 et
2574 2046 2628 2102 in
2651 2046 2838 2105 solidis
2862 2048 3072 2105 lucrum
3095 2047 3296 2107 facere.
3322 2048 3487 2108 Cum-

1891 2154 1998 2212 que
2022 2138 2286 2196 vidissent
2313 2147 2527 2212 tempus
2552 2156 2660 2197 non
2683 2157 2807 2199 esse
2827 2142 2896 2199 ad
2917 2143 3242 2214 saginandos
3267 2159 3484 2216 porcos,

1890 2238 1948 2288 et
1977 2230 2081 2304 ipsi
2107 2246 2205 2289 eos
2230 2247 2336 2288 non
2360 2231 2661 2290 valuissent
2687 2245 2931 2308 tempore
2965 2236 3185 2294 hiemali
3224 2251 3483 2309 pascere,

1890 2331 2176 2380 tentavere
2203 2324 2584 2391 venundando,
2620 2326 2669 2383 si
2693 2327 3019 2398 potuissent,
3046 2327 3256 2386 lucrum
3279 2327 3484 2396 facere,

1889 2415 1988 2472 sed
2015 2428 2124 2472 non
2169 2423 2499 2487 potuerunt;
2535 2417 2666 2489 quia
2710 2433 2817 2475 non
2847 2417 3102 2476 valebant
3131 2435 3228 2478 eos
3254 2421 3486 2495 amplius

1889 2505 2220 2571 venundare,
2246 2505 2356 2562 nisi
2378 2512 2438 2561 ut
2456 2507 2627 2578 empti
2646 2506 2884 2576 fuerant,
2917 2508 2972 2565 id
2998 2518 3103 2579 est,
3134 2518 3196 2566 ut
3214 2511 3282 2569 de
3304 2527 3340 2567 v
3359 2525 3485 2584 por-

1886 2593 1971 2651 cis
1995 2593 2131 2651 duos
2157 2595 2362 2652 solidos
2387 2597 2721 2668 acciperent.
2755 2596 2893 2656 Cum
2923 2600 3028 2656 hoc
3050 2603 3483 2672 conspexissent,

1887 2683 2145 2742 dixerunt
2170 2685 2239 2742 ad
2267 2685 2528 2744 invicem:
2557 2687 2874 2745 Dividamus
2907 2704 3024 2746 eos.
3054 2690 3364 2748 Diridentes
3388 2707 3486 2749 au-

1886 2785 2000 2836 tem
2036 2788 2097 2838 et
2119 2778 2434 2846 vendentes,
2469 2781 2611 2838 sicut
2654 2789 2919 2848 emerant,
2973 2780 3221 2839 lecerut
3247 2783 3482 2841 lucrum.

1885 2865 2079 2935 Dicat,
2126 2869 2218 2940 qui
2251 2868 2412 2936 valet,
2444 2870 2716 2943 imprimis
2755 2880 2888 2942 quot
2929 2871 3081 2945 porci
3129 2872 3391 2940 fuerunt;
3425 2879 3506 2931 et

1885 2961 2094 3020 dividat
2129 2977 2194 3018 ac
2218 2962 2417 3020 vendat
2441 2972 2498 3020 et
2528 2963 2744 3022 lucrum
2768 2963 2970 3035 faciat,
3016 2966 3163 3038 quod
3189 2965 3374 3027 facere
3414 2965 3485 3025 de

1885 3052 2049 3111 simul
2075 3052 2306 3110 venditis
2333 3069 2442 3112 non
2466 3053 2657 3111 valuit.

2427 3165 2636 3225 Salutio
2662 3165 2729 3223 de
2750 3166 2944 3237 porcis.

1962 3247 2238 3330 inprimis
2255 3272 2354 3314 cci.
2374 3259 2528 3330 porci
2550 3268 2731 3325 erant,
2743 3258 2838 3327 qui
2852 3273 2885 3314 c
2908 3255 3098 3316 solidis
3116 3266 3244 3315 sunt
3259 3273 3481 3332 compa-

1887 3350 2016 3416 rati,
2042 3350 2188 3407 sicut
2216 3365 2379 3422 supra
2403 3349 2606 3405 dictum
2632 3357 2738 3416 est,
2775 3350 2831 3407 in
2857 3349 3072 3408 duobus
3089 3349 3279 3408 solidis
3304 3365 3339 3406 v
3359 3366 3477 3423 pot~

1886 3455 2020 3498 eos:
2056 3442 2185 3512 quia
2222 3441 2339 3496 sive
2383 3438 2744 3512 quinquagies
2769 3439 2988 3510 quinos,
3033 3441 3148 3496 sive
3191 3439 3483 3512 quinquies

1885 3549 1917 3588 ι
1940 3531 2166 3596 dixeris.
2194 3546 2292 3590 eet.
2330 3531 2662 3588 numerabis.
2708 3530 2922 3599 Quibus
2958 3530 3150 3587 divisis
3187 3545 3328 3586 unus
3356 3530 3482 3591 tulit

1883 3638 2053 3688 cuv,
2086 3623 2226 3679 alter
2263 3621 2532 3680 similiter.
2581 3619 2734 3677 Unus
2770 3618 3015 3677 vendidit
3041 3619 3340 3677 deteriores
3368 3628 3482 3678 tres

1883 3728 2103 3786 semper
2129 3714 2183 3770 in
2210 3712 2422 3781 solido;
2457 3711 2598 3769 alter
2619 3711 2872 3769 meliores
2906 3709 3045 3769 duos
3071 3711 3128 3767 in
3152 3711 3344 3768 solido.
3383 3710 3479 3766 Sic

1882 3805 2082 3868 evenit,
2125 3811 2186 3859 ut
2228 3802 2276 3860 is
2313 3803 2406 3872 qui
2450 3803 2752 3860 deteriores
2776 3801 3043 3868 vendidit,
3068 3801 3136 3858 de
3161 3816 3269 3858 eas
3297 3803 3478 3874 porcis

1881 3911 1952 3952 at.
1978 3894 2180 3952 solidos
2202 3900 2288 3949 est
2312 3903 2659 3950 consecutus.
2691 3891 2795 3961 Qui
2820 3907 2951 3950 vero
2978 3891 3255 3958 meliores,
3282 3906 3350 3947 ts
3386 3907 3476 3948 so—

1883 3986 2024 4044 lidos
2043 3995 2129 4042 est
2153 3992 2516 4052 eonsewtus;
2556 3984 2686 4058 quia
2711 3985 2780 4042 de
2809 3982 3160 4042 inferioribus
3188 3999 3292 4040 su
3321 3999 3472 4042 aetu-

1879 4095 1981 4152 per
2007 4078 2060 4135 in
2101 4093 2135 4134 ι
2178 4078 2406 4144 solidis;
2448 4079 2514 4135 de
2539 4077 2856 4136 melioribus
2895 4077 3085 4155 viginti
3129 4086 3310 4134 autem
3341 4076 3398 4134 in
3439 4091 3470 4132 ι

1881 4166 2071 4224 solidis
2117 4176 2246 4222 sunt
2283 4167 2620 4224 venundati:
2651 4177 2708 4224 et
2751 4176 3131 4227 remanserunt
3163 4166 3407 4241 utrisque
3436 4181 3472 4222 v

1878 4257 2052 4331 porci,
2079 4274 2144 4315 ex
2167 4259 2364 4330 quibus
2390 4258 2456 4315 ad
2481 4260 2691 4315 lucrum
2721 4273 2804 4316 nu
2834 4257 3038 4316 solidos
3064 4267 3124 4315 et
3142 4258 3282 4316 duos
3310 4258 3472 4315 dena-

1879 4349 1992 4406 rios
2016 4347 2199 4406 l‘aeere
2226 4356 2542 4420 potuerunt.

2040 4546 2355 4589 PIOPOSITIO
2384 4546 2452 4589 DE
2482 4546 2632 4590 DIGCO
2658 4547 2930 4592 ηκωκτε
2956 4548 3147 4593 ιηιη
3171 4549 3301 4590 axx.

1957 4633 2052 4689 Est
2074 4634 2255 4690 discus
2277 4631 2368 4704 qui
2399 4643 2591 4703 pensat
2617 4633 2785 4690 libras
2824 4650 2932 4691 xxx
2974 4635 3090 4692 sive
3119 4633 3322 4693 solidos
3366 4651 3466 4703 ne,

1885 4723 2092 4781 habens
2132 4727 2187 4781 in
2224 4741 2285 4782 se
2326 4739 2557 4790 aurum,
2603 4734 2920 4798 argentum,
2964 4725 3370 4795 aurichakum,
3411 4735 3469 4784 et

1881 4826 2156 4873 stannum.
2181 4815 2453 4884 Quantum
2482 4816 2648 4872 habet
2673 4816 2814 4882 auri,
2838 4825 2921 4874 ter
2957 4825 3166 4874 tantum
3194 4817 3358 4874 habet
3380 4834 3470 4874 ar-
3506 4829 3508 4831 ‘

1882 4909 2046 4980 genti.
2064 4908 2338 4977 Quantum
2363 4908 2594 4981 argenti,
2612 4916 2696 4966 ter
2714 4916 2921 4965 tantum
2943 4908 3257 4966 aurichalci.
3288 4907 3473 4977 Quane

1882 5013 1996 5058 tum
2025 5003 2341 5070 aurichalei,
2366 5012 2450 5060 ter
2470 5012 2679 5062 tantum
2714 5005 2915 5062 stanni.
2940 5005 3118 5072 Dicat,
3141 5005 3234 5076 qui
3264 5013 3464 5078 potest,

1878 5100 2139 5162 quantum
2186 5094 2240 5147 in
2291 5108 2614 5167 unaquaque
2660 5095 2841 5167 specie
2888 5095 3081 5169 [Βοάη
3126 5110 3464 5166 unaquaque

1877 5181 2110 5255 species]
2135 5183 2368 5253 pensat?

2550 5271 2778 5331 Salutio.

1950 5366 2156 5422 Aurum
2182 5373 2378 5436 pensat
2417 5366 2604 5423 uncias
2649 5381 2883 5423 novem:
2924 5376 3212 5438 argentum
3243 5374 3331 5425 ter
3359 5384 3458 5424 nn-

1877 5457 1992 5514 cias
2013 5471 2154 5523 vuu,
2181 5457 2234 5513 id
2259 5465 2364 5522 est,
2392 5456 2560 5513 libras
2583 5456 2717 5513 duas
2737 5465 2794 5513 et
2812 5465 2925 5515 tres
2946 5459 3156 5514 uncias.
3180 5454 3455 5513 Aurichai—

1878 5563 2002 5606 cum
2022 5556 2215 5619 pensat
2243 5557 2327 5603 ter
2354 5545 2524 5604 libras
2551 5546 2688 5603 duas
2709 5557 2763 5603 et
2787 5545 2919 5622 [ter]
2945 5564 3005 5604 Ill
3035 5547 3246 5613 uncias,
3275 5547 3327 5602 id
3352 5553 3460 5615 est,

1955 5695 1968 5721 ί
2010 5681 2164 5754 Αρυᾲ
2186 5681 2390 5754 pedum
2418 5679 2636 5754 additur
2663 5699 2672 5732 :
2716 5681 2781 5736 lu
2811 5697 2994 5754 eampo
3019 5681 3372 5754 pascentibus.
3479 5685 3484 5691 '

1952 5759 1978 5794 σι
2006 5749 2160 5825 Apud
2182 5750 2382 5810 Bedatn
2412 5766 2426 5806 :
2463 5749 2540 5808 De
2561 5762 2786 5824 emptore
2817 5752 2870 5807 in
2894 5749 3129 5808 denariis
3160 5761 3390 5806 causa.
