4092 6500
507 298 642 355 ΗΠ

1331 304 1391 360 Β.
1433 305 1494 360 ιτ.
1536 304 1760 360 ALBINI
1799 302 1932 359 εει]
1970 299 2250 357 ALCUINI
2286 295 2575 355 OPERUM
2612 291 2794 349 PARS
2834 289 2963 348 VIII.

3647 278 3791 334 1148

500 418 669 476 libras
697 435 749 475 vt
787 428 844 476 et
873 435 988 474 vnn
1015 420 1225 476 uncias.
1272 419 1537 476 Stannum
1577 429 1768 491 pensat
1797 427 1880 473 ter
1918 417 2086 472 libras
2116 419 2161 477 Α
2189 413 2351 482 nique
2391 426 2513 466 sum
2553 416 2781 479 patruus
2817 403 2912 459 ﬁlii
2941 400 3145 459 sororis
3176 413 3348 491 meae;
3385 404 3443 451 et
3479 393 3566 449 illa
3612 392 3789 491 amita

499 525 580 576 νι,
600 518 658 566 et
676 518 760 566 ter
782 511 970 567 uncias
993 526 1134 577 vnn,
1156 511 1258 568 hoc
1280 518 1383 578 est,
1408 509 1576 566 libras
1601 526 1692 575 xx,
1718 519 1775 566 et
1797 526 1856 565 ιιι
1881 508 2089 563 uncias.

499 619 622 662 vnn
660 606 853 670 uncia,
886 615 941 662 et
983 621 1022 661 ιι
1066 604 1220 661 librae
1259 620 1385 661 cum
1412 619 1474 660 ιιι
1512 606 1724 660 unciis:
1764 612 1821 659 et
1847 618 1901 657 vi
1942 600 2094 655 librae

502 712 628 754 cum
674 713 794 753 vnn
829 698 1047 754 unciis:
1089 705 1142 753 ct
1173 714 1246 754 xx
1293 696 1446 753 librae
1492 712 1614 753 cum
1655 711 1714 752 ιιι
1760 694 1935 752 unciis
1964 693 2096 748 adu-

501 801 666 857 natm,
697 808 807 847 xxx
841 791 1005 847 libras
1035 790 1295 848 eﬁiciunt.
2026 860 2029 863 δ

575 881 711 937 Item
740 882 897 938 aliter
921 883 991 937 ad
1026 882 1274 939 solidum.
1318 882 1527 939 Aurum
1564 887 1756 954 pensat
1782 880 1982 936 solidos
2006 893 2096 933 ar-

503 981 728 1046 genteos
761 990 848 1029 xv.
882 973 1179 1047 Argentum
1208 982 1294 1030 ter
1313 988 1406 1040 xv,
1433 974 1487 1029 id
1512 980 1619 1040 est,
1646 989 1771 1030 xcv.
1802 969 2093 1027 Aurichal-

503 1078 630 1121 cum
660 1075 745 1120 ter
782 1080 909 1129 xcv.
942 1066 992 1120 id
1018 1074 1121 1131 est,
1152 1082 1314 1123 cxxv.
1354 1066 1622 1124 Stannum
1654 1074 1738 1121 ter
1759 1079 1965 1129 cxxxv,
1993 1064 2097 1120 hoc

504 1162 609 1219 est,
634 1171 816 1212 ccccv.
840 1153 1014 1229 Iunge
1034 1171 1221 1223 ccccv,
1248 1166 1305 1213 et
1326 1170 1546 1216 cxxxv:
1577 1167 1630 1215 et
1656 1171 1793 1212 xw:
1826 1162 1881 1210 et
1906 1168 2007 1220 xv;
2040 1159 2098 1209 et

506 1244 752 1301 invenies
773 1260 860 1311 uc,
885 1247 979 1318 qui
1003 1257 1131 1301 sunt
1157 1245 1309 1302 librze
1335 1262 1464 1302 xxx.

1131 1335 1295 1411 443
1332 1336 1463 1393 VIII.

1006 1442 1221 1483 PROPOSI
1231 1443 1324 1484 TIO
1355 1444 1423 1483 DE
1452 1443 1607 1484 CUPA.

584 1518 681 1574 Est
703 1533 839 1590 cupa
868 1534 998 1585 una,
1025 1534 1144 1589 qua:
1165 1534 1194 1574 c
1215 1518 1465 1576 metretis
1487 1517 1743 1589 impletur
1763 1514 2101 1588 capientibus

515 1611 742 1682 singulis
782 1612 959 1666 modia
1002 1611 1141 1677 tria;
1178 1610 1388 1669 habens
1418 1609 1624 1668 ﬁstulas
1652 1624 1731 1665 Ill.
1768 1609 1846 1665 Ex
1873 1622 2102 1663 numero

516 1702 820 1759 modiorum
844 1702 1000 1758 tertia
1023 1718 1148 1773 pars
1172 1712 1229 1760 et
1251 1718 1303 1758 vI
1325 1718 1426 1773 per
1448 1718 1609 1759 unam
1632 1701 1870 1759 ﬁstulam
1895 1699 2095 1756 currit:

512 1811 614 1869 per
638 1796 863 1851 alteram
898 1797 1063 1851 tertia
1092 1813 1220 1867 pars
1248 1795 1394 1853 sola:
1431 1810 1528 1868 per
1562 1796 1774 1851 tertiam
1802 1801 1955 1851 sexta
1982 1801 2103 1848 tan-

517 1896 652 1943 tum.
680 1887 833 1943 Dicat
869 1904 1032 1954 nime,
1069 1887 1320 1958 quivult,
1353 1895 1485 1960 quot
1514 1885 1734 1943 sextarii
1763 1899 1863 1958 per
1905 1897 2102 1939 unam-

516 1994 787 2053 quamque
814 1979 1047 2037 ﬁstulam
1078 1982 1470 2038 cucurrissent.

1191 2072 1417 2129 Salutio.

586 2163 689 2220 Per
719 2166 950 2235 primam
992 2164 1227 2220 ﬁstulam
1272 2161 1333 2221 iii
1363 2181 1427 2222 oc
1460 2163 1683 2221 sextarii
1722 2175 2101 2223 cucurrerunt.

518 2257 622 2315 Per
648 2260 941 2316 secundum
968 2257 1003 2315 ii
1036 2274 1181 2316 cccc.
1211 2258 1313 2317 Per
1338 2256 1595 2317 tertiami
1627 2274 1710 2318 cc.

1268 2350 1373 2407 ιιι.-

1026 2459 1339 2501 ιτιιοιιοειτιο
1369 2460 1433 2499 DE
1459 2459 1614 2501 θλιϐοο

591 2537 778 2593 llabeo
804 2553 994 2607 sagum
1035 2537 1324 2594 habentem
1359 2538 1412 2594 in
1441 2538 1774 2611 longitudine
1817 2538 2031 2595 cubitus
2054 2554 2109 2606 c,

520 2640 577 2685 ct
602 2630 658 2686 in
686 2629 968 2685 latitudine
994 2646 1157 2687 Lxxx.
1202 2630 1335 2687 Volo
1375 2631 1572 2686 exinde
1601 2646 1698 2702 per
1726 2633 2001 2701 portiones
2026 2646 2114 2687 sa-

521 2723 676 2793 gulos
702 2722 904 2787 fatere,
936 2722 1009 2779 ita
1036 2731 1097 2778 ut
1126 2740 1461 2796 unaquaeque
1488 2724 1666 2797 portio
1694 2724 1895 2781 habeat
1920 2724 1975 2780 in
1997 2725 2116 2779 lon-

522 2818 766 2890 gitudine
794 2818 1007 2874 cubitus
1030 2834 1087 2885 v,
1114 2827 1172 2874 et
1199 2819 1251 2873 in
1281 2818 1562 2875 latitudine
1586 2818 1797 2875 cubitus
1824 2833 1929 2875 nn.
1982 2818 2113 2885 Dic,

523 2928 677 2982 rogo,
699 2912 939 2983 sapiens,
965 2920 1099 2984 quot
1131 2910 1301 2983 saguli
1327 2910 1523 2972 exinde
1556 2909 1675 2967 ﬁeri
1699 2909 1951 2981 possint?

1204 3002 1434 3077 Salutio.

597 3094 673 3150 De
694 3094 1105 3167 quadringentis
1128 3096 1457 3166 octogesima
1482 3111 1611 3167 pars
1636 3112 1675 3152 v
1700 3104 1825 3152 sunt
1849 3113 1862 3164 ;
1899 3104 1957 3152 et
1987 3111 2114 3152 cen-

528 3190 721 3250 tesima
766 3200 869 3245 nn.
920 3189 1046 3245 Sive
1086 3205 1218 3261 ergo
1246 3190 1525 3262 octuagies
1550 3207 1608 3257 v,
1640 3192 1755 3248 sive
1795 3190 2004 3248 centies
2031 3206 2114 3246 ιιιι

526 3282 771 3349 duxeris,
802 3293 1016 3353 semper
1041 3297 1166 3338 cccc
1197 3281 1456 3356 invenies.
1487 3282 1592 3339 Tot
1615 3283 1731 3356 sagi
1755 3289 1936 3339 erunt.

1288 3368 1355 3424 X.

993 3474 1309 3516 PBOPOSI'I‘IO
1336 3476 1401 3516 ΒΕ
1438 3475 1654 3517 ιιιιτεο.

606 3553 789 3611 Habeo
813 3554 1105 3610 linteamen
1129 3569 1295 3610 unum
1334 3555 1553 3624 longum
1583 3554 1889 3613 cubitorum
1917 3573 2010 3624 ιι,
2043 3556 2124 3612 la.

534 3656 649 3704 tum
682 3648 986 3704 cubitorum
1007 3665 1108 3706 “XL.
1147 3648 1282 3705 Volo
1316 3666 1383 3707 ex
1415 3665 1480 3707 eo
1504 3650 1784 3723 portiones
1811 3650 2012 3717 facere,
2046 3651 2123 3705 ita

535 3748 597 3795 ut
620 3755 957 3811 unaquaeque
1001 3743 1180 3811 portio
1213 3743 1412 3798 habeat
1454 3743 1508 3799 in
1547 3742 1882 3814 longitudine
1912 3743 2126 3800 cubitus

534 3847 720 3897 senos,
743 3839 799 3886 et
828 3833 879 3885 in
911 3832 1193 3889 latitudine
1221 3838 1545 3904 quaternos,
1587 3842 1650 3890 ut
1675 3835 1914 3891 sufﬁciat
1944 3835 2012 3891 ad
2040 3845 2124 3891 tu-

537 3928 717 3979 nicam
741 3924 1123 3981 consucndam.
1156 3925 1330 3993 Dicat,
1361 3925 1455 3997 qui
1485 3926 1620 3994 vult,
1651 3935 1785 3999 quot
1811 3928 2010 3984 tunicae
2029 3944 2127 3985 ex-

539 4017 664 4077 inde
694 4015 809 4071 ﬁeri
839 4016 1090 4089 possint?

1217 4106 1444 4164 Salutio.

610 4197 831 4254 Decima
855 4214 982 4270 pars
1004 4202 1342 4271 sexagenarii
1363 4217 1417 4255 vr
1443 4210 1589 4265 sunt.
1615 4202 1831 4258 Decima
1851 4216 1981 4260 vero
1999 4217 2131 4274 qua-

540 4290 855 4360 drageuarii
883 4306 962 4344 nn
993 4300 1137 4345 sunt.
1164 4290 1291 4347 Sive
1317 4307 1448 4363 ergo
1473 4292 1739 4348 decimam
1769 4288 2126 4365 sexagenarii,

542 4383 660 4440 sive
688 4382 951 4439 decimam
978 4384 1390 4455 quadragenarii
1430 4384 1610 4442 decies
1636 4386 1882 4454 miseris,
1911 4394 2127 4441 centum

543 4474 824 4547 portiones
868 4490 922 4530 vi
972 4475 1277 4531 cubitorum
1324 4476 1550 4549 longas;
1590 4485 1647 4534 et
1695 4493 1775 4533 nn
1820 4470 2139 4532 cubitorum

545 4571 688 4627 latas
713 4569 974 4626 invenies.

1298 4659 1390 4715 XI.

608 4768 635 4797 ⁸
672 4771 987 4813 Ριοιιοςιτιο
1019 4770 1087 4811 ΒΕ
1119 4768 1323 4810 DUOBUS
1357 4768 1642 4809 ﬂOﬂINIBl’S
1677 4768 1911 4809 SORORES
1941 4769 2086 4809 ACCI-

1199 4859 1496 4901 PIENTIBUS.

624 4939 683 4996 Si
708 4940 814 4996 duo
837 4940 1086 4996 homines
1116 4937 1184 4993 ad
1213 4938 1466 5003 invicem,
1489 4934 1623 4990 alter
1644 4933 1869 4990 alterius
1890 4946 2130 4989 sororem

552 5035 607 5090 in
637 5032 943 5104 coniugium
975 5031 1303 5102 sumpserit;
1342 5028 1452 5095 dic,
1481 5043 1633 5100 rogo,
1680 5042 1785 5097 qua
1817 5027 2132 5098 propinqui—

554 5131 663 5179 tate
691 5122 788 5178 ﬁlii
815 5136 1002 5178 eorum
1033 5122 1133 5178 sibi
1158 5118 1509 5192 pertineant?

1070 5211 1274 5269 Salutio
1295 5212 1531 5283 ejusdem
1556 5212 1604 5265 ι’.

628 5303 791 5361 Verbi
820 5304 993 5375 gratia
1020 5322 1033 5356 :
1067 5306 1114 5359 si
1151 5318 1249 5375 ego
1276 5304 1537 5374 accipiam
1576 5318 1819 5358 sororem
1845 5303 1975 5357 socii
2006 5301 2135 5365 mei,

558 5406 616 5453 et
639 5396 727 5452 ille
757 5411 954 5463 meam,
985 5404 1042 5451 ct
1065 5411 1131 5451 ex
1176 5396 1329 5451 nobis
1368 5404 1723 5466 procreentur
1748 5395 1877 5461 lilii;
1914 5410 2014 5466 ego
2038 5393 2134 5448 de-

631 5567 659 5596 ·
685 5553 839 5620 Bed.,
871 5551 943 5609 De
962 5551 1162 5609 duobus
1181 5551 1498 5619 hominibus,
1513 5550 1646 5605 alter
1670 5560 1887 5606 aeternis
1906 5566 2139 5606 sororem

564 5624 952 5695 accipientibus.

642 5692 819 5751 b'llzec
843 5695 1039 5751 solutio
1058 5695 1261 5751 omissa
1284 5694 1422 5765 apud
1453 5692 1671 5750 Bedam.

692 5766 947 5840 Reliquos
984 5782 1259 5831 numeros,
1293 5763 1344 5821 in
1375 5765 1568 5836 quibus
1594 5765 1710 5819 cod.
1742 5780 1841 5820 ms.
1885 5763 2142 5837 multipli-

2196 502 2290 558 ﬁlii
2312 502 2438 558 mei.
2470 501 2538 556 Et
2565 515 2628 555 ea
2653 496 3060 571 propinquitate
3087 492 3190 548 sibi
3222 490 3453 547 invicem
3489 486 3789 559 pertinent.

2927 585 3042 642 XII.

2432 697 2747 741 Ριιοοοειτιο
2775 696 2842 736 DE
2872 694 3083 744 ρυοιιιιιι
3118 688 3544 732 Ρλτιιειτιιιιιυς

2666 789 2736 829 ΕΤ
2770 786 2962 827 TRIBUS
2987 783 3143 826 FILIIS
3168 784 3308 822 ειυς.

2264 870 2495 939 Quidam
2518 866 2911 940 paterfamilias
2931 866 3167 920 moriens
3186 860 3393 916 dimisit
3413 858 3792 914 haereditatmn

2195 962 2369 1017 tribus
2394 960 2519 1016 ﬁliis
2540 958 2675 1024 suis,
2691 972 2799 1013 xxx
2826 954 3088 1027 ampullas
3112 955 3330 1017 vitreas,
3346 965 3579 1023 quarum
3596 947 3792 1001 decem

2197 1053 2417 1111 fuerunt
2442 1053 2616 1125 plena:
2644 1051 2783 1107 oleo.
2815 1048 2948 1105 Alia
2973 1048 3160 1103 decem
3183 1045 3437 1101 dimidiae.
3475 1041 3671 1096 Tertiae
3693 1038 3795 1093 de.

2197 1163 2318 1203 cem
2344 1161 2551 1201 vacum.
2581 1142 2818 1208 Dividat,
2843 1141 2935 1212 qui
2964 1146 3176 1210 potest,
3206 1137 3385 1192 oleum
3412 1143 3469 1191 et
3503 1131 3790 1202 ampullas,

2198 1248 2259 1295 ut
2303 1238 2596 1308 unicuique
2619 1251 2811 1291 eorum
2839 1235 2909 1291 de
2948 1231 3122 1289 tribus
3160 1228 3290 1287 ﬁliis
3323 1227 3601 1299 acqualiter
3625 1224 3798 1285 obve-

2199 1332 2317 1388 niat
2346 1338 2456 1385 tam
2488 1328 2557 1384 de
2587 1329 2758 1393 vitro,
2775 1340 2937 1399 quam
2959 1323 3028 1380 de
3046 1322 3197 1380 oleo..

2872 1412 3114 1472 Salutio.

2274 1516 2411 1571 'I'res
2433 1514 2597 1586 igitur
2617 1519 2742 1569 sunt
2771 1508 2887 1575 ﬁlii,
2909 1517 2965 1565 et
2986 1524 3095 1563 xxx
3121 1505 3387 1578 ampullas.
3419 1502 3811 1574 Ampullarnmi

2203 1618 2386 1666 autem
2417 1606 2663 1677 quaedam
2696 1619 2727 1658 x
2750 1609 2877 1657 sunt
2902 1600 3073 1673 plena
3091 1643 3105 1666 ,
3143 1608 3199 1657 et
3238 1615 3271 1653 x
3304 1597 3513 1663 mediae,
3542 1605 3600 1652 et
3626 1612 3657 1650 x
3685 1611 3791 1649 va-

2203 1716 2339 1758 cure.
2370 1699 2484 1755 Duc
2520 1707 2606 1753 ter
2632 1694 2848 1762 decies;
2881 1694 3017 1749 ﬁunt
3057 1708 3186 1748 xxx.
3222 1689 3527 1760 Unicuique
3554 1688 3667 1744 ﬁlio
3694 1704 3801 1743 ve-

2132 1768 2178 1830 ⁵
2205 1794 2363 1848 niunt
2394 1807 2428 1845 x
2451 1787 2699 1859 ampulla;
2726 1785 2779 1841 in
2803 1783 3131 1857 portionem.
3154 1784 3342 1840 Dividc
3362 1791 3542 1838 autem
3562 1795 3661 1852 per
3678 1789 3799 1836 ter-

2203 1883 2334 1939 tiam
2362 1890 2595 1952 partem,
2623 1879 2728 1935 hoc
2754 1885 2864 1944 est,
2890 1877 2955 1932 da
2978 1877 3154 1947 primo
3180 1874 3289 1931 ﬁlio
3316 1891 3352 1929 x
3388 1873 3554 1929 semis
3582 1871 3803 1943 ampul—

2204 1974 2303 2040 las,
2329 1989 2393 2028 ac
2415 1970 2608 2026 deinde
2630 1968 2697 2025 da
2722 1968 2960 2024 secundo
2980 1983 3012 2021 v
3035 1966 3223 2037 plenas
3251 1974 3361 2023 etv
3381 1979 3601 2022 vacuas.
3625 1962 3799 2018 Simi—

2205 2065 2330 2122 liter
2358 2064 2510 2119 dabis
2538 2064 2723 2128 tertio,
2768 2069 2825 2116 et
2863 2061 2969 2117 erit
3000 2060 3163 2116 trium
3208 2074 3365 2130 aqua
3406 2072 3811 2130 germanorum:

2204 2162 2400 2219 divisio
2423 2168 2533 2216 tam
2561 2161 2615 2216 in
2646 2159 2799 2226 oleo,
2827 2176 2990 2231 quam
3017 2160 3075 2214 in
3101 2159 3263 2215 vitro.

2930 2247 3066 2304 XIII.

2699 2357 3016 2398 PROPOSITIO
3042 2357 3108 2396 DE
3137 2356 3297 2397 REGE.

2280 2436 2508 2503 Quidam
2538 2450 2630 2491 rex
2650 2434 2814 2505 jussit
2840 2433 3042 2489 famulo
3067 2431 3443 2503 suocolligere
3464 2428 3533 2487 de
3562 2448 3669 2487 xxx
3702 2432 3807 2487 viil

2209 2527 2278 2585 lis
2304 2529 2604 2584 exercitum
2628 2570 2641 2593 ,
2688 2542 2756 2583 eo
2800 2527 2964 2583 modo
3008 2533 3066 2580 ut
3106 2539 3174 2580 ex
3217 2525 3687 2596 unaquaquevilla
3717 2533 3815 2581 tot

2211 2623 2464 2678 homines
2515 2628 2755 2678 sumeret
2804 2626 3070 2690 quotquot
3119 2617 3249 2674 illuc
3297 2617 3628 2674 adduxisset.
3678 2618 3802 2688 Ipse

2213 2720 2395 2767 tamen
2427 2713 2491 2766 ad
2515 2711 2697 2766 villam
2737 2711 2968 2782 primam
3006 2710 3153 2765 solus
3173 2712 3360 2777 venit;
3401 2711 3469 2766 ad
3505 2712 3812 2767 secundam

2214 2818 2338 2859 cum
2387 2803 2596 2870 altero;
2633 2804 2746 2874 jam
2791 2803 2858 2860 ad
2904 2803 3121 2859 tertiam
3151 2814 3261 2859 tres
3287 2811 3570 2860 venerunt.
3610 2802 3807 2869 Dicatr

2214 2897 2307 2968 qui
2353 2904 2561 2968 potest,
2596 2904 2727 2966 quot
2773 2896 3023 2953 homines
3066 2892 3297 2952 fuissent
3338 2894 3550 2952 collecti
3578 2894 3648 2952 de
3690 2910 3807 2951 xxx.

2215 2988 2378 3044 villis.

2889 3078 3116 3136 Salutio.

2141 3135 2190 3200 ϐ
2290 3175 2348 3231 In
2377 3176 2553 3246 prima
2580 3175 2746 3245 igitur
2776 3135 3057 3228 mansione
3081 3171 3188 3227 duo
3215 3171 3462 3238 fuerunt;
3482 3172 3539 3227 in
3568 3171 3822 3228 secunda:

2220 3285 2326 3336 nn,
2352 3269 2406 3323 in
2432 3269 2595 3324 tertia
2623 3284 2741 3333 vni,
2768 3268 2822 3322 in
2859 3275 3054 3337 quarta
3094 3281 3210 3332 xvi,
3238 3268 3291 3321 in
3325 3267 3512 3336 quinta
3554 3281 3724 3333 xxxn,
3752 3267 3828 3325 in.

2222 3371 2375 3419 sexta
2405 3378 2583 3428 ann,
2626 3361 2681 3417 in
2704 3345 3197 3432 septimaexxvm,
3237 3361 3290 3417 in
3316 3370 3507 3417 octava
3546 3376 3717 3428 cavi,
3747 3363 3809 3419 in

2220 3470 2364 3513 nona
2393 3471 2528 3522 uxn,
2553 3455 2609 3511 in
2638 3454 2848 3510 decima
2873 3454 2899 3511 ῑ
2936 3459 3114 3520 xxnn,
3145 3454 3201 3510 in
3235 3454 3519 3510 undecima
3546 3458 3583 3510 ﬁ
3611 3470 3811 3522 xum,

2223 3549 2280 3604 in
2346 3548 2662 3605 duodecima
2718 3544 2812 3603 ﬁ'ﬁ
2872 3562 3041 3614 xcv1,
3097 3546 3153 3601 in
3212 3553 3406 3617 quarta
3463 3546 3664 3603 decima
3710 3560 3821 3604 th

2223 3655 2571 3699 ccccxxxnn.
2595 3640 2654 3697 In
2682 3641 2870 3714 quinta
2899 3641 3108 3698 decima
3129 3640 3285 3697 ι’ῐῡῑ
3307 3657 3595 3709 occuviu,
3620 3651 3727 3703 etc.
3756 3653 3821 3698 ε..

2944 3733 3085 3789 XIV.

2728 3845 3043 3886 I‘IIOI‘OSI‘I’IO
3068 3844 3136 3883 DE
3160 3845 3319 3885 BOVB.

2294 3921 2403 3980 Bos
2430 3922 2523 3995 qui
2541 3929 2655 3978 tota
2677 3923 2763 3978 die
2784 3930 2925 3989 arat,
2949 3932 3083 3992 quot
3104 3922 3330 3993 vestigia
3358 3919 3523 3978 faciat
3542 3919 3604 3977 in
3623 3919 3824 3977 ultima

2228 4013 2346 4086 riga
2372 4012 2445 4069 d?

2905 4104 3128 4160 Salutio.

2298 4196 2513 4254 Nullum
2538 4197 2758 4253 omnino
2781 4198 3069 4270 vestigium
3098 4198 3227 4253 facit
3254 4199 3354 4254 bos
3380 4199 3436 4254 in
3463 4197 3649 4254 ultima
3676 4199 3821 4270 riga,

2230 4308 2296 4347 eo
2329 4291 2471 4361 quod
2494 4290 2607 4362 ipse
2634 4292 2887 4362 praecedit
2917 4300 3179 4357 aratrum,
3203 4301 3258 4348 et
3288 4291 3433 4347 hunc
3460 4300 3703 4347 aratrum
3735 4307 3815 4349 se-

2232 4381 2437 4453 quitur.
2471 4383 2749 4451 Quotquot
2788 4382 2931 4437 enim
2979 4382 3069 4437 hic
3111 4382 3463 4453 praecedentia
3495 4383 3551 4437 in
3598 4381 3817 4438 exculta

2235 4481 2380 4528 terra
2409 4472 2634 4543 vestigia
2663 4472 2795 4546 ﬁgit,
2821 4482 2900 4528 tot
2927 4472 3014 4528 ille
3044 4474 3380 4546 subsequens
3407 4473 3701 4530 excolendo
3730 4488 3825 4529 re-

2234 4556 2412 4621 solvit.
2436 4563 2727 4636 Propterea
2757 4565 2899 4621 illius
2922 4567 3128 4633 nullum
3161 4570 3430 4638 reperitur
3448 4566 3731 4641 vestigium
3759 4569 3824 4625 inv

2233 4656 2421 4711 ultima
2455 4655 2587 4726 riga.

2966 4749 3083 4807 XV.

2697 4857 3013 4898 PROPOSITIO
3040 4859 3104 4897 DE
3132 4858 3355 4900 IIOIINE.

2307 4933 2505 5002 Qumro
2530 4947 2558 4987 a
2588 4940 2718 5003 teut
2747 4934 2897 4988 dicas
2926 4935 3057 4989 mihi
3090 4944 3224 5007 quot
3258 4936 3402 5007 rigas
3429 4936 3601 4995 factas
3620 4938 3819 4995 habeas

2236 5024 2400 5079 homo
2425 5024 2477 5078 in
2507 5039 2638 5095 agro
2666 5039 2783 5092 suo,
2816 5026 3033 5096 quando
3069 5026 3133 5081 de
3159 5036 3389 5099 utroque
3428 5030 3606 5101 capite
3640 5034 3819 5102 campi

2234 5122 2349 5171 tres
2378 5130 2630 5171 versuras
2662 5114 2837 5172 factas
2860 5116 3152 5173 habuerit?

2906 5205 3129 5264 Salutio.

2311 5298 2388 5353 Ex
2422 5315 2529 5353 uno
2559 5299 2734 5368 capite
2757 5301 2931 5369 campi
2957 5316 3040 5355 ιιι.
3066 5301 3143 5355 Ex
3170 5302 3341 5358 altero
3362 5318 3444 5370 ιιι,
3472 5319 3591 5373 qua:
3611 5301 3819 5359 faciunt

2241 5391 2385 5463 rigas
2415 5406 2669 5447 versuras
2694 5406 2747 5445 vi
2772 5390 2949 5463 [Bed.,
2975 5390 3095 5464 vn].

2242 5552 2379 5626 citer
2404 5552 2925 5626 fallityomittendos
2965 5552 3187 5626 censui,
3237 5569 3267 5609 a
3306 5554 3498 5626 quovis
3540 5549 3730 5626 facile,
3774 5551 3817 5609 si

2241 5625 2441 5706 pla-cet,
2466 5623 2788 5706 duplicando
2823 5638 3037 5706 semper
3063 5623 3682 5700 ultimumsuppleodos.

2314 5694 2337 5735 ἀ
2377 5695 2509 5767 "iga
2535 5694 2678 5751 idem
2704 5709 2768 5750 ac
2793 5694 2996 5751 sulcus.
