4092 6518
333 392 469 448 ωε)

1049 511 1189 566 XVI.

361 614 677 657 Ριιοροειτιο
701 616 766 656 DE
794 617 995 657 DUOBUS
1017 617 1302 660 BOIINIBUS
1327 618 1493 659 BOVES
1520 617 1866 659 DLCENTlBl‘S.

351 743 355 747 .
400 690 515 747 Duo
540 691 786 749 homines
815 694 1080 751 ducebant
1105 695 1272 753 boves
1307 712 1406 767 per
1444 698 1608 766 viam,
1641 714 1672 753 e
1712 699 1910 767 quibus

327 799 468 843 unus
500 786 651 843 alteri
679 789 815 844 dixit
840 808 852 844 :
883 790 959 845 Da
981 791 1112 847 mihi
1143 793 1304 849 boves
1338 793 1503 858 duos;
1537 804 1590 848 et
1628 792 1802 849 habeo
1832 799 1910 848 tot

327 877 493 937 boves
533 889 664 953 quot
701 889 757 937 et
785 894 838 939 tu
877 884 1063 942 habes.
1093 885 1164 941 At
1193 887 1280 942 ille
1317 888 1432 943 ait:
1472 888 1549 943 Da
1581 889 1712 944 mihi
1753 897 1810 944 et
1851 897 1909 944 tu

326 968 464 1025 duos
509 973 694 1038 boves,
734 979 788 1028 et
830 973 1002 1030 habeo
1043 975 1262 1048 duplum
1290 993 1453 1048 quam
1497 985 1553 1031 tu
1595 979 1778 1034 habes.
1819 979 1909 1033 Di-

327 1070 436 1126 cat,
461 1062 554 1132 qui
578 1062 711 1132 vult,
740 1074 869 1135 quot
908 1066 1074 1123 boves
1117 1067 1350 1134 fuerunt,
1385 1078 1517 1141 quot
1541 1073 1910 1143 unusquisque

327 1149 534 1208 habuit.

1002 1245 1227 1306 Salutio.

394 1329 572 1399 Prior,
601 1333 693 1405 qui
724 1334 840 1390 dari
880 1336 980 1392 sibi
1011 1337 1147 1394 duos
1190 1341 1436 1410 rogavit,
1471 1340 1638 1397 boves
1674 1343 1910 1400 habebat

325 1437 431 1478 mi.
477 1421 549 1478 At
592 1440 756 1493 vero,
798 1427 891 1498 qui
934 1429 1255 1499 rogabatur,
1307 1433 1540 1488 habebat
1586 1451 1702 1508 vni.
1755 1435 1909 1496 Dedit

325 1519 522 1592 quippe
542 1531 764 1592 rogatus
785 1523 1078 1593 postulanti
1105 1525 1260 1590 duos,
1280 1535 1336 1581 et
1353 1527 1658 1603 habuerunt
1680 1536 1909 1599 uterque.

325 1624 442 1665 sex.
474 1610 576 1681 Qui
601 1612 748 1669 enim
788 1614 939 1685 prius
967 1626 1270 1685 acceperat,
1305 1618 1534 1673 reddidit
1580 1619 1714 1695 divos
1758 1617 1906 1674 danti

324 1702 513 1772 priori,
556 1704 648 1774 qui
673 1701 908 1762 habebat
933 1701 1049 1773 sex,
1075 1718 1129 1764 et
1165 1709 1353 1765 habuit
1381 1727 1498 1774 vm,
1527 1713 1670 1782 quod
1696 1719 1779 1767 est
1805 1711 1905 1766 du-

323 1791 470 1862 plum
490 1809 520 1847 a
545 1802 794 1864 quatuor,
814 1803 870 1851 et
890 1797 966 1853 illi
990 1806 1365 1855 remanserunt
1390 1817 1493 1867 un,
1508 1803 1651 1872 quod
1675 1812 1758 1858 est
1782 1803 1906 1859 sim-

326 1883 470 1955 plum
495 1884 564 1940 ab
589 1899 704 1941 vm.
1318 1927 1322 1930 -

943 1979 1104 2054 45.3
1142 1981 1302 2039 xvu.

323 2085 638 2129 Νιοροθιτιο
679 2087 747 2128 DE
801 2087 994 2129 TBIBUS
1030 2089 1327 2131 FRATRIBUS
1358 2090 1614 2133 SINGULAS
1659 2091 1912 2135 ΙΔΒΕΝΤΙ-

914 2159 1009 2199 BUS
1045 2159 1293 2202 SOROIl-IS.

395 2234 528 2292 Tres
552 2235 752 2293 fratres
781 2246 939 2294 erant
966 2239 1057 2310 qui
1094 2240 1338 2312 singulas
1365 2257 1581 2299 sorores
1615 2243 1906 2312 habebant,

322 2335 380 2382 et
411 2324 630 2384 ﬂuvium
672 2329 906 2386 transire
950 2331 1218 2387 debebant
1253 2333 1398 2404 (erat
1437 2336 1581 2390 enim
1620 2337 1910 2408 unicuique

326 2417 538 2474 illorum
572 2419 1010 2492 concupiscentia
1042 2422 1096 2477 in
1127 2438 1314 2480 sorore
1350 2426 1582 2496 proximi
1622 2426 1770 2499 sui),
1814 2429 1906 2498 qui

324 2509 600 2568 venientes
642 2511 710 2566 ad
753 2510 972 2567 ﬂuvium
1019 2529 1126 2569 non
1171 2513 1491 2572 invenerunt
1538 2517 1906 2590 nisi'parvam

322 2601 647 2671 naviculam,
685 2605 737 2661 in
784 2619 888 2675 qua
930 2619 1036 2660 non
1071 2615 1361 2678 potuerunt
1397 2610 1626 2680 amplius
1663 2611 1764 2667 nisi
1803 2613 1908 2668 duo

321 2707 388 2749 ex
414 2693 520 2750 illis
557 2695 809 2751 transire.
844 2695 1031 2763 Dicat,
1061 2698 1153 2769 qui
1185 2705 1390 2769 potest,
1425 2699 1659 2771 qualiter
1685 2699 1905 2758 ﬂuvium

321 2783 682 2855 transierunt,
717 2801 786 2842 ne
820 2802 926 2842 una
960 2787 1179 2858 quidem
1221 2806 1412 2847 earum
1445 2807 1511 2848 ex
1557 2792 1690 2864 ipsis
1727 2807 1910 2850 macu-

320 2871 428 2930 lata
463 2874 567 2930 sit?

543 3017 547 3022 .
1003 2971 1230 3031 Salutio.

391 3057 574 3118 Primo
608 3061 844 3118 omnium
880 3079 981 3136 ego
1019 3073 1076 3120 et
1105 3080 1260 3122 soror
1295 3083 1413 3124 mea
1450 3069 1826 3130 introissemus
1849 3073 1903 3131 in

325 3170 514 3211 navem
568 3162 624 3211 et
668 3157 1167 3215 transfretassemus
1214 3160 1393 3229 ultra;
1445 3161 1906 3238 transfretatoque

323 3241 486 3302 ﬂuvio
514 3246 836 3305 dimisissem
877 3265 1117 3308 sororem
1151 3268 1328 3308 meam
1361 3254 1428 3310 de
1463 3271 1631 3324 nave,
1665 3265 1720 3314 et
1753 3259 1908 3315 reduo

323 3335 522 3394 xissem
551 3354 742 3395 navem
770 3340 837 3395 ad
865 3341 1056 3412 ripam.
1083 3343 1234 3400 Tunc
1259 3361 1388 3401 vero
1415 3347 1733 3404 introissent
1759 3366 1909 3406 soro-

291 3488 294 3491 Α
323 3441 414 3484 res
444 3427 671 3484 duorum
696 3429 956 3497 virorum,
988 3431 1200 3488 illorum
1234 3434 1504 3503 videlicet,
1531 3439 1622 3509 qui
1657 3439 1724 3494 ad
1757 3438 1908 3496 littus

321 3526 718 3574 remanserant.
751 3518 860 3577 Illis
885 3519 1046 3590 igitur
1068 3521 1282 3580 feminis
1313 3528 1435 3582 navi
1470 3529 1722 3599 egressis,
1754 3545 1909 3588 soror

321 3626 440 3666 mea
479 3608 620 3684 [quae
644 3614 816 3684 prima
843 3616 1170 3690 transierat],
1205 3618 1458 3687 intraret,
1487 3637 1786 3696 navemque
1820 3641 1908 3682 re-
1956 3669 1959 3674 .

321 3701 543 3758 duceret
565 3703 634 3758 ad
670 3719 788 3760 nos.
825 3703 917 3759 Illa
945 3707 1252 3777 egrediente
1288 3707 1452 3778 foras,
1482 3711 1588 3768 duo
1622 3711 1675 3768 in
1713 3728 1905 3770 navem

322 3793 516 3849 fratres
541 3794 851 3862 intrassent,
889 3795 1135 3867 ultraque
1165 3800 1458 3855 venissent.
1489 3799 1640 3856 Tune
1668 3818 1807 3859 unus
1837 3818 1904 3859 ex

321 3885 427 3941 illis
451 3900 558 3942 una
580 3901 699 3942 cum
728 3901 911 3942 sorore
932 3905 1030 3944 sua
1052 3905 1240 3944 navem
1277 3891 1504 3964 ingressi
1527 3893 1595 3948 ad
1617 3909 1715 3948 nos
1736 3901 1907 3952 trans-

319 3972 630 4032 fretassent.
654 3975 768 4047 Ego
792 3984 972 4033 autem
997 3987 1050 4033 et
1072 3978 1180 4047 ille,
1208 3981 1300 4052 qui
1326 3981 1688 4054 navigaverat,
1717 3998 1906 4043 sorore

321 4081 443 4122 mea
476 4078 790 4124 remanente
820 4067 994 4136 foras,
1028 4071 1168 4127 ultra
1199 4075 1552 4131 venissemus.
1588 4075 1804 4148 Nosque
1835 4078 1905 4136 ad

319 4156 499 4214 littora
535 4168 739 4226 vectos,
776 4175 880 4216 una
916 4175 982 4216 ex
1021 4162 1124 4218 illis
1151 4163 1357 4221 duabus
1382 4165 1634 4238 quaelibet
1659 4168 1905 4226 mulieri-

319 4245 439 4313 bus,
475 4247 617 4304 ultra
654 4263 848 4304 navem
888 4250 1200 4317 reduceret,
1241 4268 1534 4326 sororeque
1567 4272 1688 4313 mea
1717 4257 1905 4314 secum

322 4347 540 4412 recepta
568 4340 774 4412 pariter
800 4342 868 4398 ad
895 4357 996 4397 nos
1018 4341 1158 4398 ultra
1196 4348 1486 4403 venissent.
1518 4349 1586 4404 Et
1611 4350 1717 4417 ille,
1750 4353 1904 4425 cujus

321 4444 476 4484 soror
498 4428 639 4484 ultra
663 4440 1017 4498 remanserat,
1043 4447 1235 4489 navem
1265 4436 1539 4508 ingressus
1564 4454 1682 4495 eam
1717 4456 1901 4497 secum

320 4521 617 4576 reduceret.
650 4521 718 4576 Et
757 4520 910 4578 fieret
945 4521 1155 4594 expleta
1193 4515 1520 4584 transvectio
1549 4529 1692 4585 nullo
1716 4545 1900 4587 macu-

318 4609 464 4665 lante
496 4611 747 4681 contagio
771 4623 820 4668 ⁸.

1009 4703 1191 4761 XVIII.

479 4809 790 4850 PROPOSI'I'IO
825 4811 892 4861 DE
925 4811 1123 4852 llOIlNE
1160 4815 1229 4853 ΕΤ
1266 4815 1434 4856 εΑνιιΑ
1471 4817 1540 4857 ET
1579 4817 1734 4859 LDPO.

390 4887 563 4945 llomo
595 4889 814 4959 quidam
836 4890 1065 4946 debebat
1084 4893 1224 4947 ultra
1251 4892 1470 4949 ﬂuvium
1499 4894 1792 4952 transferre
1813 4895 1897 4952 lu-

319 4997 466 5052 pum,
491 4997 728 5052 capram,
743 4992 798 5036 et
818 4981 1131 5040 fasciculum
1153 4985 1312 5041 cauli.
1332 4987 1398 5041 Et
1415 5003 1519 5043 non
1541 4989 1713 5060 potuit
1733 4989 1894 5045 aliam

320 5086 510 5126 navent
541 5071 810 5136 invenire,
838 5071 940 5126 nisi
967 5088 1087 5143 qua:
1117 5074 1252 5131 duos
1276 5082 1486 5132 tantum
1512 5092 1580 5132 ex
1607 5077 1737 5148 ipsis
1757 5079 1900 5135 ferre

318 5160 549 5217 valebat.
588 5161 923 5232 Prmecptunt
963 5164 1146 5234 itaque
1188 5165 1238 5220 ei
1273 5163 1449 5221 fuerat
1484 5174 1542 5222 ut
1573 5168 1754 5222 omnia
1785 5169 1898 5223 haec

319 5254 455 5311 ultra
499 5256 662 5312 illaesa
699 5255 920 5311 omnino
956 5255 1292 5312 transferret.
1338 5257 1519 5327 Dicat,
1568 5260 1658 5329 qui
1699 5267 1896 5330 potest,

319 5348 588 5416 quomodo
618 5348 696 5402 eis
720 5346 900 5402 illarsis
926 5347 1158 5403 transire
1183 5348 1388 5418 potuit?

997 5436 1221 5494 Salutio.

391 5528 564 5588 Simili
591 5547 821 5602 namque
847 5540 1033 5586 tenore
1060 5530 1312 5585 ducerem
1339 5529 1488 5598 prius
1511 5544 1727 5599 capram
1751 5537 1806 5584 et
1824 5529 1900 5586 di-

321 5621 591 5678 mitterem
625 5621 755 5676 foris
785 5621 963 5690 lupum
999 5628 1052 5674 et
1078 5620 1310 5676 caulam.
1351 5619 1484 5674 Tum
1519 5620 1710 5676 deinde
1752 5622 1895 5676 veni-

392 5763 416 5791 σι
458 5751 602 5817 lpud
628 5751 825 5805 Batiam
862 5769 872 5804 :
908 5749 1022 5804 Tali
1053 5750 1214 5816 igitur
1240 5753 1417 5820 sicque
1445 5752 1894 5807 snﬂicitamesm-

322 5827 410 5874 die
442 5827 578 5889 facta
623 5835 694 5878 ut
725 5822 1001 5899 πυραμίδα.
1045 5821 1190 5874 nullo
1228 5821 1468 5886 fuscante
1519 5822 1899 5893 inquinau'onir

1255 394 1406 452 OPP.
1450 395 1680 452 DUBlA.
1723 427 1792 438 -
1831 395 2378 454 PROPOSITIONES
2415 399 2712 457 ALCEINI.

1932 517 1980 573 Α
2011 527 2147 577 rem,
2198 513 2490 584 lupumque
2535 513 2886 571 transferrem
2934 530 2949 569 :

3467 407 3486 460 l
3506 407 3601 462 I50

2995 514 3229 587 lupoque
3264 514 3398 574 foris
3436 521 3599 576 misso

2009 620 2228 676 capram
2259 607 2382 662 navi
2420 615 2689 678 receptam
2727 608 2866 662 ultra
2906 608 3249 672 reducerem;
3275 624 3606 682 capramque

2007 692 2143 751 foris
2174 697 2394 751 missam
2418 696 2630 752 caulam
2661 699 3068 754 transveherem
3105 699 3276 765 ultra;
3310 709 3472 771 atque
3498 702 3596 757 ite-

2008 803 2130 842 rum
2158 788 2528 860 remigassem,
2551 804 2880 862 capramque
2893 800 3224 860 assumptum
3256 790 3396 846 ultra
3419 792 3596 847 duxis-

2008 895 2142 936 sem.
2189 880 2388 952 Sicque
2421 880 2669 939 faciendo
2702 882 2845 938 facta
2881 883 2986 939 erit
3020 883 3301 954 rcmigatio
3346 883 3595 953 salubris,

2009 972 2214 1044 absque
2237 974 2497 1046 voragine
2521 974 2870 1031 lacerationis

2737 1065 2877 1121 XIX.

2009 1170 2320 1230 puorosmo
2346 1171 2414 1213 ns
2440 1172 2569 1214 vnto
2589 1173 2660 1213 ετ
2694 1170 2927 1214 κυιιειιε
2950 1171 3385 1230 nemorumnam
3413 1155 3596 1230 [ruu-

2487 1242 2610 1283 STltt
2647 1242 2848 1284 roseus
2885 1226 3120 1300 osrsri].

2079 1317 2156 1372 De
2185 1319 2301 1374 viro
2332 1324 2386 1372 et
2417 1316 2664 1384 muliere,
2694 1333 2922 1388 quorum
2951 1327 3176 1388 uterque
3199 1317 3411 1389 pondus
3443 1317 3596 1372 liabe-

2007 1409 2100 1466 bat
2150 1408 2376 1480 plaustri
2421 1407 2628 1474 onusti,
2688 1408 2824 1462 duos
2881 1407 3141 1463 habentes
3183 1407 3416 1462 infantes
3456 1407 3596 1462 inter

2007 1509 2267 1575 utrosque
2291 1499 2572 1571 plaustrali
2601 1501 2839 1570 pondere
2865 1509 3154 1571 pensantes
3175 1499 3394 1554 ﬂuvium
3424 1509 3604 1554 trans-

2009 1594 2089 1648 ire
2135 1594 2458 1669 debuerunt.
2502 1591 2702 1648 Navem
2747 1593 3069 1648 invenerunt
3097 1609 3218 1663 qua:
3243 1608 3349 1648 non
3387 1601 3596 1663 poterat
3651 1629 3658 1637 -

2008 1684 2150 1740 ferre
2194 1686 2314 1756 plus
2359 1685 2460 1741 nisi
2499 1701 2663 1742 unum
2704 1684 2914 1757 pondus
2944 1686 3188 1758 plaustri.
3233 1683 3597 1743 Transfretari

2008 1770 2192 1841 faciat,
2225 1776 2317 1847 qui
2347 1791 2406 1830 se
2431 1782 2586 1846 putat
2607 1791 2783 1846 posse,
2821 1790 2890 1830 ne
2924 1776 3080 1832 navis
3108 1786 3405 1848 mergatur.

2683 1864 2909 1922 Salutio.

2081 1954 2283 2026 Eodem
2318 1970 2534 2028 quoque
2565 1955 2786 2021 ordine,
2816 1964 2876 2011 ut
2916 1957 3181 2028 superius.
3213 1957 3372 2015 Prius
3409 1959 3597 2016 intras-

2009 2054 2132 2102 sent
2151 2044 2259 2102 duo
2293 2046 2526 2103 infantes
2556 2057 2610 2104 et
2640 2047 2960 2102 transissent
2985 2065 2998 2102 :
3025 2064 3271 2120 unusque
3294 2063 3359 2104 ex
3386 2049 3490 2106 illis
3515 2067 3598 2106 re-

2009 2136 2230 2193 duceret
2269 2153 2480 2196 navem.
2512 2139 2664 2195 Tunc
2707 2149 2880 2194 mater
2921 2155 3112 2204 navem
3139 2141 3378 2212 ingressa
3415 2151 3598 2198 trans-

2009 2229 2160 2287 isset.
2222 2231 2426 2286 Deinde
2479 2229 2624 2287 filius
2691 2229 2808 2300 ejus
2867 2231 3152 2288 reduceret
3208 2248 3428 2290 navem.
3482 2234 3598 2302 Qua

2008 2329 2312 2378 transvecta
2353 2319 2524 2378 frater
2553 2322 2699 2378 illius
2729 2324 2910 2379 navim
2943 2323 3223 2395 ingressus
3259 2325 3420 2380 ambo
3456 2325 3597 2380 ultra

2008 2416 2350 2483 transissent,
2384 2431 2680 2488 rursusque
2705 2432 2845 2472 unus
2873 2432 2939 2471 ex
2970 2417 3076 2474 illis
3101 2420 3167 2476 ad
3194 2428 3400 2490 patrem
3439 2420 3599 2476 redu-

2007 2524 2156 2570 ceret
2192 2528 2405 2568 navem.
2446 2511 2560 2580 Qua
2600 2513 2855 2578 reducta,
2897 2510 3008 2570 filio
3041 2511 3174 2569 foris
3204 2522 3414 2579 stante,
3443 2524 3599 2586 pater

2009 2605 2265 2660 transiret
2297 2623 2308 2658 :
2342 2619 2635 2675 rursusque
2666 2602 2834 2670 filius,
2873 2605 2966 2674 qui
2995 2613 3122 2660 ante
3160 2605 3483 2671 transierat,
3518 2607 3596 2661 in-

2007 2713 2225 2770 gressus
2254 2698 2432 2754 navim
2460 2711 2690 2768 eamque
2724 2697 2793 2752 ad
2827 2696 3050 2754 fratrem
3090 2699 3369 2756 reduceret
3412 2718 3424 2754 :
3453 2700 3597 2772 jam-

2007 2803 2115 2859 que
2147 2787 2425 2844 reductam
2456 2789 2825 2859 ingrediantur
2859 2789 3019 2844 ambo
3060 2797 3116 2845 et
3145 2800 3442 2846 transeant.
3478 2789 3596 2846 Tali

2007 2880 2407 2952 subremigante
2437 2879 2654 2952 ingenio
2684 2879 2788 2938 erit
2814 2881 3026 2952 expleta
3063 2881 3334 2940 naviaatio
3366 2882 3596 2940 forsitan

2009 2971 2128 3027 sine
2152 2971 2459 3042 naufragio.

2734 3063 2853 3121 XX.

2181 3171 2492 3212 rnorosrrto
2528 3173 2594 3232 ne
2633 3172 2894 3215 nmrtrns
2931 3157 3114 3232 [Bed.,
3150 3157 3413 3230 marcus].

2080 3247 2155 3303 De
2194 3248 2418 3304 hirtitiis
2462 3248 2702 3304 masculo
2745 3258 2801 3306 et
2846 3248 3045 3306 femina
3096 3250 3418 3308 habentibus
3461 3250 3599 3307 duos

2007 3345 2164 3416 natos
2203 3337 2397 3395 libram
2425 3339 2881 3410 ponderantibus,
2916 3339 3114 3399 ﬂumen
3151 3342 3382 3402 transire
3411 3341 3613 3400 volen--

2009 3417 2171 3487 tibus.
2746 3485 2750 3490 .

2681 3522 2909 3580 Salutio.

2077 3611 2360 3679 Similiter,
2385 3619 2448 3668 ut
2467 3612 2738 3684 superius,
2764 3616 3086 3672 transissent
3109 3616 3260 3688 prius
3285 3615 3392 3670 duo
3418 3613 3603 3670 infan-

2006 3709 2106 3780 tes,
2133 3707 2188 3756 et
2212 3716 2351 3756 unus
2377 3716 2445 3770 ex
2472 3701 2576 3758 illis
2600 3718 2791 3759 navem
2821 3705 3133 3772 reduceret;
3167 3707 3218 3759 in
3251 3721 3414 3775 quam
3438 3713 3590 3774 pater

2003 3790 2280 3864 ingressus
2312 3791 2453 3850 ultra
2495 3794 2811 3860 transisset;
2855 3803 2911 3851 et
2953 3794 3043 3850 ille
3077 3794 3281 3862 infans,
3321 3793 3411 3865 qui
3441 3797 3592 3866 prius

2004 3899 2127 3940 cum
2156 3882 2324 3940 fratre
2353 3885 2660 3952 transierat,
2690 3885 2868 3940 navim
2893 3886 2960 3941 ad
2989 3885 3160 3957 ripam
3186 3883 3501 3951 reduceret,
3534 3885 3624 3944 in—r

2001 3988 2165 4046 quam
2188 3973 2356 4030 frater
2382 3973 2522 4032 illius
2547 3989 2734 4031 rursus
2755 3974 3033 4046 ingressus
3061 3975 3218 4031 ambo
3250 3973 3388 4030 ultra
3413 3973 3593 4030 venis-

2002 4075 2155 4133 sent;
2187 4080 2428 4138 unusque
2459 4075 2748 4138 propterea
2789 4082 2858 4122 ex
2893 4066 3000 4122 illis
3037 4066 3182 4122 foras
3210 4080 3492 4138 egressus;
3533 4071 3598 4122 et.

2001 4156 2139 4216 alter
2163 4158 2230 4212 ad
2260 4165 2488 4214 matrem
2526 4157 2806 4213 reduceret
2844 4158 3026 4212 navim
3066 4174 3081 4212 :
3123 4157 3177 4214 in
3218 4171 3380 4230 quam
3414 4165 3588 4212 mater

1999 4245 2241 4316 ingressa
2269 4247 2407 4322 ultra
2447 4246 2680 4304 venisset
2707 4264 2722 4302 :
2753 4263 2860 4320 qua
2901 4248 3208 4319 egrediente
3239 4248 3407 4314 foras,
3446 4245 3594 4303 illius

1998 4339 2136 4411 ejus,
2159 4340 2399 4409 quiante
2423 4355 2544 4396 cum
2577 4349 2731 4412 patre
2751 4341 3066 4407 transierat,
3087 4341 3267 4395 navim
3293 4354 3484 4397 rursus
3509 4341 3596 4400 iu~

1999 4447 2218 4503 gressus
2259 4447 2378 4487 eam
2421 4432 2489 4488 ad
2533 4431 2755 4490 fratrem
2798 4432 2938 4489 ultra
2969 4433 3277 4500 reduceret;
3322 4431 3376 4489 in
3421 4447 3592 4503 quam

2000 4527 2160 4583 ambo
2186 4527 2414 4599 ingressi
2436 4527 2576 4582 ultra
2595 4529 2891 4593 venissent,
2915 4536 2976 4584 et-
2993 4525 3146 4584 fieret
3170 4526 3383 4598 expleta
3411 4534 3590 4582 trans-

2000 4616 2177 4672 vectio
2201 4616 2346 4672 nullo
2367 4614 2692 4674 formidante
2718 4617 3016 4688 naufragio.

2713 4707 2855 4764 XXI.

2072 4813 2380 4856 PBOPOSITIO
2417 4815 2483 4856 DE
2520 4815 2695 4858 CAIPO
2729 4815 2798 4856 ΕΤ
2833 4815 3019 4856 ονιιιῑτε
3051 4815 3103 4854 IN
3134 4815 3203 4856 ΕΟ
3235 4815 3508 4856 ιοολκυιε.

2071 4888 2167 4944 Est
2191 4904 2410 4960 campus
2449 4890 2539 4962 qui
2577 4890 2736 4945 habet
2763 4890 2818 4944 in
2854 4889 3186 4958 longitudine
3217 4887 3380 4960 pedes
3402 4905 3462 4944 ce
3483 4930 3496 4956 ,
3526 4900 3587 4946 et

2000 4978 2056 5034 in
2083 4979 2365 5037 latitudine
2399 4981 2562 5050 pedes
2584 4995 2636 5037 c.
2666 4979 2800 5037 Volo
2835 4981 3030 5037 ibidem
3058 4980 3273 5036 mittere
3305 4996 3464 5048 oves;
3503 4983 3582 5038 sic

2000 5078 2182 5126 tamen
2217 5080 2276 5125 ut
2299 5087 2631 5142 unaquaeque
2653 5073 2769 5128 ovis
2790 5071 2984 5127 habeat
3010 5069 3062 5125 in
3086 5070 3243 5141 longo
3266 5071 3429 5142 pedes
3447 5087 3501 5138 v,
3528 5085 3582 5129 et

1999 5159 2196 5215 inlato
2226 5161 2390 5230 pedes
2413 5176 2485 5217 tv.
2531 5161 2712 5227 Dicat,
2754 5176 2914 5233 rogo,
2952 5160 3042 5233 qui
3077 5161 3246 5230 valet,
3285 5171 3416 5234 quot
3453 5159 3582 5220 oves

1999 5252 2199 5308 ibidem
2228 5252 2392 5309 locari
2422 5252 2665 5324 possint?

2684 5340 2907 5397 Salutio.

2071 5434 2186 5505 Ipse
2213 5449 2436 5506 campus
2464 5434 2626 5490 habet
2657 5435 2711 5490 in
2746 5435 3075 5506 longitudine
3109 5438 3275 5508 pedes
3310 5453 3388 5493 cc.
3425 5436 3492 5492 Et
3527 5439 3574 5493 iu
3625 5487 3627 5490 .

1998 5523 2281 5580 latitudine
2313 5524 2476 5596 pedes
2501 5540 2549 5580 c.
2583 5524 2696 5580 Due
2718 5526 2799 5581 bis
2822 5528 3158 5598 quinquenos
3191 5528 3218 5570 δ
3245 5529 3311 5584 de
3331 5544 3412 5590 cc.
3446 5526 3579 5582 fiunt

2000 5634 2086 5673 ιι..
2107 5617 2175 5671 At
2198 5617 2388 5673 deinde
2412 5618 2634 5673 cdivide
2661 5633 2756 5688 per
2779 5635 2881 5674 Illl.
2901 5621 3100 5686 Quarta
3128 5637 3253 5692 pars
3282 5619 3582 5677 centenarii
3618 5638 3622 5644 '

2000 5755 2257 5822 contagio.

2072 5825 2096 5864 δ
2143 5822 2339 5895 Nempe
2372 5823 2783 5896 dividendeper
2809 5842 2854 5874 ιι.
