4092 6520
455 377 591 439 1135

1236 371 1298 427 Β.
1341 369 1400 426 F.
1438 367 1664 425 ALBlNl
1701 367 1835 425 SEU
1871 365 2148 423 ALClilNl
2194 365 2476 423 OPERUM
2515 365 2694 421 PARS
2731 365 2862 421 ιιιιι.

3576 364 3711 420 Ηῖἰϐ

447 502 602 566 peret
641 499 893 563 septunx,
924 491 1027 547 hoc
1049 497 1151 556 est,
1182 503 1256 544 vu
1299 485 1476 560 [Bed.,
1502 483 1557 559 ν]
1596 484 1802 548 uncias,
1831 491 1884 537 et
1913 497 2029 537 ma—
2057 487 2098 544 Α
2131 487 2312 550 partes
2339 493 2411 540 xl,
2442 485 2524 532 ter
2549 476 2796 531 undecim
2824 474 2958 529 ﬁunt
2981 489 3168 542 xxxut,
3201 473 3324 529 tolle
3351 473 3466 529 illas
3495 474 3712 545 triginta

449 595 539 643 ter
587 586 757 656 ipsius
802 585 1074 654 acciperet
1124 581 1419 651 quincunx,
1464 579 1565 632 hoc
1607 585 1709 641 est,
1756 590 1789 631 v
1820 573 2026 630 uncias.

447 678 689 750 Contigit
732 687 910 732 autem
946 682 1006 730 ut
1036 675 1279 744 geminos
1316 670 1633 741 parturiret,
1676 669 1729 723 id
1754 675 1856 731 est,
1901 681 2032 735 pue‘

435 786 571 833 ,rum
597 778 652 824 et
672 769 924 840 puellam.
951 765 1156 828 Solvat,
1177 765 1279 833 qui
1309 771 1508 834 potest,
1533 767 1796 831 quantum
1827 757 2032 827 accepit

447 869 643 927 mater,
674 871 730 914 et
754 868 1016 930 quantum
1045 856 1204 921 ﬁlius,
1236 862 1568 926 quantumve
1600 851 1746 907 ﬁliai

1133 946 1358 1001 Salutio.

518 1041 688 1113 longe
722 1055 850 1112 ergo
877 1053 996 1094 vuu
1020 1044 1075 1092 et
1101 1050 1186 1100 ιιι,
1212 1033 1347 1089 ﬁunt
1367 1049 1464 1097 xu,
1489 1047 1566 1087 xu
1597 1045 1829 1100 namque
1859 1027 2032 1085 uncia:

449 1131 640 1188 libram
685 1131 907 1188 faciunt.
959 1129 1276 1196 Rursusque
1306 1125 1471 1196 junge
1504 1123 1756 1179 similiter
1788 1138 1860 1176 vu
1898 1137 1951 1175 et
1975 1136 2028 1185 v,

447 1224 584 1279 ﬁunt
608 1225 801 1278 iterum
830 1237 923 1277 xu.
959 1220 1189 1289 Ideoque
1221 1218 1304 1272 bis
1329 1233 1404 1272 xu
1437 1216 1644 1271 faciunt
1667 1230 1842 1278 xxutt,
1875 1227 2032 1268 xxtm

448 1324 627 1370 autem
683 1312 891 1368 faciunt
921 1312 1058 1366 duas
1112 1309 1310 1372 libras,
1363 1309 1419 1364 id
1469 1314 1584 1374 est,
1638 1305 1837 1361 solidos
1885 1321 1951 1360 xi.
1981 1316 2027 1359 ⁸.

447 1403 652 1460 Deinde
691 1417 824 1473 ergo
861 1397 1009 1473 [duc]
1060 1415 1158 1471 per
1181 1399 1496 1454 vicesimam
1541 1405 1790 1469 quartam
1822 1407 2033 1466 partem

447 1507 678 1550 accchx
705 1493 926 1558 solidos,
951 1502 1006 1547 et
1032 1493 1286 1548 vicesima
1316 1500 1510 1560 quarta
1535 1505 1664 1560 pars
1687 1503 1872 1544 eorum
1898 1487 2034 1544 ﬁunt

447 1600 535 1641 ιι..
577 1586 780 1641 Deinde
821 1587 944 1650 duc,
985 1585 1114 1655 quia
1155 1582 1284 1640 facit
1334 1584 1571 1638 dodrans
1616 1583 1730 1638 sive
1773 1581 2030 1646 dodrans,

443 1691 513 1732 xu.
543 1678 596 1734 in
629 1693 828 1734 nonam
860 1687 1092 1747 partem,
1131 1675 1250 1732 ideo
1279 1675 1467 1730 novies
1499 1692 1566 1731 ιιι.
1615 1676 1822 1743 accepit
1867 1672 2032 1736 ﬁlius,

447 1771 549 1825 hoc
588 1778 705 1837 est,
751 1785 884 1825 xvm
929 1769 1129 1835 libras,
1174 1784 1296 1838 quae
1346 1766 1555 1822 faciunt
1599 1765 1799 1821 solidos
1843 1779 2028 1820 cccnx.

2131 580 2333 640 partes,
2364 567 2544 623 divide
2567 582 2660 622 eas
2689 567 2832 622 inter
2861 566 3152 638 magistros
3179 581 3231 620 v.
3266 565 3565 637 Quinquies
3596 566 3715 622 seni

2132 656 2268 712 ﬁunt
2289 673 2415 712 xxx.
2462 657 2732 712 Accidunt
2774 672 2903 729 ergo
2928 657 3217 729 unicuique
3248 658 3504 729 magistro
3531 666 3716 728 partes

2130 764 2203 802 vi.
2231 748 2380 804 Tolle
2415 759 2526 804 tres
2569 758 2770 819 partes,
2807 763 2929 819 qure
2965 763 3132 818 super
3169 764 3280 804 xxx
3318 757 3716 816 remanserunt,

2129 842 2272 912 quod
2303 849 2388 896 est
2418 841 2680 895 medietas
2710 842 2929 904 senarii,
2963 849 3020 895 et
3045 839 3112 896 da
3147 840 3430 911 discipulo.

2783 930 3066 987 XXXVIII.

2222 1037 2536 1080 PROPOSI'I'IO
2575 1037 2640 1078 DE
2678 1038 2892 1087 QUODAI
2931 1039 3179 1079 EIPTORE
3219 1039 3272 1077 IN
3310 1037 3626 1081 Λιιιιιλιιιιυι

2812 1131 3052 1172 εειιτιιιι.

2201 1204 2381 1260 Voluit
2416 1205 2635 1276 quidam
2658 1205 2821 1261 homo
2856 1219 3040 1260 emere
3074 1204 3326 1262 animalia
3351 1207 3654 1276 promiscua
3686 1221 3719 1262 c

2131 1295 2198 1350 de
2224 1296 2410 1352 solidis
2441 1312 2495 1362 c,
2532 1296 2606 1350 ita
2643 1303 2702 1350 ut
2743 1311 2914 1366 equus
2957 1296 3132 1350 tribus
3175 1295 3361 1351 solidis
3407 1307 3716 1364 emeretur;

2130 1387 2229 1444 bos
2259 1403 2387 1443 vero
2428 1389 2482 1441 in
2523 1388 2695 1442 solido
2721 1403 2759 1452 ι,
2788 1396 2848 1442 et
2883 1403 3039 1443 xxuu
3072 1401 3201 1443 oves
3233 1387 3288 1443 in
3323 1387 3422 1442 sol.
3459 1405 3498 1443 ι.
3539 1389 3720 1458 Dicat,

2132 1481 2224 1550 qui
2249 1479 2408 1544 valet,
2442 1487 2574 1549 quot
2602 1479 2818 1546 caballi,
2859 1479 2946 1534 vel
2982 1489 3116 1550 quot
3143 1480 3329 1548 boves,
3362 1489 3560 1551 quotve
3598 1481 3718 1538 fue-

2133 1581 2260 1628 runt
2285 1573 2456 1630 oves?

2816 1661 3041 1719 Salutio.

2207 1757 2316 1811 Due
2339 1763 2422 1810 ter
2443 1755 2612 1811 vicies
2635 1757 2736 1812 tria
2764 1754 2838 1829 [1.
2879 1772 2950 1821 e.,
2978 1764 3062 1811 ter
3090 1755 3250 1828 χχιιι]
3280 1771 3317 1822 ι,
3347 1756 3483 1812 ﬁunt
3505 1773 3714 1813 vauu.

443 1861 514 1916 Et
535 1862 662 1932 quia
689 1870 863 1916 mater
890 1862 1105 1915 tertiam
1139 1869 1348 1929 partem
1383 1867 1572 1915 contra
1608 1857 1775 1912 ﬁlium
1801 1856 2029 1927 accepit,
2063 1849 2110 1911 B
2134 1848 2203 1904 Et
2238 1849 2340 1904 duc
2380 1847 2464 1903 bis
2498 1849 2667 1904 vicies
2710 1858 2944 1918 quatuor
2990 1846 3066 1922 [1.
3098 1864 3168 1913 e.,
3212 1848 3295 1902 bis
3332 1847 3531 1920 xxuu],
3583 1848 3721 1904 ﬁunt

443 1959 500 2007 et
529 1953 774 2022 quintam
816 1960 1008 2005 contra
1048 1950 1238 2015 ﬁliam,
1270 1964 1330 2003 ιιι
1365 1957 1420 2002 ει
1450 1964 1499 2011 v,
1535 1946 1668 2002 ﬁunt
1698 1962 1811 2000 vm.
1846 1945 2055 2016 Itaque

447 2043 574 2110 duc,
617 2043 744 2114 quia
797 2041 1010 2113 legitur,
1057 2041 1218 2112 quod'
1234 2039 1401 2095 faciat
1430 2038 1516 2096 bis
1560 2054 1655 2097 seu
1694 2038 1838 2094 bisse
1874 2053 1940 2092 χιι
1977 2036 2032 2092 in

442 2147 596 2206 parte
626 2141 852 2200 octava;
889 2132 1060 2188 octies
1085 2147 1214 2204 ergo
1237 2149 1303 2186 ιιι
1327 2132 1537 2201 accepit
1566 2137 1758 2196 mater,
1793 2129 1898 2185 hoc
1926 2141 2028 2194 est,

443 2228 616 2285 libras
644 2243 754 2291 xvr,
780 2242 900 2297 qum
944 2223 1151 2280 faciunt
1191 2224 1390 2281 solidos
1428 2239 1620 2284 cccxx.
1664 2222 1867 2278 Deinde
1909 2222 2025 2286 duc,

441 2321 570 2394 quia
612 2319 831 2391 legitur,
875 2317 1018 2390 quod
1061 2315 1227 2372 faciat
1260 2324 1514 2387 septunx,
1546 2331 1613 2371 xx.
1659 2314 1715 2370 in
1743 2329 1820 2368 vu
1864 2312 2034 2384 parti-

441 2411 545 2467 bus
581 2429 610 2465 :-
651 2419 840 2480 postea
876 2409 978 2466 duc
1012 2409 1212 2478 septies
1249 2423 1335 2472 xc,
1383 2405 1520 2461 ﬁunt
1548 2420 1672 2460 xuu
1713 2403 1884 2470 librae,
1913 2417 2034 2474 qua;

441 2499 649 2556 faciunt
683 2499 884 2556 solidos
921 2514 1147 2564 cccxxx,
1175 2498 1279 2555 hoc
1311 2497 1416 2550 ﬁlia
1448 2497 1676 2564 accepit.
1701 2493 1875 2564 longe
1901 2508 2033 2566 ergo

439 2612 606 2653 cccu
649 2605 706 2651 et
748 2610 922 2650 cccxx
957 2600 1014 2650 et
1041 2607 1246 2650 cccxxx
1268 2632 1283 2658 ,
1335 2590 1470 2646 ﬁunt
1506 2605 1737 2645 DCCCCLX
1789 2588 1942 2644 solidi
1977 2598 2034 2644 et

450 2701 617 2742 xcvm
649 2685 818 2741 libra'.

1014 2773 1180 2848 443
1216 2772 1453 2829 xxxvi.

511 2883 827 2927 PROPOSH'IO
863 2884 930 2923 DE
968 2881 1339 2923 SALU‘I'A'I‘IONE
1388 2880 1653 2922 CUJUSDAI

1107 2971 1337 3012 PUERL‘M.

511 3050 738 3119 Quidam
789 3047 973 3104 senior
1023 3046 1280 3104 salutavit
1326 3061 1572 3115 puerum,
1621 3047 1708 3101 cui
1762 3058 1819 3103 et
1859 3049 2027 3105 dixit:

443 3141 624 3204 Vit-as,
659 3139 757 3204 ﬁli,
785 3140 962 3205 vivas,
1005 3137 1206 3209 inquit,
1245 3145 1507 3208 quantum
1553 3139 1756 3205 vixisti,
1803 3149 1858 3195 et
1889 3139 2031 3194 aliud

1703 2881 1851 2922 SE:le
1891 2881 1956 2918 Att

2136 1957 2321 1996 χινιιι.
2367 1941 2505 1995 Sunt
2537 1956 2664 2013 ergo
2697 1940 2888 1996 caballi
2921 1955 3078 2003 xum,
3113 1947 3168 1994 ct
3202 1938 3358 1994 solidi
3391 1955 3600 1994 uvun.
3652 1939 3722 1995 Et

2134 2049 2262 2090 oves
2302 2049 2490 2099 vatu,
2522 2042 2577 2088 ct
2603 2033 2757 2088 solidi
2782 2049 2840 2087 ιι.
2893 2032 2961 2086 Et
3000 2031 3164 2087 boves
3188 2047 3404 2096 xxvuu,
3453 2029 3505 2086 in
3529 2031 3721 2088 solidis

2133 2142 2349 2182 xxvutt.
2373 2124 2542 2197 Iunge
2569 2140 2698 2198 ergo
2721 2141 2854 2180 xxtu
2871 2135 2927 2180 et
2945 2141 3109 2180 xum
3136 2135 3191 2179 et
3211 2140 3424 2190 xxvuu,
3452 2125 3720 2180 ﬁuntani-

2133 2220 2292 2276 malia
2317 2235 2366 2275 τι.
2394 2221 2472 2275 Ac
2493 2218 2686 2276 deinde
2713 2218 2880 2290 iunge
2907 2234 3094 2275 cxvuu
3117 2231 3232 2280 ctu
3259 2229 3316 2276 et
3341 2236 3556 2286 xxvuu,
3584 2219 3722 2276 ﬁunt

2135 2311 2288 2370 solidi
2313 2327 2362 2368 c.
2390 2311 2528 2367 Sunt
2541 2328 2671 2383 ergo
2685 2313 2844 2368 simul
2862 2311 3045 2381 juncta
3071 2312 3323 2369 animalia
3341 2329 3391 2382 c,
3417 2320 3472 2370 et
3493 2314 3646 2369 solidi
3664 2331 3713 2370 c.

2767 2403 2916 2459 XXX
2925 2404 3074 2460 VIIII.

2255 2511 2567 2552 PBOI‘OSITIO
2605 2512 2670 2550 DE
2707 2511 2920 2558 ρυοιιλιι
2960 2511 3208 2552 ειητοιιε
3244 2511 3297 2551 IN
3337 2511 3587 2552 ORIENTF.

2203 2588 2434 2655 Quidam
2471 2589 2631 2643 homo
2662 2587 2832 2642 voluit
2860 2589 2928 2642 de
2953 2605 2982 2643 c
3012 2588 3196 2644 solidis
3239 2589 3494 2642 animalia
3516 2588 3718 2660 promi-

2133 2696 2262 2735 seua
2298 2697 2480 2736 coiere
2513 2699 2541 2737 c
2575 2681 2628 2735 in
2661 2681 2906 2744 oriente;
2939 2684 3030 2751 qui
3066 2679 3232 2750 jussit
3274 2677 3479 2737 famulo
3509 2696 3630 2747 suo,
3661 2691 3719 2736 ut

2133 2774 2400 2828 camelum
2447 2789 2478 2826 v
2524 2772 2710 2828 solidis
2764 2775 3061 2843 acciperet;
3110 2773 3321 2827 asinum
3373 2771 3542 2828 solido
3579 2788 3615 2826 ι.
3648 2788 3712 2825 xx

2131 2878 2262 2918 oves
2313 2863 2366 2917 in
2418 2863 2588 2919 solido
2627 2868 2984 2932 compararet.
3043 2863 3218 2928 Dicat,
3266 2863 3358 2932 qui
3403 2863 3537 2926 vult,
3589 2869 3715 2932 quot

2130 2956 2344 3019 cameli,
2377 2954 2460 3009 vel
2498 2956 2657 3023 asini,
2686 2956 2804 3012 sive
2843 2969 2973 3012 oves
3015 2955 3070 3012 in
3112 2956 3323 3028 negotio
3359 2971 3388 3011 c
3417 2955 3718 3012 solidorum

2133 3045 2395 3104 fuerunt?

2811 3137 3036 3196 Salutio.

440 3241 672 3294 tantum,
698 3241 751 3284 et
784 3243 865 3286 ter
890 3239 1119 3285 tantum.
1153 3228 1434 3299 Addatque
1471 3227 1566 3283 tibi
1593 3227 1737 3284 Deus
1763 3243 1930 3284 unum
1962 3232 2030 3284 de
2057 3191 2107 3256 ο
2205 3230 2266 3288 Si
2292 3231 2511 3287 duxeris
2547 3249 2580 3285 x
2613 3232 2821 3296 novies,
2851 3229 2952 3304 [et]
2985 3246 3016 3285 v
3049 3228 3185 3286 ﬁunt
3204 3246 3325 3296 xcv,
3348 3229 3454 3286 hoc
3488 3237 3591 3296 est,
3624 3244 3718 3285 ea-

444 3323 603 3377 annis
638 3323 792 3386 meis,
836 3330 894 3376 et
933 3319 1158 3390 impleas
1199 3334 1370 3374 annos
1413 3327 1654 3374 centum.
1707 3317 1909 3385 Solvat,
1939 3322 2032 3390 qui

441 3421 637 3485 potest,
677 3421 812 3482 quot
845 3419 1267 3492 aunerumltunc
1298 3421 1540 3479 tempore
1561 3419 1696 3481 p‘uer
1730 3409 1890 3466 erat?

1045 3573 1047 3578 ι
1119 3499 1349 3556 Salutio.

511 3595 570 3651 In
605 3610 672 3651 eo
720 3610 871 3660 vero,
900 3594 1043 3664 quod
1088 3593 1250 3659 dixit,
1299 3593 1472 3660 vivas,
1521 3603 1784 3663 quantum
1818 3593 2030 3658 vixisti,

441 3687 653 3742 vixerat
699 3693 824 3739 ante
870 3700 1043 3740 annos
1077 3699 1172 3738 vni
1218 3692 1273 3738 et
1317 3699 1532 3738 menses
1578 3693 1689 3738 tres
1740 3703 1751 3738 :
1797 3693 1852 3739 et
1885 3683 2032 3737 aliud

443 3784 657 3833 tantum
689 3773 822 3829 ﬁunt
854 3774 981 3828 anni
1020 3789 1109 3828 xvi
1145 3782 1201 3829 et
1224 3788 1434 3828 menses
1461 3789 1538 3839 ιι,
1563 3783 1616 3827 et
1647 3774 1878 3828 alterum
1917 3786 2033 3828 tan-

442 3876 558 3923 tum
585 3868 722 3922 ﬁunt
751 3866 878 3922 anni
905 3881 1100 3931 xxxul,
1131 3865 1222 3936 qui
1251 3873 1334 3920 ter
1365 3865 1704 3936 multiplicati
1730 3865 1868 3922 ﬁunt
1904 3866 2033 3922 anni

443 3975 651 4025 xcvuu,
684 3974 852 4014 unum
883 3957 1014 4028 ipsis
1047 3956 1288 4012 additum
1322 3955 1455 4011 ﬁunt
1475 3973 1524 4012 c.

1103 4046 1363 4104 XXXVII.

471 4157 788 4199 PROMSITIO
825 4157 890 4196 DE
928 4156 1144 4205 QUODAII
1186 4157 1385 4196 IIOIINE
1425 4155 1669 4196 VOLEN'I'E
1707 4133 2011 4195 λεοιτιωιε

1140 4247 1344 4287 DOML'M.

517 4323 690 4381 Homo
723 4324 974 4392 quidam,
1013 4324 1202 4380 volens
1239 4323 1511 4386 anliﬁeare
1543 4325 1794 4391 domum,
1834 4324 2035 4378 locavit

444 4416 687 4473 artiﬁces
707 4433 781 4482 vt,
815 4432 880 4472 ex
909 4417 1106 4487 quibus
1132 4432 1164 4472 v
1187 4417 1429 4489 magistri
1465 4427 1520 4472 et
1562 4434 1700 4472 unus
1737 4416 2033 4487 discipulus

442 4517 587 4586 erat,
625 4515 679 4562 et
713 4506 964 4561 convenit
988 4506 1145 4573 inter
1188 4522 1334 4572 etim,
1363 4507 1454 4578 qui
1497 4507 1770 4564 aediﬁcare
1797 4506 2030 4574 volebat,

443 4609 506 4658 et
532 4599 792 4665 artiﬁces,
833 4607 894 4653 ut
937 4613 1034 4670 per
1068 4599 1304 4670 singulos
1328 4599 1446 4655 dies
1474 4615 1579 4653 xxv
1609 4596 1818 4655 denarii
1864 4599 1945 4654 eis
1977 4599 2030 4652 iu

445 4689 698 4748 mercede
726 4689 1009 4754 darentur,
1043 4687 1124 4746 sic
1159 4696 1358 4756 tamen,
1393 4697 1452 4744 ut
1493 4690 1787 4762 discipulus
1829 4693 2034 4748 medie-

445 4787 617 4834 tatem
644 4770 713 4833 dé
739 4793 825 4843 eo,
849 4779 994 4848 quod
1016 4793 1172 4842 unus,
1189 4795 1255 4834 ex
1281 4781 1558 4852 magistris
1583 4781 1907 4852 accipiebat,
1939 4797 2032 4838 ac-

444 4871 669 4940 ciperet.
712 4869 886 4932 Dicat,
915 4870 1008 4938 qui
1046 4878 1244 4940 potest,
1276 4882 1539 4940 quantum
1561 4871 1934 4943 unusquisque
1965 4874 2033 4929 de

445 4960 555 5018 illis
581 4975 677 5033 per
701 4975 1138 5031 unamquamque
1163 4960 1304 5016 diem
1332 4963 1573 5033 accepit?

1123 5051 1351 5107 Salutio.

521 5142 672 5199 Tolle
717 5143 951 5213 primum
993 5160 1107 5198 xxu
1153 5145 1406 5199 denarios
1445 5154 1499 5199 et
1543 5145 1722 5200 divide
1760 5159 1854 5200 eos
1893 5145 1948 5201 in
1975 5162 2029 5202 vx

449 5241 653 5307 partes.
712 5231 807 5287 Sic
862 5234 1155 5303 unicuique
1201 5234 1269 5288 de
1315 5235 1610 5306 magistris,
1660 5237 1753 5307 qui
1795 5238 2034 5309 quinque

447 5331 597 5388 sunt,
635 5328 714 5378 ιιίι
747 5324 1025 5388 denarios;
1065 5340 1190 5379 nam
1213 5327 1499 5395 quinquies
1519 5337 1752 5397 quatuor
1784 5344 1855 5383 xx
1885 5339 2030 5384 sunt.

453 5414 620 5477 Duos.
647 5413 737 5484 qui
786 5424 1181 5478 remanserunt,
1219 5430 1338 5486 qua:
1369 5427 1450 5472 est
1494 5419 1752 5474 medietas
1792 5419 1859 5474 de
1904 5435 2031 5483 uno,

451 5503 581 5560 tolle
611 5513 666 5559 et
700 5505 766 5561 da
792 5505 1084 5577 discipulo;
1120 5515 1174 5561 et
1206 5514 1331 5560 sunt
1362 5507 1538 5562 adhuc
1572 5523 1631 5562 ιιι
1658 5509 1866 5564 denarii
1904 5509 2037 5566 resi-

451 5597 579 5666 dui;
618 5579 754 5668 quos
784 5598 862 5652 sic
885 5598 1191 5654 distribues.
1222 5596 1331 5652 Fac
1358 5598 1424 5654 de
1459 5613 1784 5670 unoquoque
1813 5600 2038 5657 denario

2133 3321 2260 3380 mcli
2287 3337 2440 3377 xvuu
2468 3333 2593 3378 sunt
2615 3323 2780 3393 empti
2811 3323 2865 3377 in
2891 3320 3078 3377 solidis
3100 3336 3222 3377 xcv.
3261 3320 3413 3376 Adde
3439 3337 3560 3374 cum
3584 3320 3717 3391 ipsis

2136 3426 2321 3476 unum,
2347 3411 2450 3466 hoc
2479 3419 2579 3474 est,
2618 3412 2671 3466 in
2702 3411 2872 3466 solido
2909 3427 2926 3465 ι
2969 3412 3181 3467 asinum
3213 3426 3256 3476 ι,
3291 3409 3429 3465 ﬁunt
3461 3426 3604 3466 xcvi.
3637 3410 3718 3466 Ac

2136 3503 2330 3557 deinde
2379 3503 2483 3558 duc
2511 3503 2679 3558 vicies
2721 3511 2934 3572 quater,
2984 3501 3119 3557 ﬁunt
3164 3517 3328 3567 xxxx,
3380 3500 3483 3557 hoc
3514 3509 3616 3566 est,
3661 3501 3714 3555 in

2134 3601 2365 3665 quatuor
2392 3593 2580 3649 solidis
2611 3609 2740 3650 oves
2772 3610 2929 3650 Lxxx.
2955 3591 3126 3666 longe
3153 3610 3284 3667 ergo
3312 3610 3466 3650 xvuu
3509 3602 3564 3650 et
3603 3609 3619 3648 ι
3662 3601 3718 3649 et

2135 3701 2298 3750 xxxx,
2331 3683 2464 3738 ﬁunt
2498 3699 2546 3739 c.
2587 3683 2713 3740 llaec
2757 3693 2884 3740 sunt
2923 3684 3196 3741 animalia.
3239 3682 3320 3741 Ac
3344 3684 3536 3740 deinde
3554 3684 3719 3757 junge

2136 3791 2256 3840 xcv,
2288 3782 2379 3828 ett
2404 3783 2460 3829 et
2484 3790 2586 3842 ιιιι,
2615 3774 2748 3830 ﬁunt
2775 3776 2928 3832 solid.
2954 3792 3004 3832 c.
3057 3775 3234 3832 Simul
3276 3789 3407 3850 ergo
3429 3775 3605 3848 juncti
3639 3775 3719 3832 fa-

2135 3866 2290 3922 ciunt
2313 3882 2509 3937 pecora
2536 3882 2584 3933 c,
2610 3876 2665 3923 et
2689 3868 2889 3926 solidos
2911 3886 2962 3926 c.

2869 3960 2982 4018 XL.

2136 4063 2450 4106 PROPOSI'I‘IO
2486 4066 2552 4105 DE
2590 4067 2790 4107 HOIIINE
2837 4069 2905 4109 ET
2948 4069 3136 4111 οτιιιυε
3173 4069 3225 4110 ΙΝ
3264 4069 3445 4112 IONTE
3495 4071 3719 4113 μείξει(-

2851 4159 3021 4200 τιιιῦε.

2206 4233 2436 4302 Quidam
2482 4235 2644 4291 homo
2669 4234 2804 4290 vidit
2841 4235 2908 4291 de
2931 4243 3117 4293 monte
3156 4251 3288 4294 oves
3324 4247 3630 4310 pascentes,
3663 4249 3723 4296 et

2135 4322 2292 4388 dixit,
2343 4323 2555 4378 utinam
2581 4323 2834 4379 haberem
2883 4331 3116 4391 tantum,
3145 4335 3203 4382 et
3241 4324 3384 4384 aliud
3432 4336 3636 4385 tantum
3665 4339 3723 4386 et

2133 4415 2476 4470 medietatem
2502 4415 2571 4471 de
2599 4416 2909 4486 medietate,
2936 4425 2990 4473 et
3016 4419 3081 4475 de
3107 4419 3210 4475 hac
3240 4419 3530 4476 medietate
3559 4422 3720 4478 aliam

2135 4507 2500 4572 medietatem,
2526 4518 2689 4578 atque
2718 4523 2816 4580 ego
2843 4511 3174 4568 centesimus
3198 4527 3306 4568 una
3330 4529 3452 4569 eum
3487 4513 3615 4585 ipsis
3643 4514 3723 4570 in-

2135 4597 2390 4668 grederer
2436 4613 2613 4654 meam
2657 4600 2896 4655 domum.
2955 4599 3168 4669 Solvat,
3221 4605 3312 4675 qui
3352 4613 3549 4676 potest.
3590 4616 3722 4677 quot

2134 4703 2265 4743 oves
2294 4689 2426 4744 vidit
2451 4691 2650 4745 ibidem
2683 4699 2966 4761 pascentes
2990 4693 3014 4747 ?

2813 4782 3041 4839 Salutio.

2204 4871 2263 4927 In
2293 4873 2395 4929 hoc
2423 4887 2572 4944 ergo,
2605 4873 2748 4945 quod
2783 4875 2945 4942 dixit;
2992 4875 3246 4934 haberem
3281 4887 3521 4948 tantum;
3557 4897 3719 4937 xxxvi

2133 4979 2264 5021 oves
2285 4965 2520 5035 primum
2551 4966 2618 5020 ab
2642 4965 2731 5020 illo
2759 4967 2889 5022 visat
2916 4976 3064 5023 sunt.
3097 4968 3165 5025 Et
3188 4970 3333 5026 aliud
3357 4980 3565 5028 tantum
3589 4973 3724 5029 ﬁunt

2138 5073 2308 5122 txxu,
2333 5068 2492 5128 atque
2515 5058 2774 5114 medietas
2798 5060 2865 5115 de
2884 5061 2987 5116 hac
3010 5060 3262 5118 videlicet
3285 5065 3595 5131 medietate,
3618 5064 3722 5120 hoe

2138 5161 2240 5213 est,
2269 5154 2332 5206 de
2369 5166 2557 5216 xxxvi,
2585 5152 2720 5205 ﬁunt
2747 5168 2779 5204 x
2813 5161 2867 5206 ct
2895 5168 3010 5209 vm.
3063 5152 3379 5225 Rursusque
3408 5162 3473 5211 de
3497 5156 3599 5212 hac
3635 5173 3720 5213 se-

2140 5242 2315 5296 cunda
2351 5241 2557 5296 scilicet
2589 5242 2880 5297 medietate
2913 5251 3192 5314 assumpta
3227 5245 3505 5314 medietas,
3533 5247 3586 5302 id
3615 5257 3718 5314 est,

2141 5331 2208 5386 de
2236 5347 2365 5385 xvm
2403 5332 2538 5386 ﬁunt
2568 5349 2706 5387 vuu.
2744 5331 2916 5405 Junge
2951 5351 3080 5406 ergo
3103 5350 3267 5391 xxxvr
3296 5345 3350 5392 et
3378 5351 3562 5403 xxxvi,
3589 5336 3722 5392 ﬁunt

2142 5437 2308 5476 Lxxu.
2338 5422 2488 5476 Adde
2514 5438 2636 5476 cum
2661 5424 2790 5492 ipsis
2820 5439 2975 5488 xvm,
3004 5423 3139 5480 ﬁunt
3163 5441 3247 5480 xc.
3274 5425 3425 5482 Adde
3455 5442 3582 5482 vero
3604 5440 3719 5480 vim

2139 5527 2259 5567 cum
2294 5528 2381 5576 xc,
2411 5513 2546 5568 ﬁunt
2569 5529 2776 5569 xcvuu.
2814 5514 2932 5586 Ipse
2959 5529 3088 5570 vero
3115 5516 3277 5572 homo
3299 5531 3424 5572 cum
3469 5517 3600 5587 ipsis
3626 5515 3723 5573 ad-

2139 5602 2284 5658 ditus
2317 5603 2421 5658 erit
2445 5605 2795 5661 centesimus.

525 5746 554 5776 ι
591 5732 878 5812 [lucusque
920 5734 1214 5791 solutiones
1243 5731 1326 5812 _in
1366 5733 1522 5790 Beda:
1571 5734 1862 5806 Operibus;
1901 5736 2145 5806 quamvis
2181 5739 2577 5812 propositiones
2636 5737 2707 5793 ibi
2757 5739 2959 5810 absque
3008 5739 3362 5798 solutionibus
3408 5743 3721 5802 continuen-

458 5813 570 5863 tur.
593 5803 724 5872 Qua:
749 5803 1046 5877 sequuntur
1070 5821 1134 5862 ex
1159 5803 1276 5860 cod.
1304 5820 1404 5861 ius.
