4092 6564
303 469 430 525 ιιδτ
1032 548 1033 551 γ

1018 586 1152 645 XLI.

581 696 897 738 PROPOSITIO
932 696 999 736 DE
1036 696 1169 738 SODE
1198 693 1225 722 ⁸
1260 698 1330 735 E‘l'
1368 695 1583 736 SCBOFA.

358 772 595 844 Quidam
649 772 1041 843 paterfamilias
1099 771 1360 828 stabilivit
1417 777 1625 825 curtcm
1683 779 1878 820 novam

292 862 787 941 [quadrangulum],
817 864 871 919 in
897 880 1001 934 qua
1027 865 1207 935 posuit
1232 860 1491 927 scrofam,
1524 875 1643 929 qua:
1671 855 1880 928 peperit

288 955 559 1027 porcellos
581 972 654 1011 vu
680 956 734 1010 in
757 953 931 1009 media
957 954 1104 1019 sede,
1134 954 1225 1024 qui
1254 968 1359 1007 una
1382 966 1504 1007 cum
1533 958 1727 1011 matre,
1758 960 1880 1017 quae

288 1052 481 1101 octava
514 1051 595 1101 est
636 1044 730 1118 [Γ.
760 1044 910 1110 add,
938 1053 1061 1100 octo
1103 1036 1287 1117 suut]h
1338 1049 1667 1114 pepererunt
1716 1039 1881 1110 igitur

291 1138 663 1208 unusquisque
712 1137 766 1192 in
801 1138 945 1191 omni
984 1136 1179 1207 angulo
1211 1151 1306 1190 vn.
1338 1133 1406 1189 Et
1440 1135 1554 1205 ipsa
1590 1131 1789 1186 iterum
1823 1131 1878 1183 in

294 1226 472 1282 media
500 1226 627 1281 sede
661 1241 784 1282 cum
813 1226 1063 1282 omnibus
1089 1225 1362 1297 generatis
1399 1223 1611 1294 peperit
1645 1236 1738 1277 vu.
1784 1220 1879 1275 Di-

292 1322 401 1375 cat.
427 1315 519 1385 qui
542 1314 677 1381 vult,
707 1332 811 1371 una
842 1331 965 1370 cum
993 1316 1257 1371 matribus
1292 1323 1424 1386 quot
1448 1312 1598 1385 porci
1628 1309 1880 1367 fuerunt?

978 1403 1206 1459 Salutio.

370 1490 429 1547 In
463 1492 637 1561 prima
698 1493 862 1565 igitur
911 1496 1291 1565 parturilione,
1338 1510 1461 1565 quae
1507 1493 1609 1548 fuit
1633 1493 1776 1547 facta
1825 1491 1879 1545 in

290 1583 470 1641 media
506 1585 653 1651 sede,
702 1582 922 1640 fuerunt
961 1585 1184 1656 porcelli
1232 1601 1327 1651 vn,
1380 1593 1435 1639 et
1470 1592 1644 1638 mater
1692 1595 1880 1636 eorum

289 1683 502 1730 octava.
532 1673 717 1733 Oetics
749 1677 912 1748 igitur
940 1686 1062 1733 octo
1084 1678 1231 1733 ducti
1258 1675 1396 1732 ﬁunt
1417 1692 1591 1733 uiui.
1619 1674 1724 1733 Tot
1755 1686 1882 1744 por-

290 1764 413 1819 celli
448 1780 556 1821 una
584 1780 708 1820 cum
738 1768 1006 1822 matribus
1037 1764 1259 1822 fuerunt
1287 1767 1342 1822 in
1373 1782 1391 1820 ι
1423 1765 1638 1837 angulo.
1682 1763 1763 1820 Ac
1788 1763 1882 1819 de-

292 1854 420 1912 inde
454 1856 703 1929 sexagies
728 1868 921 1931 quater
948 1867 1076 1917 octo
1104 1860 1250 1915 ducti
1278 1856 1414 1914 ﬁunt
1442 1874 1574 1913 ωιιι.
1628 1855 1729 1912 Tot
1752 1871 1876 1913 cum

1199 465 1350 525 OPP.
1387 461 1613 522 DUBIA.
1656 492 1726 504 —-
1763 453 2314 537 PROPOSITIONES
2352 454 2656 514 ALCUINI.

1899 579 1946 641 Α
1976 588 2147 629 annos
2198 573 2498 645 geminatus
2544 572 2844 645 tripiicatos
2874 569 3053 646 [Bed.,
3102 566 3463 642 triplicahis];
3511 581 3570 626 et

3424 453 3562 509 “‘53

1982 683 2135 722 sume
2165 683 2329 721 unum
2360 668 2426 723 de
2453 668 2609 722 annis
2647 666 2815 733 meis;
2842 673 2896 721 et
2937 663 3165 721 habebis
3191 676 3364 717 annos
3392 676 3443 719 c.
3476 661 3572 718 Di-

1978 769 2086 826 cat,
2138 762 2229 831 qui
2258 768 2457 830 potest,
2510 768 2644 831 quot
2678 774 2945 815 annorum
2995 763 3125 813 tunc
3168 764 3411 827 tempore
3438 767 3573 831 pus:

1979 861 2092 906 eral
2111 854 2133 904 ‘.’

2660 939 2887 997 Salutio.

2052 1031 2182 1086 Erat
2205 1032 2352 1087 enim
2390 1047 2526 1104 puer
2551 1046 2817 1087 annorum
2847 1046 2959 1096 xvi,
2986 1038 3041 1085 et
3068 1028 3334 1084 mensium
3360 1043 3435 1097 v1,
3476 1029 3572 1100 qui

1982 1124 2237 1194 geminati
2284 1140 2409 1178 cum
2436 1124 2714 1179 mensibus
2737 1122 2874 1177 ﬁunt
2897 1122 3025 1178 anni
3057 1137 3249 1188 χχχιιι,
3282 1122 3374 1193 qui
3403 1122 3572 1194 tripli—

1982 1214 2087 1268 cad
2119 1211 2252 1268 ﬁunt
2273 1229 2482 1271 xcvuu.
2512 1215 2711 1269 Addita
2733 1229 2840 1267 uno
2861 1213 3033 1286 patris
3061 1228 3204 1269 anno
3230 1229 3261 1270 c
3289 1224 3569 1286 apparent.

2593 1321 2596 1325 '
2699 1305 2859 1361 XLV.

2609 1404 2942 1453 PROPOSITIO.

2052 1484 2313 1540 Columba
2359 1485 2554 1542 sedens
2583 1487 2636 1543 in
2686 1488 2880 1544 arbore
2932 1487 3068 1543 vidit
3108 1486 3238 1545 alias
3279 1487 3568 1545 volantes:

1982 1577 2119 1633 dixit
2143 1577 2261 1633 eis:
2284 1577 2503 1635 Utinam
2531 1578 2774 1636 fuissetis
2802 1580 2922 1635 alize
2942 1590 3153 1637 tantum
3178 1594 3232 1636 et
3255 1591 3424 1638 terna:
3450 1590 3573 1637 tan-

1982 1678 2117 1736 tum,
2159 1676 2289 1742 tunc
2314 1685 2423 1725 una
2450 1686 2662 1727 mecum
2688 1669 2928 1728 fuissetis
2957 1688 3006 1727 (ι.
3048 1673 3218 1739 Dicat,
3251 1676 3341 1746 qui
3371 1682 3570 1747 potest,

1981 1771 2114 1833 quot
2139 1762 2405 1821 columbae
2433 1774 2591 1821 erant
2629 1764 2684 1820 in
2712 1764 2903 1836 primis
2930 1764 3215 1823 volantes?

2656 1853 2883 1912 Salutio.

293 1946 561 2004 matribus
588 1950 701 2005 suis
722 1950 947 2020 porcelli
991 1950 1047 2005 in
1072 1951 1269 2022 angulo
1314 1966 1378 2006 ιι.
1420 1949 1735 2019 Rursusque
1762 1961 1875 2002 nxu
1912 1966 1956 2026 Β
2052 1946 2296 2020 Triginta
2340 1964 2401 2004 ιιι
2428 1956 2588 2007 erant
2624 1949 2909 2016 columbae,
2941 1965 3077 2022 quas
3108 1949 3261 2021 prius
3287 1951 3573 2022 conspexit

291 2039 464 2096 octies
493 2039 640 2094 ducti
667 2040 805 2095 ﬁunt
829 2042 917 2098 Πῑ
943 2058 1086 2100 ιενι.
1122 2043 1221 2098 'l‘ot
1256 2043 1309 2098 iu
1338 2044 1500 2098 tertio
1528 2039 1728 2113 angulo
1751 2053 1876 2096 cum

294 2129 560 2187 matribus
587 2133 703 2189 suis
726 2131 967 2191 fuerunt.
1023 2135 1126 2204 Qui
1154 2136 1202 2192 si
1228 2136 1400 2192 octies
1430 2133 1874 2204 multiplicentur,

297 2221 432 2281 ﬁunt
457 2239 608 2282 χχιιι
631 2239 997 2289 ιιοεωιιιινιιι,
1028 2236 1108 2285 tot
1142 2242 1267 2284 cum
1297 2227 1565 2285 matribus
1599 2227 1654 2280 in
1682 2232 1879 2296 quarto

295 2312 516 2374 fuerunt
571 2318 787 2390 angulo.
848 2318 1142 2392 Multipliea
1209 2334 1425 2392 quoque
1480 2319 1657 2374 octies
1724 2312 1883 2373 ἰίἷῦ

293 2423 657 2478 necuxxvm,
689 2409 826 2466 ﬁunt
845 2408 912 2467 Et?
936 2412 1050 2469 ῐῖῑῖ
1070 2419 1125 2468 et
1144 2426 1348 2467 cecini.
1376 2408 1480 2469 Tot
1505 2411 1652 2466 enim
1684 2422 1880 2464 creve-

295 2509 442 2567 runt,
465 2516 591 2557 cum
617 2503 671 2559 in
696 2505 873 2561 media
898 2506 1029 2561 sede
1048 2504 1342 2560 novissime
1366 2510 1579 2577 partum
1605 2502 1874 2560 fecerunt.

1006 2593 1163 2651 XLII.

381 2700 696 2742 Ριιίιιιοειτιο
732 2702 798 2743 ΒΕ
832 2703 995 2744 δολιλ
1032 2700 1281 2746 ΗΑΒΕΝΤΒ
1318 2703 1527 2747 MU!
1560 2702 1796 2745 εειιτυιι.

367 2776 465 2834 Est
506 2778 652 2834 scala
688 2794 796 2835 una
836 2777 1044 2837 habens
1088 2780 1290 2854 gradus
1326 2796 1377 2838 ο.
1425 2780 1484 2837 In
1509 2780 1688 2853 primo
1707 2779 1883 2852 gradu

292 2868 517 2927 sedebat
562 2868 812 2928 columba
854 2886 1008 2927 una:
1047 2872 1103 2929 in
1149 2872 1390 2931 secundo
1432 2873 1584 2941 duae;
1625 2871 1679 2928 in
1719 2874 1882 2929 tertio

296 2973 441 3035 tres;
480 2966 534 3021 iu
557 2975 755 3037 quarto
786 2982 898 3033 uu;
933 2967 988 3021 in
1016 2968 1207 3038 quinto
1231 2983 1284 3024 v.
1326 2966 1420 3024 Sic
1460 2966 1515 3022 in
1537 2966 1686 3027 omni
1708 2968 1882 3040 gradu

296 3072 467 3129 usque
503 3058 571 3114 ad
596 3059 974 3115 centesimum.
1033 3058 1209 3128 Dicat,
1245 3061 1338 3131 qui
1373 3068 1575 3135 potest,
1616 3068 1746 3132 quot
1789 3075 1883 3116 co-

294 3152 488 3218 lumbae
512 3154 567 3208 in
591 3160 763 3210 totum
783 3152 1047 3211 fuerunt?

971 3242 1201 3301 Salutio.

1978 2042 2244 2100 volantes.
2290 2043 2424 2100 Item
2465 2044 2587 2100 alia:
2628 2051 2792 2100 tantae
2820 2044 2956 2100 ﬁunt
2991 2059 3139 2099 vat.
3165 2043 3232 2100 Et
3259 2044 3433 2101 tertia:
3453 2055 3573 2102 tan-

1978 2142 2112 2200 tum,
2145 2132 2283 2189 ﬁunt
2309 2149 2514 2190 xcvuu.
2548 2134 2700 2191 Adde
2729 2136 3028 2203 sedentem,
3057 2144 3113 2191 et
3138 2143 3301 2192 erunt
3324 2149 3374 2190 c.

2680 2227 2867 2284 XLVI.

2111 2334 2427 2375 PROPOSITIO
2464 2335 2529 2374 DF.
2568 2334 2800 2376 SACCULO
2835 2336 2898 2375 ΑΒ
2933 2336 3134 2377 ιιυιιικε
3174 2336 3429 2378 ιιινιικτο.

2051 2409 2284 2478 Quidam
2329 2412 2489 2466 homo
2518 2410 2801 2469 ambulans
2841 2429 2939 2484 per
2964 2413 3104 2468 viam
3140 2414 3346 2471 invenit
3382 2430 3573 2472 saccu-

1981 2502 2090 2558 lum
2121 2518 2243 2558 cum
2273 2500 2492 2558 talentis
2515 2502 2744 2562 duobus.
2801 2502 2916 2560 Hoc
2947 2520 3162 2577 quoque
3210 2504 3302 2561 alii
3330 2507 3573 2564 videntes

1907 2664 1910 2668 .
1979 2591 2233 2650 dixerunt.
2254 2594 2305 2650 ei
2337 2614 2350 2648 :
2381 2594 2593 2662 Frater,
2623 2596 2691 2651 da
2718 2598 2879 2652 nobis
2914 2599 3219 2668 portionem
3251 2599 3575 2657 inventionis

1983 2692 2191 2742 tantum
2244 2685 2425 2761 [Bed.,
2476 2686 2624 2762 tute].
2682 2688 2783 2757 Qui
2817 2704 3054 2747 renuens
3079 2691 3254 2748 noluit
3290 2690 3374 2748 eis
3410 2692 3551 2747 dare

1980 2777 2086 2848 ipsi
2126 2794 2256 2835 vero
2303 2779 2573 2836 irruentes
2622 2780 2961 2852 diripuerunt
3010 2783 3308 2847 sacculum,
3359 2793 3413 2839 et
3450 2784 3578 2840 tulit

1980 2870 2083 2925 sibi
2118 2870 2344 2941 quisque
2387 2871 2589 2928 solidos
2608 2874 3024 2947 quinquaginta.
3053 2875 3120 2931 Et
3150 2876 3264 2947 ipse
3285 2884 3572 2949 postquam

1981 2961 2116 3019 vidit
2144 2977 2203 3018 se
2229 2964 2484 3020 resistere
2523 2979 2633 3020 non
2662 2980 2844 3036 posse,
2872 2966 3020 3023 misit
3060 2983 3279 3025 manum
3310 2976 3367 3026 et
3393 2970 3578 3040 rapuit

1981 3053 2184 3112 solidos
2212 3056 2622 3131 quinquaginta.
2665 3058 2822 3115 Dicat
2871 3060 2966 3131 qui
3000 3060 3130 3129 vult,
3157 3069 3289 3132 quot
3326 3062 3576 3119 homines

1980 3147 2238 3206 fuerunt?

2662 3242 2890 3300 Salutio.

364 3333 745 3394 Numerabitur
780 3344 962 3394 autem
1011 3338 1093 3393 sic
1136 3355 1151 3391 :
1196 3353 1227 3392 a
1256 3337 1435 3408 primo
1471 3339 1647 3413 gradu
1682 3338 1739 3395 in
1767 3354 1878 3412 quo
1904 3336 1953 3405 Ο
2050 3328 2206 3404 Αριιά
2256 3331 2520 3404 QUOSdam
2576 3334 2842 3390 talentum
2891 3351 3039 3391 LXXII
3070 3333 3165 3409 [1⁷.
3211 3334 3249 3392 ι.
3280 3336 3445 3411 μιν]
3488 3336 3574 3393 νει

292 3442 401 3485 una
429 3429 598 3496 sedet,
635 3428 761 3484 tolle
798 3428 967 3495 illam,
997 3438 1053 3484 et
1071 3428 1238 3501 iunge
1268 3430 1336 3485 ad
1367 3429 1486 3486 illas
1518 3447 1725 3499 xcvuu,
1757 3448 1877 3504 quae

290 3516 455 3593 “7
482 3520 831 3592 nonagesimo
861 3519 1048 3593 [nono]
1082 3522 1251 3592 gradu
1283 3523 1605 3591 consistunt,
1632 3534 1690 3581 et
1716 3535 1880 3582 erunt

292 3626 343 3665 υ.
373 3608 463 3666 Sic
491 3611 787 3667 secundum
827 3609 895 3666 ad
926 3612 1332 3684 nonagesimum
1360 3623 1612 3671 octavum
1642 3626 1693 3672 et
1725 3616 1878 3673 inve-

291 3700 410 3757 nies
431 3701 678 3756 similiter
691 3717 741 3757 c.
769 3700 862 3757 Sic
883 3716 980 3772 per
1002 3702 1244 3774 singulos
1272 3706 1492 3775 gradus,
1508 3721 1673 3761 unum
1700 3708 1768 3763 de
1787 3725 1880 3764 su-

288 3794 598 3864 perioribus
634 3794 914 3863 gradibus,
956 3804 1011 3851 et
1042 3796 1207 3851 alium
1246 3798 1312 3853 de
1348 3796 1733 3869 inferioribus,
1770 3801 1877 3860 hoc

290 3885 482 3941 ordine
514 3882 799 3955 coniunge,
824 3895 882 3941 et
902 3887 1140 3956 reperies
1174 3902 1391 3960 semper
1426 3891 1480 3945 in
1518 3890 1661 3947 binis
1696 3893 1877 3965 gradi-

289 3972 392 4030 bus
420 3990 472 4030 c.
500 3974 990 4045 Quiuquagesimus
1023 3986 1203 4033 autem
1228 3982 1431 4051 gradus
1455 3981 1605 4037 solus
1633 3992 1690 4039 et
1719 3986 1879 4041 abso-

289 4060 437 4122 iutus
460 4073 563 4133 est,
592 4083 698 4124 non
721 4069 924 4126 habens
948 4086 1164 4142 parem;
1194 4074 1444 4131 similiter
1468 4084 1525 4131 et
1547 4078 1878 4139 centesimus

290 4158 441 4215 solus
468 4161 786 4217 remanebit.
835 4160 1007 4235 Iunge
1034 4180 1164 4237 ergo
1201 4181 1392 4224 omnes
1418 4176 1474 4224 et
1509 4170 1754 4228 invenies
1779 4187 1876 4229 co-

292 4250 504 4306 lumbas
530 4248 614 4307 ἣ.

937 4358 940 4361 ‘
983 4344 1162 4404 XLIII.

745 4455 1061 4501 PIQPOSITIO
1109 4458 1175 4499 DE
1214 4459 1347 4500 PORC
1354 4460 1417 4501 I8.

363 4527 536 4586 Homo
563 4530 783 4602 quidam
818 4531 1010 4588 habuit
1038 4548 1133 4588 ccc
1177 4549 1391 4606 porcos,
1416 4545 1472 4592 et
1488 4535 1675 4609 jussit,
1706 4552 1769 4598 ut
1797 4552 1875 4600 tot

293 4624 442 4695 porci
472 4638 697 4679 numero
719 4622 912 4695 impari
940 4624 995 4681 in
1038 4641 1096 4681 ιιι
1120 4626 1234 4684 dics
1263 4630 1440 4685 occidi
1470 4632 1749 4690 deberent.
1790 4636 1875 4691 Si-
1936 4634 1944 4642 ’

1978 3425 2157 3494 pondo
2184 3424 2270 3495 vel
2298 3424 2461 3480 habet
2484 3424 2672 3481 libras.
2704 3425 2868 3483 Libra
2895 3443 3022 3483 vero
3054 3429 3216 3484 habet
3241 3428 3443 3486 solidos
3482 3446 3576 3486 au-

1980 3531 2104 3572 reos
2154 3532 2325 3573 Lxxu.
2382 3516 2647 3589 Sexagies
2687 3520 2976 3590 quinquies
3033 3536 3181 3577 usu
3232 3522 3379 3577 ducti
3440 3524 3576 3582 ﬁunt

1977 3605 2184 3673 'v'cccc,
2211 3608 2300 3678 qui
2324 3624 2581 3664 numerus
2615 3610 2921 3680 duplicatus
2968 3611 3105 3666 ﬁunt
3130 3613 3311 3671 dccics
3338 3612 3572 3687 [Suppl.,

1978 3696 2147 3771 mille]
2182 3714 2331 3754 uccc.
2382 3698 2440 3755 In
2472 3716 2501 3754 ε
2547 3701 2783 3758 millibus
2808 3710 2862 3757 ct
2904 3704 3227 3775 octingentis
3253 3715 3379 3763 sunt
3408 3709 3573 3778 quiu-

1977 3790 2293 3863 quagenarii
2317 3804 2495 3847 ccxvr.
2526 3791 2630 3846 Tot
2648 3794 2901 3849 homines
2927 3794 3132 3851 idcirco
3157 3793 3398 3853 fuerunt.

2674 3884 2879 3940 XLVII.

1978 3989 2293 4031 PROPOSITIO
2328 3989 2396 4030 DE
2433 3988 2686 4032 EPISCOPO
2723 3992 2811 4041 QUI
2848 3991 3022 4033 JUSSI'I'
3063 3991 3140 4034 XII
3177 3990 3345 4035 ΡΜ(Ὲὸ
3376 3995 3570 4037 ωνιοι.

2048 4063 2279 4133 Quidam
2308 4066 2595 4136 episcoims
2614 4067 2780 4139 jussit
2822 4082 2899 4123 xu
2923 4082 3095 4138 panes
3122 4068 3287 4125 dividi
3319 4069 3373 4125 in
3401 4070 3569 4128 clero.

1977 4153 2241 4228 Praecepit
2267 4156 2413 4212 enim
2434 4158 2515 4213 sic
2537 4167 2595 4212 ut
2619 4158 2817 4231 singuli
2844 4158 3149 4230 presbyteri
3175 4159 3334 4217 binos
3358 4163 3547 4235 accipe
3566 4194 3573 4201 ο

1976 4255 2098 4303 rent
2146 4262 2351 4318 panes;
2405 4249 2669 4304 diaconus
2735 4250 3041 4316 dimidium,
3096 4249 3267 4307 lector
3317 4262 3573 4324 quartam

1976 4346 2185 4410 partem
2213 4359 2225 4392 :
2252 4340 2325 4396 ila
2347 4348 2529 4395 tamen
2554 4340 2667 4406 ﬁat,
2701 4349 2758 4395 ut
2779 4342 3106 4398 clericorum
3130 4350 3186 4400 et
3202 4358 3404 4415 panum
3431 4362 3573 4401 unus

1975 4430 2049 4486 sit
2096 4446 2375 4486 numerus.
2426 4431 2601 4498 Dicat,
2630 4433 2724 4504 qui
2753 4432 2887 4499 vult,
2926 4444 3057 4505 quot
3102 4436 3429 4508 presbyteri,
3485 4438 3573 4496 vel

1975 4530 2107 4594 quot
2134 4523 2407 4591 diacones,
2437 4533 2530 4579 aut
2556 4532 2690 4595 quot
2712 4523 2946 4581 lectores
2971 4538 3094 4582 esse
3118 4525 3362 4584 debent?

2654 4611 2885 4669 Salutio.

292 4714 435 4770 milis
481 4722 566 4770 est
600 4720 657 4768 et
704 4714 771 4770 de
815 4729 922 4770 xxx
975 4720 1263 4776 sententia.
1319 4720 1493 4790 Dicat,
1533 4725 1622 4795 qui
1675 4737 1871 4797 potest,
1905 4716 1952 4776 υ
2048 4704 2344 4776 Ουίηιιυίεε
2373 4706 2487 4761 bini
2518 4704 2653 4762 llum
2682 4723 2737 4771 κς
2776 4706 2831 4763 id
2858 4716 2961 4774 est.
2992 4725 3024 4763 ν
3051 4710 3357 4782 presbyteri
3378 4711 3569 4769 decem

293 4814 422 4878 quot
466 4806 613 4877 porci
646 4805 879 4877 impares
928 4808 1044 4861 sive
1076 4807 1143 4864 de
1170 4825 1264 4865 ccc
1298 4812 1412 4869 sive
1454 4814 1520 4870 de
1548 4832 1677 4880 xxx,
1737 4820 1881 4873 inter

292 4906 405 4955 tres
436 4898 553 4953 dies
574 4896 701 4971 [ter]
743 4899 1022 4955 occidendi
1045 4902 1209 4957 sunt?
1242 4901 1366 4959 Ilaec
1412 4906 1553 4962 ratio
1592 4908 1880 4965 indissolu-

294 4986 416 5046 bilis
445 4988 513 5044 ad
539 4986 922 5059 increpantium
949 4993 1246 5061 composita
1282 5004 1382 5048 est.

979 5077 1206 5137 Salano.

362 5166 503 5224 Ecce
550 5166 761 5223 fabula!
806 5186 928 5241 quae
961 5187 993 5225 a
1024 5174 1241 5229 nemine
1295 5175 1428 5231 solvi
1459 5185 1656 5248 potest,
1700 5188 1757 5236 ut
1787 5197 1877 5238 ccc

291 5258 464 5330 porci,
494 5258 610 5313 sive
641 5258 856 5327 triginta
889 5260 943 5315 in
970 5262 1141 5318 tribus
1184 5264 1378 5322 diebus
1423 5268 1616 5339 impari
1652 5286 1880 5330 numero

292 5347 629 5403 occidantur.
659 5346 781 5405 Hice
809 5349 989 5405 fabula
1039 5362 1122 5407 est
1150 5362 1359 5410 tantum
1390 5358 1455 5414 ad
1478 5375 1675 5429 pueros
1704 5362 1878 5419 incre-

295 5438 524 5511 pandos.

994 5533 1192 5593 XLIIII.

382 5614 694 5657 PBOPOSITIO
731 5618 795 5657 DE
842 5618 1214 5663 διιιυτλτιοτιε
1254 5625 1408 5666 Ρυειιι
1453 5629 1518 5668 AD
1558 5630 1792 5670 PATREM.

366 5693 595 5765 Quidam
620 5712 754 5769 puer
772 5699 1025 5756 salutavit
1046 5712 1289 5773 patrem;
1315 5705 1445 5773 Avo,
1470 5707 1660 5779 inquit,
1690 5709 1872 5780 pater!

295 5787 392 5847 Cui
421 5798 609 5863 pater:
637 5790 849 5859 Valeas,
877 5792 981 5849 ﬁli!
1017 5795 1182 5862 vivas,
1217 5808 1478 5867 quantum
1509 5802 1713 5868 vixisti,
1742 5817 1877 5874 quos

1979 4811 2146 4866 panes
2174 4805 2499 4867 receperunt
2549 4814 2563 4852 :
2605 4805 2660 4852 et
2686 4798 2945 4855 diaconus
2988 4816 3129 4859 unus
3167 4801 3448 4858 dimidium
3476 4818 3573 4874 pa-

1982 4905 2106 4944 nem
2130 4907 2142 4943 :
2172 4901 2229 4944 et
2256 4890 2397 4944 inter
2438 4889 2666 4946 lectores
2696 4906 2747 4944 vi
2772 4891 3077 4948 habuerunt
3105 4909 3300 4966 panem
3329 4903 3387 4950 et
3412 4894 3572 4951 dimi-

1980 4982 2149 5037 dium.
2178 4982 2349 5054 Junge
2376 4998 2410 5035 ν
2444 4994 2499 5037 et
2526 5000 2540 5037 ι
2570 4992 2625 5039 et
2663 5000 2716 5041 Vl
2742 4985 2793 5039 iu
2829 4985 3008 5049 simul,
3039 4997 3094 5043 et
3137 4986 3272 5044 ﬁunt
3300 5003 3397 5045 xu.
3430 4990 3570 5049 Rur-

1985 5090 2183 5143 susque
2203 5073 2368 5145 iunge
2394 5091 2424 5129 κ
2456 5084 2512 5131 et
2545 5078 2711 5134 semis
2737 5086 2791 5132 et
2818 5094 2983 5133 ιιιιιιιη
3010 5089 3065 5134 et
3086 5082 3272 5145 semis,
3303 5082 3437 5138 ﬁunt
3466 5100 3566 5142 xu.

1984 5164 2049 5219 Et
2072 5165 2146 5219 illi
2169 5174 2297 5219 sunt
2327 5182 2403 5221 xu
2430 5182 2630 5237 panes;
2662 5169 2754 5238 qui
2780 5170 2940 5225 simul
2955 5171 3129 5241 iuncti
3153 5171 3360 5229 faciunt
3387 5175 3564 5231 homi-

1984 5273 2082 5312 nes
2108 5273 2183 5311 xu
2210 5266 2266 5312 et
2286 5272 2455 5330 panes
2483 5275 2579 5314 xu.
2615 5260 2764 5316 Unus
2793 5270 2877 5317 est
2905 5277 3034 5335 ergo
3060 5279 3320 5322 numerus
3341 5266 3569 5324 clerico-

1986 5364 2103 5403 rum
2126 5356 2181 5403 et
2211 5362 2431 5417 panum.
3276 5382 3279 5383 ν

2653 5440 2880 5501 XLVIII.

2038 5550 2351 5592 PBOPOSI'I‘IO
2388 5551 2453 5590 DE
2491 5553 2690 5593 IIOMINE
2728 5553 2817 5602 QUI
2854 5553 3107 5598 OBVIAVI'I'
3140 5554 3514 5600 θοιιοι.Ακιιυε.

2054 5625 2282 5692 Quidam
2326 5626 2489 5681 homo
2526 5627 2762 5684 olniavit
2789 5629 3145 5699 scholaribus,
3176 5639 3233 5687 ct
3257 5632 3394 5688 dixit
3438 5634 3517 5690 eis
3540 5653 3559 5690 :

1982 5714 2179 5784 Quanti
2226 5718 2357 5773 estis
2415 5720 2469 5776 in
2498 5721 2720 5777 schola?
2753 5721 2902 5779 Unus
2928 5737 2995 5778 cx
3042 5722 3124 5779 eis
3175 5723 3452 5795 respondit
3476 5725 3559 5779 di-

1982 5820 2112 5861 cens
2139 5822 2152 5861 :
2180 5804 2315 5863 Nolo
2344 5810 2447 5864 hoc
2478 5810 2574 5868 tibi
2596 5812 2795 5881 dicere,
2828 5822 2885 5870 tu
2913 5827 3134 5871 numera
3179 5828 3278 5898 nos
3299 5813 3400 5881 bis,
3424 5811 3555 5870 mul-

368 5920 397 5950 ι
434 5907 492 5964 Id
513 5914 614 5976 est,
662 5903 807 5963 Sude
855 5922 948 5965 seu
975 5924 1264 5983 porcorum
1313 5913 1543 5970 stabulo.
1581 5914 1760 5974 Gloss.
1803 5916 1873 5975 du
1904 5916 2106 5991 Gange,
2136 5931 2268 5976 voce
2300 5916 2485 5977 Sudis.
