4092 6486
521 396 655 449 11(ὶῖ

519 510 621 564 llic
649 502 838 561 humili
870 498 1087 555 Patrem
1118 490 1431 550 Ricuulfnnt
1460 501 1484 529 α
1519 501 1651 540 voce
1682 484 1857 538 saluta
1887 498 1900 542 ι

517 600 617 654 Dic
642 613 658 650 :
685 593 801 649 Tua
832 592 951 646 laus
977 601 1193 643 mecum
1223 595 1465 652 semper,
1496 578 1712 638 dilecte,
1746 570 2006 627 manebit.

520 688 660 744 llinc
689 682 915 741 castella
944 680 973 723 ι)
1005 687 1160 750 petes
1188 671 1431 730 currenti
1457 676 1593 724 nave
1625 674 1728 737 per
1755 663 1931 718 undas
1962 700 1977 725 ,

521 781 707 835 Donec
737 777 805 832 ad
837 780 1038 845 optatae
1067 768 1349 840 pertingas
1378 762 1565 817 llustra
1600 756 1854 813 Mosellae

522 868 777 941 Remigio
805 872 1096 937 postquam
1123 859 1359 930 spatium
1383 850 1686 910 suleaveris
1719 860 1937 901 amnem
1965 882 1980 908 ,

526 963 632 1021 llic
660 970 791 1017 tunc
816 958 953 1014 siste
980 962 1181 1017 ratem,
1221 947 1418 1020 puppis
1449 943 1695 1016 potiatur
1719 951 1908 1001 arena,

524 1054 593 1111 Et
617 1060 743 1127 pete
762 1045 1064 1107 Wilbrordi
1095 1055 1121 1084 θ
1144 1040 1327 1127 Patris
1354 1038 1474 1127 loca
1509 1038 1696 1088 sancta
1730 1027 1984 1127 pedester
2012 1041 2025 1086 ;

524 1116 705 1218 Atque
732 1140 1039 1199 sacerdotis
1075 1126 1392 1192 Samuhelis
1416 1116 1445 1168 ά
1470 1132 1618 1181 tecta
1647 1121 1867 1192 require
1896 1159 1910 1183 ,

523 1216 811 1295 Castalido
838 1239 1030 1304 portas
1053 1227 1265 1300 plectro
1290 1221 1510 1294 pulsare
1531 1216 1807 1304 memento

524 1303 856 1387 Constanter
879 1333 1050 1393 puero
1071 1317 1258 1389 pitbca
1280 1312 1369 1368 die
1391 1319 1527 1364 voce
1556 1303 1810 1359 ministro
1843 1316 1855 1328 -

526 1415 754 1481 Publius
776 1410 1008 1467 Albinus
1029 1420 1119 1462 me
1144 1402 1298 1459 misit
1318 1401 1389 1456 ab
1413 1399 1546 1453 orbe
1568 1393 1833 1448 Britanno
1852 1429 1866 1454 ,

526 1502 797 1567 Prtedulci
825 1501 1039 1560 dulcem
1065 1496 1218 1555 Patri
1244 1492 1491 1567 perferre
1522 1485 1774 1544 salutem.

528 1600 590 1657 Si
620 1596 720 1655 tibi
745 1591 1036 1668 praesentis
1064 1586 1232 1644 fuerit
1263 1584 1389 1639 data
1419 1578 1576 1650 copia
1604 1574 1756 1630 verbi

526 1687 675 1747 Fusa
712 1687 831 1744 solo
858 1681 1084 1757 supplex
1104 1678 1324 1751 plantas
1348 1680 1405 1728 tu
1428 1670 1609 1726 lambe
1636 1670 1883 1722 sacratas
1903 1704 1918 1725 ,

528 1750 981 1854 chQueNaleto
1001 1750 1206 1845 parens
1232 1763 1526 1831 Samuhel;
1555 1757 1824 1854 diczvive
1852 1750 2128 1808 sacerdos.

531 1850 736 1945 Detege
756 1869 871 1943 jam
903 1863 1194 1941 gremium,
1224 1866 1413 1932 patres
1439 1862 1497 1910 et
1515 1850 1700 1925 profer
1726 1850 1988 1945 honestos

530 1939 1132 2027 PriscianumpFocam
1157 1964 1205 2021 ο,
1239 1950 1443 2021 talique
1466 1958 1693 2002 munere
1721 1939 1918 2012 gaudet
1943 1977 1956 2001 ,

531 2059 591 2114 Si
616 2072 725 2113 non
748 2054 1032 2125 Neptunus
1057 2045 1255 2119 pelago
1282 2037 1608 2098 demerserit
1633 2034 1777 2091 illos.

531 2148 592 2205 Si
631 2157 687 2203 te
724 2121 869 2201 forte
890 2140 1024 2196 velit
1048 2137 1198 2209 regis
1219 2135 1491 2193 deducere
1512 2129 1583 2183 ad
1611 2125 1793 2180 aulam
1832 2121 1879 2186 ί,

532 2237 634 2293 llic
660 2239 1163 2309 proceres,patres,
1179 2225 1379 2282 fratres
1403 2230 1685 2291 percurre,
1717 2215 1913 2270 saluta.

532 2330 677 2384 Ante
697 2325 863 2397 pedes
889 2321 1036 2393 regis
1058 2326 1205 2374 totas
1229 2312 1480 2385 expande
1509 2321 1790 2365 cammnas

532 2417 711 2474 Dicito
734 2412 1016 2470 multoties
1040 2429 1055 2464 :
1078 2407 1265 2471 Salve,
1294 2418 1390 2459 rex
1421 2403 1647 2471 optime,
1672 2397 1821 2452 salve
1856 2414 1866 2448 :

533 2511 615 2566 Tu
638 2508 774 2565 mihi
797 2511 1100 2579 protector,
1128 2508 1294 2565 tutor,
1324 2495 1579 2551 defensor
1601 2492 1810 2555 adesto,

533 2603 716 2659 Invida
740 2614 811 2656 ne
839 2596 1022 2654 valeat
1050 2610 1138 2650 me
1164 2604 1393 2662 carpere
1418 2587 1604 2657 lingua
1626 2581 1876 2639 nocendo
1906 2621 1922 2647 ,

535 2693 768 2757 Paulini,
794 2689 965 2754 Petri,
990 2684 1218 2751 Albrici,
1256 2679 1590 2741 Samuhelis,
1614 2677 1757 2731 lenae
1788 2678 1837 2739 ε,

538 2784 633 2842 Vel
659 2784 973 2856 quicunque
997 2777 1134 2833 Velit
1154 2790 1277 2832 mea
1297 2773 1491 2829 rodere
1518 2772 1729 2825 viscera
1760 2782 1943 2822 morsu
1975 2806 1992 2832 ,

534 2878 614 2934 'l‘e
633 2882 877 2933 terrente
904 2868 1095 2943 procul
1121 2867 1310 2940 fugiat,
1334 2863 1582 2920 discedat
1612 2862 1809 2916 inanis.

536 2970 807 3027 Murmete
839 2966 928 3023 die
956 2963 1126 3020 tacito
1157 2979 1171 3016 :
1205 2958 1494 3029 Cathegita
1522 2956 1681 3010 Petro
1720 2954 1897 3010 valeto
1917 2994 1931 3018 ,

518 3059 807 3119 ~llerculeo
842 3070 1021 3114 sazvus
1045 3055 1203 3111 clavo
1233 3052 1361 3107 ferit
1384 3050 1496 3115 ille,
1519 3058 1732 3103 caveto.

533 3152 750 3209 Paulini
775 3148 1022 3223 gaudens
1042 3144 1409 3215 complectere
1437 3143 1576 3197 dona
1603 3138 1849 3210 magistri
1876 3177 1890 3201 ,

534 3244 732 3307 Oscula
757 3239 1054 3313 melligeris
1076 3238 1259 3294 decies
1291 3237 1357 3290 da
1383 3234 1581 3289 blanda
1610 3232 1844 3287 labellis.

538 3336 872 3399 Ricuulfum,
897 3332 1129 3405 Raafgot,
1165 3330 1447 3388 Rationem
1472 3328 1576 3383 rite
1603 3325 1778 3381 saluta
1804 3366 1819 3390 ,

540 3428 827 3487 Auriculas
853 3426 1051 3481 horum
1078 3421 1411 3493 pedetentim
1436 3428 1596 3489 tange
1618 3417 1886 3473 canendo.

538 3523 636 3578 Dic
662 3539 676 3576 :
708 3518 878 3584 Socii,
908 3515 1109 3571 fratres
1143 3513 1249 3568 laeti
1285 3512 1515 3577 salvete,
1544 3509 1741 3563 valete.

541 3612 826 3686 Egregiam
852 3608 1040 3664 forsan
1067 3606 1259 3662 venies
1298 3602 1568 3675 Magensis
1594 3600 1660 3656 ad
1690 3601 1880 3656 urbem

540 3706 976 3776 Perpetuumque
999 3700 1122 3756 vale
1145 3698 1355 3754 doctori
1384 3695 1549 3751 dicito
1575 3691 1729 3749 Lullo
1749 3695 1777 3734 ιι
1810 3713 1824 3747 :

541 3796 803 3853 Ecclesia:
830 3793 1130 3867 specimen,
1157 3790 1364 3862 sophia:
1400 3789 1658 3860 Splendor
1687 3787 1920 3843 habetur
1948 3826 1964 3852 ,

542 3888 785 3946 Moribus
812 3897 869 3945 et
892 3886 1007 3943 vita
1030 3893 1185 3941 tanto
1207 3883 1510 3954 condignus
1539 3884 1765 3936 honore.

541 3980 587 4040 Ο
622 3980 850 4037 Bassine
885 3979 931 4045 ι,
958 3978 1118 4033 bonae
1145 3974 1426 4046 Spirensis
1454 3971 1625 4044 gloria
1656 3970 1855 4041 plebis,

611 4106 641 4136 ι
670 4090 996 4161 Ricuulfum.
1040 4087 1093 4144 Is
1140 4086 1507 4161 fortassepqui
1560 4094 1746 4161 postea
1782 4126 1798 4151 ,
1852 4100 2000 4140 anno
2039 4084 2144 4141 786

540 4163 697 4223 Lullo
720 4164 775 4219 in
803 4157 1119 4229 episcopatu
1146 4158 1464 4227 Moguntino
1495 4157 1780 4229 successit.

614 4236 644 4277 δ
672 4224 922 4291 Castella.
956 4224 1031 4285 De
1060 4224 1296 4287 Castello
1322 4230 1428 4283 sito
1457 4244 1623 4296 super
1645 4225 2007 4281 confluentem
2032 4224 2147 4281 Mo-

542 4306 691 4365 sella:
734 4314 793 4359 et
836 4302 1013 4357 Rheni
1055 4300 1260 4355 mentio
1290 4299 1407 4354 ﬁta
1441 4298 1834 4352 Wandelberto
1872 4298 2145 4353 monacho

542 4374 849 4434 Prumiensi
887 4373 956 4428 de
1005 4370 1281 4426 Miraculis
1308 4368 1368 4425 S.
1402 4368 1599 4423 Goaris
1627 4368 1773 4423 conf.

617 4458 642 4487 α
674 4443 966 4499 Wilbrordi
994 4441 1110 4496 loca
1136 4450 1338 4495 sancta.
1391 4440 1495 4495 Ubi
1541 4439 1800 4493 nimirum
1835 4454 2035 4507 corpus
2081 4439 2148 4492 il-

542 4517 651 4574 lius
671 4513 996 4585 requiescit,
1035 4513 1089 4585 in
1121 4511 1455 4585 monasterio
1498 4524 1698 4585 nempe
1727 4509 2142 4585 Epternacensi.

544 4580 771 4649 Mabill.,
802 4586 896 4639 lib.
927 4599 1020 4638 xu
1059 4581 1279 4647 Annal.,
1308 4596 1460 4636 num.
1491 4580 1580 4651 (35,
1610 4596 1733 4651 pag.
1766 4580 1888 4633 “5.

611 4658 641 4699 δ
667 4655 967 4714 Sacerdotis
995 4652 1314 4709 Samuhelis.
1346 4650 1706 4716 Mabillonius,
1732 4651 1823 4705 lib.
1857 4667 2004 4706 xxvii
2032 4650 2142 4705 An-

543 4726 1007 4798 nal.,pag.§60,
1057 4741 1209 4798 num.
1260 4723 1342 4788 I5,
1390 4724 1535 4798 inter
1589 4721 1885 4798 discipulos
1923 4722 2140 4798 Alcuiui

546 4802 602 4856 in
627 4792 811 4855 schola
838 4796 1142 4851 Turonensi
1170 4802 1422 4863 numerat
1452 4792 1761 4847 Samuelem
1803 4801 1993 4862 postea
2022 4794 2141 4863 epi-

544 4883 768 4943 scopum
783 4866 1258 4923 Wormatiensem.
1288 4862 1395 4919 Sed
1425 4866 1568 4918 hunc
1593 4863 1721 4943 illo,“
1735 4879 1843 4932 quo
1874 4862 2141 4943 scriptum

543 4934 666 4999 esse
696 4940 802 4995 hoc
828 4951 1051 4993 carmen
1090 4950 1397 4999 censemus,
1449 4950 1595 4987 anno
1622 4934 1726 4989 780
1749 4974 1764 4997 ,
1822 4950 1930 4987 non
1964 4936 2140 4989 hono-

546 5019 725 5069 rasset
756 5010 936 5064 Patris
971 5007 1189 5063 nomine
1226 5026 1237 5059 :
1269 5016 1323 5060 et
1364 5007 1539 5059 serius
1589 5004 1851 5058 Alcninns
1898 5005 2140 5059 scholam

545 5079 782 5138 Turonis
829 5078 1061 5148 aperuit.
1106 5076 1410 5133 Censemns
1463 5091 1594 5145 ergo
1644 5076 1789 5148 hunc
1819 5073 2140 5148 Summ-lem

546 5152 717 5208 fuisse
758 5148 841 5205 vel
864 5144 1125 5204 abbatem
1164 5144 1645 5218 Epternaeensem,
1674 5146 1755 5199 vel
1784 5146 2010 5218 alterius
2037 5144 2141 5199 loci

548 5217 592 5277 Ε
630 5230 855 5276 ternaeo
882 5218 1043 5272 vicini
1086 5216 1406 5279 antistitem,
1447 5224 1540 5270 ant
1569 5217 1746 5270 virum
1789 5216 2024 5286 aliquem
2054 5234 2143 5269 ουρ

548 5238 754 5347 ιοῗηθεηι
774 5289 985 5347 sibique
1011 5288 1338 5343 familiarem
1361 5328 1377 5347 ,
1406 5287 1506 5342 sub
1536 5286 1756 5341 nomine
1777 5288 2016 5341 ascititio
2044 5286 2143 5341 Sa-

547 5286 754 5348 lebrem
774 5289 985 5358 sibique
1011 5288 1338 5343 familiarem
1361 5328 1377 5354 ,
1406 5287 1506 5342 sub
1536 5286 1756 5341 nomine
1777 5288 2016 5341 ascititio
2044 5286 2143 5341 Sa-

548 5361 782 5418 muhelis
810 5359 1085 5413 latentem.

623 5445 649 5474 ο
669 5431 927 5501 Phocam
947 5428 1387 5501 grammaticum.

626 5503 646 5543 ῐ
676 5500 835 5572 Regis
862 5500 930 5553 ad
954 5498 1161 5572 bulam.
1206 5499 1480 5572 Fortassis
1519 5498 1879 5572 Aquisgrani,
1917 5498 2003 5553 vel
2051 5499 2140 5572 ln—

547 5568 945 5645 gelheimiiaut
989 5570 1307 5645 Wormatige
1347 5568 1798 5645 commorantém.
1835 5568 1949 5625 Hoc
1996 5571 2140 5625 enim

550 5638 698 5698 anno
730 5655 828 5697 rex
853 5640 1083 5696 Carolus
1111 5641 1179 5694 ad
1211 5641 1462 5695 Rhenum
1491 5638 1613 5693 fuit.

624 5714 651 5755 ϐ
689 5708 933 5775 Paulini,
952 5708 1123 5776 Petri,
1139 5719 1244 5766 etc.
1264 5708 1374 5764 llos
1401 5724 1594 5764 omnes
1616 5718 1747 5767 tunc
1761 5709 1943 5765 aulam
1958 5710 2140 5766 Caroli

554 5782 729 5863 Magni
760 5790 973 5863 secutos
993 5795 1115 5837 esse
1144 5780 1272 5863 hinc
1291 5779 1481 5863 .colligi
1510 5788 1708 5863 potest.
1729 5851 1762 5863 Α,

625 5848 667 5894 ιῖ
684 5851 856 5909 Lutto.
888 5850 1041 5911 Tunc
1067 5848 1476 5924 archiepiscopo
1528 5848 1813 5921 Moguntina
1843 5892 1857 5915 ,
1888 5866 1983 5907 seu
2002 5894 2015 5920 ,
2049 5869 2141 5924 ap-

1336 377 1395 431 Β.
1436 375 1496 429 ῐ·“.
1538 369 1767 427 ALBlNl
1807 365 1941 423 SEU
1984 361 2263 418 ALCUINI
2314 354 2599 413 OPERUol
2643 353 2823 411 PARS
2863 352 2992 406 Vill.

2143 483 2195 542 Α
2223 474 2324 537 Me,
2356 488 2512 544 rogo,
2544 470 2867 525 commenda
2898 464 3090 530 Paulo,
3119 464 3282 518 Pater
3317 460 3481 523 alme,
3514 465 3773 529 patrono,

3686 343 3837 400 “65

2225 564 2391 635 Cujus
2417 572 2474 620 et
2497 562 2641 617 aluta
2665 562 2859 617 domus
2878 559 3079 613 fratres
3101 571 3201 611 nos
3228 554 3433 610 fecerat
3456 551 3666 606 ambos.

2225 657 2385 725 Quis,
2410 655 2681 711 Fulcrade
2709 652 2722 704 i
2765 653 2911 724 pius,
2933 650 3109 722 lyrico
3133 658 3185 705 te
3212 658 3433 716 tangere
3454 644 3665 717 plectro

2227 751 2499 807 Audebit?
2522 748 2738 806 meritis
2759 762 3041 803 musarum
3077 744 3320 799 carmina
3346 740 3540 796 vincis.

2228 843 2396 917 ‘50
2425 842 2578 898 Nunc
2609 850 2789 896 tamen
2816 840 2956 894 hanc
2985 837 3249 892 hederam
3285 834 3514 898 circum,
3548 832 3667 888 sine
3699 840 3850 887 tem-

3153 944 3289 1001 pora
3313 942 3471 984 serva
3502 924 3619 999 [F.,
3653 925 3846 997 sacra]

2232 1027 2466 1100 Serpere
2496 1071 2509 1096 ,
2558 1042 2768 1083 summe
2822 1025 3009 1088 Pater.
3051 1023 3266 1079 tibimet
3301 1021 3566 1076 bonitatis
3597 1028 3771 1075 sueta:

3363 1112 3631 1185 [bonitate
3654 1107 3847 1183 sueta]

2234 1212 2332 1268 Vel
2360 1212 2587 1269 demitte
2614 1209 2783 1266 semel
2810 1215 3011 1263 memet
3041 1204 3141 1262 tibi
3166 1204 3352 1261 dicere
3380 1202 3548 1259 salve.

2234 1303 2356 1372 Eja,
2388 1318 2510 1376 age,
2542 1309 2693 1357 easta
2730 1291 2971 1375 [charta]
3011 1298 3121 1355 cito
3174 1307 3368 1353 navem
3410 1296 3722 1352 conscende
3750 1310 3853 1365 pa-

3588 1386 3796 1466 [ratam
3832 1407 3849 1453 ;

2235 1491 2514 1549 Oceanum
2540 1490 2793 1547 Rhenum
2817 1491 2921 1546 sub
2947 1498 3001 1545 te
3030 1488 3186 1545 natet
3210 1494 3351 1544 unca
3374 1481 3581 1543 carina.

2236 1578 2498 1640 Materies
2535 1583 2652 1639 auri
2693 1591 2801 1638 neu
2836 1590 2912 1649 te,
2943 1598 3096 1653 rogo,
3125 1581 3270 1637 fulva
3298 1576 3539 1636 retardet
3562 1622 3576 1645 ,

2237 1677 2439 1734 Accola
2467 1692 2632 1750 quam
2664 1672 2843 1732 fessus
2875 1673 3085 1746 profert
3110 1671 3177 1729 de
3202 1673 3414 1729 viscere
3442 1676 3601 1728 terra).
3632 1693 3644 1726 :

2239 1762 2357 1827 Non
2386 1769 2635 1837 castella,
2663 1769 2877 1834 domus,
2910 1769 3096 1834 urbes,
3126 1783 3232 1824 nec
3260 1761 3451 1824 ﬂorida
3482 1782 3609 1821 rura

2168 1863 2208 1921 Β
2240 1864 2529 1919 Detineant
2553 1860 2826 1933 stupidam
2857 1858 3035 1931 spatio
3062 1875 3164 1916 nec
3192 1860 3355 1915 unius
3380 1858 3564 1923 horae;

2240 1956 2351 2013 Sed
2377 1956 2522 2029 fuge,
2554 1972 2749 2028 rumpe
2778 1971 2981 2019 moras,
3010 1969 3271 2027 propera,
3305 1969 3566 2026 percurre
3583 1953 3846 2017 volando,

2233 2047 2566 2114 incolumes,
2593 2062 2779 2114 sanos,
2809 2045 3111 2120 gaudentes
3137 2048 3303 2117 atque
3331 2047 3579 2118 vigentes

2238 2141 2488 2198 invenies
2519 2140 2731 2197 utinam
2760 2149 2982 2199 nostros
3003 2149 3290 2213 gratanter
3323 2141 3551 2199 amicos.

2240 2234 2341 2290 Det
2361 2227 2507 2290 Deus
2529 2234 2877 2305 omnipotens
2900 2234 3006 2289 illis
3034 2248 3137 2304 per
3170 2233 3337 2290 szecla
3368 2233 3625 2300 salutem,

2240 2322 2437 2382 Postea
2466 2324 2751 2381 caelestem
2782 2322 2936 2381 lartos
2962 2324 3197 2381 deducat
3225 2326 3281 2381 in
3305 2325 3508 2381 aulam.

2240 2414 2509 2473 Omnibus
2542 2412 2631 2471 liis
2660 2415 2800 2471 actis
2826 2415 3065 2486 patriam
3094 2424 3149 2471 tu
3177 2425 3331 2472 certa
3360 2426 3591 2481 reverte,

2241 2507 2310 2563 Et
2337 2515 2473 2577 quot
2503 2507 2739 2579 quisque
2764 2508 2863 2563 tibi
2890 2507 3055 2571 dicat,
3087 2504 3316 2566 narrare
3342 2521 3621 2567 memento
3646 2529 3661 2577 ;

2239 2596 2309 2653 Et
2344 2612 2468 2653 cum
2497 2612 2626 2655 vere
2658 2594 2949 2653 rubrae.....
2981 2598 3047 2654 de
3068 2600 3275 2656 cortice
3295 2617 3526 2673 gemma:

2242 2690 2564 2762 Erumpunt,
2600 2689 2806 2746 nostris
2826 2690 3050 2746 videant
3077 2700 3130 2747 te
3158 2688 3347 2750 ludere
3371 2694 3529 2749 tectis
3557 2735 3573 2759 ,

2240 2784 2419 2854 Atque
2450 2798 2620 2838 novas
2646 2783 2845 2838 iterum
2871 2783 3026 2840 nobis
3052 2783 3269 2841 adferre
3293 2802 3593 2843 cammnas.

2243 2876 2382 2933 Tum
2425 2872 2521 2931 tibi
2550 2882 2693 2931 serta
2722 2866 2879 2931 novis
2907 2874 2975 2932 de
2998 2876 3223 2933 ﬂoribus
3252 2894 3419 2935 aurea
3448 2879 3652 2952 ﬁngant

2243 2967 2313 3023 Et
2340 2967 2548 3024 sociata
2576 2961 2709 3022 mihi
2738 2967 2915 3039 pratis
2942 2970 3201 3040 pansabis
3230 2971 3481 3027 amomis.

3003 3080 3092 3136 111.

2537 3190 2771 3248 POEMA
2812 3192 2902 3249 DE
2939 3190 3218 3250 CAROLO
3253 3191 3499 3250 MAGNO
3524 3235 3542 3260 ,

2456 3302 2529 3341 ΕΤ
2571 3299 2762 3341 ιεοκῑε
2798 3300 2947 3340 ΡΑΡΒ
2988 3301 3056 3339 ΑΙ)
3094 3301 3313 3341 ΕΒΙΒΕΙ
3350 3302 3620 3342 Αυνῑκτῦ.

2317 3398 2546 3453 Carmen
2597 3398 2697 3451 hoc.
2732 3395 2921 3452 uidetis
2971 3398 3108 3451 inter
3154 3396 3478 3468 Appendicu
3534 3400 3604 3452 ad
3660 3398 3851 3455 Caroli

2246 3490 2432 3563 Magni
2482 3487 2657 3558 Opera
2688 3530 2702 3554 ,
2747 3487 2969 3559 hujusce
3013 3487 3338 3560 Patrologiae
3360 3499 3505 3545 lomo
3540 3488 3792 3547 XCV!!!
3832 3536 3849 3558 ,

2243 3581 2346 3637 col.
2379 3581 2537 3637 “'55.

2999 3651 3091 3707 Ν.

2274 3768 2443 3843 456
2480 3766 2759 3825 VERSUS
2800 3767 2889 3823 DE
2928 3765 3156 3823 CELLA
3194 3765 3711 3825 CORMARICENSI
3757 3771 3807 3823 ι.

2245 3880 2291 3937 Ο
2312 3894 2433 3937 mea
2460 3880 2617 3947 cella,
2648 3880 2783 3935 mihi
2811 3879 3078 3935 habitatio
3105 3877 3281 3935 dulcis
3310 3888 3489 3935 amata
3514 3920 3529 3943 ,

2320 3973 2549 4045 Semper
2572 3976 2628 4029 in
2654 3981 2941 4040 :eternum,
2968 3989 3003 4027 o
3036 3988 3159 4041 mea
3188 3972 3325 4028 cella
3358 3970 3517 4029 vale!

2244 4086 2537 4159 pellatiope
2562 4093 2678 4159 vett
2693 4123 2703 4139 .
2719 4084 2936 4159 i,__urbls
2966 4084 3257 4159 Magcnsis.

2325 4160 2341 4201 ί
2376 4156 2422 4228 0
2454 4156 2697 4211 Bassine.
2752 4156 2985 4228 llicnest
3031 4155 3267 4228 Basinus
3316 4155 3606 4228 episcopus
3631 4156 3849 4216 Nemeti

2246 4245 2344 4303 seu
2389 4227 2723 4303 Spira:__eum
2772 4226 2926 4303 Lullo
2972 4226 3382 4303 arc_hjepisco_po
3418 4237 3477 4303 _et
3505 4226 3851 4303 Megingodo

2247 4297 2506 4370 episcopo
2532 4297 2845 4372 \Yirzburgi
2877 4297 3174 4372 anno_768j
3200 4314 3231 4353 a
3276 4297 3473 4372 Carolo
3501 4297 3733 4372 tuissusf
3748 4318 3851 4372 pro

2247 4366 2622 4428 consecranda
2649 4366 2879 4423 ecclesia
2913 4367 2970 4423 S.
3006 4366 3201 4424 Cearis
3252 4369 3322 4424 ab
3368 4369 3608 4426 Assuero
3649 4366 3853 4429 abbate

2248 4449 2584 4564 constrgqta.
2640 4439 2866 4506 Mabill.,
2912 4439 3004 4495 lib.
3052 4456 3185 4495 xxtv
3232 4440 3431 4496 Annal.
3460 4482 3476 4507 ,
3530 4454 3656 4514 pag.
3695 4443 3850 4511 2l6,

2248 4527 2401 4564 num.
2517 4552 2529 4563 .

2248 4527 2401 4568 num.
2440 4527 2529 4564 ‘Zl.

2175 4592 2223 4651 ι)
2324 4582 2337 4633 i
2375 4580 2661 4654 Fidei-ade.
2694 4580 2857 4637 Forte
2884 4579 3153 4638 Fulradns
3179 4581 3351 4636 abbas
3374 4580 3431 4654 S.
3465 4581 3726 4654 Dionysii,
3748 4588 3852 4654 qui

2246 4668 2389 4725 anno
2417 4652 2519 4725 7st
2544 4652 2697 4725 obiit,
2728 4660 2784 4708 et
2827 4654 2899 4725 ab
2933 4654 3165 4709 Alcuino
3206 4652 3541 4725 epitaphium
3568 4642 3850 4725 obtinuit.

2246 4724 2389 4795 quod
2420 4724 2551 4796 vide
2570 4723 2715 4796 inter
2735 4724 2977 4796 carmina
3001 4725 3255 4796 genuina,
3274 4723 3457 4795 supra,
3477 4740 3532 4780 ιι.
3556 4723 3683 4779 266.
3713 4727 3853 4784 Vide

2243 4792 2425 4865 etiam
2451 4792 2674 4857 Mabill.,
2705 4803 2836 4850 tom.
2870 4795 2911 4848 ll
2937 4792 3132 4849 Annal.
3156 4792 3379 4865 passim.

2317 4865 2344 4905 Ιι
2386 4864 2497 4919 Hoc
2525 4880 2746 4935 carmen
2791 4867 2932 4935 apud
2983 4864 3381 4934 Quercetanum
3414 4880 3727 4921 connexum
3760 4880 3849 4923 est

2242 4935 2406 5007 alteri
2435 4952 2490 4989 n.
2518 4934 2627 4988 2‘22
2649 4934 2962 5007 (nunc’229)
2986 4954 3014 4990 a
3036 4953 3146 5007 quo
3169 4953 3197 4991 a
3228 4937 3387 5007 nobis
3416 4945 3729 5007 separatum
3758 4950 3851 4995 est

2244 5006 2315 5061 ob
2363 5006 2666 5077 argumenti
2728 5006 3119 5063 diversitatem.
3172 5006 3518 5073 Mabillonio,
3562 5007 3683 5064 Act.
3734 5008 3842 5065 SS.

2244 5084 2685 5159 sieo..1v,‘p_art.
2727 5093 2743 5131 ι
2773 5118 2786 5141 ,
2828 5093 2953 5149 pag.
2988 5079 3090 5159 126
3115 5121 3129 5139 ,
3171 5078 3394 5159 videtur;
3415 5077 3681 5159 illud_non
3714 5090 3846 5159 esse

2243 5147 2455 5202 Alcuini
2481 5148 2551 5201 ob
2573 5148 2674 5203 hos
2700 5147 2920 5213 versus,
2942 5151 3140 5218 quibus
3172 5150 3224 5202 in
3268 5162 3335 5203 eo
3379 5149 3499 5205 loco
3557 5147 3667 5204 Vox
3692 5149 3844 5205 alma

2244 5219 2485 5288 magistri
2518 5219 2784 5290 quondam
2810 5223 3044 5275 sonuisse
3076 5228 3132 5273 et
3164 5236 3252 5273 ore
3286 5230 3437 5274 sacro
3469 5221 3709 5290 sopbiam
3759 5222 3845 5274 di-

2245 5298 2421 5343 ctasse
2469 5288 2803 5357 perhibetur.
2855 5290 2987 5344 illud
3043 5299 3225 5345 tamen
3270 5291 3336 5344 de
3374 5288 3845 5347 cella‘Cormari-

2244 5360 2393 5431 censi
2446 5357 2869 5431 intelligendum
2914 5371 3035 5431 esse
3090 5361 3233 5415 idem
3300 5370 3508 5431 censet,
3567 5361 3711 5416 sicut
3784 5374 3845 5417 ct

2244 5429 2882 5504 alterutn‘poe‘maHlQG
2933 5430 3093 5504 (alias
3126 5430 3284 5504 198);
3320 5429 3485 5504 Addit
3535 5438 3719 5485 tamen
3751 5434 3845 5504 vir

2246 5499 2680 5574 celeberrimus,
2729 5499 2951 5574 ibidem
2982 5518 3109 5574 pag.
3176 5500 3305 5574 17:7,
3334 5502 3478 5557 idem
3508 5516 3733 5574 carmen
3762 5503 3847 5574 in-

2243 5570 2410 5642 telligi
2439 5586 2599 5642 posse
2626 5572 2693 5627 de
2720 5572 2854 5627 cella
2902 5573 2961 5628 S.
2984 5570 3212 5628 Wu'doci.
3254 5572 3450 5628 Postea
3499 5585 3632 5626 vero
3667 5572 3726 5642 in,
3774 5572 3846 5628 li-

2244 5642 2344 5695 bro
2361 5637 2495 5723 ξιιίη
2521 5637 2741 5723 Annal”
2772 5642 3036 5723 μεθ-346
3059 5686 3100 5723 ,_
3128 5644 3449 5723 hos__versu_s
3476 5644 3656 5723 potius
3704 5641 3843 5698 Cor-

2242 5712 2572 5794 maricensih
2600 5712 3101 5794 quantitludocepsi
3156 5713 3307 5794 cellae
3342 5712 3661 5794 tribuendos
3707 5728 3843 5794 esse

2242 5783 2598 5863 existimavit,
2611 5785 2769 5863 quod
2809 5784 2864 5839 id
2902 5784 3127 5863 suadeat
3155 5783 3366 5863 cmliet
3393 5785 3494 5849 soli
3522 5783 3841 5850 ammnitas,

2243 5867 2365 5930 qute
2397 5854 2572 5928 magis
2609 5854 2689 5909 illi
2732 5870 2898 5929 quam
2924 5857 3051 5912 huic
3080 5855 3387 5913 conveniat.
