4092 6534
268 387 410 449 “65

268 506 519 577 Undique
552 515 607 563 te
634 505 805 579 cingit
826 506 995 564 ramis
1015 505 1405 562 resonantibus
1428 504 1590 558 arbos
1614 542 1630 568 ,

254 668 257 669 γ
339 599 549 656 Silvula
575 597 845 673 ﬂorigeris
875 608 1093 669 semper
1115 604 1313 653 onusta
1344 596 1536 651 comis.

267 690 433 749 Prata
468 688 766 748 salutiferis
797 688 1070 745 ﬂorebunt
1104 688 1287 746 omnia
1318 692 1374 743 et
1407 686 1594 742 herbis
1623 726 1637 751 ,

343 783 494 851 Quas
519 781 719 838 medici
748 780 944 852 qtuerit
968 781 1162 837 dextra
1192 776 1384 833 salutis
1417 793 1517 849 ope
1540 767 1699 849 [Ed.,
1726 774 1869 848 ore].

267 874 522 932 Flumina
549 883 604 931 te
628 873 853 947 cingunt
875 872 1194 929 ﬂorentibus
1216 873 1456 942 undique
1482 871 1617 942 ripis
1641 911 1655 934 ,

344 968 506 1023 Retia
529 967 771 1037 piscator
799 981 908 1036 qua
939 979 1038 1021 sua
1073 964 1251 1021 tendit
1288 979 1480 1018 ovans.

267 1058 557 1116 Pomiferis
584 1057 833 1115 redolent
862 1055 1032 1113 ramis
1058 1056 1154 1112 tua
1181 1050 1421 1112 claustra
1441 1069 1542 1126 per
1567 1051 1759 1110 hortos
1785 1094 1803 1121 ,

341 1150 477 1206 Lilia
507 1166 637 1207 cum
664 1148 864 1205 rosulis
888 1142 1121 1205 candida
1149 1147 1323 1203 mixta
1361 1145 1564 1202 rubris.

271 1242 447 1300 Omne
474 1257 646 1315 genus
674 1241 960 1298 volucrum
987 1238 1286 1296 matutinas
1308 1238 1570 1311 personat
1589 1236 1725 1294 odas
1750 1279 1765 1304 ,

346 1334 528 1405 Atque
553 1332 873 1390 Creatorem
897 1331 1086 1387 laudat
1113 1331 1170 1387 in
1196 1345 1294 1387 ore
1318 1328 1512 1387 Deum.

268 1425 332 1484 In
364 1437 418 1483 te
442 1424 730 1497 personuit
766 1422 1045 1496 quondam
1079 1438 1181 1479 vox
1214 1423 1355 1478 alma
1382 1421 1630 1494 magistri

344 1500 478 1585 Qua;
500 1532 661 1574 sacro
688 1515 893 1588 sophiae
922 1511 1149 1571 tradidit
1183 1530 1281 1571 ore
1306 1514 1497 1569 libros.

271 1612 332 1669 ln
362 1618 418 1665 te
442 1607 780 1680 temporibus
801 1606 973 1663 certis
1007 1604 1129 1661 laus
1165 1606 1355 1662 sancta
1381 1603 1623 1660 tonantis

344 1700 598 1759 Paeiﬁcis
638 1693 794 1772 [Ε’ἀ.
830 1695 1135 1771 pacificos}
1180 1697 1363 1755 sonuit
1407 1696 1634 1755 vocibus
1683 1702 1846 1767 atque

1612 1787 1636 1861 [
1654 1787 1875 1843 animis.

276 1884 355 1943 Te
373 1898 498 1941 mea
528 1886 667 1942 cella
691 1883 854 1941 modo
887 1881 1213 1954 lacrymosis
1234 1882 1434 1955 plango
1454 1884 1722 1940 camenis
1748 1924 1766 1951 ,

347 1976 528 2048 Atque
554 1990 781 2049 gemens
818 1988 982 2033 casus
1010 1985 1232 2046 pectore
1255 1974 1450 2046 plango
1476 1985 1620 2032 tuos.

278 2069 361 2125 Tu
390 2068 574 2126 subito
613 2069 876 2140 quoniam
918 2065 1105 2141 fugisti
1150 2054 1395 2121 carmina
1446 2076 1636 2122 vatum
1678 2063 1873 2135 [Edit.,

1155 2156 1356 2232 [fatum
1381 2175 1394 2225 ;
1426 2159 1661 2229 Mabill.,
1698 2160 1835 2234 fato]
1860 2203 1875 2230 ,

346 2254 525 2326 Atque
548 2256 734 2328 ignota
765 2265 961 2309 manus
994 2258 1048 2309 te
1076 2253 1239 2308 modo
1264 2260 1377 2308 tota
1409 2256 1559 2309 tenet
1579 2265 1630 2308 ι.

278 2350 359 2407 Te
381 2350 545 2421 modo
572 2362 678 2406 nec
696 2342 957 2414 Flaccus,
996 2360 1101 2405 nec
1121 2345 1263 2402 vatis
1292 2345 1424 2421 [Εά.
1450 2390 1466 2414 ,
1499 2345 1649 2421 fatis]
1672 2347 1877 2404 Home-

1468 2438 1589 2513 [rus
1611 2438 1837 2496 habebit
1862 2480 1879 2509 ,

348 2533 461 2591 Nec
494 2532 646 2607 pueri
680 2541 870 2590 musas
892 2547 994 2604 per
1018 2540 1113 2589 tua
1139 2541 1285 2589 teeta
1315 2543 1541 2588 canunt.

279 2625 526 2683 Vertitur
544 2628 711 2683 omne
735 2627 905 2682 decus
925 2622 1072 2682 saecli
1099 2626 1179 2680 sic
1207 2637 1441 2697 namque
1467 2635 1695 2697 repente
1716 2669 1733 2694 ,

350 2716 549 2776 Omnia
576 2727 862 2776 mutantur
884 2719 1173 2775 ordinibus
1198 2720 1389 2775 variis.

280 2810 368 2869 Nil
393 2817 580 2867 manet
605 2794 913 2877 aeternum;
932 2810 1071 2866 nihil
1095 2811 1433 2869 immutabile
1458 2822 1587 2869 vere
1614 2825 1701 2871 est
1721 2854 1739 2882 ,

351 2899 622 2958 Obscurat
645 2908 863 2956 sacrum
891 2914 1003 2956 nos
1036 2901 1328 2958 tenebrosa
1354 2901 1520 2959 diem.

282 2994 501 3051 Decutit
526 3002 585 3049 et
613 2991 775 3048 liores
797 2992 980 3048 subito
1011 2993 1188 3050 hiems
1213 2993 1404 3066 frigida
1427 2994 1684 3066 pulchros
1708 3039 1721 3063 ,

352 3085 648 3143 Perturbat
664 3083 940 3156 placidum
961 3091 1018 3138 et
1035 3085 1245 3140 tristior
1269 3101 1403 3140 aura
1431 3101 1603 3142 mare.

281 3177 414 3247 Quae
436 3177 646 3249 campis
668 3192 863 3233 cervos
888 3176 1129 3248 agitabat
1149 3192 1301 3232 sacra
1321 3176 1584 3247 juventus
1599 3221 1617 3246 ,

349 3274 621 3335 Incumbit
644 3270 824 3331 fessus
851 3288 997 3327 nunc
1020 3271 1217 3329 baculo
1243 3274 1451 3329 senior.

281 3367 395 3427 Nos
416 3366 605 3424 miseri
630 3368 643 3422 Ξ
678 3376 781 3422 cur
812 3373 866 3420 te
903 3362 1212 3436 fugitivum,
1238 3367 1493 3433 mundus,
1518 3367 1810 3423 amamus?

353 3459 436 3517 'l‘u
460 3457 603 3531 fugis
635 3473 665 3513 a
700 3456 859 3514 nobis
883 3472 1104 3529 semper
1123 3458 1325 3527 ubique
1352 3474 1536 3515 ruens.

283 3550 366 3609 Tu
387 3550 603 3624 fugiens
630 3549 806 3623 fugias
825 3589 842 3616 ,
868 3547 1149 3605 Christum
1171 3565 1274 3606 nos
1301 3564 1519 3620 semper
1553 3563 1800 3615 amemus
1828 3595 1844 3621 ,

355 3642 584 3715 Semper
603 3656 759 3697 amor
778 3647 963 3697 teneat
978 3646 1201 3712 pectora
1231 3648 1421 3697 nostra
1448 3641 1566 3696 Dei.

283 3733 376 3791 ille
401 3733 524 3807 pius
557 3731 792 3791 famulus
822 3728 941 3806 [F.,
970 3732 1090 3803 pios
1111 3730 1364 3805 famulos]
1391 3734 1511 3791 diro
1533 3734 1792 3793 defendat
1813 3741 1882 3795 ab

1545 3823 1729 3897 [hoste
1760 3867 1775 3893 ,

357 3916 441 3973 Ad
466 3914 663 3972 coelum
688 3913 906 3985 rapiens
931 3921 1153 3986 pectora
1176 3921 1365 3970 nostra
1403 3929 1537 3971 suos
1564 3933 1579 3983 ;

287 4007 517 4065 Pectore
546 4020 709 4077 quem
735 4003 942 4077 pariter
966 4010 1080 4059 toto
1104 4002 1404 4069 laudemus,
1431 4020 1718 4075 amemus;

359 4099 557 4157 Nostra
580 4096 668 4155 est
697 4094 787 4151 iile
806 4081 928 4167 pius
953 4095 1147 4168 gloria,
1172 4096 1305 4163 vita,
1334 4096 1503 4153 salus.

1062 4210 1109 4264 γ

755 4302 786 4343 ιι
825 4248 1421 4359 VERSUSHALCUINI

292 4396 361 4453 In
391 4395 563 4466 fronte
590 4393 786 4449 codicis
842 4393 932 4447 isti
969 4392 1475 4466 uersusgscribentur
1498 4435 1512 4454 ,
1569 4393 1658 4447 ubi
1706 4394 1883 4466 imago

408 4466 562 4521 liriin
583 4474 634 4521 et
669 4473 899 4537 quatuor
931 4462 1373 4537 evangelistamm
1408 4473 1459 4518 et
1493 4473 1723 4537 quatuor
1764 4462 1886 4537 pro-

360 4538 635 4609 piratarum
659 4534 917 4606 imagines
949 4534 1303 4588 continentur.

293 4630 499 4691 Ordine
523 4628 795 4701 quadrato
826 4626 994 4681 variis
1022 4625 1239 4696 depicta
1266 4625 1455 4697 ﬁguris

365 4756 393 4787 ι
422 4741 617 4815 Ignota
640 4750 914 4815 manus__te
944 4739 1099 4815 modo
1129 4747 1236 4815 tota
1262 4749 1419 4815 tenet.
1450 4736 1613 4815 Forte
1637 4737 1883 4815 hospver-

291 4831 390 4897 sua
410 4808 531 4897 post
558 4822 792 4897 mortem
817 4812 1007 4897 Flacci.
1033 4824 1136 4897 seu
1166 4808 1384 4897 Διωξῃί
1407 4851 1423 4876 ,
1458 4818 1515 4897 ent
1540 4810 1760 4893 liomeri
1785 4828 1881 4897 seu

291 4880 593 4956 Angilberti
616 4882 899 4956 scripserit
919 4880 1237 4956 Fridugisus
1264 4880 1792 4956 abhas_'l_‘urone_nsis
1820 4880 1879 4937 S.

295 4950 535 5038 Martini,
562 4950 846 5036 successor
870 4950 1111 5038 Alcuipi,
1135 4951 1227 5038 qui
1244 4965 1383 5038 lcum
1411 4950 1622 5023 videret
1643 4950 1883 5038 Corma-

294 5028 472 5083 ricam
504 5020 726 5096 proprio
745 5021 861 5105 jam
909 5020 1392 5106 gaudercabbate,
1423 5020 1617 5104 nempe
1638 5020 1842 5079 Jacobo
1866 5064 1883 5089 ,

292 5096 439 5173 hanc
466 5096 660 5173 cellam
701 5110 858 5173 quasi
894 5093 999 5173 sibi
1037 5091 1376 5173 subtractam
1430 5090 1887 5173 queritur_._(Ma—

295 5168 439 5245 bili,
463 5164 683 5245 Annal.)
790 5161 913 5245 cit.)
944 5163 1005 5245 Si
1025 5161 1246 5245 verofle
1270 5161 1406 5219 cella
1508 5161 1891 5245 Jodocihocco

295 5232 628 5319 epigramma
651 5232 1227 5319 interpretari‘palis,
1283 5233 1517 5315 querelae
1544 5235 1889 5319 occasionem

295 5303 543 5377 p'rzébcre
580 5306 758 5378 potuit
797 5303 942 5375 quod
984 5303 1130 5359 illius
1162 5303 1440 5374 possessio
1496 5311 1619 5375 post
1672 5305 1889 5362 Alcuini

297 5378 506 5455 obitum
554 5376 827 5455 translata
852 5377 926 5455 sit
960 5376 1014 5431 in
1059 5375 1407 5455 [ferr-atriense
1453 5376 1847 5455 monasterium
1872 5417 1887 5441 ,

300 5455 415 5504 tum
446 5449 502 5503 in
533 5462 729 5503 manus
747 5446 924 5512 Odultl
952 5446 1187 5504 comitis.
1211 5444 1328 5513 Qua
1351 5444 1422 5516 de
1446 5460 1505 5516 re
1524 5446 1732 5516 passim
1760 5461 1891 5516 con-

298 5518 549 5662 gaefitur
574 5518 756 5592 Lupus
785 5517 953 5574 abbas
971 5512 1356 5574 Ferrariensis.
1384 5512 1506 5585 (ld.,
1524 5512 1641 5572 Ἀρι.
1695 5512 1828 5584 88.,
1850 5516 1886 5571 Ι.

300 5604 441 5645 (ιιι).

370 5655 412 5699 δ’
442 5657 555 5716 Hos
581 5673 772 5717 versus
794 5658 897 5715 sub
918 5658 1137 5716 nomine
1178 5655 1394 5713 Aleuini
1437 5672 1504 5711 ex
1535 5657 1721 5714 codice
1750 5657 1891 5712 4167

301 5725 432 5785 bibl.
453 5728 781 5786 Colbertiuae
799 5729 972 5785 edidit
992 5728 1379 5786 celeberrimus
1401 5726 1656 5787 Baluzius
1682 5728 1821 5785 libro
1841 5744 1892 5783 tv

308 5797 552 5882 lliscell.,
579 5815 700 5882 pag.
731 5799 856 5882 550:
1005 5800 1074 5854 ad
1102 5797 1389 5853 Alcuinum
1416 5800 1763 5882 pertineant,
1783 5799 1893 5882 Adu-

308 5871 455 5928 bium
484 5867 685 5941 movet,
709 5869 855 5944 quod
877 5870 1044 5926 iidem
1071 5883 1294 5939 versus,
1324 5867 1599 5927 nonnullis
1628 5872 1851 5927 mutatis
1875 5909 1891 5941 ,

1218 389 1372 447 OPP.
1414 387 1643 446 DUBlA.
1686 418 1758 427 κ-
1797 380 2045 445 ΕΡΙΒΤ.,
2080 376 2416 442 CARMINA,
2460 375 2615 434 ETC.

1895 496 1945 558 Α
1973 492 2206 563 Agmina
2228 496 2547 547 sanctorun.
2578 483 2777 563 gaudia
2809 505 3007 566 magna
3045 493 3252 550 vident.

1903 3221 1957 3292 G

3443 376 3577 435 “06

1970 582 2054 638 Ex
2080 582 2278 654 quibus
2305 584 2476 639 lsaias
2504 584 2766 655 praecelso
2793 583 3049 658 dogmate
3072 576 3246 663 ftetus
3269 628 3288 653 ,

1971 674 2245 733 Jcremias
2274 677 2483 747 pariter
2518 678 2735 733 Domini
2771 679 3036 735 miracula
3066 677 3341 752 psallunt;

1975 768 2249 825 Jezechiel
2277 770 2572 841 sedemque
2600 764 2697 826 Dei
2727 770 2989 829 describit
3012 781 3068 828 et
3095 769 3200 827 ista

1976 860 2046 916 Et
2071 853 2261 917 Daniel
2287 862 2567 918 Christum
2590 871 2781 917 narrat
2806 860 2875 918 de
2901 872 3087 919 monte
3113 864 3371 920 recisum.

1979 952 1999 1026 [
2026 966 2047 993 ο
2083 953 2390 1009 Humanum
2419 953 2622 1009 Christi
2645 953 2906 1010 describit
2934 953 3217 1011 Matthzeus
3245 963 3423 1011 ortum
3448 977 3464 1021 ς

1979 1043 2127 1098 More
2154 1043 2286 1099 boat
2317 1039 2532 1099 Marcus
2562 1035 2869 1099 frondentis
2902 1058 3037 1100 voce
3066 1043 3262 1100 leonis.

1979 1133 2148 1206 Mugit
2183 1149 2373 1192 amore
2396 1136 2491 1207 pio
2517 1134 2696 1191 Lucas
2724 1134 2781 1191 in
2811 1136 3057 1193 carmine
3084 1137 3309 1195 Christi.

1979 1224 2284 1283 Scribcndo
2312 1234 2569 1299 penetras
2592 1217 2793 1284 coelum
2822 1235 2879 1283 tu
2908 1236 3093 1283 mente
3113 1223 3399 1302 Joannes].

1980 1338 2083 1395 Isti
2120 1341 2177 1395 in
2206 1338 2377 1394 altera
2411 1340 2605 1423 pagina
2630 1380 2648 1403 ,
2670 1340 2771 1423 ubi
2821 1356 2991 1423 agnus
3024 1339 3198 1410 pictus
3225 1348 3273 1395 et
3305 1353 3464 1395 XXIIII
3495 1356 3577 1394 se-

2432 1418 2606 1464 more;
2629 1420 2677 1464 et
2704 1418 2847 1464 terra
2881 1418 2931 1464 et
2960 1427 3127 1464 mare.

1980 1522 2175 1579 Omnia
2203 1537 2324 1594 quae
2351 1537 2591 1595 praesens
2617 1520 2777 1579 tellus
2804 1520 3060 1594 producit
3079 1520 3274 1578 alendo
3295 1563 3311 1585 ,

1981 1617 2051 1673 Et
2074 1617 2242 1673 maris
2272 1617 2389 1672 haec
2425 1616 2597 1672 facies
2617 1616 2786 1673 limbo
2815 1616 3177 1673 circumvenit
3198 1615 3398 1687 amplo.

1980 1708 2132 1779 Agne
2170 1706 2341 1762 Deum
2379 1705 2517 1762 solio
2549 1721 2766 1777 semper
2787 1712 3124 1761 venerantur
3151 1704 3205 1760 in
3231 1704 3342 1760 alto
3366 1746 3382 1772 ,

1985 1798 2260 1870 Sanguine
2290 1798 2381 1868 qui
2407 1796 2530 1854 fuso
2549 1797 2756 1853 tersisti
2773 1799 3005 1854 crimina
3029 1798 3173 1854 saecli

1902 1858 1953 1922 Β
1979 1858 2141 1962 4εᾷ
2178 1890 2238 1946 ln
2262 1858 2443 1958 cruce,
2471 1897 2529 1958 tu
2556 1887 2737 1946 Caroli
2760 1889 3015 1964 detergas
3036 1889 3262 1947 vulnera
3292 1890 3458 1964 regis.

1981 1981 2050 2054 [ἀ
2078 1980 2226 2037 Cana
2251 1987 2473 2037 caterva
2496 1979 2687 2037 clucns
2708 1987 2894 2034 vatum
2922 1989 2978 2035 et
3002 1974 3333 2037 venerabilis
3365 1976 3501 2038 ordo
3523 2021 3541 2046 ,

1978 2069 2166 2127 CCL-tus
2200 2069 2531 2142 apostolicus
2555 2070 2720 2126 sertis
2740 2070 3055 2127 caelestibus
3082 2071 3292 2127 instans

1980 2163 2210 2231 Laudat,
2234 2162 2449 2232 adorat,
2480 2174 2650 2230 amat,
2682 2164 2878 2220 devoto
2897 2171 3120 2236 pectore
3147 2162 3324 2219 timet.

1980 2256 2050 2311 Et
2074 2257 2329 2328 princeps
2348 2254 2575 2312 Carolus
2594 2254 2749 2311 vultu
2767 2255 3084 2327 speculatur
3112 2261 3307 2327 aperto
3335 2295 3354 2321 ,

1979 2347 2177 2415 Orans,
2202 2356 2264 2403 ut
2286 2354 2470 2404 tecum
2495 2348 2644 2403 virat
2668 2346 2944 2418 longaevus
2967 2347 3024 2401 in
3053 2354 3228 2403 aevum
3244 2343 3288 2420 ].

2126 2437 2195 2493 In
2224 2437 2332 2494 alio
2360 2437 2476 2493 loco
2508 2438 2597 2493 ubi
2623 2454 2792 2511 agnus
2819 2436 2966 2493 solus
2989 2438 3163 2507 pictus
3193 2434 3441 2493 habetur.

1981 2530 2139 2587 nunc
2161 2530 2376 2601 Moyses
2402 2544 2602 2603 agnum
2629 2529 2960 2587 monstravit
2976 2530 3093 2603 lege
3122 2529 3366 2587 futurum
3388 2570 3409 2599 ,

1981 2622 2206 2678 Cunctis
2233 2636 2336 2692 pro
2362 2621 2574 2693 pupulis
2604 2620 2835 2691 perferri
2860 2620 3087 2677 vulnera
3114 2622 3329 2678 mortis.

2345 2710 2446 2768 Ubi
2479 2714 2697 2768 dextera
2726 2714 2924 2768 Christi
2954 2724 3031 2769 est
3052 2712 3214 2786 picta.

1984 2806 2219 2861 Dextera
2253 2812 2375 2877 quae
2399 2801 2580 2860 Patris
2606 2803 2867 2860 mundum
2895 2805 3100 2861 ditionc
3123 2803 3393 2877 gubernat
3417 2848 3435 2872 ,

1983 2907 2052 2963 Et
2077 2915 2268 2962 natum
2300 2906 2473 2963 cmlos
2500 2904 2785 2977 proprium
2809 2908 3111 2962 transvexit
3134 2908 3188 2963 in
3212 2907 3371 2964 altos.

2360 2997 2430 3053 In
2455 2998 2561 3065 line
2589 2998 2816 3054 Joannis
2843 2999 3195 3071 evangelicae.

1982 3092 2051 3148 Et
2073 3093 2327 3164 princeps
2348 3092 2597 3158 Carolus,
2626 3101 2816 3150 sancto
2838 3080 2930 3164 qui
2963 3109 3118 3151 more
3137 3094 3404 3168 benignus
3420 3139 3435 3161 ,

2054 3180 2204 3237 illius
2230 3182 2319 3237 hic
2346 3181 2517 3238 codex
2548 3183 2719 3237 enitet
2741 3190 2901 3237 actus
2925 3197 3044 3254 ope.

2284 3270 2354 3326 In
2384 3272 2489 3341 ﬁne
2519 3272 2642 3327 libri
2671 3272 2961 3343 loquuntur
2986 3273 3289 3343 scriptores.

1987 3360 2262 3417 Hactenus
2284 3363 2338 3417 in
2365 3370 2613 3418 sanctum
2637 3362 2898 3419 sulcando
2920 3365 3190 3419 movimus
3219 3380 3407 3437 aquor

2054 3455 2280 3512 Littoris
2302 3457 2372 3511 ad
2394 3453 2558 3509 linem
2593 3464 2781 3510 nostra
2820 3455 3009 3511 carina
3044 3456 3215 3512 venit.

2737 3576 2826 3630 Vl.

2154 3702 2176 3730 θ
2203 3690 2297 3744 AD
2329 3687 2686 3745 CANDIDUM
2721 3686 2973 3744 ROMAM
3010 3688 3414 3745 ABEUNTEM.

1985 3804 2065 3860 Te
2091 3820 2211 3860 mea
2237 3819 2395 3859 mens
2420 3804 2685 3874 sequitur,
2714 3803 3039 3859 charissime
3062 3802 3325 3869 Candide,
3357 3804 3533 3861 tristis
3558 3822 3577 3869 ς

2062 3896 2145 3951 Me
2170 3905 2262 3952 tua
2289 3911 2443 3951 mens
2469 3911 2654 3952 secum
2684 3903 2868 3964 portet
2890 3894 3090 3965 ubique
3122 3910 3339 3967 precor.

1987 3987 2092 4042 Per
2126 3987 2248 4043 loca
2273 3994 2472 4042 cuncta
2500 3986 2596 4042 Dei
2619 3985 2826 4040 Christi
2852 3985 3149 4040 comitetur
3169 3995 3385 4042 euntem

2056 4077 2247 4133 Gratia
2270 4085 2344 4144 te,
2370 4084 2499 4132 nate
2523 4075 2719 4142 dulcis,
2743 4075 2811 4130 ab
2835 4090 2961 4130 arce
2981 4075 3113 4146 poli.

1985 4172 2053 4227 Et
2082 4172 2178 4227 tibi
2205 4167 2518 4244 per'terras,
2548 4170 2714 4227 silvas
2742 4178 2796 4224 et
2826 4168 3070 4237 ﬂumina,
3102 4181 3339 4239 montes,

2057 4264 2221 4323 Felici
2249 4272 2457 4321 rectum
2484 4265 2706 4320 tramite
2731 4266 2896 4321 donet
2929 4264 3054 4321 iter.

1989 4355 2058 4413 Ut
2082 4367 2137 4412 te
2158 4364 2347 4427 optata
2364 4357 2483 4413 dies
2499 4358 2611 4428 jam
2639 4366 2829 4412 cernat
2850 4357 2905 4413 in
2927 4358 3148 4413 arcibus
3178 4357 3341 4416 Urbis

2056 4446 2301 4517 Egregia”:
2318 4487 2331 4512 ,
2366 4446 2421 4499 in
2450 4462 2557 4518 qua
2580 4454 2710 4500 sunt
2734 4445 2923 4500 limina
2946 4453 3137 4502 sancta
3158 4446 3338 4515 Petri,

1987 4537 2087 4608 Qui
2114 4546 2205 4593 tua
2238 4548 2365 4594 vota
2396 4537 2540 4594 ferat
2567 4538 2787 4594 Christo
2820 4555 2986 4611 super
3022 4542 3188 4597 ardua
3224 4543 3350 4599 curii

2054 4629 2325 4696 Culmina,
2359 4627 2660 4685 clementer
2690 4630 2901 4701 primus
2931 4632 2985 4686 in
3017 4631 3150 4687 orbe
3173 4632 3355 4697 Pater,

1982 4749 2201 4825 exstent
2223 4741 2277 4796 in
2302 4740 2695 4825 codiceﬁureo
2726 4740 3143 4825 Evangeliorum
3173 4743 3229 4825 in
3255 4743 3488 4825 ecclesia
3521 4747 3582 4825 S_.

1984 4812 2316 4868 Emmerami
2345 4812 2657 4868 Ratisbonm
2680 4812 2971 4878 custodito,
3001 4822 3058 4869 et
3101 4815 3304 4878 scripto
3337 4831 3446 4871 non
3483 4820 3587 4872 sub

1985 4882 2179 4956 Carolo
2211 4881 2409 4956 Magno
2438 4882 2534 4956 sed
2566 4884 2667 4939 sub
2689 4880 2893 4956 Calvo:
2930 4885 3180 4956 quamvis
3201 4880 3319 4956 fieri
3342 4890 3584 4956 potuerit

1985 4962 2048 5009 ut
2073 4951 2369 5024 scriptores
2399 4951 2559 5024 hujus
2603 4953 2808 5009 codicis
2844 4951 3037 5010 versus
3061 4954 3276 5009 Alcuini
3301 4951 3370 5011 ei
3403 4968 3587 5014 vetus.

1985 5025 2113 5098 tiori
2158 5023 2457 5098 exemplari
2475 5064 2492 5097 ,
2515 5095 2528 5098 _
2550 5024 2873 5098 quibusdam
2916 5039 3017 5098 pro
3044 5025 3583 5084 circumstantiarum

1987 5096 2199 5150 ratione
2225 5093 2906 5165 mutatis,'descripserint.

2062 5176 2085 5205 ο
2138 5166 2385 5237 Quatuor
2452 5180 2644 5237 versus
2703 5173 2994 5237 sequentes
3021 5208 3037 5231 ,
3096 5165 3238 5237 apud
3302 5165 3584 5223 Baluzium

1988 5235 2320 5309 om_issi,hic
2345 5251 2414 5291 ex
2438 5235 2666 5306 prmfato
2699 5236 2887 5291 codice
2924 5236 3106 5293 Aureo
3130 5235 3472 5309 supplentur.

2059 5305 2089 5437 3
2124 5307 2374 5433 Qultﬁue
2428 5305 2720 5377 Sequentes
2770 5320 2962 5362 versus
3000 5305 3489 5366 rursus'addimus
3513 5323 3583 5366 ex

2096 5394 2180 5431 em
2203 5392 2234 5433 c
2308 5416 2322 5430 .
2354 5392 2458 5434 ms.

1989 5392 2180 5435 eouem
2203 5392 2322 5433 000.
2354 5392 2458 5434 ms.

2055 5459 2077 5488 ε
2094 5447 2209 5508 Ποῦ
2219 5462 2439 5505 carmen
2458 5449 2722 5504 hactenus
2734 5446 2996 5503 ineditum
3011 5446 3272 5518 descripsi
3287 5464 3355 5505 ex
3370 5456 3585 5505 vetusto

1993 5518 2613 5591 codieeiSalisburgensi
2642 5533 2791 5591 num.
2810 5518 2898 5591 7i,
2928 5518 3018 5576 ubi
3041 5517 3387 5591 subiungitur
3411 5520 3586 5591 tribus

1995 5588 2243 5661 epistolis
2266 5588 2599 5661 Angilbérti,
2616 5604 2751 5659 quas
2774 5589 2828 5644 in
2848 5588 3161 5661 Appendice
3188 5588 3455 5661 dabimus.
3498 5590 3582 5661 An

1997 5659 2159 5728 hujus
2184 5660 2275 5725 sit,
2301 5658 2604 5729 an'Alcuiui
2632 5658 2755 5729 :non
2793 5658 3087 5716 admOdum
3127 5661 3317 5729 liquet.
3363 5659 3468 5714 Pro
3492 5658 3578 5713 Al-

1996 5727 2159 5786 cuino
2197 5730 2549 5801 pronuntiare
2590 5727 2720 5785 libet
2745 5769 2762 5795 ,
2793 5730 2945 5801 quod
2973 5727 3267 5801 Candidus,
3296 5744 3468 5801 quem
3494 5729 3586 5801 hic

1993 5798 2513 5925 natum'tlliumque
2552 5807 2740 5869 vocat,
2784 5798 2949 5857 fuerit
2992 5800 3219 5858 dilectus
3261 5798 3377 5869 ejus
3418 5798 3581 5856 disci-

1995 5886 2064 5925 nu
2093 5885 2173 5925 US.

1994 5885 2173 5945 putus.
