4092 6520
484 491 509 542 l
532 487 627 542 I67
1311 484 1369 537 Β.
1416 473 1480 534 F.
1522 475 1746 536 ALBlNl
1787 476 1920 538 SEU
1962 469 2242 537 ALCUINI
2280 471 2569 534 OPERUII
2603 468 2786 531 PARS
2824 471 2959 530 VIII.

484 605 618 673 Quae
648 601 746 660 tibi
771 615 896 658 cum
927 597 1205 670 lacrymis,
1244 604 1523 667 prostrato
1549 609 1779 666 corpore
1812 593 1976 651 terris
2109 593 2165 657 Δ
2190 587 2462 647 Bar—Jona
2485 589 2595 645 alta
2619 590 2894 656 columna,
2928 587 3038 659 poli
3065 586 3331 644 scandens
3357 587 3632 653 sublimia,

557 699 701 753 Ante
738 696 908 750 altare
944 694 1066 759 Dei,
1099 693 1282 748 cordis
1313 694 1381 746 ab
1411 705 1506 746 ore
1532 689 1723 743 ﬂuant.

488 789 617 844 lude
640 803 737 858 per
762 801 951 843 aereas
988 785 1212 839 ruituris
1243 783 1517 838 moenibus
1539 796 1698 837 arces

562 882 646 936 Ad
675 879 824 936 Pauli
848 879 1075 935 veniens
1103 882 1244 932 tecta
1270 884 1486 931 saerata
1517 873 1618 946 pii,

492 974 550 1030 ln
573 973 755 1030 crucis
784 983 1064 1037 extensus,
1102 966 1444 1039 gemebundo
1464 973 1707 1036 pectore,
1747 964 1958 1037 signum
1983 1003 2002 1028 ,

566 1067 681 1133 Qua
711 1067 886 1136 patris
919 1070 974 1118 et
997 1062 1112 1117 nati
1147 1060 1376 1116 crimina
1399 1059 1594 1131 plange
1631 1056 1812 1112 simul.

495 1158 727 1228 Moxque
752 1170 850 1227 per
883 1153 1146 1210 ecclesias
1173 1153 1402 1208 devotus
1431 1165 1590 1206 curre
1615 1150 1795 1204 viator

571 1247 916 1313 Sanctorum,
948 1244 1180 1301 laudans
1203 1259 1419 1314 semper
1452 1244 1506 1297 in
1539 1257 1633 1296 ore
1663 1241 1856 1307 Deum,

498 1336 602 1406 Qui
633 1335 837 1392 mundo
865 1333 1000 1390 tales
1027 1334 1298 1390 concessit
1327 1332 1529 1388 habere
1560 1340 1841 1401 patronos,

569 1427 712 1483 Ante
736 1426 846 1498 poli
881 1434 1093 1481 stantes
1127 1425 1305 1479 Patris
1336 1424 1392 1479 in
1425 1439 1554 1478 arce
1577 1423 1831 1478 thronum
1864 1462 1878 1485 ,

501 1519 780 1591 Sanguine
805 1519 896 1589 qui
922 1532 1082 1573 roseo
1106 1518 1360 1571 vicerunt
1382 1529 1549 1586 regna
1577 1528 1684 1584 per
1718 1511 1906 1567 orbem
1937 1552 1952 1572 ,

575 1613 862 1669 Portuntes
894 1610 1097 1666 Christi
1123 1625 1231 1679 per
1260 1609 1348 1678 pia
1380 1606 1516 1662 colla
1543 1622 1784 1662 crucem.

501 1707 611 1761 llos
640 1707 840 1761 iterum
866 1713 1031 1773 atque
1062 1702 1261 1757 iterum
1285 1700 1482 1756 devoto
1514 1708 1736 1769 pectore
1761 1711 1926 1771 posce
1951 1738 1966 1764 ,

571 1798 882 1853 Clementer
912 1791 1166 1864 precibus
1200 1805 1417 1862 semper
1441 1791 1634 1846 adesse
1665 1788 1793 1843 tuis.

503 1887 642 1942 Ante
678 1887 797 1957 pios
828 1885 1040 1940 cineres
1069 1884 1440 1955 lacrymarum
1475 1881 1631 1954 signa
1662 1888 1883 1935 tuarum

576 1984 636 2039 ln
659 1981 844 2039 sacris.
858 1981 1055 2037 sistant
1079 1993 1295 2049 semper
1331 1977 1538 2048 ubique
1565 1975 1758 2048 petris.

505 2076 584 2137 Te
615 2089 832 2148 qucum:
859 2074 1090 2130 sacratis
1121 2071 1365 2129 studiosa
1398 2078 1582 2126 mente
1602 2085 1703 2141 per
1727 2066 1918 2124 urbem

578 2168 892 2236 Ordinibus,
923 2167 1098 2236 festis,
1131 2167 1276 2224 inter
1298 2174 1356 2222 et
1383 2180 1507 2223 esse
1529 2179 1743 2236 precor.

509 2264 648 2332 Quid
683 2263 774 2318 cui
803 2261 1094 2320 conveniat
1119 2274 1374 2334 personae
1402 2266 1460 2316 et
1487 2266 1734 2330 tempore
1754 2271 1959 2324 cerne,

580 2351 652 2409 Ut
685 2352 836 2408 Patri
871 2349 1072 2408 valeas
1091 2357 1290 2408 cuncta
1314 2349 1522 2407 referre
1546 2362 1796 2415 memor;

509 2444 578 2501 Et
600 2445 863 2516 prodesse
891 2443 1000 2500 tuis
1026 2443 1250 2500 monitis
1274 2453 1330 2499 et
1357 2441 1609 2500 moribus
1633 2441 1812 2510 almis,

576 2537 684 2595 Per
714 2545 769 2595 te
803 2546 994 2593 sancta
1019 2536 1116 2593 Dei
1143 2542 1207 2592 ut
1241 2534 1437 2596 ﬂoreat
1475 2534 1742 2592 Ecclesia.

512 2628 570 2687 Si
595 2630 970 2701 te‘prazveniat
991 2626 1278 2686 elementis
1297 2626 1482 2702 gratia
1505 2625 1711 2686 Christi

582 2719 725 2776 Ante
747 2719 936 2775 oculos
961 2733 1148 2776 sacros
1168 2718 1350 2776 Patris
1377 2717 1682 2792 apostolici,

511 2810 680 2866 Posce
715 2809 940 2868 Patrum
975 2810 1207 2878 cineres,
1235 2817 1439 2878 vestes,
1469 2811 1556 2869 vel
1592 2811 1734 2868 forte
1758 2807 1985 2884 capillos

588 2906 939 2970 Sanctorum,
977 2918 1147 2960 sacra
1174 2911 1270 2959 aut
1300 2904 1495 2977 gaudia
1526 2919 1722 2976 magna
1748 2905 1949 2962 crucis.

518 2993 589 3051 Ut
612 2993 684 3048 sit
707 2993 1008 3049 subsidium
1041 3000 1244 3049 nostrae
1271 3008 1372 3063 per
1400 2993 1600 3049 saecula
1629 2994 1792 3062 vita,

585 3085 655 3140 Et
680 3084 884 3142 nostris
914 3087 1139 3156 pariter,
1173 3100 1390 3157 semper
1417 3087 1620 3158 ubique
1641 3086 1816 3158 pium.

512 3177 779 3235 Omnibus
795 3178 891 3234 his
913 3179 1040 3244 rite,
1070 3175 1290 3236 Christo
1323 3178 1645 3246 miserante,
1669 3179 1911 3251 peractis
1937 3221 1953 3247 ,

580 3270 663 3326 Ad
689 3269 907 3326 Patrem
926 3269 1153 3326 rediens
1185 3285 1470 3343 prospere,
1498 3284 1666 3344 perge
1688 3268 1820 3328 cito.

513 3363 634 3418 Non
659 3369 713 3419 te
740 3370 1062 3433 pensantem
1091 3362 1274 3419 videat
1295 3362 1408 3434 jam
1432 3362 1679 3421 Phoebus
1703 3365 1760 3421 in
1786 3364 1946 3432 Aula,

584 3454 697 3511 Sed
721 3471 844 3511 cum
872 3452 1124 3510 Lucifero
1151 3469 1335 3526 surge,
1367 3456 1545 3512 viator
1573 3472 1763 3513 ovans.

515 3547 635 3604 Non
667 3547 749 3605 sol
769 3546 1152 3615 ﬂammivolus,
1179 3555 1399 3616 ventus,
1423 3564 1531 3606 non
1560 3548 1788 3623 frigora,
1821 3548 1988 3608 nimbi
2017 3591 2035 3620 ,

585 3642 668 3698 Ad
697 3641 914 3697 Patrem
949 3641 1129 3698 tardet
1149 3640 1267 3712 jam
1294 3645 1642 3715 properantis
1670 3645 1795 3701 iter.

515 3734 708 3792 Omnia
731 3736 901 3792 vincit
921 3750 1096 3803 amor,
1127 3735 1357 3807 pedibus
1375 3738 1616 3794 velocior
1637 3739 1782 3796 Euro

587 3829 809 3885 Festine
835 3845 1024 3901 perge,
1055 3845 1236 3896 curre,
1262 3828 1408 3898 vola,
1433 3847 1688 3905 propera.

519 3921 588 3977 Ut
617 3921 775 3977 laetus
802 3921 986 3977 videat
1008 3921 1180 3979 Jacob
1197 3922 1314 3991 jam
1335 3921 1538 3994 Joseph
1560 3925 1765 3992 ocellis,

589 4013 731 4070 Ante
765 4013 910 4070 diem
941 4013 1075 4070 dira:
1099 4016 1316 4081 mortis,
1349 4015 1403 4070 in
1433 4015 1568 4071 urbe
1599 4033 1721 4072 sua.

519 4105 661 4174 Quid
688 4106 784 4161 tibi
812 4106 968 4176 plura
987 4121 1183 4161 canam
1206 4106 1231 4160 7
1260 4103 1389 4161 felix
1422 4106 1654 4164 feliciter
1674 4123 1864 4166 omnes
1888 4149 1905 4177 ,

592 4197 751 4263 Nate,
775 4199 892 4254 vias
914 4198 1050 4254 vade
1070 4214 1241 4267 nunc,
1277 4200 1575 4257 miserante
1610 4202 1738 4258 Deo.

520 4291 788 4364 Prospera
823 4293 1087 4349 concedat
1110 4294 1299 4350 mundi
1325 4294 1421 4351 tibi
1446 4306 1640 4350 cuncta
1674 4293 1924 4353 Creator.

593 4385 776 4442 Dulcis
798 4394 980 4442 amate
1005 4395 1122 4452 tuo,
1148 4394 1298 4456 nate,
1321 4386 1500 4444 valeto
1520 4387 1692 4443 Patri.

1277 4519 1392 4577 Ἧι.

606 4639 632 4667 α
667 4623 897 4682 ALBlNl
935 4621 1331 4682 ORATIONES
1373 4622 1468 4680 AD
1517 4625 1711 4683 DEUM
1763 4626 1852 4684 ET
1885 4626 2049 4686 APO-

1162 4711 1454 4773 STOLOS.

523 4845 778 4904 Auctoris
801 4845 988 4903 mundi
1025 4845 1284 4913 maxima,
1317 4845 1675 4918 deprecamur
1698 4849 1955 4924 suﬂ'ragia
1981 4892 2001 4918 ,

524 4939 627 5007 Qui
654 4955 780 4995 cum
815 4947 963 4995 esset
999 4939 1056 4994 in
1089 4939 1256 5011 gloria
1283 4980 1298 5005 ,
1330 4954 1554 4997 carnem
1584 4942 1815 5013 sumpsit
1835 4957 1903 4997 ex
1922 4941 2116 5000 Maria.

525 5032 628 5097 Qui
651 5031 989 5088 descendens
1009 5031 1246 5100 cmlitus,
1280 5033 1513 5091 donator
1540 5036 1667 5092 vitae
1691 5021 1907 5093 vividus
1929 5077 1946 5104 ,

527 5121 758 5177 Crucem
783 5135 977 5191 passus
995 5136 1096 5193 pro
1115 5123 1388 5192 omnibus,
1419 5125 1570 5183 dedit
1592 5127 1734 5183 dona
1762 5128 2073 5187 hominibus
2099 5167 2118 5199 ς

527 5211 830 5285 Legislator
849 5214 1214 5288 largissimus,
1241 5216 1385 5274 Deus
1411 5228 1467 5274 et
1494 5216 1590 5276 Dei
1627 5218 1821 5276 Filius.

3647 469 3811 528 H68

2188 684 2384 740 Petrus
2412 686 2480 742 de
2497 693 2654 756 petra
2677 684 2846 741 solida
2872 697 3108 755 sequens
3135 683 3337 740 Christi
3366 685 3610 755 vestigia.

2187 776 2333 834 Puro
2353 776 2599 848 perfecto
2622 777 2830 845 labore,
2853 777 3060 850 absque
3083 775 3244 832 laatali
3274 791 3507 830 memre.

2191 869 2378 926 Roma:
2408 882 2601 942 pausat
2622 871 2678 926 in
2709 871 2941 938 honore,
2962 885 3182 928 crucem
3205 886 3402 942 passus
3433 872 3534 928 sub
3554 871 3812 928 Nerone.

2191 959 2358 1029 Cujus
2391 961 2654 1018 virtutum
2677 961 2880 1034 fulgida
2903 962 3170 1019 refulsere
3192 961 3472 1018 miracula.

2264 1052 2490 1111 Cunctis
2511 1053 2707 1110 claruit
2727 1054 2980 1126 gentibus
3005 1055 3328 1125 praedicator
3354 1054 3605 1126 egregius
3627 1096 3642 1120 ,
3815 1119 3821 1122 _

2195 1147 2434 1206 Refulsit
2455 1164 2562 1202 non
2588 1147 2903 1204 videntibus
2930 1146 3114 1202 clarus
3142 1159 3244 1202 ceu
3269 1144 3447 1218 fulgor
3477 1145 3723 1204 Phoebus
3762 1188 3780 1215 ,

2197 1238 2431 1296 Sanctus
2455 1238 2655 1296 Paulus
2680 1239 2960 1312 apostolus
2985 1239 3194 1296 electus
3223 1255 3336 1296 non
3370 1240 3706 1297 hominibus.

2199 1333 2388 1391 Sancti
2414 1333 2651 1408 Spiritus
2673 1333 2941 1391 fructibus
2965 1335 3208 1406 repletus
3230 1335 3616 1408 dignabilibus.

2197 1424 2407 1496 Raptus
2438 1425 2509 1482 ad
2543 1425 2742 1482 ctelum
2767 1425 3012 1490 tertium,
3033 1427 3289 1499 dignatus
3312 1427 3508 1485 doctor
3526 1427 3777 1502 gentium

2203 1512 2481 1571 Solidator
2505 1514 2788 1580 inertium,
2823 1515 3136 1572 consolator
3157 1515 3481 1590 lugentium.

2201 1605 2330 1679 Igne
2353 1605 2613 1678 probatus
2639 1607 2908 1663 vario.....
2936 1607 3231 1680 triumpho.

2199 1694 2366 1766 Cuius
2404 1697 2838 1769 inexplicabilem
2883 1705 3084 1755 sonant
3118 1697 3320 1757 saecula
3353 1700 3624 1773 sophiam.

2272 1789 2481 1860 Dignus
2512 1790 2673 1848 valde
2695 1789 2957 1864 fulgidus,
2992 1792 3187 1850 doctor
3209 1795 3396 1851 docuit
3419 1795 3695 1868 gentibus,

2206 1880 2446 1937 Sanctus
2482 1882 2730 1941 Andreas
2755 1883 3016 1954 optimus,
3053 1884 3260 1942 Christi
3292 1888 3438 1960 regis
3469 1890 3771 1959 apostolus.

2129 1967 2178 2028 B
2207 1969 2486 2044 Organum
2525 1972 2702 2029 sancti
2739 1972 3009 2046 Spiritus,
3037 1985 3264 2032 ornatus
3293 1979 3738 2038 charismatihus.

2205 2062 2403 2119 Frater
2429 2062 2580 2120 Petri
2611 2067 2868 2137 apostoli,
2902 2067 3138 2124 dictator
3161 2068 3297 2141 legis
3328 2069 3564 2129 Domini.

2208 2155 2389 2211 Mente
2421 2163 2480 2212 et
2503 2157 2656 2212 vultu
2680 2156 2862 2225 herili,
2893 2160 3060 2217 decus
3091 2161 3149 2216 in
3179 2170 3328 2218 statu
3351 2164 3495 2220 virili
3523 2184 3539 2221 :

2208 2247 2522 2304 Praedicans
2544 2250 2600 2304 in
2629 2248 2855 2319 Achaja,
2879 2265 3098 2308 erucem
3121 2268 3316 2324 passus
3335 2256 3439 2312 sub
3465 2256 3628 2328 Egea.

2208 2338 2370 2396 Modo
2394 2348 2589 2412 regnat
2610 2342 2665 2397 in
2696 2341 2867 2413 gloria
2888 2383 2904 2408 ,
2940 2344 3094 2416 regni
3116 2344 3317 2401 habilis
3337 2344 3512 2404 Helia.

2211 2432 2384 2501 Quem
2421 2431 2565 2488 Deus
2589 2432 2660 2488 de
2687 2432 2966 2489 laboribus
2993 2434 3120 2491 vitae
3155 2435 3390 2494 reddidit
3416 2436 3642 2496 ﬂoribus

2279 2525 2451 2600 558
2484 2525 2705 2582 Electus
2727 2525 2783 2581 in
2814 2528 3100 2584 cacumine
3132 2529 3359 2588 honoris
3395 2534 3698 2607 apostolico
3724 2576 3744 2602 .

2212 2617 2376 2675 Claro
2397 2617 2575 2674 illuxit
2599 2617 2804 2674 lumine
2825 2620 3089 2677 doctrina:
3114 2623 3442 2695 evangelicae
3466 2665 3485 2691 ,

2211 2711 2451 2770 Iacobus
2475 2713 2863 2770 excelsissimae
2894 2713 3097 2773 Christi
3125 2731 3389 2776 ascensor
3411 2721 3618 2793 gloria,

2199 2801 2427 2862 Summi
2452 2805 2619 2879 Regis
2641 2806 2876 2878 egregia:
2892 2819 3305 2867 consummatur
3327 2814 3591 2870 victoriae.

2212 2897 2411 2955 Frater
2430 2895 2658 2954 Joannis
2688 2898 2862 2969 Agite,
2894 2900 3280 2974 praeclarasque
3312 2908 3612 2964 memoria.

2094 3013 2107 3024 -
2216 2986 2566 3062 Decapitatus
2588 2989 2791 3061 gladio,
2830 3002 3126 3052 coronatus
3154 2997 3421 3068 martyrio
3449 2995 3483 3039 δ

2942 3107 3078 3164 Vill.

2366 3229 2389 3258 ε
2431 3218 2860 3279 EPITAPHIUM
2886 3221 2959 3279 ‘S.
3004 3221 3310 3282 RlClIllRﬂ
3345 3223 3638 3283 ΑΒΒΑπε
3661 3266 3680 3294 ,

2135 3323 2316 3429 εδει]
2362 3326 2563 3368 VERSUS
2611 3328 2834 3370 IBTRICI
2887 3329 3039 3373 ³0881]
3084 3331 3281 3375 εΑιιοιῖ
3326 3333 3492 3378 HAG“
3535 3334 3592 3376 IN
3639 3337 3834 3378 ιΑοῑι

2290 3398 2448 3429 causa
2479 3398 2648 3429 mna
2676 3400 2732 3429 Il
2751 3401 2894 3429 nmu
2920 3403 3221 3429 ιπυιαιτιιυ
3247 3407 3373 3429 una-
3396 3406 3596 3429 man.
3630 3407 3832 3429 ..ιν-τι

2290 3398 2452 3439 εΑΡεΑ
2477 3398 2652 3439 AUIIA
2676 3400 2732 3442 ll
2751 3401 2894 3450 QUAI
2919 3403 3221 3446 REPOSITIII
3247 3407 3373 3449 "111'
3396 3406 3598 3450 conm
3628 3407 3833 3450 ωιτη

2286 3468 2558 3522 ιιιωωιιι,
2593 3471 2850 3513 ιιττειιδ
2881 3475 3077 3515 Αυιιειε
3111 3477 3353 3519 δίιυιντι.

2739 3570 2810 3628 In
2839 3574 3014 3644 {route
3040 3579 3294 3650 sepulcri.

2218 3665 2404 3722 Aurea
2437 3666 2717 3724 ctelestem
2749 3668 3070 3728 thesaurum
3095 3675 3335 3748 contegit
3353 3692 3487 3734 urna
3507 3719 3526 3752 ,

2291 3754 2568 3814 Cultorem
2595 3757 2835 3826 Domini,
2859 3763 3081 3822 nomine
3111 3765 3432 3825 Rieharium

2223 3849 2526 3908 Stemmate
2551 3851 2813 3923 praecelsa
2835 3867 3000 3924 quem
3021 3854 3251 3913 Centula
3274 3860 3499 3932 protulit
3527 3859 3668 3929 ista,

2294 3941 2509 4015 Quique
2529 3941 2636 4000 loci
2659 3953 2849 4016 pastor
2868 3944 3054 4004 ﬂoruit
3078 3951 3349 4023 egregius.

2740 4057 2809 4114 In
2849 4061 3065 4118 dextero
3099 4063 3282 4123 latere.

2222 4143 2535 4220 Postposito
2554 4149 2743 4206 mundi
2766 4167 2876 4223 quo
2901 4154 3092 4226 grandi
3115 4155 3269 4214 fulsit
3296 4157 3508 4219 honore

2295 4238 2516 4312 Amplas
2537 4240 2760 4300 divitias
2787 4247 2994 4318 sprevit
3015 4262 3206 4309 amore
3230 4250 3350 4310 Dei.

2225 4325 2325 4384 llic
2347 4343 2545 4402 corpus
2566 4336 2849 4404 proprium
2869 4335 3130 4410 frangens
3149 4343 3455 4403 certamine
3479 4348 3618 4405 duro
3640 4388 3662 4416 ,

2299 4419 2396 4478 Vir
2419 4423 2542 4494 pius
2565 4432 2624 4480 et
2655 4441 2885 4498 magnus
2908 4439 3127 4502 semper
3148 4435 3205 4488 ln
3229 4435 3367 4491 orbe
3388 4435 3538 4494 eluit.

2633 4535 2702 4593 In
2733 4538 2962 4599 culmine
2992 4559 3133 4601 arcte
3161 4546 3407 4620 desuper.

2225 4623 2327 4683 llic
2356 4626 2525 4683 vitam
2550 4628 2753 4686 functis
2791 4635 3066 4705 reparavit
3092 4679 3107 4704 ,
3143 4635 3349 4697 lumina
3376 4641 3536 4700 caecis

2151 4742 2205 4804 ι)
2296 4716 2662 4791 Leprosisque
2691 4721 2841 4780 salus
2867 4724 2973 4781 hoc
2996 4727 3278 4786 refovente
3308 4732 3472 4789 redit.

2227 4808 2427 4866 Plenus
2462 4812 2777 4881 apostolicis
2806 4815 3099 4876 virtutibus
3133 4827 3299 4893 atque
3323 4821 3555 4895 loquelis

2297 4900 2564 4959 leestes
2594 4905 2770 4961 tenuit
2799 4921 3017 4980 semper
3045 4910 3101 4965 in
3131 4924 3228 4969 ore
3257 4913 3445 4988 dapes.

2764 5016 2836 5073 In
2855 5017 3070 5076 sudare
3092 5019 3276 5080 latere.

2227 5103 2365 5160 lluic
2388 5105 2615 5164 Carolus
2634 5109 2894 5181 princeps
2927 5111 3262 5184 condignum
3287 5125 3473 5176 mente
3494 5115 3731 5193 benigna

2298 5199 2594 5258 Perticiens
2615 5203 2878 5275 templum
2905 5205 3150 5263 condidit
3174 5248 3191 5275 ,
3222 5216 3280 5264 et
3306 5209 3573 5268 tumulum

533 5304 636 5369 Qui
665 5314 790 5375 post
816 5315 1071 5376 peractos
1095 5309 1244 5390 agios
1271 5309 1447 5366 victor
1471 5311 1775 5369 ascendens
1797 5313 2100 5385 triumphos

2221 5291 2354 5349 Post
2384 5308 2688 5366 sexagenos
2718 5303 2776 5350 et
2803 5303 3026 5353 centum
3051 5299 3275 5357 circiter
3299 5316 3478 5359 annos

533 5396 697 5452 Binos
727 5397 1007 5468 bisquinos
1031 5400 1310 5466 candidos,
1356 5403 1560 5458 mundo
1595 5404 1746 5460 misit
1765 5403 2050 5476 Apostolus
2073 5446 2091 5475 ,

536 5487 777 5553 Quorum
809 5489 1070 5545 immensa
1103 5492 1269 5562 gloria
1299 5494 1585 5566 relulgebit
1605 5496 1661 5552 in
1691 5496 1908 5552 szecula.

607 5576 933 5634 Benedictus
966 5580 1219 5649 primitus
1247 5581 1422 5640 haeres
1441 5584 1646 5642 Christi
1675 5585 1915 5645 vicarius
1933 5629 1948 5656 ,

537 5667 770 5725 Sanctus
792 5670 986 5727 Petrus
1016 5674 1294 5744 apostolus
1327 5679 1502 5733 sancti
1530 5680 1711 5752 gregis
1738 5682 2050 5753 primarius.

612 5816 637 5842 ει
665 5804 740 5858 Ex
789 5807 908 5861 cod.
959 5821 1060 5862 ms.
1120 5806 1382 5867 Vaticano
1424 5811 1567 5872 3850
1614 5827 1739 5872 saec.
1797 5831 1889 5885 xi,
1932 5817 2023 5876 fol.
2057 5820 2127 5879 45

615 5947 639 5985 ι
679 5945 829 6002 Finis
851 5946 903 6003 in
933 5948 1052 6006 cod.
1085 5963 1189 6005 ms.

2291 5384 2432 5443 Cum
2455 5383 2670 5444 Domini
2693 5386 2930 5448 famulus
2949 5389 3165 5463 integer
3185 5399 3369 5449 exstat
3390 5393 3589 5453 adhuc.

2778 5497 2848 5554 In
2877 5500 3051 5570 {route
3068 5503 3284 5575 pedum.

2226 5587 2403 5661 Ipsius
2425 5597 2486 5646 ut
2517 5591 2730 5649 meritis
2755 5593 2936 5664 capiat
2967 5593 3214 5653 calestia
3239 5610 3410 5669 regna
3438 5637 3456 5664 ,

2299 5681 2596 5754 Regnaque
2620 5683 2958 5742 Francorum
2981 5702 3121 5760 pace
3149 5688 3367 5760 quietus
3393 5700 3539 5764 agat.

2303 5828 2327 5857 ε
2362 5815 2499 5897 Yide
2527 5816 2754 5897 Malui},
2773 5819 3281 5897 actasanctorum,
3307 5837 3432 5897 sate.
3475 5839 3540 5890 rt,
3582 5837 3780 5897 partes
3811 5871 3831 5896 ,

2229 5902 2352 6016 ἓξὲξ.
2385 5885 2740 6032 ίὲἓεεὲἓξθς
2769 5891 3119 5966 Spicilegium
3137 5885 3437 5965 d‘Acherii,
3461 5885 3598 5954 tota:
3614 5897 3660 5954 ιι
3697 5885 3826 5959 novi
