4092 6498
285 353 418 408 H73

1093 351 1244 409 OPP.
1286 352 1688 422 SUPPOSITA.
1727 383 1802 397 --
1835 354 1965 411 LIB.
2006 354 2095 420 DE.
2130 353 2382 419 DlVlNlS
2419 355 2725 419 OFFlClIS.

3416 358 3550 412 ll'M

281 476 557 540 auctorem
590 480 710 523 esse
744 480 1074 540 anonymum
1114 466 1348 540 Alcuino
1384 466 1859 540 antiquiorem,‘et
1884 471 1939 533 Α
1962 467 2036 524 ad
2065 468 2322 525 Carolum
2355 468 2606 540 Magnum
2630 468 3549 540 imperatorcmpcumquibusdam

279 538 348 610 ab
372 536 514 610 illius
547 546 805 593 consueto
831 534 971 608 stilo
998 537 1160 610 plane
1189 534 1609 609 discrepantem.
1641 536 1741 603 Cui
1773 534 1862 610 ju-

280 607 424 679 dicio
443 615 701 679 mostrum
731 607 947 676 quoque
979 607 1282 679 adjicirnus.

351 676 462 748 ilic,
484 678 650 747 igitur
683 678 827 748 inter
857 676 1203 748 suppoSititia
1242 676 1458 748 Alcuini
1488 676 1751 748 opuscula
1794 690 1863 733 ea

280 747 622 815 potissimum
653 747 993 811 exhibemus,
1019 764 1139 814 quze
1160 747 1231 804 cl.

278 814 501 872 editioni
522 817 760 888 Operum
782 817 928 873 beati
952 814 1165 874 Alcuini
1190 818 1357 871 variis
1377 816 1513 872 locis
1532 814 1783 888 inser—uit,
1805 824 1862 872 et

277 900 399 954 quae
428 903 460 942 ι
504 888 640 943 viris
680 888 907 944 eruditis
942 888 1106 943 etiam
1142 888 1198 948 in
1244 889 1349 942 hac
1396 896 1582 943 nostra
1623 887 1861 944 editione

278 966 500 1024 possent
545 958 860 1014 desiderari.
914 955 1153 1012 Primum
1197 958 1318 1023 erit,
1373 956 1516 1012 liber
1544 956 1614 1012 de
1660 955 1860 1012 divinis

276 1024 518 1095 Ofﬁciis;
552 1028 806 1097 alterum,
835 1027 1065 1100 epistola
1106 1028 1175 1082 de
1214 1026 1568 1087 Caeremoniis
1598 1025 1862 1098 Baptismi

1259 747 1637 818 Quercetanus
1669 747 1864 818 prima:

1963 540 2228 596 connexis
2248 538 2465 595 noviter
2482 538 2742 605 repertis;
2771 538 3013 605 tertium,
3046 538 3169 595 Vita
3192 538 3549 602 Antichristi;

1963 552 2228 596 connexis
2248 552 2461 595 novrter
2482 552 2742 662 repertis;
2771 552 3013 605 tertium,
3052 552 3169 595 Vita
3192 552 3549 602 Antichristi;

1963 609 2515 688 quartquhorniljm
2531 609 2913 688 “enativitate
2942 608 3177 688 Domini,
3201 609 3269 688 de
3296 606 3552 688 purifica-

1961 679 2111 733 tione
2139 677 2200 731 B.
2232 677 2297 734 γ.
2328 678 2493 740 M.,de
2530 676 2826 733 Nativitate
2852 676 3093 745 ejusdem
3121 683 3176 732 et
3201 677 3271 732 de
3296 676 3553 733 omnibus

1961 747 2203 812 sanctis;
2244 748 2517 817 quintum,
2552 746 2807 817 Carmina
2852 747 3105 817 quaedam
3148 746 3415 817 quantum
3436 746 3556 817 ﬁeri

1964 817 2160 887 potuit,
2176 815 2278 893 _ad_
2294 832 2424 893 suos
2450 826 2702 874 auctores
2724 815 3053 873 referuntur.
3080 815 3181 893 Ad'
3197 816 3413 893 singula
3434 816 3555 893 haec

1966 885 2226 962 opuscula
2276 887 2741 962 addemus,__rnore
2779 895 2989 962 nostro,
3014 887 3221 962 monita
3244 885 3554 962 proerudi-

1966 952 2115 1038 tione
2148 967 2245 1012 aut
2285 956 2507 1037 illorum
2539 955 2903 1014 illustrations
2947 952 3265 1033 servientis:
3297 952 3385 1011 Sit
3420 969 3559 1028 ergo

1968 1034 2187 1082 initium
2216 1042 2245 1081 a
2273 1034 2473 1099 primo.

806 1334 1004 1459 DE
1100 1328 1702 1462 DIVINIS
1798 1326 2471 1456 OFFICIIS
2561 1328 3078 1457 LIBER.

599 1660 760 1733 ἀει
810 1657 1128 1720 nonnon
1172 1657 1532 1724 rnmvmn.

344 1774 450 1831 isto
470 1772 538 1828 de
561 1771 759 1829 divinis
798 1771 1007 1828 Ofﬁciis
1039 1771 1179 1827 liber
1200 1772 1377 1841 primo
1401 1772 1502 1828 sub
1524 1770 1738 1826 Alcuini
1765 1788 1864 1828 no-

274 1847 441 1910 mine,
465 1845 608 1902 inter
643 1842 747 1899 alia
764 1841 1007 1912 ejusdem
1067 1843 1249 1898 eneris
1272 1844 1380 1897 scri
1422 1852 1475 1897 ta
1492 1842 1739 1912 vulgatus
1761 1841 1864 1900 fuit

277 1916 513 1967 Colonia!
539 1929 683 1967 anno
713 1912 851 1967 1568
880 1928 1011 1967 cura
1033 1858 1351 1967 ilelcbioris
1371 1858 1630 1967 [gistornii
1656 1931 1670 1966 :
1699 1928 1863 1967 nuem

277 1916 513 1972 Colonia:
539 1929 683 1971 anno
713 1912 851 1970 1568
880 1928 1011 1971 cura
1044 1912 1351 1968 Melchioris
1371 1912 1670 1983 Historpii:
1699 1928 1863 1982 quem

274 1986 527 2054 deinceps
553 1984 616 2038 Ι).
648 1983 1021 2053 Quercetanus
1048 1983 1173 2054 inde
1192 1983 1527 2054 descriptum
1558 1982 1800 2043 collectis
1827 1999 1861 2040 a

276 2072 336 2112 se
356 2053 499 2112 beati
527 2054 741 2110 Aleuini
776 2054 1043 2123 Operibus
1093 2053 1343 2119 inseruit,
1366 2053 1565 2108 additis
1588 2055 1861 2111 nonnullis

274 2126 710 2185 correctionibus
734 2133 793 2182 et
813 2125 1040 2194 integris
1056 2124 1344 2195 duodecim
1370 2123 1646 2195 capitulis,
1671 2126 1740 2180 ad
1769 2140 1861 2181 ve-

277 2197 408 2259 tusti
429 2196 636 2254 codicis
660 2210 763 2253 ms.
796 2192 978 2252 iidem.
1030 2194 1255 2250 Fatetur
1295 2192 1542 2251 vero'ci.
1592 2195 1771 2250 editor
1802 2196 1859 2251 in

275 2264 600 2323 l’razfatione
642 2281 760 2330 sua,
792 2282 942 2321 num.
991 2266 1056 2320 Π
1099 2266 1247 2335 circa
1277 2263 1472 2331 tinem,
1513 2264 1860 2335 conjecturas

276 2338 378 2393 sibi
406 2338 667 2408 quasdam
699 2336 930 2408 haerere,
958 2337 1103 2391 hunc
1131 2334 1329 2408 librum
1359 2336 1429 2391 ab
1448 2334 1696 2408 _Alcu_ino
1720 2351 1859 2408 nun-

275 2405 441 2479 quani
466 2408 633 2463 fuisse
675 2406 1041 2479 conscriptum
1056 2423 1125 2479 ς]
1156 2406 1360 2461 Auctor
1374 2406 1517 2479 enim
1546 2405 1689 2460 illius
1710 2446 1726 2471 ,
1768 2406 1858 2461 in-

274 2476 411 2549 quit.
445 2478 814 2550 quisquissit,
838 2477 1025 2550 Gallim
1068 2478 1344 2533 Braceatac
1374 2476 1607 2550 incolam
1634 2491 1693 2531 se
1736 2491 1859 2547 pro-

276 2546 616 2631 t‘ieturtcap.
630 2547 1142 2631 _58)_cxempiarque_
1157 2556 1371 2631 vetusto
1394 2546 1533 2618 stle
1548 2546 1853 2631 exaratum,

273 2616 581 2691 (τιιὶυςνόρέ
612 2616 1178 2691 duodecimfcapitula
1230 2616 1853 2691 integra‘restjtuimus,

272 2688 1021 2762 quastionemdejataiitiis
1049 2688 1361 2762 sanctorum
1386 2703 1505 2762 cap.
1540 2688 1608 2743 18
1631 2688 1857 2762 s_ubjun-

273 2758 415 2818 ctam
450 2761 674 2821 ascribit
714 2760 957 2831 Etperico
995 2760 1287 2821 monacho,
1316 2760 1411 2829 qui
1456 2759 1613 2828 juxta
1640 2758 1857 2831 Trithe-

274 2832 441 2890 mium
466 2831 648 2887 ﬂoruit
687 2829 829 2887 anno
868 2831 1025 2887 1040.
1056 2831 1125 2885 Ει
1161 2831 1463 2885 demum-in
1506 2845 1594 2895 eo,
1625 2844 1745 2900 cap.
1783 2829 1856 2884 5'2

272 2903 583 2960 festivitatis
632 2903 874 2961 omnium
914 2909 1222 2958 sanctorum
1283 2900 1552 2955 institutio
1600 2899 1854 2955 Kalendis

274 2974 669 3029 Novembribus
696 2980 1031 3027 memoratur
1052 3012 1067 3036 ,
1098 2986 1205 3041 quo
1233 2970 1319 3041 die
1339 2979 1517 3041 tamen
1547 2984 1669 3041 eam
1696 2972 1853 3041 longe

273 3054 395 3115 post
422 3044 635 3100 Alcuini
658 3044 862 3099 obitum
894 3044 949 3098 in
978 3040 1152 3115 Callia
1180 3049 1243 3115 et
1256 3040 1550 3115 Cet-mania
1585 3040 1849 3115 celebrari

1892 1638 1941 1701 Β
1968 1634 2205 1691 cundum
2248 1634 2384 1690 alios
2416 1649 2563 1701 vero,
2595 1648 2740 1691 anno
2767 1636 3060 1707 quinquies
3099 1637 3412 1713 millesimo,
3432 1655 3559 1698 ceno

1969 1722 2165 1778 tesimo
2197 1721 2551 1792 nonagesimo
2608 1736 2789 1788 nono,
2850 1724 2945 1793 qui
2991 1732 3077 1786 cst
3126 1740 3301 1783 anuus
3341 1726 3557 1799 imperii

1963 1808 2247 1867 Octaviani
2267 1808 2498 1865 Caesaris
2518 1809 2747 1880 Augusti
2771 1813 3220 1885 quadragesimus
3262 1816 3556 1885 secundus,

1961 1917 2071 1973 quo
2099 1902 2429 1971 compressis
2448 1907 2771 1957 cunctarum
2800 1917 2899 1972 per
2920 1902 3110 1961 orbem
3136 1912 3295 1969 terra;
3312 1906 3556 1978 gentium

1961 1994 2223 2064 motibus,
2255 1992 2621 2050 ﬁrmissimam
2649 2008 2867 2064 pacem,
2894 1995 3178 2051 ordinante
3208 1997 3321 2054 Deo
3348 1996 3510 2059 Patre
3536 2039 3571 2064 ,.

1958 2086 2118 2145 Iesus
2145 2086 2394 2146 Christus
2416 2092 2627 2142 sextam
2658 2085 2843 2141 mundi
2868 2093 3086 2142 aetatem
3138 2103 3241 2144 suo
3268 2102 3556 2153 consensa-

1960 2179 2040 2232 vit
2063 2178 2321 2239 adventu.
2367 2174 2634 2245 Quocirca
2661 2190 2960 2248 congruum
2980 2186 3119 2244 erat,
3148 2187 3209 2237 ut
3225 2194 3328 2250 pax
3354 2194 3452 2250 per
3471 2188 3557 2238 to-

1960 2276 2077 2330 tum
2108 2267 2301 2324 orbem
2328 2266 2626 2325 constituta
2659 2274 2825 2333 esset,
2856 2274 2912 2323 et
2956 2269 3203 2332 homines
3250 2270 3556 2342 perduelles

1958 2366 2238 2416 cessarent
2261 2372 2297 2413 a
2320 2356 2478 2413 bellis
2503 2365 2560 2413 et
2588 2356 2907 2413 inimicitiis.
2928 2358 3040 2415 Viae
3062 2374 3280 2430 quoque
3311 2361 3547 2431 publica:

1960 2460 2089 2507 tunc
2124 2457 2255 2507 tutae
2283 2449 2403 2507 ﬁeri
2426 2456 2553 2505 sunt
2572 2448 2760 2518 jussae,
2796 2448 2924 2521 quia
2953 2451 3236 2508 verissima
3282 2452 3370 2509 via
3398 2452 3557 2509 debe-

1956 2544 2051 2599 bat
2078 2544 2227 2601 nasci
2254 2562 2267 2598 :
2297 2552 2355 2599 et
2380 2553 2439 2599 ut
2459 2544 2527 2599 ab
2551 2544 2803 2600 omnibus
2843 2546 3110 2615 potuisset
3128 2545 3368 2617 agnosci,
3390 2546 3571 2603 homo.

1958 2635 2076 2693 lieri
2108 2638 2359 2709 dignatus
2394 2647 2495 2692 est.
2546 2636 2615 2693 Ut
2644 2639 2791 2693 enim
2824 2638 2946 2695 illos
3000 2638 3388 2709 alloquerctur,
3421 2639 3558 2700 Ver-

1954 2728 2085 2784 bum
2113 2744 2244 2785 caro
2268 2728 2473 2788 factum
2505 2740 2605 2785 est.
2636 2727 2743 2785 Sed
2765 2738 3059 2800 antequam
3095 2746 3163 2786 ex
3190 2731 3399 2804 virgine
3426 2746 3555 2788 nas-

1956 2829 2194 2886 ceretur,
2224 2826 2477 2890 portenta
2501 2827 2557 2875 et
2584 2820 2738 2893 signa
2764 2819 2821 2875 in
2848 2820 2992 2876 etelo
3017 2822 3148 2877 etin
3179 2828 3325 2877 terra
3362 2829 3555 2894 patue-

1960 2918 2107 2969 runt.
2134 2908 2382 2977 Quadam
2416 2924 2651 2981 namque
2673 2909 2761 2964 die
2787 2924 2911 2965 cum
2941 2907 3123 2967 Cmsar
3165 2908 3442 2981 Augustus
3462 2925 3558 2964 ur-

1955 3004 2079 3060 bem
2108 3002 2338 3058 Romam
2368 3001 2765 3074 ingrederetur,
2791 3002 2928 3062 hora
2965 3001 3185 3061 circiter
3208 3001 3315 3066 diei
3346 3002 3504 3059 tertia
3536 3041 3554 3069 ,

272 3082 949 3187 "iiii;
1881 3092 1927 3154 C
1957 3104 2179 3187 repente
2200 3094 2404 3187 liquido
2429 3109 2494 3187 ac
2522 3108 2718 3187 sereno
2746 3092 2888 3150 cmlo
2928 3082 3103 3187 instar
3126 3109 3288 3150 arcus
3308 3093 3552 3151 cmlestis

273 3183 460 3243 scitur.
496 3206 515 3239 ι
560 3184 667 3249 Sed
690 3186 807 3240 haec
832 3184 1017 3239 ultima
1048 3184 1188 3238 ratio
1216 3183 1429 3240 inﬁrma
1454 3190 1735 3253 cst,prout
1756 3198 1854 3238 no-

274 3259 509 3313 tavimus
535 3257 602 3311 ad
631 3255 789 3327 epist.
821 3255 912 3320 9|,
940 3256 1007 3327 ad
1028 3254 1323 3327 Arnonem,

340 3327 605 3383 Convenit
634 3321 768 3382 vero
805 3339 950 3380 nunc
997 3326 1141 3380 inter
1173 3322 1419 3380 eruditos
1452 3321 1653 3378 librum
1707 3324 1853 3380 hunc

272 3398 555 3456 dedivinis
581 3395 777 3452 ciliciis
814 3395 981 3450 fctum
1030 3411 1137 3451 non
1163 3409 1285 3465 esse
1341 3393 1598 3459 Alcuini,
1651 3396 1854 3465 partim

272 3468 416 3539 quod
443 3469 613 3523 multa
637 3468 712 3527 ibi
751 3467 1093 3539 reperiantur
1120 3463 1349 3539 Alcuino
1382 3465 1622 3536 indigna,
1652 3463 1851 3535 partim

272 3535 415 3610 quod
434 3540 632 3610 scripta
679 3535 923 3610 quantam
971 3538 1202 3610 inserta_
1222 3535 1537 3597 habeantur,
1568 3542 1850 3610 auctorum

272 3603 372 3665 sevi
404 3603 742 3675 posterioris.
789 3623 810 3659 t
848 3608 943 3660 Est
987 3622 1114 3675 ergo
1150 3606 1242 3662 hic
1297 3612 1562 3660 tractatus
1596 3624 1643 3669 ι,
1668 3603 1853 3674 judice

274 3680 341 3737 D.
378 3675 686 3735 Mabillonio
713 3679 833 3735 Act.
888 3677 988 3732 SS.
1027 3679 1091 3732 0.
1124 3676 1182 3731 S.
1222 3675 1309 3741 B.,
1339 3690 1466 3732 saec.
1507 3690 1581 3741 tv,
1612 3684 1767 3745 parte
1792 3691 1809 3729 ι
1832 3715 1850 3741 ,

274 3752 331 3805 in
368 3751 518 3820 Elog.
550 3746 697 3804 beati
724 3747 1130 3820 Alcuiiii,‘nuin.
1165 3746 1252 3811 16,
1273 3762 1396 3817 pag.
1424 3746 1547 3809 {85,
1583 3744 1852 3820 {farrago

273 3837 338 3875 cx
366 3817 596 3877 diversis
626 3821 795 3888 ipsius
816 3817 1028 3873 Alcuini
1057 3819 1393 3888 aliorumque
1424 3826 1709 3888 auctorum
1734 3817 1852 3885 ipso

273 3892 632 3962 posteriorum
647 3886 887 3962 scriptis
902 3888 1166 3962 collecta.
1190 3886 1327 3942 Nam
1348 3894 1511 3962 caput
1535 3887 1605 3962 {i0
1625 3895 1714 3962 est
1744 3897 1852 3962 tra-

272 3956 452 4017 ctatus
484 3961 717 4031 Remigii
741 3956 1201 4031 Autisiodorensis
1244 3956 1493 4031 monachi
1518 3956 1852 4031 de__E_xposi7

276 4034 422 4089 tione
450 4031 629 4088 missa:
648 4027 666 4086 Ξ
686 4039 743 4096 et
767 4031 820 4084 in
837 4045 957 4099 cap.
986 4031 1051 4086 18
1082 4029 1317 4083 refertur
1342 4027 1568 4099 epistola
1586 4027 1853 4099 ljelperici

274 4102 546 4170 monachi,
575 4100 669 4171 qui
692 4097 919 4165 videtur
930 4115 1050 4156 esse
1065 4097 1568 4171 Hilpericus‘sancti
1580 4097 1720 4154 Galli
1736 4112 1853 4155 mo-

274 4174 482 4230 nachus
530 4168 655 4228 szec.
710 4188 802 4236 xl,
853 4171 999 4241 quod
1045 4178 1099 4224 et
1130 4168 1505 4241 Quercetanus
1546 4168 1661 4241 jam
1689 4176 1849 4223 nota-

272 4246 370 4299 vit.
411 4244 579 4299 Porro
621 4240 885 4297 tractatus
932 4240 1019 4295 ille
1069 4241 1249 4309 inepta
1284 4240 1529 4309 quaedam
1556 4240 1632 4309 let
1671 4247 1853 4309 errata

273 4314 515 4371 continet
558 4313 785 4369 Alcuino
831 4311 1075 4382 indigna;
1122 4308 1284 4382 quale
1310 4308 1398 4363 est
1443 4308 1574 4366 illud
1600 4308 1773 4382 quod_
1797 4309 1853 4382 in

274 4399 393 4468 cap.
423 4386 451 4440 1
473 4384 695 4469 legitur,
713 4377 1325 4469 .Christunirpominumj
1356 4389 1544 4469 patum
1584 4377 1704 4469 esse
1718 4377 1857 4469 1βαι--

1953 3184 2144 3239 orbem
2170 3182 2303 3239 solis
2343 3181 2553 3238 ambire
2578 3182 2730 3237 visus
2763 3189 2888 3237 est:
2926 3180 3080 3236 illum
3120 3195 3316 3254 nempe
3356 3195 3556 3253 praesa-

1953 3275 2129 3347 giens,
2160 3274 2256 3344 qui
2280 3274 2459 3349 ipsum
2496 3273 2670 3330 solem
2699 3271 3069 3342 mundumque
3110 3280 3282 3327 totum
3311 3279 3368 3328 et
3394 3271 3556 3329 fecis-

1953 3373 2039 3428 set
2064 3372 2122 3422 et
2148 3370 2383 3436 regeret.
2416 3363 2492 3418 Ea
2518 3362 2788 3433 siquidem
2837 3369 3156 3437 tempestate
3179 3360 3399 3429 triginta
3423 3362 3554 3416 mil-

1952 3456 2023 3512 lia
2058 3470 2341 3520 servorum
2379 3455 2615 3513 dominis
2658 3453 2916 3509 reddidit.
2963 3451 3093 3510 Tria
3142 3453 3311 3510 millia
3339 3454 3505 3509 etiam
3530 3495 3549 3521 ,

1951 3564 2184 3619 quorum
2197 3546 2404 3613 domini
2425 3563 2532 3605 non
2555 3546 2866 3612 exstabant,
2884 3545 2937 3600 in
2950 3559 3169 3603 crucem
3192 3546 3323 3616 egit.
3343 3544 3553 3602 Deinde

1950 3656 2122 3698 ovans
2171 3640 2365 3711 urbem
2395 3638 2694 3712 ingressus,
2728 3637 2910 3692 omnia
2952 3636 3131 3710 populi
3181 3638 3413 3694 Romani
3462 3639 3553 3692 dc-

1952 3733 2067 3788 bita
2096 3732 2338 3797 donavit,
2368 3730 2588 3787 abolitis
2612 3729 2827 3784 litteris.
2858 3727 2965 3795 Per
3004 3728 3146 3785 idem
3183 3738 3399 3804 tempus
3431 3728 3557 3789 fons

1951 3820 2057 3877 olei
2091 3820 2431 3893 largissimus
2454 3820 2522 3876 de
2544 3820 2771 3876 taberna
2814 3820 3093 3876 meritoria
3124 3834 3222 3891 per
3258 3829 3430 3877 totum
3452 3819 3554 3877 lius-

1954 3915 2033 3969 xit
2058 3914 2240 3981 diem,
2299 3911 2557 3969 nimirum
2586 3911 2787 3969 Christi
2836 3911 3070 3981 gratiam
3119 3912 3434 3987 signiﬁcans
3478 3929 3551 3971 ex

1952 4006 2141 4061 eadem
2177 4004 2426 4073 taberna,
2453 4004 2557 4058 hoc
2587 4011 2693 4069 est,
2714 4002 2868 4076 larga
2889 4001 3167 4077 Ecclesia,
3187 4018 3359 4061 novos
3384 4018 3553 4079 popu-

1952 4094 2035 4152 los
2065 4110 2134 4151 ex
2166 4093 2421 4167 gentibus
2442 4107 2818 4165 processuros.
2844 4092 2907 4150 In
2941 4092 3126 4149 multis
3150 4095 3351 4152 etenim
3380 4080 3551 4167 signis

1951 4186 2181 4259 Augusti
2230 4184 2464 4242 Ctesaris
2488 4226 2504 4252 ,
2559 4183 2827 4240 adventus
2889 4184 3091 4241 Christi
3144 4184 3547 4258 designabatur.

1956 4275 2113 4333 Unde
2142 4276 2280 4331 bene
2304 4275 2488 4331 Caesar
2511 4274 2787 4345 possessio
2818 4275 3151 4346 principalis,
3175 4275 3450 4348 Augustus
3468 4290 3553 4331 so-

1955 4367 2210 4424 lemniter
2234 4373 2388 4421 stans
2433 4366 2841 4437 interpretatur.
2885 4365 3141 4434 Quinimo
3164 4364 3441 4423 Christum
3459 4381 3551 4423 ex-

272 4449 420 4533 picto
436 4463 485 4510 et
517 4449 795 4508 Camerino
830 4450 1161 4533 innantibus,
1185 4449 1328 4533 quod
1358 4450 1679 4533 (alsum_cst.
1698 4450 1853 4533 .ltem

1958 4461 2221 4533 primens,
2253 4460 2348 4531 qui
2380 4459 2565 4515 omnia
2618 4460 2933 4517 solemniter
2959 4462 3220 4533 possidet,
3250 4475 3551 4533 omnesque

274 4519 607 4597 baptizatum
644 4538 783 4577 anno
828 4521 1021 4597 Tiberii
1047 4521 1121 4597 15
1141 4561 1155 4587 ,
1183 4519 1490 4597 _Valerignq
1528 4529 1577 4597 e_t
1622 4519 1849 4597 Asiatico

275 4588 575 4651 consulibus
603 4608 622 4647 :
651 4609 775 4649 cum
811 4592 992 4647 dicere
1038 4590 1335 4657 debuisset,
1380 4588 1590 4644 Valeria
1626 4590 1853 4646 Asiatico

275 4676 323 4721 et
352 4664 583 4721 Messala
622 4663 943 4727 consulibus,
964 4663 1058 4732 qui
1094 4671 1274 4717 tamen
1295 4660 1544 4732 consules
1570 4676 1676 4732 non
1698 4667 1857 4732 erant

276 4751 419 4792 anno
440 4736 639 4791 Tiberii
673 4734 759 4788 l5.
788 4730 1008 4803 Accedit
1054 4732 1199 4803 quod
1238 4731 1471 4802 scriptor
1517 4730 1621 4785 iste
1644 4730 1856 4803 Pascha

277 4790 520 4866 Graecam
552 4790 736 4860 vocem
758 4819 879 4859 esse
905 4790 1284 4869 di‘catfcontra
1309 4790 1620 4871 expressam
1644 4790 1855 4871 chuini

278 4878 599 4933 sententiam
632 4875 724 4929 lib.
768 4890 819 4927 vr
858 4874 911 4927 in
953 4871 1135 4935 Joan.,
1166 4886 1285 4942 cap.
1324 4870 1414 4935 52,
1444 4871 1536 4925 ubi
1584 4870 1640 4942 ai
1684 4888 1697 4902 ο
1729 4870 1858 4925 Pas-

278 4950 406 5013 cha,
443 4948 660 5010 fratres,
684 4961 789 5000 non
826 4945 966 4999 sicut
986 4943 1207 5012 quidam
1232 4940 1573 5013 existimant,
1608 4940 1858 4996 (Laecam

281 5012 477 5075 nomen
504 5026 608 5082 est,
636 5016 731 5071 sed
758 5013 1184 5083 llebracum,etc.
1220 5033 1239 5067 ι
1284 5012 1476 5068 Merito
1498 5012 1666 5083 igitur
1684 5018 1859 5066 totum

280 5102 416 5158 opus
445 5081 958 5156 inter'supposititia
984 5081 1249 5151 rejicitur.

866 5189 1270 5207 ’.ι-ἥ

679 5264 844 5343 462
872 5262 1101 5321 CAPUT
1138 5259 1429 5318 paruum.

537 5395 639 5436 συιι
678 5393 970 5435 κλτινιτλδ
1004 5392 1189 5435 DOIINI
1228 5388 1599 5431 εειειιιιετυῑ.

355 5470 735 5529 Sacratissima
789 5467 949 5538 hujus
998 5467 1106 5522 diei
1154 5466 1413 5524 nativitas
1454 5464 1577 5519 ideo
1625 5463 1864 5532 dicitur,

284 5563 429 5633 quod
456 5563 513 5619 in
534 5576 599 5618 ea
620 5571 783 5617 natus
814 5568 899 5617 est
922 5560 1192 5624 Christus,
1223 5573 1367 5614 anno
1414 5556 1666 5611 videlicet
1710 5554 1868 5624 juxta

286 5652 604 5711 Hebraicam
633 5649 918 5708 veritatem
939 5688 956 5716 ,
995 5665 1027 5705 a
1058 5648 1369 5705 conditione
1396 5647 1583 5701 mundi
1631 5654 1716 5701 ter
1745 5644 1865 5699 mil-

289 5742 502 5813 lesimo,
529 5741 939 5814 nongentesimo
971 5740 1419 5814 quinquagesimo
1469 5736 1738 5805 secundo;
1788 5751 1869 5793 se-

1959 4552 2298 4623 principatus
2321 4550 2692 4623 potentialiter
2711 4552 2941 4609 obtinet.
2965 4553 3199 4625 Cyrinus
3213 4568 3430 4626 prmscs,
3455 4553 3565 4623 qui'

1961 4642 2136 4697 haeres
2162 4642 2573 4713 interpretatur,
2599 4641 2874 4715 signiﬁcat
2923 4642 3169 4715 Petrum,
3193 4643 3280 4701 cui
3320 4642 3552 4700 haeredi-

1961 4738 2046 4786 tas
2066 4730 2323 4787 Ecclesia:
2340 4745 2372 4785 a
2395 4731 2624 4788 Domino
2652 4732 2846 4804 largita
2875 4741 2978 4789 est.
3004 4732 3194 4805 Itaque
3235 4748 3359 4791 cum
3402 4734 3550 4789 exis-

1962 4828 2046 4875 set
2072 4821 2309 4876 exiictum
2348 4837 2380 4876 a
2412 4821 2640 4892 praefato
2665 4821 2898 4888 Cassare,
2922 4830 2983 4888 ut
3006 4823 3409 4883 describeretur
3431 4823 3552 4878 uni-
3582 4870 3583 4873 η

1960 4924 2153 4966 versus
2182 4909 2349 4975 orbis,
2381 4910 2674 4981 pradictus
2710 4910 2945 4982 Cyrinus
2972 4911 3041 4968 ad
3067 4909 3307 4967 Judzeam
3352 4911 3551 4967 missus

1961 5013 2068 5073 est,
2099 5018 2295 5062 census
2332 5004 2615 5067 hominum
2660 5004 3135 5075 possessionesque
3159 4999 3580 5075 descriptum!

1965 5096 2021 5152 In
2043 5086 2150 5166 qua
2173 5094 2535 5165 descriptione
2562 5094 2780 5149 inventa
2807 5101 2933 5151 sunt
2962 5094 3161 5155 civium
3182 5094 3549 5151 Romanorum

1964 5186 2292 5257 quadragies
2314 5183 2483 5240 semei
2513 5190 2762 5249 centena,
2787 5192 2843 5238 et
2870 5184 3152 5257 sexaginta
3170 5194 3406 5255 quatuor
3428 5184 3553 5240 mil-

1966 5278 2037 5333 lia
2059 5276 2284 5333 coloniae
2305 5274 2567 5333 deductm.
2612 5273 2747 5330 Nam
2772 5284 2933 5330 antea
2955 5274 3099 5332 idem
3139 5275 3324 5333 Caesar
3374 5277 3554 5333 omni-

1966 5370 2069 5425 bus
2089 5367 2458 5438 prohibuerat,
2480 5374 2541 5422 ut
2557 5380 2718 5422 nemo
2745 5365 2897 5435 illum
2930 5364 3209 5437 dominum
3230 5382 3395 5421 ausus
3418 5364 3553 5423 {uiso

1967 5468 2051 5515 set
2069 5458 2339 5530 appellare
2361 5458 2433 5514 ob
2451 5458 2528 5523 id,
2548 5457 2677 5530 quia
2695 5471 2761 5512 eo
2786 5458 3089 5532 imperante
3130 5458 3282 5517 nasci
3321 5458 3550 5513 deberet

1968 5552 2059 5607 ille
2078 5551 2397 5606 verissimus
2442 5549 2705 5605 Dominus
2729 5550 2935 5623 pariter
2962 5556 3018 5606 et
3037 5548 3354 5622 imperator.
3411 5547 3551 5604 Con-

1969 5651 2157 5712 ceptus
2180 5654 2415 5712 namque
2449 5641 2685 5699 traditur
2705 5646 2899 5709 octavo
2920 5637 3146 5701 Kalend.
3174 5638 3367 5713 Apr-ib,
3388 5653 3423 5693 a
3442 5653 3551 5709 quo

1970 5716 2325 5808 supputantur
2369 5733 2487 5789 dies
2529 5732 2747 5790 ducenti
2793 5733 3132 5809 septuaginta
3157 5748 3255 5791 sex
3276 5772 3292 5800 ,
3343 5730 3396 5787 id
3420 5739 3507 5785 est
3529 5769 3549 5796 ,
