4092 6520
525 258 664 314 1175
1363 261 1422 314 Β.
1467 261 1525 314 F.
1566 260 1792 316 ALBINI
1833 259 1966 316 SEU
2004 251 2282 318 ALCUINI
2336 261 2624 321 OPERUM
2659 261 2842 319 PARS
2877 262 2968 318 IX.
3651 261 3807 322 H76

519 391 734 433 menses
761 389 982 439 novem.
1036 384 1091 430 et
1139 373 1255 431 dies
1302 383 1509 443 septem
1544 390 1714 444 usque
1757 375 1825 430 ad
1852 382 2106 431 octavum
2134 377 2185 440 Δ
2212 377 2406 444 noctis,
2441 386 2497 435 et
2530 386 2733 433 canunt
2756 378 3149 444 invitatoriam,
3184 387 3239 434 et
3268 388 3671 451 prosequuntur
3694 397 3806 436 or-

518 466 744 525 Kalend.
794 464 1082 522 Ianuarias
1108 507 1124 529 ,
1175 465 1388 534 quando
1410 466 1650 520 creditur
1671 473 1829 519 natus
1872 464 2105 533 Sulpitio
2201 467 2380 523 dinem
2410 468 2787 538 Antiphonarii
2813 487 2827 522 :
2853 470 2997 525 unde
3016 471 3181 525 etiam
3212 471 3374 541 dupla
3397 471 3572 527 oﬂicia
3598 475 3651 528 in
3673 472 3800 529 Ro-

518 569 578 615 et
600 557 890 614 Camerino
914 570 940 597 ι
965 571 1115 612 cons.
1153 555 1513 626 Aptissimum
1543 571 1774 628 namque
1793 563 1934 619 erat,
1958 564 2019 610 ut
2040 569 2106 609 eo
2203 570 2486 611 manorum
2509 556 2914 628 Antiphonariis
2939 559 3045 613 hac
3075 567 3234 615 nocte
3253 560 3650 616 describuntur.

523 657 767 719 tempore
792 655 939 702 esset
969 651 1282 714 conceptus,
1311 660 1420 714 quo
1440 646 1674 700 mundus
1699 660 1799 717 per
1822 644 1995 716 ipsum
2021 642 2106 700 {a-

525 745 648 792 ctus
667 743 772 801 est,
802 743 858 793 et
882 734 938 790 in
967 749 1076 804 quo
1113 734 1324 789 fructus
1348 745 1504 788 terrae
1534 733 1944 805 signiﬁcantur:
1974 741 2031 789 et
2052 734 2108 788 in

524 827 720 884 eodem
741 835 922 891 natus,
952 840 1062 896 quo
1098 827 1296 880 crescit
1337 823 1615 895 longitudo
1663 825 1790 890 diei,
1825 831 1884 880 et
1933 823 2110 880 noctis

527 918 767 975 tenebrz
791 918 1183 973 diminuuntur.

601 1007 711 1067 Sed
729 1009 1074 1080 quaerendum
1102 1017 1210 1076 est,
1240 1022 1364 1065 cum
1389 1009 1445 1064 in
1474 1015 1634 1064 nocte
1667 1007 1882 1064 dicatur
1916 1012 2108 1072 natus,

527 1115 630 1155 cur
661 1099 887 1171 angelus
931 1099 1240 1170 pastoribus
1287 1099 1714 1172 evangelizabat,
1741 1098 1969 1153 dicens:
1996 1094 2114 1151 Na-

529 1208 615 1251 tus
641 1204 718 1251 est
742 1194 885 1251 vobis
901 1195 1054 1249 hodie
1085 1192 1332 1249 Salvator
1353 1192 1504 1261 (Luc.
1536 1208 1596 1258 ιι,
1623 1193 1750 1262 li)?
1779 1191 1949 1247 Hodie
1967 1191 2114 1246 enim

532 1287 688 1352 dixit,
717 1288 822 1343 hoc
840 1294 942 1351 est,
969 1287 1022 1341 in
1051 1286 1137 1340 die
1157 1283 1292 1340 Novi
1315 1283 1666 1348 Testamenti,
1695 1284 1912 1353 quando
1950 1280 2114 1337 ﬁnem

531 1375 850 1451 ignorantia
869 1378 1107 1434 tenebris
1151 1376 1319 1440 dedit,
1353 1383 1409 1430 et
1433 1374 1646 1429 initium
1699 1373 1942 1430 scientia:
1979 1371 2116 1426 lucis

531 1469 732 1540 piisuit.
756 1467 863 1524 Sed
887 1476 943 1523 et
963 1471 1066 1523 hoc
1087 1466 1459 1528 conveniebat,
1491 1472 1552 1518 ut
1582 1465 1726 1519 circa
1757 1462 1901 1518 illam
1925 1460 2116 1518 horam

532 1559 710 1614 noctis
742 1565 1056 1614 nasceretur
1079 1597 1096 1624 ,
1147 1571 1254 1626 qua
1284 1570 1314 1608 a
1342 1555 1570 1610 mortuis
1605 1551 1923 1609 resurrexit.
1962 1549 2120 1608 Unde

2725 668 2886 742 ωδ
2924 669 3153 728 carm
3189 671 3255 728 ιι.

2733 757 2799 796 νε
2834 756 3255 800 οιιιοωιοιειοκιι.

2277 827 2404 886 ﬂare
2424 831 2766 888 circumcisio
2807 833 2942 889 nihil
2966 833 3112 889 aliud
3159 843 3261 900 est,
3290 834 3396 892 nisi
3426 834 3694 893 abscissio
3734 836 3806 893 i

2207 931 2371 976 carne
2414 920 2683 992 praeputii,
2707 919 2852 992 quod
2903 922 3034 979 solis
3071 922 3272 981 Judzeis
3323 925 3644 997 imperatum
3671 933 3799 983 est:

2205 1010 2352 1066 unde
2377 1009 2540 1066 etiam
2569 1011 2638 1068 ab
2685 1011 2959 1069 Abraham
2985 1015 3216 1086 sumpsit
3243 1016 3480 1084 initium,
3507 1019 3651 1089 quod
3679 1019 3734 1075 ei
3761 1033 3811 1075 a

2210 1099 2442 1158 Domino
2463 1111 2792 1174 pmceptum
2815 1112 2901 1161 est
2924 1123 2939 1158 :
2974 1104 3388 1163 Circumcidetar
3407 1125 3474 1164 ea:
3489 1109 3630 1165 nobis
3641 1126 3810 1166 om

2212 1187 2583 1258 masculinum,
2609 1201 2657 1247 et
2685 1193 2865 1263 infans
2899 1203 3016 1250 octo
3058 1196 3264 1251 dierum
3293 1199 3702 1255 circumcidet"
3737 1201 3809 1255 iss

2213 1278 2354 1333 nobis
2392 1277 2545 1350 (Gen.
2598 1297 2736 1350 xm,
2762 1282 2851 1350 l0,
2889 1283 3016 1357 l2):
3049 1294 3112 1341 ut
3151 1295 3296 1342 esset
3327 1287 3542 1360 signum
3574 1289 3814 1347 {aderis

2215 1369 2359 1426 inter
2392 1370 2581 1438 Deum,
2619 1372 2972 1446 hominesque
2995 1375 3199 1434 ﬁdeles.
3240 1377 3309 1435 Ut
3335 1390 3699 1452 purgarentur
3727 1381 3815 1437 ab

2214 1462 2364 1517 omni
2388 1462 2798 1534 inquinamento
2825 1467 3010 1524 carnis
3035 1477 3092 1524 et
3123 1470 3365 1540 spiritus,
3384 1469 3532 1540 iussa
3563 1481 3647 1529 est
3665 1489 3813 1531 caro

2217 1561 2533 1619 circumcidi
2565 1582 2578 1617 :
2607 1571 2663 1620 et
2689 1563 2832 1636 quod
2869 1565 3032 1623 hodie
3063 1567 3221 1623 nobis
3265 1569 3320 1623 in
3349 1567 3454 1626 lide
3499 1569 3816 1641 baptisma

534 1650 793 1706 Salomon
816 1665 832 1703 :
859 1646 999 1703 Dum
1033 1647 1261 1702 medium
1286 1645 1550 1700 silentium
1588 1653 1816 1699 tenerent
1842 1640 2038 1710 omnia,
2061 1648 2117 1697 et
2147 1725 2175 1728 _
2219 1652 2444 1717 Christi,
2470 1652 2577 1710 hoc
2601 1654 2893 1726 limum
2914 1654 3020 1713 illi;
3042 1657 3383 1715 circumcisio
3404 1658 3460 1716 in
3475 1640 3812 1728 diem",

533 1740 744 1812 reliqua
765 1738 916 1814 (Sep.
941 1754 1062 1804 vm,
1092 1736 1202 1808 Η).

605 1827 965 1899 Quaerendum
1012 1827 1180 1882 etiam
1226 1839 1324 1881 cur
1365 1827 1481 1881 haec
1511 1823 1777 1880 festivitas
1800 1837 1906 1876 non
1951 1820 2119 1876 habet

532 1921 782 1980 eamdem
820 1919 1139 1976 varietatem
1161 1957 1177 1984 ,
1234 1930 1398 1987 quam
1442 1915 1649 1970 Pascha
1683 1920 1739 1968 et
1758 1911 2110 1968 Pentecoste:

533 2013 765 2078 scilicet,
798 2019 860 2067 ut
883 2010 1273 2067 mandarentur
1309 2007 1426 2062 dies
1469 2006 1803 2076 septimana,
1826 2016 1964 2073 quas
2005 2013 2120 2056 man

532 2105 739 2161 culavit
772 2111 1052 2176 peccatum
1080 2101 1226 2156 Adae.
1258 2100 1410 2156 Unde
1433 2099 1766 2168 Augustinus
1788 2096 1818 2137 ιο
1845 2113 1858 2149 :
1893 2112 1915 2147 ι
1945 2092 2118 2151 Nosse

529 2202 748 2268 oportet
774 2194 918 2251 diem
967 2191 1204 2248 natalem
1254 2190 1467 2246 Domini
1518 2205 1628 2243 non
1663 2189 1718 2241 in
1775 2190 2116 2242 sacramento

532 2286 823 2352 celebrari,
845 2285 940 2342 sed
963 2292 1173 2341 tantum
1206 2284 1274 2338 ad
1321 2282 1638 2336 memoriam
1682 2293 1941 2334 revocare
1972 2275 2116 2349 quod

536 2387 697 2432 natus
723 2376 811 2442 sit,
834 2389 899 2430 ac
937 2389 1036 2444 per
1057 2373 1160 2428 hoc
1199 2371 1334 2428 nihil
1355 2386 1492 2440 opus
1519 2377 1656 2433 erat,
1683 2368 1786 2423 nisi
1815 2364 2119 2423 revolutum

531 2469 679 2523 diem
706 2467 858 2532 anni,
879 2481 988 2536 quo
1015 2464 1131 2534 ipsa
1159 2461 1408 2518 resfacta
1437 2469 1542 2526 est,
1580 2460 1713 2514 festa
1746 2454 2119 2512 dcvotionesi-

535 2561 708 2629 gnari.
736 2558 947 2615 Pascha
974 2572 1101 2614 vero
1127 2563 1185 2611 et
1199 2554 1519 2610 Pentecoste
1541 2567 1650 2607 non
1670 2549 1843 2606 solum
1861 2548 2006 2619 quod
2039 2547 2120 2603 fa-

531 2661 682 2708 ctum
703 2657 811 2716 est,
832 2649 901 2703 ad
924 2647 1238 2703 memoriam
1263 2658 1597 2709 revocamus,
1612 2643 1665 2697 id
1678 2649 1782 2707 est,
1805 2641 1948 2711 quod
1974 2654 2121 2695 mor-

535 2752 662 2798 tuus
689 2750 774 2795 est
797 2756 862 2796 ac
887 2738 1203 2803 resurrexit,
1233 2735 1325 2791 sed
1357 2735 1467 2798 illa,
1491 2749 1613 2806 quae
1636 2732 1781 2788 circa
1811 2747 1939 2788 eum
1965 2738 2120 2802 gesta

534 2849 657 2890 esse
670 2839 958 2895 testantur,
987 2830 1057 2885 ad
1082 2835 1543 2884 sacramentorum
1567 2823 2018 2895 signiﬁcationem
2043 2821 2122 2877 in-

535 2924 846 2996 telligimus.
879 2942 898 2975 ι
924 2920 1134 2993 Vigilite
1153 2934 1286 2975 vero
1307 2934 1429 2989 quae
1454 2933 1483 2972 a
1505 2917 1812 2988 pastoribus
1832 2915 1936 2971 hac
1961 2922 2120 2971 nocte

535 3014 998 3077 custodiebantur,
1034 3012 1089 3066 in
1115 3019 1352 3084 quatuor
1390 3008 1721 3071 dividuntur,
1745 3005 1952 3062 scilicet
1973 3003 2120 3073 leges

2142 1725 2192 1788 Β
2218 1759 2324 1818 qua
2359 1725 2656 1802 resurrexit
2676 1761 2708 1802 a
2727 1747 2956 1804 mortuis
2979 1788 2995 1813 ,
3025 1755 3252 1820 excepto
3297 1749 3441 1820 quod
3466 1725 3817 1809 circumcisis

2214 1835 2443 1895 necdum
2463 1838 2614 1910 regni
2637 1838 2874 1896 «electis
2896 1840 3115 1912 patebat
3141 1841 3443 1912 ingressus.
3463 1840 3572 1901 Sed
3595 1843 3808 1915 queri-

2213 1935 2326 1993 tur,
2355 1941 2479 1983 cum
2505 1927 2764 1986 Dominus
2809 1927 2865 1984 in
2891 1927 3073 1986 Veteri
3113 1929 3464 1991 Testamento
3499 1933 3659 2006 jussit
3687 1932 3812 1990 eir-

2215 2017 2541 2084 cumcidere,
2563 2026 2619 2075 et
2639 2019 2826 2090 ipsein
2855 2036 2995 2078 novo
3041 2022 3394 2082 circumcisus
3430 2033 3537 2091 est,
3572 2039 3670 2082 cur
3700 2025 3811 2082 do-

2216 2125 2326 2166 nno
2355 2109 2646 2166 cessaverit
2686 2113 3056 2171 circumcisio?
3081 2114 3202 2186 Ipse
3227 2133 3334 2173 non
3357 2127 3582 2174 venerat
3616 2119 3807 2190 legem

2216 2200 2428 2258 solvere
2446 2241 2461 2266 ,
2497 2202 2591 2258 sed
2632 2203 2966 2274 adimplere:
2997 2222 3173 2277 neque
3197 2216 3260 2263 ut
3282 2207 3559 2266 dissimilis
3589 2209 3812 2265 videre-

2219 2299 2308 2347 tur
2331 2293 2578 2363 patrihus
2625 2296 2828 2351 sanctis
2852 2303 2909 2352 et
2933 2298 3234 2369 prophetis,
3252 2315 3321 2356 ex
3351 2316 3581 2372 quorum
3607 2316 3807 2372 prosa-

2215 2384 2307 2455 pia
2332 2383 2625 2441 secundum
2655 2401 2873 2442 carnem
2900 2390 3049 2445 nasci
3071 2391 3322 2462 dignatus
3344 2401 3450 2449 est.
3481 2392 3688 2450 Idcirco
3709 2408 3810 2452 vo-

2217 2472 2319 2529 luit
2342 2474 2674 2542 circumcidi,
2713 2478 2827 2533 sive
2854 2486 2914 2534 ut
2958 2481 3364 2540 excusationem
3417 2482 3654 2541 auferret
3696 2482 3807 2540 h-

2219 2565 2348 2622 (ἱεὶς
2375 2565 2587 2623 dicendi
2618 2582 2632 2620 :
2662 2567 2951 2625 Dissimilis
2975 2586 3035 2626 es
3067 2571 3334 2643 patribus,
3385 2573 3510 2631 ideo
3549 2575 3811 2632 nolumus

2217 2656 2442 2711 credere
2467 2655 2522 2710 in
2549 2664 2618 2711 te.
2654 2655 2762 2713 Sed
2781 2659 2906 2730 quia
2929 2669 3112 2718 vetera
3143 2664 3478 2720 transierunt
3499 2705 3518 2732 ,
3564 2674 3622 2722 et
3666 2682 3805 2724 ecce

2218 2744 2364 2802 facta
2393 2754 2517 2803 sunt
2535 2749 2713 2804 omnia
2748 2765 2904 2812 nova,
2936 2759 3152 2822 oportet
3180 2768 3280 2809 nos
3324 2754 3661 2824 circumcidi,
3688 2772 3806 2814 non

2219 2851 2420 2904 carne,
2462 2837 2557 2895 sed
2583 2840 2798 2912 spiritu.
2830 2841 3079 2899 Christus
3123 2846 3270 2902 enim
3316 2847 3460 2903 sicut
3500 2863 3600 2921 pm
3641 2849 3810 2907 nubis

2219 2937 2453 2986 mortem
2475 2932 2736 3004 suscepit,
2761 2931 2834 2988 ita
2862 2933 3332 2993 circumcisionem
3358 2949 3468 2993 non
3497 2941 3814 3010 respuitms

2221 3039 2320 3078 nos
2360 3024 2416 3079 in
2465 3024 2657 3094 spiritu
2686 3023 3197 3084 circumcideremur
3228 3047 3239 3083 :
3271 3031 3529 3100 quoniam
3557 3030 3808 3088 circum—

533 3117 766 3177 quatuor
789 3082 1175 3179 signiﬁcantes,
1207 3103 1437 3174 primam
1472 3099 1794 3164 naturalem.
1822 3096 2113 3193 εξωξιάξω
2143 3082 2189 3145 C
2218 3112 2422 3169 cisione
2449 3082 2630 3170 cordis
2654 3082 2991 3184 delectatur,
3017 3082 3025 3083 ί
3221 3082 3529 3190 pio—ﬁli}:
3542 3082 3813 3193 {iiii};-

535 3198 850 3264 Mosaicam,
884 3197 1101 3251 tertiam
1124 3193 1532 3265 prophetarum,
1560 3199 1810 3261 quartam
1842 3187 1976 3242 Novi
2013 3185 2117 3241 Te-

533 3288 812 3346 stamenti.
860 3285 920 3342 In
954 3299 1063 3357 qua
1098 3284 1426 3358 pastoribus,
1455 3283 1510 3336 id
1560 3288 1679 3346 est,
1735 3277 2117 3335 ecclesiasticis

536 3376 850 3434 duetorihus
870 3373 1140 3447 apparuit.
1174 3373 1244 3428 Et
1267 3387 1370 3428 nos
1395 3387 1517 3427 cum
1545 3369 1855 3441 pastoribus
1899 3368 2118 3439 vigilare

539 3467 822 3529 debemus,
854 3472 914 3518 nt
941 3479 1249 3519 mereamur
1283 3462 1414 3518 illud
1438 3461 1818 3516 suavissimum
1843 3459 2118 3517 harmoni-

539 3571 688 3621 cum,
717 3554 861 3625 quod
887 3554 992 3609 hac
1019 3560 1180 3608 nocte
1217 3551 1392 3623 primo
1428 3557 1704 3606 cantatum
1731 3560 1848 3617 est,
1890 3547 2116 3604 audire:

537 3644 721 3700 Gloria
754 3645 812 3700 in
830 3644 1048 3700 excelsis
1074 3643 1208 3708 Deo,
1238 3652 1294 3698 et
1340 3643 1570 3712 reliqua.
1615 3641 1770 3697 Unde
1799 3641 1964 3697 etiam
1993 3654 2120 3698 san-

535 3748 658 3792 ctus
681 3735 1043 3807 Telesphorus
1068 3750 1208 3808 papa
1240 3733 1530 3804 pervigiles
1572 3748 1671 3788 nos
1723 3731 1934 3788 malens
1961 3732 2079 3788 fore
2100 3771 2118 3800 ,

538 3827 731 3882 missas
754 3824 938 3899 [Forte
967 3825 1094 3896 ιαμ,
1129 3833 1242 3880 tres
1289 3823 1505 3897 missas]
1531 3824 1812 3879 celebrare
1837 3822 1987 3889 fecit,
2015 3823 2123 3880 sci-

539 3920 666 3974 licet
695 3920 748 3974 in
785 3917 1213 3972 recordationem
1241 3915 1542 3972 nativitatis
1573 3914 1774 3970 Christi
1801 3956 1816 3981 ,
1869 3931 1964 3971 seu
1991 3929 2122 3972 eon-

536 4018 728 4066 centus
748 4008 1019 4079 angelici;
1061 4007 1166 4062 alia
1197 4023 1326 4062 vero
1369 4008 1534 4062 missa
1553 4045 1572 4075 ,
1608 4023 1730 4078 qua:
1754 4007 2015 4078 sequitur,
2047 4009 2120 4063 si-

536 4107 666 4170 gnat
716 4113 909 4152 novam
957 4097 1135 4151 lucem
1187 4095 1502 4166 Evangelii,
1559 4110 1664 4165 qua
1723 4109 1819 4166 per
1856 4095 2118 4150 incarnati

545 4186 701 4246 Verbi
735 4188 1052 4258 mysterium
1078 4187 1486 4261 perfundimur;
1525 4205 1620 4244 seu
1672 4198 1893 4260 propter
1934 4190 2123 4244 visita-

2214 3213 2306 3261 tur
2329 3223 2342 3260 :
2368 3204 2428 3262 In
2447 3206 2754 3263 novissimis
2767 3208 3115 3266 circumcidet
3135 3211 3390 3269 Dominus
3408 3215 3572 3270 corda
3592 3221 3805 3281 vestra,

2215 3304 2273 3352 et
2297 3311 2404 3352 non
2428 3311 2675 3368 corpora.
2711 3296 2837 3354 Haec
2873 3307 2960 3356 est
2991 3316 3121 3356 vera
3147 3302 3488 3360 circumcisio
3512 3305 3712 3371 cordis,
3740 3315 3811 3363 ιιι

2214 3387 2536 3458 deponmnss
2569 3399 2787 3443 ueterem
2809 3391 3070 3447 hominem
3101 3410 3220 3449 cum
3249 3396 3450 3451 actibus
3475 3398 3606 3462 suis,
3630 3408 3681 3451 et
3719 3399 3811 3453 iu—

2215 3475 2441 3531 duamus
2469 3493 2657 3533 norum
2685 3478 2970 3548 hominem,
2987 3484 3076 3555 qui
3095 3483 3382 3540 secundum
3400 3484 3569 3541 Desint
3592 3499 3809 3544 creatus

2217 3576 2293 3622 est
2323 3565 2459 3626 (Col.
2491 3583 2578 3636 ιιι,
2610 3569 2667 3637 9,
2696 3569 2809 3644 i0).

2820 3660 3049 3723 CAPUT
3085 3664 3170 3724 Ill.

2734 3773 2799 3812 DE
2839 3772 3044 3815 οοτΑγΑ
3083 3774 3287 3818 0011³1.

2287 3841 2343 3900 ln
2365 3845 2471 3900 hac
2497 3853 2686 3902 octava
2713 3846 2800 3904 die
2820 3848 3286 3910 circumcisuscst.
3307 3850 3415 3912 Iste
3441 3855 3557 3914 dies
3577 3867 3810 3918 octavus

2216 3945 2430 3988 omnem
2457 3933 2845 4004 plenitudinem
2877 3939 2931 3993 in
2964 3953 3023 3994 se
3041 3938 3288 4009 obtinet,
3336 3952 3393 4000 et
3413 3953 3497 4002 est
3524 3947 3806 4017 perfectus

2217 4037 2491 4079 numerus.
2519 4022 2638 4094 Ipse
2663 4036 2749 4083 est
2777 4029 2920 4083 enim
2949 4029 3063 4085 dies
3098 4031 3407 4090 Dominieus
3430 4077 3444 4101 ,
3485 4044 3540 4093 et
3561 4037 3679 4093 dies
3705 4054 3801 4094 re-

2218 4115 2568 4171 surrectionis
2598 4115 2828 4172 Domini.
2880 4117 3035 4176 Unde
3060 4137 3190 4177 vero
3212 4123 3425 4182 initium
3475 4129 3801 4200 sumpserit,

2218 4203 2355 4262 liber
2375 4203 2648 4263 Leviticus
2675 4211 2895 4279 pandit:
2929 4211 3073 4281 Dies,
3107 4215 3304 4286 inquit,
3332 4227 3545 4274 oderas
3568 4221 3668 4275 erit
3714 4238 3805 4277 ee-

536 4280 740 4334 tionem
759 4286 1039 4381 pastorum
1067 4278 1137 4333 ad
1164 4292 1407 4381 prmsepe
1448 4278 1716 4384 Domini,"
1740 4278 1933 4384 innquo
1971 4278 2121 4334 ίηνθν
2219 4293 2524 4354 uberrimus
2565 4278 2722 4370 atque
2764 4278 3125 4359 sanctissimas
3178 4278 3324 4378 ξιεὲ.
3376 4323 3536 4376 mn,
3571 4311 3682 4384 38).
3729 4313 3804 4371 Et

536 4378 735 4426 nerunt
770 4383 963 4439 panem
990 4370 1196 4436 vivum.
1221 4371 1313 4439 qui
1348 4369 1589 4439 quotidie
1624 4384 1656 4424 ε
1688 4367 1932 4425 ﬁdelibus
1965 4385 2118 4424 man“
2143 4438 2189 4459 η
2218 4367 2661 4458 Paralipomenon
2687 4411 2700 4445 :
2733 4388 2905 4447 Porro
2933 4367 3220 4452 Hatalhias
3249 4414 3368 4453 cunt
3417 4367 3607 4457 Levitis
3634 4367 3692 4456 in

536 4459 955 4563 «litui-ili'omani
988 4461 1135 4563 hanc:
1155 4469 1368 4563 noctein
1398 4463 1473 4516 ita
1496 4459 1807 4517 celebrant:
1837 4461 2029 4562 Ρτίίξίθο
2061 4461 2115 4517 id
2143 4438 2191 4497 Β
2215 4438 2708 4549 misi};

535 4559 645 4616 est,
665 4551 843 4622 vigilia
868 4551 1068 4607 natalis
1097 4551 1308 4607 Domini
1336 4551 1469 4606 hora
1500 4567 1641 4606 nona
1671 4560 1871 4606 canunt
1892 4551 2112 4606 missam

2214 4566 2358 4637 quod
2384 4569 2652 4638 cp'micion
2696 4571 2962 4643 signiﬁcat
2994 4551 3324 4646 triumphum
3352 4577 3586 4635 Domini.
3614 4551 3681 4637 Et

536 4643 604 4698 ad
625 4641 881 4697 Sanctam
909 4641 1155 4697 Mariam.
1189 4641 1306 4708 Qua
1361 4642 1596 4713 expleta,
1626 4649 1829 4698 canunt
1851 4643 2115 4712 vesperti-

2214 4657 2310 4712 tuli
2336 4658 2526 4730 psalmi
2556 4663 2697 4716 sexti
2728 4641 2786 4718 et
2809 4665 3104 4733 undecimi,
3128 4641 3227 4739 pro
3271 4678 3462 4726 octava
3491 4671 3803 4730 inscribun-

535 4733 714 4786 "alem
738 4734 985 4803 εἵηεὶκίηο
1019 4732 1226 4787 Dehinc
1252 4732 1454 4832 ξθάιιηῑ
1486 4733 1555 4788 ad
1580 4733 1777 4832 Cilftlm-
1805 4731 1865 4832 ξη
1895 4747 2115 4832 eminis-
2213 4752 2322 4802 tur.
2350 4747 2428 4802 Na
2449 4765 2593 4832 Isque
2624 4751 2739 4807 huic
2759 4762 2948 4808 octava
3005 4731 3225 4813 dies-ad
3251 4765 3511 4816 aeternam
3560 4761 3805 4832 pertinet

535 4823 657 4878 ειιῙο
682 4823 858 4878 ηοεηδ
891 4823 1059 4878 imm
1084 4822 1411 4892 προδιοιωυε
1435 4825 1505 4878 δά
1540 4824 1781 4922 νίξίξίῆὶη)
1809 4824 1866 4922 il}
1917 4824 2112 4922 WB“:
2212 4826 2474 4908 requiem.
2510 4841 2664 4898 Unde
2695 4857 2725 4896 a
2758 4844 2915 4900 nobis
2940 4844 3201 4917 singulari
3228 4863 3456 4905 numero
3491 4822 3758 4922 accipitur
3781 4894 3796 4918 ,

535 4926 645 4971 tam
671 4915 1185 4978 Ecclesiam,tamen
1212 4930 1322 4969 non
1348 4923 1569 4970 cantant
1595 4914 1667 4969 ibi
1697 4915 2114 4987 ἱηιιηίιιιῐιξνεθά
2215 4928 2309 4998 qui
2358 4929 2504 4986 nullo
2557 4933 2880 4990 succedente
2932 4914 3194 4992 mutatur.
3253 4937 3352 4996 Hic
3389 4954 3521 4996 vero
3566 4914 3803 5004 mundus

532 5007 762 5076 expletis
776 5005 2116 5078 vigiliisetmatutinis,sicutinAntiphonariocon-
2215 5015 2420 5088 [Far-te,
2449 5021 2729 5096 numerus]
2776 5038 2882 5078 non
2915 5026 3106 5096 recipit
3149 5026 3294 5083 hunc
3337 5037 3592 5087 octanuu
3614 5035 3757 5091 diem
3780 5077 3798 5103 ,

534 5098 792 5160 tinentur,
824 5097 1024 5152 ibidem
1060 5104 1286 5152 cantant
1314 5097 1543 5165 primam
1576 5096 1794 5153 missam
1827 5097 1882 5151 in
1908 5103 2066 5153 nocte
2095 5114 2108 5150 :

2213 5109 2304 5178 qui
2331 5118 2415 5164 est
2438 5112 2749 5183 singularis,
2780 5116 2873 5170 sed
2928 5116 3050 5172 illos
3072 5134 3208 5187 quos
3237 5133 3495 5178 vocamus
3542 5096 3798 5196 octavos,

533 5199 640 5254 qua
666 5185 875 5254 expleta
926 5186 1133 5241 vadunt
1157 5185 1226 5242 ad
1262 5185 1517 5241 Sanctam
1539 5187 1882 5283 Anastasiam
1918 5201 2111 5243 canere
2211 5214 2276 5254 eo
2297 5201 2440 5268 quod
2462 5201 2615 5257 ﬁnito
2644 5205 2873 5274 septimo
2897 5206 3037 5262 redi;
3057 5185 3274 5278 δέωμαι·
3299 5209 3366 5264 ad
3379 5211 3631 5283 primum,

535 5274 696 5328 aliam
732 5276 952 5330 missam
981 5277 1048 5331 de
1075 5285 1252 5331 nocte.
1282 5276 1484 5331 Dehinc
1503 5284 1731 5347 pergunt
1754 5277 1823 5331 ad
1849 5275 2106 5333 Sanctum
2212 5291 2339 5344 nulli
2371 5307 2466 5362 per
2493 5293 2634 5348 hanc
2659 5301 2906 5351 octavam
2952 5274 3240 5356 adventu—In
3264 5274 3479 5358 υοηξίηί
3501 5305 3796 5363 semiudum

538 5365 780 5433 Petrum,
804 5376 865 5421 ut
885 5368 959 5422 ibi
985 5368 1198 5439 vigilias
1226 5366 1532 5431 celebrent,
1584 5368 1652 5421 ab
1677 5383 1742 5423 eo
1765 5367 1883 5424 loco
1912 5369 2001 5424 ubi
2027 5369 2108 5424 in-
2209 5389 2398 5450 ριιιςωι
2420 5381 2732 5451 signiﬁcari.
2774 5385 2930 5442 Unde
2963 5387 3128 5445 Amos
3152 5391 3448 5459 ρι-οριιεωε
3489 5392 3581 5448 γε,
3604 5411 3798 5451 con“.

536 5460 784 5514 venerint
837 5475 930 5516 eos
969 5459 1196 5530 psallere
1229 5500 1243 5524 ,
1287 5460 1380 5531 qui
1418 5459 1615 5515 ibidem
1667 5461 1972 5518 excubant:
2006 5461 2104 5532 ipsi

2212 5476 2520 5544 piscentibus
2549 5477 2685 5529 dicm
2713 5477 2968 5545 Domini:
2993 5483 3102 5549 ipse
3130 5485 3266 5536 enim
3308 5496 3384 5540 est
3409 5485 3521 5540 dies
3549 5487 3794 5556 Μινώην,

535 5549 680 5604 enim
710 5547 914 5605 intrant
943 5551 1012 5605 ad
1040 5549 1247 5624 vigilias
1295 5551 1452 5607 solito
1479 5561 1721 5621 tempore
1771 5553 1823 5607 in
1854 5568 2104 5623 processu
2207 5576 2254 5620 σε
2285 5583 2388 5620 non
2410 5566 2540 5620 lucis
2571 5567 2754 5636 (Amos
2775 5584 2806 5620 v
2829 5609 2843 5632 ,
2894 5547 3022 5640 l8);
3048 5571 3116 5626 Et
3163 5572 3502 5642 Sophonias:
3545 5574 3659 5632 Vox
3687 5547 3796 5634 diei

610 5677 632 5704 ι
673 5661 790 5719 Vid.
820 5664 1072 5721 Monitum
1096 5671 1368 5737 prmium.
1528 5730 1530 5732 _
2285 5680 2312 5719 ι’
2351 5680 2482 5749 Aug.
2516 5679 2671 5749 epist.
2696 5679 2786 5748 55,
2819 5697 2963 5734 num.
2997 5682 3049 5735 2.
