4092 6548
230 340 353 398 H77

1037 337 1190 396 OPP.
1234 338 1637 397 SUPPOSITA.
1670 372 1740 383 —
1768 342 1893 397 LIB.
1939 342 2028 397 DE
2066 339 2315 399 DIVINIS
2351 339 2652 402 OFFICHS.

3273 399 3277 401 _
3349 335 3490 396 H78

233 457 428 512 Domini
450 471 636 511 amara
667 462 718 510 et
762 454 917 520 dura,
938 453 1284 509 tribalabitur
1328 454 1399 509 ibi
1432 453 1583 524 fortis
1610 453 1797 527 (Sapit.
1828 459 1876 519 Α
1906 456 2064 510 haece
2081 455 2325 513 ﬁdelibus
2340 472 2435 526 pro
2449 456 2619 511 nihilo
2634 455 2921 520 habentur,
2939 452 3065 509 licet
3077 453 3490 522 quantulaecun-

233 561 267 612 ι,
293 547 399 619 ll).
424 546 506 601 Illi
533 562 665 601 vero
690 545 780 615 qui
807 547 968 600 istum
992 544 1133 598 diem
1157 560 1186 598 a
1208 545 1594 598 constitutione
1621 544 1801 598 mundi

232 640 554 694 arbitrantur
596 643 719 709 post
745 650 839 691 sex
871 635 1036 690 millia
1067 649 1334 690 annorum
1355 633 1472 690 fore
1493 643 1824 709 venturum”

232 746 293 787 eo
314 729 454 801 quod
473 730 704 799 septimo
732 727 819 784 die
845 725 1103 782 Dominus
1146 725 1215 780 ab
1258 740 1424 796 opere
1471 740 1571 780 suo
1609 724 1806 796 legitur

230 834 486 885 cessasse,
513 818 662 874 mille
695 816 904 873 scilicet
921 830 1092 870 annos
1115 829 1212 886 per
1237 814 1354 869 dies
1379 812 1620 885 singulos
1656 829 1807 870 com-

229 921 498 986 putantes,
520 911 648 983 quia
695 909 925 982 legitur:
949 905 996 963 A
1022 913 1313 977 conspectu
1363 905 1478 978 ejus
1508 904 1652 960 mille
1677 905 1807 960 anni

231 1004 355 1059 sicut
374 1001 485 1057 dies
533 1017 642 1055 una
660 1017 679 1065 ;
709 1013 820 1054 non
863 999 998 1053 satis
1047 997 1331 1052 attendunt
1357 996 1502 1066 quod
1547 994 1807 1050 Dominus

232 1097 284 1152 in
306 1092 592 1166 Evangelia
641 1092 786 1147 hunc
826 1089 969 1145 diem
998 1102 1100 1144 nec
1143 1084 1312 1142 ﬁlium
1362 1085 1600 1141 hominis
1645 1098 1805 1142 nosse

231 1183 559 1257 astipulatur.
587 1181 742 1239 Unde
781 1179 946 1236 nimis
971 1178 1362 1248 importunum,
1394 1175 1526 1232 illud
1567 1175 1809 1231 studiose

229 1291 485 1351 quaerere,
516 1274 663 1347 quod
701 1272 858 1329 nobis
884 1270 1065 1326 divina
1094 1269 1431 1342 providentia
1456 1267 1630 1324 noluit
1655 1280 1808 1323 reve-

231 1368 355 1422 lare.
392 1364 538 1422 Sane
575 1362 721 1419 illam
744 1361 886 1418 diem
915 1374 1166 1431 magnam
1188 1367 1244 1416 et
1267 1357 1597 1430 singularem
1621 1370 1807 1413 amare

227 1465 279 1515 et
302 1472 520 1531 sperare
564 1454 844 1518 debemus,
873 1465 1035 1522 quam
1063 1451 1324 1524 prepheta
1349 1449 1520 1506 David
1573 1449 1764 1506 sitiens
1786 1489 1804 1517 ,.

1906 564 2012 619 que
2041 547 2439 614 similitudines,
2465 550 2610 618 quod
2645 547 2808 612 absit,
2840 548 3018 602 adhuc
3046 547 3251 603 lateant
3278 547 3331 602 in
3360 544 3494 602 feris

1904 638 2231 703 hominibus,
2262 637 2409 694 omni
2461 648 2641 694 tamen
2681 639 2966 695 conamine
2996 638 3346 709 prohibenda:
3364 641 3494 693 sunt

1902 729 2344 799 atqueopellendz
2370 746 2383 780 :
2416 742 2592 798 neque
2617 728 2765 784 enim
2783 727 2928 782 aliud
2957 729 3253 799 quidquam
3280 728 3406 782 novi
3430 728 3489 782 in

1903 816 2210 876 istiusmodi
2238 817 2465 874 Kalend.
2497 819 2936 889 prmsumendum
2974 828 3081 884 est,
3111 819 3218 875 nisi
3269 818 3412 889 quod
3435 824 3496 875 et

1903 913 1962 971 In
1986 909 2109 967 aliis
2135 910 2357 967 Kalend.
2387 912 2675 977 mensium,
2708 921 2935 983 excepto
2980 912 3125 984 quod
3149 920 3354 968 octavae
3376 912 3490 967 Do-

1903 1004 2118 1062 minium
2136 1020 2259 1061 cum
2278 1005 2479 1060 eximio
2509 1005 2658 1060 cultu
2685 1004 3050 1071 celebrentur,
3071 1013 3134 1060 ut
3162 1019 3325 1077 supra
3347 1018 3493 1075 pra-

1905 1094 2074 1151 llxum
2106 1105 2208 1150 est.
2245 1093 2353 1150 Sed
2381 1110 2554 1166 neque
2581 1093 2710 1150 illud
2737 1097 3074 1152 reticendum
3101 1136 3120 1163 ,
3174 1093 3320 1165 quod
3363 1095 3495 1150 dum

1905 1185 2136 1257 quadam
2156 1187 2246 1242 die
2292 1186 2380 1242 ha:
2405 1185 2817 1257 superstitiones
2841 1184 3125 1241 diabolica:
3158 1183 3351 1241 Roma:
3366 1197 3499 1255 age-

1905 1285 2118 1343 rentur,
2147 1277 2368 1349 quidam
2395 1283 2614 1332 sanctus
2633 1274 2949 1333 Almachius
2966 1291 3090 1332 cum
3109 1275 3319 1333 diceret
3344 1294 3358 1331 :
3385 1274 3496 1331 llo-

1903 1368 1994 1425 die
2011 1377 2219 1426 octavis
2245 1368 2354 1424 diei
2375 1368 2670 1425 Dominica:
2691 1375 2839 1433 sunt,
2868 1376 3080 1425 cessate
3099 1368 3172 1425 ab
3190 1368 3279 1426 his
3297 1383 3496 1439 super-

1906 1459 2218 1519 stitionibus
2247 1459 2512 1517 idolorum
2546 1467 2603 1516 et
2647 1458 2932 1516 sacriﬁciis
2966 1458 3231 1532 pollutis;
3266 1455 3498 1530 iubente

227 1567 384 1611 uuam
410 1550 642 1609 vocabat
696 1547 883 1605 dicens
910 1565 923 1602 :
958 1544 1100 1615 Quia
1131 1545 1319 1602 melior
1342 1555 1418 1603 est
1459 1546 1571 1601 dies
1597 1562 1706 1602 una
1749 1545 1806 1599 in
1904 1547 2102 1624 Alypio
2131 1548 2282 1608 urbis
2324 1549 2600 1621 prefecto,
2626 1549 2729 1606 hac
2755 1549 2823 1606 de
2853 1563 3021 1606 causa
3039 1547 3362 1606 interfecta;
3384 1556 3493 1606 εει,

226 1644 371 1701 striis
392 1643 499 1699 tuis
526 1657 684 1714 super
707 1641 876 1696 millia
902 1635 1078 1712 (Prol.
1123 1654 1352 1704 uuln,
1391 1637 1501 1708 ll).
1552 1636 1648 1693 ﬂre
1676 1650 1805 1692 vero
2568 1660 2797 1719 ωυτ
2835 1661 2902 1718 γ,

225 1741 445 1801 octavae,
475 1747 614 1804 quas
633 1731 794 1788 hodie
836 1729 1064 1786 colimus
1093 1769 1109 1795 ,
1156 1728 1274 1786 ideo
1315 1736 1628 1787 reverenter
1663 1727 1808 1785 cele-
1834 1801 1868 1804 _
2118 1747 2185 1788 nn
2225 1745 2562 1789 mensura
2596 1748 2703 1789 vni.
2738 1747 3021 1789 senatus
3056 1746 3268 1788 DOIlIIl.

225 1824 465 1893 brantur,
492 1801 621 1896 quia
649 1823 840 1898 primis
867 1818 1057 1877 diebus
1089 1829 1420 1877 concurrunt
1470 1819 1626 1875 sicuti
1665 1834 1806 1873 unus
1833 1801 1880 1863 Β
1981 1817 2310 1879 Solemnitas
2345 1823 2461 1879 haec
2481 1821 2870 1888 sacratissima,
2890 1837 3013 1894 qua:
3032 1837 3062 1876 a
3085 1820 3292 1879 Graecis
3311 1819 3494 1878 Theo.

226 1919 339 1976 dies
362 1917 678 1975 Dominicus
702 1917 771 1974 ad
809 1914 1060 1980 alterum,
1090 1912 1181 1984 qui
1209 1913 1398 1970 eodem
1428 1912 1536 1968 ritu
1566 1912 1804 1967 celebra-
1903 1912 2103 1985 phania
2130 1911 2215 1966 vel
2236 1911 2536 1983 Epiphania
2569 1920 2934 1983 nuncupatur,
2965 1911 3162 1968 Latine
3181 1925 3314 1967 vero
3333 1924 3497 1983 appa-

226 2019 351 2064 tur:
380 2008 542 2066 hodie
568 2009 714 2065 enim
752 2008 1042 2062 adventum
1095 2004 1372 2061 hominum
1407 2005 1476 2060 ad
1529 2003 1806 2059 Christum
1903 2002 2033 2058 ritio
2079 2017 2175 2058 seu
2211 2003 2481 2067 ostensio,
2510 2002 2598 2057 vel
2642 2000 3014 2058 manifestatio
3063 2001 3453 2071 interpretatur
3474 2040 3494 2067 ,

226 2099 574 2166 michramus,
600 2100 734 2156 etin
749 2097 1032 2155 nativitate
1056 2095 1319 2166 ejusdem,
1342 2094 1633 2150 adventum
1660 2094 1806 2150 illius
1902 2094 2221 2151 multimoda
2245 2095 2302 2151 in
2325 2109 2386 2150 se
2407 2095 2650 2152 continet
2679 2096 2961 2168 mysteria.
2989 2095 3125 2151 Cum
3146 2095 3292 2151 enim
3331 2094 3494 2152 Chri-

227 2189 295 2246 ad
329 2189 594 2247 honunes.
1902 2191 2022 2242 stus
2055 2200 2226 2256 nuper
2242 2201 2310 2241 ex
2331 2185 2453 2242 alvo
2476 2187 2715 2258 Virginis
2757 2189 3134 2259 egrederetur,
3164 2185 3302 2257 Magi
3331 2185 3497 2244 Chal-

837 2277 1066 2336 CAPUT
1104 2277 1194 2334 iV.
1903 2278 2006 2335 dmi
2044 2276 2100 2333 in
2121 2277 2340 2335 Oriente
2364 2277 2575 2335 stellam
2618 2279 2868 2335 videntes
2905 2279 3072 2334 nimia
3097 2279 3346 2335 claritate
3391 2277 3498 2332 ful-

680 2384 747 2425 ιιι
783 2383 1042 2424 ntsnms
1075 2382 1339 2424 JANDAIII.
1904 2374 2122 2438 gentem
2149 2368 2225 2420 ita
2251 2374 2314 2421 ut
2337 2367 2510 2422 solem
2535 2365 2656 2424 luce
2685 2375 2990 2437 superaret,
3019 2377 3074 2424 ut
3115 2376 3272 2423 erant
3317 2365 3499 2424 edocti

297 2457 389 2516 llze
412 2456 665 2516 Kalends:
693 2458 991 2515 secundum
1018 2457 1350 2514 dementiam
1397 2455 1677 2533 gentilium
1702 2471 1807 2530 po-
1905 2456 1964 2512 in
1981 2470 2143 2512 cursu
2179 2464 2453 2512 astrorum
2469 2498 2486 2524 ,
2531 2457 3030 2514 animadverterunt
3050 2458 3194 2514 hanc
3222 2471 3343 2514 esse
3362 2456 3498 2513 stel-

230 2556 334 2611 tius
354 2551 595 2612 dicenda:
623 2559 748 2610 sunt
771 2551 1042 2618 cavendae,
1077 2567 1241 2623 quam
1261 2549 1519 2608 calendas.
1546 2551 1623 2607 Ea
1645 2548 1809 2621 siqui-
1906 2545 2220 2618 lam,quam
2253 2547 2380 2603 olim
2417 2546 2641 2604 Balaam
2674 2547 2964 2606 Madianita
2994 2589 3009 2615 ,
3062 2546 3219 2619 cuius
3247 2547 3497 2604 traditio-

227 2647 346 2703 dem
364 2650 683 2718 tempestate
705 2643 943 2717 (quando
960 2642 1452 2716 judicesprteerant
1476 2641 1601 2699 ﬁliis
1619 2641 1806 2710 Israel,
1906 2655 2033 2696 nem
2057 2642 2444 2713 sequebantur,
2473 2644 2800 2714 pradixerat
2839 2644 2914 2700 ita
2961 2644 3272 2700 adfuturam
3296 2661 3312 2699 :
3345 2644 3502 2700 Orie-

229 2739 331 2795 hoc
355 2745 460 2804 est,
487 2746 616 2794 ante
637 2733 979 2809 Samsonem)
1017 2733 1120 2792 luit
1139 2736 1360 2808 quidam
1395 2737 1649 2809 princeps
1684 2751 1806 2808 gen-
1907 2740 1997 2788 tar
2021 2731 2174 2790 stella
2199 2749 2267 2788 ex
2291 2730 2459 2790 Iacob
2482 2733 2674 2808 (Nam.
2710 2751 2823 2803 xiv,
2861 2735 2975 2807 1⁸7),
2996 2742 3052 2790 et
3072 2735 3303 2806 reliqua.
3342 2734 3502 2792 Vide-

230 2830 403 2884 tilium
428 2829 484 2885 in
512 2827 686 2898 italia,
703 2826 922 2893 nomine
944 2824 1136 2898 Janus,
1158 2842 1190 2886 a
1215 2839 1326 2903 quo
1350 2824 1641 2884 Ianuarius
1655 2841 1814 2887 men-
1907 2828 2071 2884 batur
2097 2826 2244 2882 enim
2270 2825 2422 2882 sidus
2437 2841 2536 2899 per
2560 2828 2726 2885 diem.
2765 2827 2996 2886 Istorum
3032 2829 3176 2884 enim
3215 2827 3496 2903 Magorum

228 2927 304 2982 sis
327 2933 511 3000 postea
539 2931 879 2997 nuncupatus
916 2931 1022 2982 est.
1074 2922 1230 2982 Hunc
1262 2939 1394 2984 vero
1412 2923 1608 2982 Ianum
1647 2920 1814 2998 impe-
1908 2919 2139 3000 primus,
2159 2920 2483 2976 Zoroastres
2509 2935 2607 2976 rex
2649 2920 2882 2988 exstitit,
2908 2935 2942 2976 a
2961 2935 3070 2993 quo
3095 2919 3362 2994 originem
3414 2919 3500 2976 fe-

232 3018 322 3075 riti
347 3019 614 3085 homines,
640 3017 734 3090 qui
759 3014 926 3074 Deum
949 3030 1055 3073 non
1084 3019 1516 3088 cognoscebant,
1544 3018 1699 3090 quasi
1724 3033 1813 3075 re-
1910 3029 2107 3077 runtur
2152 3014 2402 3075 traxisse.
2451 3013 2520 3074 lli
2565 3015 2833 3075 elementa
2868 3017 3252 3074 concutiehant
3270 3054 3290 3082 ,
3316 3015 3503 3071 turba-

229 3121 350 3183 gem
378 3104 706 3174 metuebant,
735 3116 790 3164 et
825 3120 924 3178 pro
953 3106 1066 3164 Deo
1087 3106 1237 3163 illum
1266 3107 1447 3164 colere
1489 3115 1771 3180 coeperunt
1790 3147 1808 3174 ,
1835 3150 1882 3183 ρ
1910 3110 2150 3182 bantque
2169 3120 2379 3167 mentes
2402 3108 2704 3166 hominum.
2749 3110 2830 3166 Er
2856 3108 3084 3166 istorum
3105 3120 3303 3180 genere
3326 3120 3503 3177 quon.

230 3196 469 3270 duasque
483 3197 650 3254 facies
665 3197 739 3255 illi
756 3198 1078 3270 liguravere,
1093 3207 1315 3271 propter
1327 3199 1594 3257 orientem
1607 3207 1660 3256 et
1674 3199 1816 3256 occi-
1837 3196 1884 3214 "
1914 3203 2042 3259 dam
2066 3202 2122 3259 in
2159 3201 2399 3276 Egypto
2451 3201 2769 3260 restiterunt
2790 3201 2984 3276 ﬂoysi,
3004 3208 3280 3258 vertentes
3322 3199 3504 3269 virgas

231 3291 477 3349 dentem:
502 3308 602 3365 nec
627 3308 734 3349 non
749 3301 804 3348 et
840 3291 1271 3365 quadrifrontem
1306 3293 1732 3365 appellaverunt,
1759 3291 1814 3350 id
1913 3293 1972 3350 in
1996 3298 2264 3351 dracones
2290 3309 2568 3366 aquasque
2587 3293 2644 3350 in
2671 3293 3009 3366 sanguinem.
3034 3290 3103 3347 Hi
3130 3289 3389 3359 astrologi
3413 3289 3503 3345 di-

230 3393 333 3452 est,
354 3383 553 3444 Ianum
575 3388 868 3460 geminum,
892 3397 1116 3459 propter
1134 3397 1367 3459 quatuor
1386 3397 1586 3459 partes,
1602 3386 1816 3445 seuele-
1913 3384 2012 3452 eti,
2045 3398 2147 3441 nec
2169 3399 2280 3440 non
2305 3383 2632 3456 genethliaci
2682 3393 2908 3457 propter
2949 3382 3210 3439 natalium
3255 3381 3506 3440 mide-

231 3483 414 3535 menta
441 3485 693 3551 quatuor,
711 3486 870 3550 atque
893 3487 1134 3550 tempora
1154 3488 1408 3550 quatuor.
1437 3477 1543 3535 Sed
1563 3493 1690 3535 cum
1708 3475 1816 3534 hoc
1914 3478 2173 3536 rationes.
2210 3477 2450 3536 Geneses
2476 3479 2622 3535 enim
2641 3480 2854 3535 dierum
2879 3480 3160 3536 hominum
3179 3494 3280 3551 per
3300 3479 3505 3534 duode-

228 3569 494 3635 facerent,
529 3567 836 3626 formabant
866 3569 1046 3641 potius
1082 3577 1405 3634 monstrum,
1435 3583 1597 3640 quam
1619 3566 1811 3624 Deum.
1913 3570 2023 3628 cim
2043 3569 2223 3626 sidera
2249 3569 2373 3627 cmli
2406 3571 2804 3628 describebant.
2829 3569 3080 3628 Siderum
3101 3584 3315 3643 quoque
3341 3585 3504 3626 cursu

230 3659 388 3718 Unde
397 3658 568 3715 Numa
581 3667 702 3732 post
716 3658 1005 3716 Romulum
1024 3660 1301 3716 huncesse
1314 3660 1550 3730 primum
1572 3671 1816 3715 mensem
1916 3665 2256 3722 nascentium
2276 3679 2475 3729 mores,
2504 3671 2838 3735 eventusque
2857 3663 3302 3736 pronuntiabant,
3326 3662 3380 3719 id
3397 3671 3506 3728 est,

228 3753 361 3808 anni
388 3753 575 3820 voluit,
600 3761 858 3825 tanquam
873 3751 1111 3826 biclpitis
1132 3752 1229 3809 Dei
1244 3766 1506 3818 mensem,
1521 3750 1818 3824 respicien-
1914 3757 2039 3828 quis
2074 3754 2220 3826 quali
2242 3754 2397 3828 signo
2414 3753 2609 3812 fuisset
2645 3763 2825 3820 natus,
2844 3764 2939 3811 aut
2957 3769 3118 3828 quem
3140 3753 3390 3812 electum
3411 3753 3509 3809 ha-

232 3846 848 3918 temacprospicientcm
872 3843 1133 3902 transacti
1168 3843 1296 3900 anni
1325 3844 1509 3908 linem,
1540 3841 1819 3912 futurique
1915 3846 2070 3905 heret
2115 3847 2262 3913 vita,
2291 3846 2384 3918 qui
2415 3846 2760 3904 nascebatur.
2813 3847 2879 3904 lli
2927 3847 3089 3921 vulgo
3136 3845 3508 3904 mathematici

231 3937 450 3993 initium
476 3956 488 3991 :
517 3936 909 3993 etJanuarium
932 3943 1282 4004 vocatum,eo
1317 3934 1462 4007 quod
1482 3933 1556 3989 sit
1589 3931 1744 3989 limes
1761 3941 1818 3988 et
1915 3926 2347 4010 appellabantur,
2379 3935 2536 4006 cuius
2560 3937 2971 4010 superstitionis
3007 3953 3178 4010 genus
3216 3936 3510 3995 constella-

225 4027 400 4102 janua
421 4028 783 4086 anniI.Unde
805 4026 1045 4102 imperiti
1073 4028 1320 4084 homines
1340 4026 1508 4084 veluti
1528 4025 1700 4082 Deum
1727 4039 1818 4080 co-
1918 4031 2094 4087 tiones
2117 4028 2312 4086 Latine
2345 4030 2633 4095 vocabant,
2659 4030 2714 4086 id
2747 4037 2851 4098 est,
2891 4031 3200 4087 potationes
3244 4030 3505 4094 siderum,

228 4121 586 4189 lentes,diem
609 4120 785 4193 ipsum
797 4119 983 4176 multis
1003 4119 1279 4191 spurcitiis
1294 4125 1666 4175 sacraverant.
1689 4113 1820 4183 Qui-
1918 4123 2189 4194 quomodo
2233 4137 2294 4179 se
2320 4121 2607 4188 haberent,
2636 4138 2763 4180 cum
2803 4124 2927 4196 quis
2966 4131 3300 4180 nasceretur.
3330 4121 3500 4178 [idem

229 4213 360 4268 dam
373 4211 654 4268 mutabant
675 4226 736 4269 se
757 4213 810 4268 in
834 4212 1045 4283 species
1066 4218 1456 4274 monstruosas,
1473 4209 1530 4265 in
1553 4206 1822 4264 ferarum—
1918 4223 2100 4272 autem
2128 4212 2406 4270 stellarum
2436 4215 2762 4283 interpretes
2787 4214 3260 4286 nuncupabatur,
3283 4212 3426 4268 sicut
3449 4221 3509 4267 et

231 4317 342 4374 que
354 4301 572 4358 habitus
589 4301 1067 4358 transformabaan
1082 4299 1187 4356 Alii
1207 4302 1262 4356 in
1284 4302 1516 4356 femineo
1531 4306 1688 4370 gestu
1702 4313 1822 4352 mu-

231 4394 361 4460 tati,
378 4393 588 4449 virilem
612 4393 818 4449 vultum
843 4389 1252 4449 eﬁ‘eminabant:
1277 4406 1381 4448 nec
1401 4390 1671 4447 immerito
1690 4387 1823 4444 viri-

1920 4308 1988 4364 de
2018 4306 2104 4363 his
2121 4305 2341 4378 legitur,
2371 4305 2464 4376 qui
2491 4304 2546 4359 in
2569 4303 2860 4373 Evangelio
2889 4314 3074 4360 natum
3109 4303 3385 4359 Christum
3411 4318 3510 4358 an-

1919 4397 2328 4461 nnntiaverunt,
2357 4404 2544 4466 postea
2584 4403 2765 4451 autem
2799 4396 2918 4452 solo
2966 4396 3186 4453 nomine
3209 4393 3511 4450 mathema—

230 4487 345 4544 lem
358 4486 730 4543 fortitudinem
751 4501 858 4542 non
891 4484 1108 4550 habent,
1131 4483 1222 4555 qui
1248 4483 1303 4539 in
1321 4482 1561 4538 mulieris
1574 4481 1820 4537 habitum
1851 4506 1904 4568 υ
1927 4489 2041 4547 rica.
2069 4485 2236 4557 atque
2253 4486 2389 4542 artis
2426 4485 2652 4541 scientia
2698 4500 2870 4557 usque
2920 4486 2988 4541 ad
3017 4485 3368 4558 Evangelium
3411 4483 3516 4539 fuit

232 4577 591 4643 transierunt.
614 4575 797 4647 Aliqui
822 4575 1074 4631 fanaticis
1110 4573 1353 4646 auguriis
1372 4571 1818 4642 profanabantur,

230 4668 655 4741 perstrepebant
700 4667 946 4725 saltando
969 4667 1216 4740 pedibus,
1243 4665 1586 4737 tripudiando
1622 4664 1825 4736 plausi-

232 4761 375 4827 bus;
412 4759 655 4816 nonnulli
688 4760 761 4816 ita
787 4761 1013 4832 auguria
1041 4756 1427 4820 observabant,
1455 4767 1516 4810 ut
1555 4755 1736 4812 focum
1756 4753 1824 4809 de

231 4852 403 4909 domo
455 4867 585 4918 sua,
614 4851 701 4908 vel
724 4851 868 4907 aliud
911 4851 1270 4922 quodcunque
1309 4848 1630 4906 beneﬁcium
1653 4886 1671 4914 ,
1714 4847 1827 4902 cui-

233 4961 405 5014 quam
427 4944 631 5015 petenti
657 4943 878 4999 minimc
923 4942 1244 4999 tribuerent.
1298 4939 1605 4996 Diabolicas
1653 4937 1821 4993 etiam

235 5044 458 5090 strenas
472 5043 527 5090 et
549 5035 617 5090 ab
631 5032 750 5088 aliis
765 5031 930 5107 ⁸64
948 5032 1306 5103 accipiebant,
1322 5036 1379 5085 et
1391 5029 1492 5100 ipsi
1511 5027 1630 5087 aliis
1653 5029 1828 5084 trade-

232 5126 510 5184 bant.Nee
521 5141 629 5183 non
643 5127 806 5183 etiam
820 5123 1093 5182 meusulas
1106 5123 1297 5196 plenas
1311 5124 1377 5179 ad
1391 5119 1827 5178 manducandum

235 5227 359 5274 tota
379 5225 537 5274 nocte
572 5226 796 5287 paratas
820 5216 1110 5281 habebant,
1131 5215 1419 5272 credentes
1438 5214 1582 5284 quod
1603 5211 1826 5268 Kalend.

233 5308 490 5367 Januarii
516 5325 615 5380 per
637 5319 808 5366 totum
827 5324 1035 5369 annum
1053 5315 1313 5380 praestare
1348 5315 1588 5378 possent.
1604 5305 1674 5361 Et
1700 5304 1829 5376 quia

235 5402 332 5461 his
361 5411 524 5475 atque
551 5401 672 5459 aliis
728 5402 964 5458 miseriis
991 5399 1223 5457 mundus
1261 5401 1546 5455 universus
1594 5397 1832 5467 repletus

233 5503 388 5560 erat,
418 5496 610 5552 statuit
638 5495 959 5550 universalis
987 5491 1229 5550 Ecclesia
1260 5489 1524 5560 jejunium
1553 5489 1825 5559 publicum

233 5585 298 5641 in
326 5587 433 5641 isto
475 5585 563 5640 die
598 5583 734 5646 ﬁeri,
758 5592 1023 5654 quatenus
1077 5581 1161 5636 his
1193 5579 1597 5638 calamitatibus
1638 5584 1828 5635 auctor

241 5681 374 5732 vim
399 5678 558 5732 tinem
581 5678 894 5746 imponeret.
950 5672 1056 5728 Sed
1085 5671 1211 5742 quia
1253 5670 1486 5727 Domino
1521 5668 1781 5740 largiente
1806 5709 1822 5733 ,

1925 4595 2205 4647 concessa,
2234 4587 2296 4635 ut
2322 4577 2544 4636 Christo
2590 4580 2737 4636 edito
2760 4595 2921 4636 nemo
2956 4579 3149 4636 exinde
3173 4578 3512 4634 nativitatem

1926 4673 2157 4742 alicujus
2184 4673 2251 4729 de
2287 4671 2430 4729 callo
2457 4671 2933 4742 interpretaretur.
2961 4669 3114 4729 Unde
3141 4685 3265 4726 mox
3292 4678 3513 4740 pertur-

1925 4764 2038 4823 bati
2062 4771 2224 4834 atque
2249 4762 2533 4820 conterriti
2560 4777 2627 4817 ex
2654 4762 2863 4818 visione
2901 4760 3117 4825 sideris,
3139 4759 3376 4831 acceptis
3395 4773 3515 4814 mu-

1924 4858 2168 4923 neribus,
2194 4863 2470 4928 prmeunte
2497 4869 2593 4912 eos
2621 4856 2774 4912 stella
2795 4854 2864 4912 ad
2884 4854 3089 4912 Christi
3109 4852 3374 4910 cunabula
3400 4861 3514 4909 ter-

1927 4951 2218 5007 tiodecimo
2239 4949 2346 5014 die,
2366 4949 2509 5019 quod
2530 4956 2613 5005 est
2655 4948 2817 5006 hodie
2840 4988 2856 5013 ,
2899 4948 2956 5004 in
3006 4947 3284 5002 Bethleem
3326 4959 3515 5015 perve-

1929 5041 2106 5098 niunt.
2135 5037 2305 5107 Quem
2333 5039 2542 5093 tiaratis
2569 5038 2806 5094 vultibus
2834 5036 3124 5093 adorantes
3145 5077 3162 5101 ,
3210 5035 3388 5090 laetata
3431 5043 3519 5090 est

1932 5145 2099 5200 sagax
2123 5127 2411 5183 curiositas
2429 5125 2825 5193 Chaldaeorum,
2845 5126 2972 5199 quia
3000 5126 3152 5182 illum
3178 5123 3433 5181 videbant
3456 5124 3514 5178 in

1935 5218 2095 5274 terris
2121 5217 2323 5273 editum
2349 5259 2363 5284 ,
2406 5232 2569 5286 quem
2592 5216 2646 5272 in
2669 5216 2820 5273 caelis
2838 5223 3204 5287 cognoverant
3241 5225 3518 5271 astrorum

1938 5308 2148 5366 facibus
2172 5324 2295 5366 esse
2319 5309 2686 5380 prasagitum.
2711 5308 2809 5364 Cui
2831 5308 2995 5364 etiam
3018 5322 3242 5363 munera
3262 5305 3516 5368 oﬂ'erunt,

1939 5403 2041 5458 hoc
2064 5407 2168 5465 est,
2190 5415 2402 5464 aurum,
2429 5400 2553 5454 thus
2581 5409 2634 5454 et
2663 5399 2958 5472 myrrham.
2992 5398 3130 5467 Quia
3156 5411 3187 5451 a
3225 5395 3383 5467 longe
3420 5411 3517 5451 ve-

1932 5490 2108 5555 niimt,
2139 5489 2376 5560 gentium
2407 5487 2634 5558 populos
2662 5490 2836 5545 lucem
2865 5488 2988 5544 ﬁdei
3039 5489 3353 5559 cognituros
3383 5502 3517 5557 pne-

1931 5582 2166 5649 sagiunt.
2201 5579 2307 5634 Per
2334 5595 2527 5635 aurum
2577 5596 2669 5634 rex
2713 5581 3035 5637 ostenditur.
3077 5581 3135 5635 In
3175 5581 3333 5635 thure
3375 5578 3518 5634 Deus

1932 5670 2283 5741 dignoscitur.
2313 5669 2418 5726 Per
2450 5671 2746 5739 myrrham,
2770 5672 2927 5728 homo
2941 5686 3131 5742 passus
3159 5679 3319 5742 atque
3343 5667 3519 5741 sepul-

323 5808 345 5834 ε
392 5793 509 5851 Vill.
548 5792 785 5850 Martene
805 5789 872 5845 de
895 5789 1127 5859 Antiqua
1150 5785 1355 5842 Ecclcs.
1382 5783 1819 5857 disciplina,cap.
1863 5782 1948 5849 l3,
1974 5797 2126 5837 num.
2159 5781 2245 5845 l5,
2279 5795 2400 5854 pag.
2453 5779 2576 5836 105.
