4092 6528
587 339 725 397 H79
1425 337 1482 405 Β.
1526 335 1586 389 F.
1629 329 1856 387 ALBINI
1899 327 2033 384 SEL'
2071 325 2354 384 ALCUINI
2391 325 2682 383 OPERUM
2719 322 2903 381 PARS
2939 323 3030 381 lX.
3335 351 3341 356 -
3754 318 3916 374 “80

583 470 695 517 tus.
720 459 850 524 llaec
876 460 1017 515 dona
1044 455 1318 516 Iuvencus
1344 457 1628 528 presbyter
1655 454 1792 508 mire
1811 450 2036 526 [metro]
2053 465 2183 506 con-
2207 450 2259 509 Α
2285 450 2433 510 sunt,
2463 439 2687 499 inchoat
2710 439 2912 496 facere.
2944 439 3101 498 Unde
3124 438 3364 511 primum
3390 444 3511 494 erat
3537 435 3910 506 miraculum,

582 551 788 612 clusit:
2279 535 2427 609 quod
2453 542 2579 607 post
2606 531 2996 590 revelationem
3025 531 3173 596 anni,
3202 530 3421 602 quando
3449 536 3676 586 vocatus
3703 538 3795 585 est
3829 530 3907 585 ad

586 666 800 731 Aurum.
841 666 976 731 “In.
1012 665 1280 731 mimum.
1320 663 1551 730 “sique.
1591 659 1820 730 Daque.
1865 659 2177 723 hominique.
2276 631 2531 731 nnptias,‘
2566 643 2742 731 aquas
2769 627 2823 682 in
2849 626 3040 731 vinum
3073 623 3374 731 convertit,
3410 623 3907 731 quodest-tertio

587 715 976 780 Danai’érunC'
1013 715 1082 731 ’Ὗ
1128 715 1179 721 Ἥ
1217 715 1280 726 Ἦ
1379 715 1408 724 ”
1443 715 1466 730 ⁸
1537 715 1551 727 ⁷
1604 715 1612 722 ’
1717 715 1735 726 ’
1804 715 1818 730 ’
2069 715 2083 723 ⁷
2158 715 2174 722 ⁷
2279 722 2368 777 die
2415 728 2539 792 post
2564 719 2910 776 vocationem
2952 715 3362 788 discipulorum.
3410 715 3606 770 Vinum
3635 715 3787 771 istud
3829 729 3904 768 ex

650 831 711 891 In
729 832 834 890 hac
857 831 946 889 die
962 844 1134 895 unum
1173 829 1475 886 amittimus
1500 844 1570 885 ex
1598 829 1704 908 his,
1740 843 1861 901 quae
1886 827 1941 883 in
1985 825 2180 882 nativi-

581 933 695 982 tate
716 923 934 980 Domini
983 923 1368 1004 celebramus,
1410 923 1513 980 hoc
1537 927 1658 995 est,
1711 917 2084 982 invitatorium
2123 926 2175 980 ⁸.

580 1017 866 1073 lnslitutor
889 1025 1070 1072 autem
1087 1014 1414 1082 ofﬁciorum,
1438 1013 1495 1080 in
1520 1019 1781 1086 quantum
1801 1009 2001 1085 potuit,
2015 1009 2182 1072 actio-

579 1125 706 1165 nem
736 1109 884 1166 illius
904 1109 1184 1182 temporis,
1206 1107 1426 1180 quando
1454 1106 1546 1162 illa
1589 1104 1893 1184 agebantur
1927 1117 2051 1175 quze
2089 1114 2179 1158 re—

582 1204 833 1274 colimus,
863 1203 920 1259 in
944 1202 1148 1260 usitato
1173 1199 1360 1259 ofﬁcio
1383 1199 1557 1266 voluit
1581 1198 1650 1256 ad
1674 1196 1996 1258 memoriam
2020 1193 2178 1252 nobis

581 1296 844 1362 reducere
870 1314 886 1352 :
916 1293 1142 1361 scilicet,
1168 1293 1296 1364 quia
1328 1289 1500 1356 voluit
1520 1287 1575 1346 in
1598 1290 1706 1344 isto
1733 1286 2178 1362 distinguerent)—

584 1399 759 1450 stratn
784 1387 986 1446 bonam
1029 1384 1432 1452 invitationem,
1484 1397 1592 1456 qua
1627 1380 1928 1441 invitantur
1951 1385 2009 1435 et
2031 1377 2180 1435 exci-

581 1490 774 1540 tantur
792 1479 979 1536 ﬁdeles
1002 1479 1072 1542 ad
1097 1479 1274 1548 Deum
1309 1475 1731 1550 deprecandum,
1756 1474 1827 1530 ab
1858 1471 2180 1532 invitatione

581 1574 833 1640 Herodis,
863 1572 956 1646 qui
983 1579 1273 1644 propterea
1304 1567 1656 1643 congregavit
1684 1565 1892 1632 scribas
1937 1572 1995 1642 et
2019 1563 2166 1637 prin.

579 1667 731 1737 cipes
751 1646 1081 1730 Judzeorum,
1118 1671 1178 1718 ut
1233 1662 1400 1718 sciret
1427 1660 1520 1717 ubi
1545 1657 1797 1721 Christus
1840 1661 2177 1720 nasceretur,

579 1772 742 1828 quem
773 1755 1047 1829 cogitabat
1092 1753 1428 1821 interﬁcere,
1476 1749 1847 1817 invitatorium
1893 1745 2178 1819 praesentis

2279 827 2424 884 aqua
2453 810 2682 878 factum,
2710 809 2896 867 divina
2917 818 3189 881 prmeepta
3214 822 3308 863 seu
3329 803 3640 880 Scripturas
3666 815 3903 863 sanctas

2281 905 2708 968 meracissimas,
2739 903 2985 976 vigorem
3013 901 3252 959 cmlestis
3277 902 3561 980 sapientiae
3590 903 3899 958 continen-

2281 1003 2388 1064 tes,
2419 995 2796 1068 intelligimus.
2841 993 2938 1050 Hre
2960 995 3161 1066 nuptiae
3190 994 3386 1066 gaudia
3413 992 3606 1050 salutis
3628 992 3900 1048 humanae

2279 1091 2625 1164 signiﬁcant:
2653 1106 2750 1149 sex
2769 1093 3002 1166 hydrina,
3025 1108 3122 1148 sex
3147 1092 3336 1154 mundi
3362 1098 3552 1151 aetates
3571 1091 3895 1163 designant,

2279 1200 2379 1256 per
2407 1200 2546 1256 quas
2565 1181 2702 1256 justi
2732 1184 2968 1257 ﬁguram
2991 1184 3208 1241 Domini
3241 1185 3621 1256 praetulerunt.
3656 1182 3768 1240 Per
3799 1200 3898 1241 ar-

2279 1277 2672 1346 chitriclinum,
2703 1275 3063 1336 fortissimum
3087 1277 3505 1355 praedicatorem
3539 1273 3772 1332 Paulum
3802 1277 3896 1333 in-

2280 1369 2594 1443 telligimus.
2643 1368 2800 1426 Fecit
2825 1369 2994 1435 etiam
3041 1369 3204 1425 hodie
3231 1379 3489 1443 magnum
3532 1368 3891 1436 miraculum,

2281 1462 2500 1533 quando
2519 1463 2587 1519 de
2612 1462 2853 1542 quinque
2881 1461 3113 1535 panibus
3140 1470 3196 1518 et
3224 1462 3436 1534 duobus
3461 1462 3704 1534 piscibus
3731 1463 3892 1537 pavit

2281 1553 2528 1627 quinque
2554 1553 2727 1611 millia
2755 1553 3060 1624 hominum.
3092 1552 3342 1628 Quinque
3368 1552 3538 1612 millia
3569 1554 3892 1620 hominum,

2280 1647 2372 1718 qui
2402 1647 2644 1718 quinque
2674 1647 2910 1718 panibus
2936 1654 2996 1722 et
3038 1645 3248 1706 duobus
3281 1646 3524 1717 piscibus
3559 1645 3704 1718 pasti
3728 1655 3893 1714 sunt,

2281 1738 2540 1796 Ecclesia:
2567 1745 2697 1794 sunt
2718 1737 2928 1809 populi,
2951 1736 3043 1809 qui
3068 1747 3192 1809 post
3214 1737 3453 1822 quinque
3477 1751 3668 1794 sensus
3693 1753 3896 1806 corpo-

578 1813 748 1905 ofﬁcii
771 1813 978 1907 omisit.
1003 1843 1254 1901 Psalmus
1291 1813 1510 1901 autem:
1546 1813 1688 1897 Deus
1717 1813 2179 1911 noster-refugium
2212 1813 2256 1872 Β
2283 1830 2380 1896 ris,
2413 1829 2672 1886 alimento
2699 1829 2835 1900 legis
2860 1827 3092 1902 spiritali
3133 1843 3165 1883 a
3202 1813 3423 1900 Christo
3444 1828 3782 1894 reﬁciuntur,
3833 1836 3896 1886 et

577 1949 628 1994 et
654 1939 819 1998 virtus
843 1935 1017 2010 (Psal.
1049 1953 1178 2005 xcv,
1205 1933 1264 2008 2)
1290 1976 1307 2004 ,
1357 1941 1692 2008 praepostero
1721 1930 1913 1994 ordine
1937 1971 1952 1998 ,
1999 1935 2182 1986 canta-

580 2040 694 2102 tur,
717 2030 846 2100 quia
873 2029 1028 2102 prius
1048 2028 1306 2085 adoratus
1329 2033 1412 2082 est
1433 2043 1465 2082 a
1488 2025 1661 2099 Magis
1705 2024 1987 2090 Dominus,
2015 2038 2179 2094 quam

581 2139 613 2176 a
641 2120 851 2180 Joanne
885 2122 1214 2194 baptizatus.
1254 2121 1324 2177 Et
1346 2119 1580 2186 fortasse
1605 2119 1885 2176 institutor
1911 2117 2068 2174 istius
2092 2116 2178 2173 of-

581 2215 688 2272 ﬁcii
723 2215 900 2288 magis
925 2214 1096 2270 voluit
1137 2213 1340 2270 imitari
1366 2213 1613 2275 ordinem
1665 2210 1993 2274 venientium
2050 2209 2183 2268 ﬁde-

580 2308 713 2363 lium
739 2307 807 2366 ad
849 2306 1205 2377 baptismum,
1235 2319 1398 2376 quam
1446 2303 1601 2375 sequi
1651 2303 1900 2363 ordinem
1946 2299 2184 2374 psalmo-

581 2413 725 2466 rum.
751 2395 904 2454 Tunc
920 2412 1053 2468 ergo
1067 2397 1209 2460 bene
1235 2396 1304 2450 ad
1329 2393 1650 2450 memoriam
1682 2392 2017 2459 reducuntur
2034 2390 2178 2449 facta

577 2487 876 2560 materiai,
899 2502 1024 2549 cum
1051 2487 1294 2551 rationes
1313 2485 1512 2553 rationi
1538 2484 1893 2548 conveniunt.

1215 2617 1447 2676 CAPUT
1487 2617 1578 2676 Vl.

1087 2753 1157 2793 DE
1185 2751 1448 2793 B.\PTISIO
1474 2751 1681 2794 DOIIM.

652 2851 899 2925 Expletis
919 2849 1124 2908 Christi
1154 2849 1312 2923 quasi
1354 2850 1577 2922 triginta
1615 2865 1886 2917 annorum
1929 2849 2181 2904 curricu-

580 2945 669 3015 lis,
701 2946 854 3015 venit
879 2947 935 3001 in
959 2942 1254 3000 Jordanem
1282 2945 1351 3000 ad
1378 2941 1643 3000 Joannem
1661 2986 1676 3014 ,
1724 2953 1785 2998 ut
1812 2944 2184 3014 baptizaretur

581 3040 654 3094 ab
677 3054 777 3105 eo,
821 3052 965 3093 anno
1002 3037 1258 3092 videlicet
1285 3036 1692 3106 decimoquinto
1735 3037 1947 3106 imperii
1980 3035 2180 3091 Tiberii

579 3127 837 3191 Cesaris,
866 3125 967 3181 sub
995 3125 1283 3182 Valeriano
1304 3135 1360 3182 et
1387 3126 1629 3181 Asiatico
1657 3125 1970 3181 consulibus
1996 3125 2047 3192 ιι,
2080 3141 2180 3192 nec

582 3233 694 3274 non
741 3217 796 3272 in
837 3216 1022 3272 Judaza
1053 3225 1288 3287 quatuor
1323 3217 1620 3272 tetrarchis
1653 3215 2081 3282 dominantibus,
2126 3216 2181 3271 id

579 3317 692 3374 est,
723 3308 960 3375 Herode,
988 3308 1237 3387 Philippo
1269 3316 1325 3364 et
1349 3306 1606 3380 Lysania,
1645 3308 1772 3363 ﬁliis
1799 3307 2028 3364 Herodis
2061 3323 2180 3363 ma-

574 3397 753 3468 joris:
786 3413 882 3455 seu
907 3397 1085 3456 Pilato
1111 3400 1346 3471 praeside
1373 3397 1644 3469 Romano,
1685 3401 1970 3472 agentibus
1998 3402 2181 3472 ponti-

584 3492 807 3546 ﬁcatum
837 3489 994 3546 Anna
1017 3499 1074 3546 et
1097 3490 1324 3563 Caipba.
1371 3491 1586 3546 Peracti
1616 3493 1763 3546 enim
1791 3499 1952 3547 erant
1975 3492 2044 3547 ab
2071 3492 2182 3548 ini-

584 3586 662 3640 tio
685 3584 872 3640 mundi
897 3583 1194 3642 secundum
1217 3583 1543 3650 ilebraicam
1577 3586 1866 3641 veritatem
1893 3587 2020 3642 anni
2047 3602 2182 3657 qua-

585 3687 670 3732 ter
687 3677 838 3732 mille
861 3674 1040 3750 [ch.,
1065 3684 1154 3732 ter
1177 3676 1344 3742 mille,
1375 3687 1430 3732 ut
1460 3681 1620 3750 supra
1641 3696 1760 3750 cap.
1794 3677 1870 3764 η,
1903 3661 2178 3754 nongenti,

582 3769 858 3840 octoginta
901 3767 1034 3836 duo,
1078 3767 1363 3834 adnotata,
1411 3770 1557 3840 quod
1601 3770 1812 3826 decimo
1848 3777 2005 3827 sexto
2039 3785 2183 3827 anno

583 3859 789 3916 Tiberii
823 3858 1150 3935 principium
1197 3858 1363 3916 fuerit
1409 3862 1724 3933 octogesimi
1754 3862 1914 3933 primi
1953 3860 2178 3943 jubilazi.

580 3951 746 4009 Juxta
771 3951 1127 4024 Septuaginta
1159 3955 1516 4027 interpretum
1547 3972 1680 4018 vero
1706 3957 2026 4024 editionem,
2055 3957 2182 4012 anni

583 4054 711 4102 sunt
742 4047 1032 4122 quinquies
1059 4049 1210 4105 mille
1243 4049 1463 4105 ducenti
1484 4049 1678 4121 viginti
1707 4066 1922 4108 novem.
1949 4049 2058 4106 Pro
2089 4051 2186 4105 tri-

582 4138 685 4194 bus
708 4138 854 4193 enim
878 4139 1060 4195 causis
1092 4140 1400 4212 baptizatus
1435 4149 1520 4196 est
1561 4141 1860 4197 Dominus:
1899 4143 2097 4216 primo,
2126 4151 2187 4198 ut

585 4226 716 4297 quia
755 4227 920 4285 homo
957 4239 1115 4295 erat,
1156 4246 1373 4286 onmem
1410 4230 1678 4302 justitiam
1721 4233 1854 4303 legis
1895 4234 2179 4305 impleret;

583 4317 838 4383 secundo,
869 4327 931 4374 ut
965 4319 1130 4394 5.65
1159 4322 1434 4394 baptismo
1465 4339 1562 4379 suo
1588 4322 1817 4379 Joannis
1854 4324 2184 4396 baptismum

583 4413 995 4483 comprobaret;
1020 4417 1205 4482 tertio,
1235 4417 1313 4470 uti
1337 4415 1594 4472 Jordanis
1617 4432 1788 4488 aquas
1811 4417 2180 4482 sanctiﬁcans,

585 4518 684 4573 per
707 4503 1115 4562 descensionem
1145 4506 1408 4563 columba:
1436 4506 1672 4578 Spiritus
1689 4508 1862 4574 sancti
1888 4508 1943 4564 in
1963 4508 2183 4567 lavacro

585 4596 924 4652 credentium
971 4607 1300 4655 monstraret
1327 4595 1641 4656 adventum.
1692 4601 1825 4657 Post
1850 4603 2181 4674 baptismum

587 4689 734 4745 illico
755 4690 949 4745 ductus
981 4698 1066 4747 est
1091 4692 1146 4746 in
1176 4693 1451 4748 desertum
1479 4708 1510 4747 a
1534 4691 1760 4765 Spiritu,
1795 4703 1854 4749 ut
1882 4705 2181 4754 tentaretur

588 4795 621 4834 a
658 4779 896 4845 diabolo,
943 4789 999 4835 et
1029 4783 1194 4853 cmpit
1229 4781 1476 4854 jejunare
1503 4799 1604 4858 pro
1635 4785 1793 4841 nobis
1820 4787 2181 4858 quadraginta

587 4869 780 4926 diebus
807 4881 863 4926 et
888 4872 1248 4944 quadraginta
1279 4873 1545 4930 noctibus.
1579 4873 1886 4932 Secundum
1927 4877 2067 4939 hanc
2091 4893 2182 4933 ra-

590 4963 794 5020 tionem
821 4973 1060 5036 coeptum
1088 4974 1173 5021 est
1192 4965 1458 5036 jejunium
1487 4984 1519 5022 a
1559 4968 1832 5040 baptismo
1860 4969 2096 5036 Domini,
2123 4978 2181 5026 et

588 5057 827 5113 solutum
859 5066 942 5113 est
969 5059 1374 5131 decimoquinto
1399 5058 1625 5116 Kalend.
1663 5060 1918 5127 Martias,
1963 5062 2180 5131 quando

590 5147 839 5204 diabolus
864 5147 1122 5205 confusus
1152 5151 1220 5205 ab
1249 5163 1316 5206 eo
1344 5151 1592 5207 recessit.
1637 5151 1852 5206 Abhinc
1878 5166 2096 5222 quoque
2125 5152 2181 5207 in

588 5240 819 5314 populos
845 5239 1003 5297 Jesus
1045 5239 1296 5298 Christus
1340 5241 1636 5302 salutarem
1678 5243 1824 5296 viam
1869 5242 2178 5307 annuntiat,

591 5333 763 5405 signis
787 5341 952 5406 atque
982 5334 1274 5391 virtutibus
1298 5349 1426 5399 vera
1470 5333 1833 5406 comprobatus
1858 5348 2010 5400 esse,
2062 5349 2184 5404 qua:

595 5425 820 5480 diceret.
873 5425 1132 5490 Miracula
1161 5427 1359 5496 etiam,
1406 5442 1529 5498 qua:
1570 5427 1622 5481 in
1652 5424 1945 5498 Evangelio
1982 5425 2185 5500 scripta

2059 5582 2182 5636 ΗΟ.

667 5590 696 5692 ἓ
733 5579 852 5633 Vid.
881 5579 1123 5664 Martene
1145 5581 1248 5665 loc.
1283 5581 1376 5664 cit.
1399 5597 1518 5667 cap.
1543 5581 1632 5648 14,
1657 5598 1808 5665 num.
1829 5581 1881 5664 ﬁ,
1911 5596 2033 5706 pag.
2059 5582 2182 5665 “9.

733 5650 885 5704 Anno
913 5667 980 5708 xv
1009 5668 1212 5708 mmem
1261 5652 1452 5708 Ttbcm
1479 5652 1726 5708 Ca'sam.
1755 5654 1942 5707 Potius
2017 5653 2187 5708 alerto

668 5649 696 5724 ξ’
733 5650 885 5724 ᾼηηο
913 5667 988 5724 xv
1009 5652 1212 5724 imperii
1261 5652 1452 5708 Tiberii
1469 5649 1726 5708 Cameris.
1755 5649 1942 5707 Potius

2209 3173 2255 3237 C

2280 1920 2483 1993 duplici
2513 1927 2843 1976 testamento
2885 1920 3041 1999 quasi
3084 1918 3329 1994 gemellis
3354 1918 3598 1995 piscibus
3622 1926 3893 1977 saturan-

2280 2019 2392 2066 tur.
2439 2009 2628 2081 Neque
2661 2011 2768 2066 hoc
2812 2009 3251 2083 praetereundum
3297 2017 3405 2077 est,
3453 2010 3598 2087 quod
3646 2009 3768 2069 hzec
3799 2023 3897 2067 se-

2281 2107 2458 2164 cunda
2485 2107 2746 2163 nativitas
2772 2104 2974 2162 Christi
3000 2114 3080 2162 tot
3107 2105 3375 2161 illustrata
3404 2104 3679 2182 mysteriis
3711 2107 3896 2166 hono-

2281 2201 2455 2255 ratior
2483 2205 2593 2264 est,
2638 2212 2806 2269 quam
2848 2197 3049 2268 prima.
3104 2194 3260 2254 Tunc
3302 2197 3676 2255 tantummodo
3723 2207 3895 2256 natus

2280 2299 2386 2356 est,
2435 2298 2492 2346 et
2532 2289 2759 2362 angelus
2795 2297 3047 2360 pastores
3089 2287 3281 2352 allatus
3302 2297 3426 2346 est:
3462 2289 3627 2347 hodie
3668 2305 3804 2348 vero
3859 2309 3895 2346 a

2283 2382 2456 2454 Magis
2502 2397 2626 2438 cum
2665 2382 2986 2438 muneribus
3015 2381 3273 2449 adoratus
3301 2389 3424 2450 est;
3475 2382 3640 2439 hodie
3663 2398 3794 2439 cum
3833 2384 3895 2440 in

2281 2472 2592 2545 Jordanicis
2633 2474 2791 2544 aquis
2830 2472 3154 2546 ﬁngeretur,
3204 2471 3376 2530 Filius
3404 2473 3633 2538 dilectus
3655 2489 3689 2533 a
3723 2472 3896 2534 Patre

2283 2576 2508 2624 vocatus
2535 2577 2620 2624 est
2646 2566 2714 2624 de
2754 2567 2919 2635 ctelo,
2950 2576 3008 2624 et
3053 2565 3295 2639 Spiritus
3335 2575 3562 2626 sanctus
3601 2569 3661 2624 in
3702 2569 3904 2640 specie

2283 2659 2549 2718 columba:
2576 2676 2741 2734 super
2760 2677 2888 2718 eum
2915 2663 3067 2718 visus
3091 2670 3196 2728 est,
3227 2677 3332 2719 nec
3355 2677 3464 2720 non
3480 2671 3609 2734 post
3624 2663 3895 2736 baptismi

2283 2761 2690 2810 sacramentum
2737 2761 2902 2826 caput
2931 2753 3188 2810 draconis
3213 2753 3508 2817 contritum
3555 2761 3676 2822 est;
3723 2753 3899 2813 hodie

2283 2861 2352 2902 ex
2382 2860 2526 2918 aqua
2552 2846 2740 2908 vinum
2771 2843 2974 2909 factum
2996 2855 3104 2914 est,
3131 2844 3418 2920 eidemque
3446 2845 3660 2904 cmiesti
3684 2861 3897 2918 sponso

2284 2939 2531 2997 Ecclesia
2559 2937 2752 3010 juncta
2799 2948 2904 3008 est,
2956 2939 3179 3012 insuper
3219 2947 3276 2997 et
3325 2939 3565 3014 quinque
3603 2940 3896 2997 hominum

2285 3033 2454 3089 millia
2477 3032 2547 3088 ab
2575 3047 2643 3090 eo
2668 3031 2868 3090 refecta
2893 3041 3058 3102 sunt;
3087 3041 3144 3091 et
3171 3033 3375 3092 idcirco
3403 3034 3774 3091 manifestatio
3806 3036 3897 3091 in-

2285 3133 2642 3196 terpretatur,
2688 3127 2819 3199 quia
2864 3125 2920 3182 in
2947 3125 3034 3185 his
3075 3124 3428 3187 manifestare
3473 3141 3532 3183 se
3574 3126 3896 3188 hominibus

2285 3215 2541 3288 dignatus
2569 3224 2673 3272 est.
2723 3216 2882 3289 Quod
2928 3225 3111 3272 autem
3153 3217 3210 3272 in
3255 3218 3358 3273 hac
3388 3216 3682 3274 festivitate
3724 3234 3896 3275 nemo

2281 3316 2580 3380 praasumat
2619 3308 2927 3391 baptizare,
2970 3317 3192 3366 sanctus
3226 3307 3338 3364 Leo
3373 3323 3507 3387 papa
3540 3310 3595 3372 in
3625 3308 3896 3367 Decreta-

2280 3401 2423 3458 libus
2455 3412 2476 3441 ε
2509 3401 2762 3473 prohibet
2790 3402 2866 3456 ita
2896 3419 2911 3456 :
2953 3421 2974 3453 ι
3007 3400 3065 3467 Si
3095 3401 3218 3474 quis
3243 3410 3426 3459 autem
3461 3401 3780 3472 Epiphania:
3809 3401 3894 3460 fe-

2281 3493 2600 3559 stivitatem,
2630 3509 2753 3564 quae
2780 3493 2837 3548 in
2862 3509 2961 3550 suo
2989 3492 3171 3550 debito
3195 3494 3402 3550 honore
3435 3493 3747 3550 veneranda
3777 3503 3890 3562 est,

2281 3584 2353 3640 ob
2398 3585 2503 3641 hoc
2547 3585 2828 3640 existimat
2869 3583 3073 3639 habere
3118 3583 3462 3657 privilegium
3512 3583 3889 3654 baptismatis,

2282 3675 2422 3731 sciat
2450 3674 2595 3731 illius
2622 3674 2879 3748 baptismi
2905 3674 3069 3731 aliam
3097 3675 3355 3750 gratiam,
3402 3673 3566 3729 aliam
3595 3672 3765 3730 fuisse
3797 3691 3890 3731 ra-

2282 3767 2510 3834 tionem,
2554 3783 2656 3825 nec
2687 3766 2758 3823 ad
2798 3783 2921 3824 eam
2951 3765 3280 3838 pertinuisse
3305 3767 3600 3834 virtutem,
3645 3780 3754 3836 qua
3783 3781 3892 3838 per

2283 3859 2550 3934 Spiritum
2591 3869 2838 3916 sanetum
2866 3869 3246 3922 renascuntur.
3299 3860 3561 3916 Dominus
3587 3875 3697 3917 non
3740 3861 3895 3918 indib

2282 3967 2418 4023 gens
2469 3952 2793 4009 remissione
2834 3953 3068 4024 peccati,
3116 3967 3218 4008 nec
3248 3951 3490 4008 remedio
3536 3956 3892 4020 renascendi,

2284 4045 2364 4102 sic
2410 4044 2582 4103 voluit
2616 4043 2923 4118 baptizari,
2975 4045 3247 4116 quomodo
3283 4052 3341 4100 et
3383 4043 3724 4102 circumcidi.
3781 4048 3894 4105 Sed

2284 4143 2416 4191 tunc
2442 4121 2875 4209 regenerationis
2902 4136 3200 4208 potentiam
3226 4133 3426 4201 sanxit,
3465 4135 3688 4207 quando
3715 4139 3782 4194 de
3809 4139 3894 4194 la-

2286 4238 2402 4282 tere
2448 4227 2594 4282 illius
2640 4225 3014 4297 profluxerunt
3060 4225 3282 4297 sanguis
3345 4225 3783 4296 redemptionis,
3836 4238 3898 4283 et

2285 4334 2428 4394 aqua
2455 4319 2842 4391 baptismatis:
2885 4318 3029 4375 unde
3068 4318 3125 4372 in
3165 4317 3506 4390 baptizandis
3531 4319 3724 4377 eiectis
3745 4361 3761 4387 ,
3794 4322 3894 4394 qui

2287 4413 2583 4469 secundum
2611 4411 2964 4484 apostolicam
2995 4411 3241 4484 regulam
3283 4419 3342 4467 et
3375 4415 3704 4481 exorcismis
3732 4430 3895 4482 scru-

2287 4503 2463 4570 tandi,
2488 4512 2543 4557 et
2565 4500 2787 4572 jejuniis
2814 4500 3214 4570 sanctiﬁcandi,
3247 4510 3306 4558 et
3340 4501 3718 4576 frequentibus
3745 4521 3895 4579 prae-

2286 4594 2650 4650 dicationibus
2675 4593 2975 4661 imbuendi,
3007 4594 3116 4650 duo
3145 4601 3358 4658 tantum
3383 4603 3654 4667 tempora,
3699 4597 3753 4652 id
3780 4609 3894 4666 est,

2284 4687 2496 4744 Pascha
2524 4695 2580 4741 et
2598 4685 2980 4754 Pentecosten,
3021 4702 3144 4743 esse.
3187 4687 3486 4756 servanda,
3533 4699 3764 4760 excepto
3791 4708 3896 4763 pro

2285 4781 2514 4849 mortuis
2540 4778 2807 4851 periculo,
2830 4788 2888 4845 et
2909 4779 2965 4835 in
2993 4781 3391 4852 persecutionis
3422 4784 3711 4855 angustiis,
3739 4794 3797 4840 et
3835 4786 3892 4840 in

2283 4873 2481 4944 timore
2505 4873 2774 4946 naufragii
2797 4872 2849 4928 ιι.
2897 4873 3255 4946 Aptissimum
3285 4889 3528 4949 namque
3573 4885 3678 4944 est,
3726 4886 3792 4934 ut
3833 4878 3891 4933 in

2286 4972 2463 5021 morte
2490 4965 2763 5044 cruciﬁxi,
2812 4965 2953 5032 etin
2999 4965 3410 5028 resurrectione
3453 4967 3678 5034 mortui,
3706 4969 3891 5038 pinni-

2287 5057 2456 5127 tentia
2481 5054 2738 5126 baptismi
2769 5069 2966 5110 novam
2992 5063 3245 5112 naturam
3267 5058 3477 5114 condat
3498 5073 3565 5114 ex
3587 5066 3798 5125 vetere,
3830 5069 3893 5126 ut

2287 5147 2343 5202 in
2389 5148 2797 5204 renascentibus
2843 5158 3104 5220 operetur
3145 5157 3202 5216 et
3246 5152 3587 5210 resurrectio
3634 5161 3693 5210 et
3737 5169 3893 5210 mors

2289 5239 2520 5307 Christi,
2565 5241 2778 5305 dicente
2807 5237 3106 5312 Apostolo:
3157 5244 3238 5298 An
3273 5245 3574 5322 ignoratis,
3609 5248 3733 5320 quia
3765 5249 3892 5320 qui-

2290 5350 2497 5404 cunque
2534 5332 2784 5400 baptizati
2831 5351 3012 5404 suum:
3059 5339 3114 5390 in
3153 5335 3368 5393 Christo
3403 5340 3574 5408 Ictu,
3620 5341 3677 5398 in
3722 5353 3894 5398 morte

2287 5425 2455 5496 ipsius
2495 5426 2748 5500 baptimti
2781 5442 2962 5489 sumus
2986 5426 3163 5502 (Rom,
3206 5445 3287 5498 vi,
3315 5432 3418 5505 5)?
3447 5431 3552 5488 Per
3581 5432 3893 5491 triduanam

2290 5577 2494 5635 Monito
2521 5580 2742 5650 praevio.

2362 5661 2386 5689 ο
2422 5650 2660 5728 Sanctus
2679 5651 2789 5708 Leo
2812 5664 2972 5728 pupa,
3021 5655 3182 5726 epist.
3223 5656 3314 5723 16,
3346 5659 3414 5714 ad
3460 5659 3746 5716 universos
3779 5658 3901 5728 θυῖε

594 5718 833 5776 Asiatico
858 5730 913 5778 et
940 5718 1166 5794 Messala
1203 5724 1532 5790 consulibus,
1559 5724 1649 5794 qui
1703 5735 1884 5779 tamen
1937 5723 2190 5783 consules
2291 5736 2486 5794 scapos
2513 5721 2734 5790 Siciliae,
2765 5718 2976 5794 capiti.

598 5807 704 5846 non
740 5804 898 5850 erant
925 5809 1066 5850 anl‘io
1102 5793 1304 5851 Tiberii
1335 5810 1402 5848 xv
1424 5833 1440 5861 ,
1500 5803 1560 5849 ut
1583 5793 1748 5865 Supra
1796 5795 2100 5852 notavimus
2130 5795 2184 5850 in

2360 5793 2386 5834 ἀ
2417 5793 2640 5861 ibidem,
2672 5808 2791 5866 cap.
2823 5793 2855 5849 3
2882 5803 2934 5851 et
2962 5795 3013 5851 5.
