4092 6492
258 415 388 473 “Si

1079 421 1228 480 OPP.
1273 422 1679 481 SUPPOSITA.
1720 453 1790 462 —
1827 422 1955 477 LIB.
1997 424 2087 480 DE
2127 424 2378 483 DlVlNlS
2415 427 2723 489 OFFlCllS.

3392 435 3530 493 “82

251 538 399 595 (nim
444 535 783 608 sepulturam
829 537 1075 594 imitatur
1113 538 1261 593 trina
1303 539 1574 594 demersio
1599 578 1615 596 .
1668 547 1722 594 et
1769 539 1839 596 ab
1869 537 1916 597 Α
1943 534 2215 606 Virginum
2240 538 2609 610 pmdentium,
2633 554 2825 595 omnes
2849 539 3006 598 electi
3034 541 3340 600 lucentibus
3365 546 3534 602 bono-

249 628 408 700 :quis
431 627 648 697 levatio,
677 631 1012 702 resurgentis
1039 632 1213 687 instar
1232 639 1319 687 est
1343 633 1411 687 de
1437 631 1706 704 sepulcro.
1743 651 1762 685 ι

847 720 1077 778 CAPUT
1133 722 1244 779 VII.

549 827 616 867 ιιε
641 826 1056 870 IURII’ICATIONB
1081 827 1302 869 SANC‘I‘E
1332 829 1540 869 ΠΛΒῘΕ.

319 902 396 958 De
431 904 538 965 hac
585 903 878 961 festivitate
925 913 980 962 et
1029 906 1152 961 aliis
1195 905 1581 963 festivitatibus
1632 915 1837 967 sancta

247 995 451 1066 Μαι-ξω,
502 997 557 1059 in
601 997 771 1069 gestis
799 996 1207 1054 Pontiﬁcalibus
1237 998 1437 1070 legitur
1459 1012 1510 1068 ε,
1537 999 1684 1069 quod
1707 997 1836 1056 Ser—

246 1087 369 1159 gius
391 1103 530 1159 papa
553 1087 876 1160 prmceperit
912 1087 1131 1144 litanias
1167 1087 1288 1144 fieri
1315 1089 1374 1144 in
1413 1089 1503 1146 die
1529 1084 1835 1160 praesenta-

248 1180 411 1237 tionis
433 1179 649 1245 Domini
678 1180 733 1236 in
759 1179 980 1251 templo.
1003 1179 1083 1236 Ita
1108 1181 1252 1236 enim
1273 1180 1539 1253 scriptum
1558 1189 1644 1237 est
1665 1200 1679 1236 :
1717 1200 1738 1234 ‹
1762 1181 1836 1237 Ut

246 1272 303 1329 tu
333 1271 524 1330 diebus
551 1272 980 1330 annuntiationis
999 1271 1237 1339 Domini,
1274 1272 1618 1329 dormitionis
1644 1288 1710 1328 ac
1735 1287 1835 1328 na-

243 1363 475 1426 tivitatis
499 1371 703 1429 sanctae
736 1363 835 1419 Dei
881 1362 1176 1421 Genitricis
1200 1362 1409 1433 Mariae,
1452 1371 1509 1420 et
1536 1364 1712 1420 sancti
1745 1363 1832 1420 Si-

241 1453 476 1521 meonis,
505 1455 651 1526 quod
673 1459 954 1516 ὐπαπαντή
976 1454 1177 1512 dicitur
1213 1454 1422 1522 Graece,
1460 1469 1586 1511 cum
1625 1455 1832 1511 litaniis

239 1553 440 1602 exeant
480 1562 512 1602 a
559 1546 764 1604 Sancto
789 1546 1054 1615 Adriano,
1103 1555 1159 1604 et
1196 1549 1266 1605 ad
1295 1548 1555 1606 Sanctam
1601 1548 1829 1606 Mariam

239 1637 470 1708 populus
495 1647 768 1695 occurrat.
800 1660 821 1694 ι
856 1638 977 1710 Ipsa
1000 1655 1132 1712 ergo
1160 1641 1248 1696 die
1278 1656 1476 1697 aurora
1503 1641 1830 1698 ascendente

239 1729 486 1800 procedit
529 1713 708 1786 omnis
735 1730 916 1787 clerus
960 1746 1055 1786 seu
1094 1731 1328 1803 populus
1371 1747 1496 1787 cum
1541 1732 1747 1788 litaniis
1773 1742 1829 1788 et

237 1821 548 1891 antiphonis
576 1822 645 1878 ad
675 1821 962 1881 ecclesiam
997 1823 1184 1880 Sancti
1219 1825 1477 1892 Adriani,
1507 1834 1830 1896 exspectan-

1943 646 2065 684 rum
2091 639 2310 687 actuum
2345 631 2682 704 lampadibus
2721 633 2939 690 obviam
2967 650 3169 706 sponso
3198 651 3268 706 ac
3291 637 3404 709 regi
3434 654 3536 695 suo

1939 721 2238 789 venientes,
2282 737 2410 784 mox
2437 739 2560 779 cum
2581 739 2647 781 eo
2676 726 2746 781 ad
2773 728 2991 798 nuptias
3018 741 3268 797 superna:
3295 731 3535 790 civitatis

1939 810 2239 869 intrabunt.
2275 833 2297 868 ι
2987 817 2993 822 ’

2530 909 2760 966 CAPUT
2798 911 2932 967 VIII.

1938 1003 1962 1031 ε
2002 1009 2065 1048 DE
2115 1010 2541 1062 SEPTUAGESIIA,
2586 1016 2945 1071 SEXXGESHIA,
2998 1021 3422 1072 QUINQULGESDIA
3461 1026 3534 1066 ΕΤ

2513 1085 2942 1133 ουιιιιιιλθεεηιλ.

2011 1176 2418 1252 Septuagesima
2452 1191 2798 1254 computatur
2826 1186 3123 1243 secundum
3165 1188 3530 1257 titulatiOnem

1935 1269 2356 1328 Sacramentarii
2389 1280 2445 1327 et
2470 1272 2853 1344 Antiphonarii
2878 1293 3073 1334 novem
3101 1280 3533 1338 hebdomadibus

1932 1369 2059 1417 ante
2084 1360 2296 1418 Pascha
2343 1363 2400 1418 in
2430 1366 2718 1435 septimam
2763 1367 2997 1426 sabbati.
3038 1370 3280 1442 Populus
3325 1372 3422 1430 Dei
3475 1374 3531 1430 in

1933 1449 2206 1524 Babylone
2254 1453 2506 1509 detentus
2551 1463 2635 1510 est
2678 1459 2924 1528 captivus
2971 1463 3314 1532 septuaginta
3333 1461 3544 1522 'annis-

1933 1541 2140 1610 Quibus
2165 1543 2418 1616 expletis,
2450 1561 2701 1604 reversus
2726 1557 2812 1604 est
2834 1549 3193 1608 llierusalem.
3234 1553 3534 1628 Septuage-

1932 1637 2104 1692 simus
2146 1652 2410 1694 numerus
2452 1640 2612 1695 nobis
2645 1641 2715 1696 ad
2758 1645 3078 1700 memoriam
3113 1647 3326 1704 reducit
3369 1664 3532 1711 omne

1933 1735 2146 1799 tempus
2166 1731 2451 1799 przcsentis
2485 1731 2689 1802 smculi,
2716 1749 2824 1804 quo
2847 1735 3010 1791 alieni
3047 1753 3236 1795 sumus
3259 1755 3288 1794 a
3316 1741 3532 1801 cmlesti

1935 1817 2291 1885 Hierusalem.
2343 1820 2468 1876 Ideo
2524 1832 2720 1878 auctor
2767 1823 2928 1881 ollicii
2967 1829 3136 1884 nostri
3180 1824 3532 1903 Septuagesi-

238 1921 323 1970 tes
349 1883 687 1986 pontiﬁcem.
719 1915 1000 1988 Ingressus
1031 1917 1272 1988 pontifex
1301 1918 1357 1973 in
1387 1883 1710 1988 sacrarium,
1745 1920 1828 1981 in-

1933 1923 2077 1964 mam
2106 1883 2290 1984 posuit
2320 1909 2374 1964 in
2402 1909 2601 1970 officiis
2622 1914 2848 1981 nostris,
2879 1925 2940 1971 ut
2974 1917 3078 1987 hoc
3108 1883 3352 1990 tempbre
3378 1883 3419 1984 ζ
3437 1921 3534 1977 de—

235 2005 355 2061 duit
375 2021 437 2063 se
462 2007 708 2064 vestibus
727 2007 900 2080 nigris
917 2050 932 2072 ,
961 2019 1016 2065 et
1045 2005 1224 2066 cler‘us
1251 2010 1522 2070 similiter.
1569 2013 1700 2071 Post
1722 2015 1827 2070 hoc

234 2094 511 2167 accipiunt
533 2112 725 2154 omnes
749 2099 990 2173 singulos
1015 2101 1083 2156 de
1109 2117 1270 2157 manu
1312 2101 1585 2174 pontificis
1615 2121 1824 2162 cereos.

235 2187 442 2252 Deinde
468 2205 538 2246 ex
575 2189 732 2265 jussu
777 2190 1050 2262 pontificis
1083 2193 1307 2249 inchoat
1345 2192 1532 2256 schola
1570 2197 1825 2266 antipho-

233 2294 407 2336 nam:
452 2279 718 2353 Exsurge,
758 2280 1001 2348 Domine,
1041 2281 1244 2338 Psalm.
1295 2283 1439 2347 Deus
1482 2286 1704 2346 auribus
1733 2303 1828 2342 no-

233 2373 376 2429 stris.
421 2371 492 2438 Et
530 2373 811 2446 egreditur
846 2374 1088 2445 pontifex
1121 2377 1191 2431 de
1233 2378 1475 2442 sacrario
1509 2395 1633 2440 cum
1667 2379 1826 2436 mini-

233 2464 381 2530 stris,
414 2473 686 2531 annuente
714 2480 780 2522 eo
803 2465 1005 2522 schola:
1025 2468 1222 2539 primo,
1257 2477 1316 2523 ut
1335 2471 1521 2531 dicant
1544 2470 1780 2530 Gloriam
1806 2492 1827 2539 ;

233 2559 490 2630 deinceps
516 2559 668 2615 vadit
691 2559 761 2615 ad
785 2560 992 2630 altare,
1025 2569 1082 2618 et
1123 2571 1246 2626 orat
1270 2579 1443 2636 usque
1471 2564 1538 2620 ad
1563 2566 1828 2638 cxpletio-

155 2669 161 2674 ·
232 2667 359 2707 nem
395 2647 610 2713 Gloria.
642 2647 776 2714 Post
797 2654 1103 2714 orationem
1127 2655 1373 2713 osculato
1397 2657 1578 2724 altari,
1621 2667 1680 2716 et
1714 2658 1829 2714 dia-

231 2758 372 2800 cono
413 2741 667 2799 similiter
712 2744 844 2801 hinc
889 2744 1036 2812 inde,
1087 2747 1219 2803 dicit
1259 2750 1443 2806 schola
1478 2766 1642 2806 vers:
1680 2749 1826 2822 Opus

230 2832 373 2906 quod
397 2842 645 2907 operatus
690 2852 769 2902 es,
814 2835 1022 2907 absque
1067 2837 1230 2911 Kyrie
1256 2841 1470 2897 eleison.
1519 2841 1827 2916 Antiphona

229 2922 464 2996 expleta,
496 2931 647 2980 stans
671 2925 915 2996 pontifex
951 2936 1080 2984 ante
1121 2929 1316 2997 altare,
1347 2930 1520 2988 dicit:
1567 2932 1827 2995 Dominus

228 3018 519 3086 vobiscum,
548 3025 624 3084 et,
651 3015 876 3075 Oremus
898 3038 920 3088 ;
949 3031 1009 3079 et
1037 3025 1298 3084 diaconus
1317 3026 1485 3083 dicit:
1520 3024 1826 3084 Flectamus

229 3124 425 3182 genua,
469 3109 516 3164 si
545 3116 728 3165 tamen
752 3109 897 3167 infra
931 3113 1396 3188 Septuagesimam
1431 3123 1692 3179 evenerit.
1727 3121 1828 3176 Se-

1928 2002 2070 2059 liciis
2093 2003 2436 2071 abstinendo,
2482 2007 2898 2066 ostenderemus
2923 2010 2978 2064 in
3023 2021 3214 2078 nostra
3241 2031 3532 2072 conversa-

1929 2096 2077 2150 tione
2116 2093 2355 2165 qualiter
2382 2088 2481 2166 per
2512 2112 2675 2154 omne
2718 2107 2929 2171 tempus
2975 2105 3161 2168 surculi
3208 2106 3392 2160 vivere
3437 2108 3533 2162 de-

1927 2186 2111 2252 beant,
2160 2188 2250 2257 qui
2297 2196 2422 2258 post
2464 2186 2794 2259 baptismum
2837 2197 3078 2262 peccatis
3122 2212 3184 2252 se
3221 2198 3460 2255 alienant
3499 2215 3531 2255 a

1926 2277 2135 2333 cmlcsti
2167 2277 2524 2334 Hierusalem.
2564 2280 2700 2336 Nam
2745 2285 2890 2354 quod
2919 2295 3043 2356 post
3063 2291 3405 2360 septuaginta
3432 2307 3534 2346 an-

1928 2386 2027 2426 nos
2052 2370 2282 2443 populus
2329 2372 2395 2427 de
2439 2374 2760 2444 captivitate
2801 2382 3115 2449 revertitur,
3161 2385 3286 2455 quis
3313 2401 3422 2445 non
3449 2388 3532 2444 vi-

1927 2462 2051 2518 deat
2094 2469 2216 2532 post
2242 2463 2456 2518 evoluta
2489 2473 2752 2538 tempora,
2807 2486 2927 2541 qua:
2973 2477 3284 2544 septenario
3313 2477 3529 2536 dierum

1925 2572 2156 2612 numero
2190 2565 2589 2628 transcurrunt,
2621 2563 2788 2618 etiam
2818 2567 2996 2632 nobis,
3033 2568 3085 2623 id
3111 2578 3218 2636 est,
3267 2571 3530 2630 Ecclesiae.

1926 2649 2041 2714 Dei,
2076 2649 2144 2704 ad
2178 2648 2323 2704 illam
2355 2650 2632 2708 caelestem
2666 2655 3004 2714 Hierusalem
3034 2677 3101 2717 ex
3146 2662 3311 2735 hujus
3343 2665 3527 2722 saeculi

1925 2743 2360 2814 peregrinatione
2385 2745 2767 2804 redeundum?
2805 2749 3145 2827 Quapropter
3179 2755 3409 2813 Alleluia
3435 2759 3529 2816 illo

1926 2840 2170 2904 tempore
2197 2849 2306 2889 non
2330 2845 2583 2894 cantatur
2606 2848 2747 2910 apud
2774 2857 2891 2909 nos,
2932 2859 3036 2899 nec
3061 2841 3246 2902 Gloria
3271 2849 3328 2904 in
3362 2851 3529 2906 excel-

1924 2925 1997 2978 sis
2019 2925 2153 2993 Deo,
2185 2943 2305 2998 qua:
2336 2937 2462 2983 sunt
2485 2933 2697 2988 cantica
2729 2934 2992 2990 coelestia.
3028 2936 3172 2994 Dicit
3197 2939 3346 2996 enim
3374 2941 3528 2999 Psal-

1925 3033 2048 3072 mus
2074 3037 2087 3072 :
2118 3017 2395 3085 Quomodo
2421 3024 2753 3079 cantabimus
2775 3027 3038 3082 canticum
3062 3029 3278 3086 Domini
3306 3034 3526 3090 interra

1924 3111 2100 3165 aliena
2129 3111 2304 3184 (Psal.
2350 3129 2572 3182 cxxxw,
2600 3117 2656 3188 4)
2681 3118 2704 3171 ?
2752 3117 2894 3174 Sunt
2920 3121 3013 3190 qui
3041 3123 3273 3193 primam
3315 3126 3528 3182 hebdo-

227 3200 417 3274 quitur
446 3202 660 3257 oratio:
700 3203 938 3273 Exaudi,
974 3223 1299 3279 auresuntus,
1336 3210 1578 3280 Domine,
1622 3215 1821 3286 plebem

1925 3203 2142 3259 madam
2172 3203 2624 3277 Septuagesimm,
2674 3209 2791 3265 sine
2817 3210 2998 3282 aliquo
3034 3215 3264 3271 articulo
3299 3219 3528 3275 novella:

229 3302 401 3348 tuam.
428 3293 543 3351 Hac
557 3295 794 3366 expleta,
817 3298 1038 3356 inchoat
1059 3301 1243 3357 schola
1270 3319 1368 3374 per
1385 3321 1552 3360 unam
1570 3308 1822 3378 antipho-

229 3401 399 3441 nam:
446 3386 667 3442 Δάοι-πα
693 3389 1006 3446 thalamum.
1047 3391 1214 3455 Item:
1265 3393 1372 3450 Ave
1405 3398 1598 3468 gratia.
1644 3399 1820 3456 Item:

230 3472 554 3548 Responsum
570 3481 766 3552 accepit
780 3479 1010 3538 Simeon.
1024 3483 1158 3538 Cum
1171 3493 1349 3540 autem
1362 3490 1826 3562 appropinquave-

228 3565 339 3620 rint
360 3566 500 3630 atrio
519 3568 764 3624 ecclesias
796 3569 1010 3630 Sancta:
1040 3573 1240 3641 Marize,
1266 3575 1525 3634 facienda:
1550 3591 1677 3636 sunt
1699 3583 1824 3639 lita-

228 3656 353 3712 nite.
388 3654 483 3713 His
502 3659 736 3730 expletis
755 3671 882 3723 ante
911 3664 1104 3731 altare,
1130 3676 1187 3722 et
1217 3667 1461 3740 ingresso
1489 3673 1743 3742 pontiﬁce
1765 3677 1821 3741 in

229 3751 808 3836 sacrarium,_inchoat
828 3758 1012 3813 schola
1030 3759 1097 3816 ad
1118 3761 1402 3818 introitum
1424 3766 1776 3836 antiphonam
1803 3786 1817 3823 :

230 3828 584 3911 Suscepimus;
615 3844 780 3902 Deus.
819 3847 938 3919 Ipsa
980 3852 1069 3907 die
1094 3869 1202 3908 non
1229 3864 1519 3914 cantatur:
1544 3828 1734 3914 ’ϐίοι-ἔα
1763 3862 1820 3916 in

227 3931 446 3998 excelsis
468 3933 602 4001 Deo,
629 3937 675 3990 si
703 3938 843 3993 intra
871 3939 1338 4014 Septuagesimum
1365 3949 1628 4003 evenerit.
1659 3950 1822 4006 Dein-

227 4038 358 4095 ceps
383 4025 548 4080 missa
574 4030 856 4098 peragitur
897 4034 1091 4090 ordine
1116 4051 1234 4091 suo.
1287 4037 1361 4094 De
1389 4040 1492 4095 hac
1527 4039 1820 4100 festivitate

227 4115 364 4173 dicit
383 4127 439 4172 et
462 4118 606 4176 Beda
644 4122 673 4161 ι’
702 4125 957 4181 sacerdos
1001 4135 1058 4182 et
1100 4129 1292 4185 doctor
1323 4133 1556 4187 eximius
1596 4136 1648 4195 in
1680 4135 1819 4192 libro

228 4205 308 4263 De
335 4207 695 4280 Temporibus
720 4232 733 4267 :
770 4233 790 4266 ι
824 4213 1135 4275 Secundum
1155 4235 1395 4277 mensem
1421 4224 1623 4279 dicavit
1646 4225 1818 4283 Numa

225 4297 465 4368 Februo,
497 4301 552 4358 id
575 4312 682 4372 est,
706 4304 944 4374 Plutoni,
969 4309 1062 4379 qui
1084 4309 1463 4370 lustrationum
1489 4326 1682 4387 potens
1705 4335 1823 4376 cre-

229 4392 499 4448 debatur:
551 4393 886 4468 lnstrarique
929 4415 997 4455 eo
1047 4417 1237 4458 mense
1278 4403 1555 4462 civitatem
1594 4426 1818 4468 necesse

228 4492 368 4550 erat,
391 4500 500 4555 quo
525 4488 720 4543 statuit
742 4496 803 4543 ut
834 4491 1103 4548 sacrificia
1127 4493 1242 4550 Diis
1275 4495 1521 4554 Manibus
1544 4503 1820 4559 solveren-

1928 3299 2362 3354 convcrsationis
2408 3298 2636 3368 ducunt,
2685 3313 2909 3379 excepta
2944 3307 3246 3364 mutatione
3269 3311 3527 3379 Alleluia,

1926 3401 1983 3447 et
2029 3392 2085 3447 in
2123 3393 2446 3463 quibusdam
2485 3395 2619 3451 locis
2655 3397 3099 3468 Dalmaticarum,
3146 3410 3203 3459 et
3249 3403 3527 3463 intermis-

1926 3482 2079 3538 sione
2113 3479 2296 3538 Gloria
2339 3486 2396 3539 in
2419 3485 2639 3542 excelsis
2673 3487 2804 3543 Dea.
2854 3488 3031 3547 Grmci
3061 3496 3364 3563 proximam
3393 3498 3526 3553 hcb.

1925 3577 2238 3644 domadam,
2277 3579 2331 3633 id
2356 3589 2461 3647 est,
2500 3580 2929 3651 Sexagesimam,
2953 3586 3295 3647 sanctiﬁcant
3317 3605 3418 3647 suo
3440 3593 3524 3662 je-

1918 3668 2092 3740 junio.
2138 3669 2331 3725 Clerici
2363 3672 2558 3736 nostri,
2613 3683 2838 3730 auctore
2869 3675 3197 3749 TeleSphoro
3223 3699 3383 3758 papa,
3435 3701 3523 3742 se-

1923 3770 2200 3831 quentem,
2252 3763 2306 3817 id
2360 3771 2462 3828 est,
2513 3764 3050 3838 Quinquagcsimam,
3100 3773 3193 3847 qui
3239 3776 3524 3834 constituit

1923 3863 2131 3925 septem
2159 3853 2622 3917 hebdomadarum
2657 3856 2926 3928 jejunium
2958 3868 3086 3918 ante
3109 3861 3340 3930 Pascha.
3358 3867 3517 3937 Pras-

1922 3952 2107 4016 ceptor
2153 3955 2334 4002 tamen
2378 3945 2544 4003 officii
2585 3949 2758 4004 nostri
2800 3951 3120 4020 ampliorem
3160 3959 3517 4028 mutationem

1921 4039 2172 4108 requirit,
2209 4054 2370 4108 quam
2393 4055 2492 4095 nos
2521 4056 2763 4112 agamus,
2799 4045 3184 4105 constitutione
3210 4049 3377 4110 ofﬁcii
3409 4057 3515 4113 sui.

1920 4131 2101 4202 Ipsum
2148 4133 2292 4189 enim
2321 4133 2588 4203 jejunium
2637 4137 2913 4197 intimavit
2959 4143 3015 4199 in
3059 4147 3233 4217 prima
3267 4152 3518 4208 oratione

1920 4225 2122 4291 missas,
2155 4225 2341 4280 dicens
2369 4246 2380 4280 :
2431 4223 2500 4280 Ut
2529 4229 2619 4297 qui
2641 4229 2787 4298 juste
2826 4251 2921 4303 pro
2947 4239 3174 4307 peccatis
3203 4242 3396 4311 nostris
3427 4243 3515 4316 af-

1920 4316 2192 4386 ﬂigimur:
2239 4317 2329 4377 hic
2373 4320 2520 4374 enim
2563 4321 2912 4380 alllictionem
2953 4335 3132 4383 sonat.
3179 4329 3238 4385 ln
3286 4331 3515 4400 Introitu

1919 4425 2136 4479 quoque
2157 4410 2291 4464 dicit
2315 4431 2328 4465 :
2359 4410 2827 4471 Circumdederunt
2857 4435 2941 4472 me
2967 4423 3191 4490 gemitus
3213 4425 3397 4493 mortis
3420 4429 3517 4492 (lo-

1920 4498 2056 4554 lores
2097 4499 2314 4569 inferni.
2348 4501 2577 4572 Propter
2603 4505 2704 4560 hos
2735 4507 2949 4564 dolores
2974 4527 3082 4565 non
3108 4527 3398 4582 possumus
3422 4517 3515 4573 lac-

231 4585 340 4632 tnr.
371 4577 478 4634 Sed
500 4581 642 4636 hanc
661 4581 926 4640 lustrandi
951 4588 1396 4643 consuetudinem
1424 4591 1560 4646 bene
1589 4597 1816 4650 mutavit
1840 4597 1893 4656 D
1921 4597 2024 4650 tari
2053 4605 2109 4650 et
2147 4597 2323 4652 securi
2353 4612 2492 4663 esse,
2541 4599 2635 4654 sed
2661 4616 2969 4670 prmpararc
3013 4577 3124 4660 nos
3140 4577 3400 4668 debemus
3444 4613 3513 4668 ad

226 4668 535 4726 Christiana
563 4672 779 4745 religio,
825 4691 952 4731 cum
985 4677 1041 4732 in
1071 4694 1257 4735 mense
1286 4682 1475 4738 eodem
1502 4685 1588 4740 die
1612 4698 1814 4744 sanctre

231 4761 414 4819 Maria:
435 4803 452 4828 ,
497 4761 652 4834 plebs
678 4765 930 4822 universa
962 4782 1085 4824 cum
1119 4772 1496 4830 sacerdotibus
1539 4791 1605 4832 ac
1626 4777 1816 4835 ’mini-

229 4855 380 4923 stris,
413 4856 647 4928 hymnos
669 4859 1019 4928 modulanda,
1063 4862 1256 4918 devota
1287 4881 1387 4936 per
1407 4869 1666 4928 ecclesias
1693 4890 1816 4944 per-

229 4958 336 5014 que
362 4961 600 5018 congrua
644 4946 810 5021 466
853 4950 1004 5007 urbis
1040 4951 1158 5008 loca
1187 4956 1448 5025 procedit,
1492 4959 1754 5032 datosque
1782 4981 1814 5019 a

228 5040 483 5111 pontiﬁce
509 5055 697 5097 cereos
728 5042 783 5096 in
811 5044 1060 5101 manibus
1087 5055 1300 5118 gestant
1339 5051 1609 5118 ardentes,
1637 5062 1692 5109 et
1720 5072 1817 5111 au-

229 5143 484 5206 gescente
509 5134 649 5189 bona
675 5137 1087 5204 consuetudine,
1113 5138 1343 5212 idipsum
1376 5141 1428 5197 in
1453 5147 1662 5201 caeteris
1687 5163 1820 5217 quo-

230 5240 336 5297 que
360 5223 600 5293 ejusdem
619 5226 794 5281 beatae
822 5226 1006 5282 Matris
1033 5238 1087 5283 et
1113 5239 1384 5301 perpetua:
1411 5233 1646 5306 Virginis
1671 5236 1818 5294 festi-

231 5317 492 5373 vitatibus
532 5333 695 5388 agere
724 5317 951 5384 didicit,
999 5335 1108 5375 non
1135 5323 1323 5393 utique
1355 5325 1407 5378 in
1440 5326 1814 5386 lustrationem

233 5409 511 5465 terrestris
558 5410 769 5480 imperii
813 5413 1247 5482 quinquennem,
1294 5418 1386 5471 sed
1436 5418 1487 5472 in
1523 5433 1814 5490 perennem

234 5504 469 5560 l‘tElGSllS
509 5506 659 5577 regni
684 5508 1020 5579 memoriam,
1064 5510 1280 5580 quando
1316 5511 1471 5581 juxta
1502 5516 1815 5584 parabolam

305 5670 329 5698 ο
358 5657 522 5734 Liber
545 5657 904 5734 fontilic‘alis,
954 5663 1022 5734 in,
1043 5663 1162 5718 Vita
1191 5663 1384 5734 Sergii.
1421 5666 1542 5722 Vid.
1580 5669 1818 5728 Μαι-12118

236 5729 751 5808 dc_.v\'.nti_q._§1cc_l_es.
780 5731 996 5788 Bitilms
1016 5733 1140 5808 libr.
1165 5752 1207 5800 ι,
1387 5738 1473 5793 15.

305 5797 333 5878 β
364 5797 503 5878 Deda
531 5798 954 5878 Temporum
985 5797 1200 5878 ratione.
1372 5809 1457 5862 10.

306 5877 328 5907 ι
365 5866 511 5924 idem
540 5866 898 5944 initiumapud
918 5866 1423 5945 Amalariumflibr.
1451 5896 1487 5933 ι.
1515 5881 1580 5937 de
1606 5881 1812 5940 Ecclus.

1915 4687 2140 4752 bellum,
2172 4697 2231 4742 ut
2250 4688 2541 4758 Apostolus
2563 4690 2638 4743 ait
2664 4710 2677 4745 :
2714 4689 2897 4747 Omnis
2918 4697 3008 4769 qui
3034 4697 3090 4750 in
3113 4714 3280 4769 agone
3305 4713 3515 4760 conten-

1915 4782 2014 4848 dit,
2061 4782 2126 4836 ab
2176 4782 2415 4837 omnibus
2453 4800 2509 4839 se
2559 4784 2783 4840 abstinet
2834 4785 2884 4858 (Ι
2925 4787 3046 4842 Cor.
3086 4807 3165 4857 rx,
3211 4792 3323 4864 23).
3369 4795 3510 4853 Dicit

1915 4874 2058 4929 enim
2088 4873 2448 4934 Ambrosius:
2489 4877 2574 4932 Ab
2601 4881 2876 4947 omnibus,
2910 4899 3032 4955 qua:
3069 4885 3290 4942 vitanda
3318 4891 3506 4952 eadem

1915 4965 2083 5020 tradit
2132 4966 2417 5036 disciplina
2443 5008 2460 5034 ,
2515 4984 2638 5024 cum
2683 4971 2859 5027 sciant
2901 4989 3067 5029 unum
3111 4984 3502 5050 coronaudum,

1915 5067 2118 5129 quanto
2151 5061 2324 5130 magis
2368 5061 2766 5117 observandum
2805 5072 2911 5132 est,
2948 5068 3155 5141 quibus
3171 5072 3358 5154 omnis
3378 5065 3507 5150 pro.

1916 5153 2079 5208 missa
2110 5161 2193 5207 est
2222 5155 2412 5209 salus?
2460 5154 2613 5211 Unde
2658 5169 2837 5225 autem
2867 5162 3144 5239 abstinere
3171 5157 3498 5240 debeamus,

1916 5246 2007 5315 qui
2034 5245 2284 5301 bellaturi
2312 5264 2519 5312 sumus,
2570 5250 2727 5306 docet
2753 5252 3062 5323 Apostolus,
3111 5261 3337 5328 dicens-
3366 5264 3501 5324 For

1917 5337 2111 5390 nicatio
2136 5345 2183 5390 et
2217 5339 2384 5393 omnis
2417 5341 2773 5406 immunditia,
2810 5356 2903 5398 aut
2940 5350 3190 5416 auaritia,
3220 5359 3506 5423 uacationi-

1916 5437 2069 5483 netur
2112 5428 2168 5482 in
2204 5428 2342 5483 vobis
2379 5427 2596 5502 (Ep/tes.
2643 5449 2699 5498 ν,
2745 5435 2822 5507 5).
2915 5436 3281 5509 Telesphorus
3307 5444 3332 5485 ιί
3361 5463 3508 5518 papa

1917 5537 2089 5576 nonus
2111 5532 2234 5592 post
2253 5523 2467 5578 beatum
2494 5525 2814 5592 apostolum.
2858 5528 2911 5582 in
2948 5532 3076 5586 sede
3107 5533 3348 5594 Romana
3374 5555 3505 5596 con-

1917 5669 2118 5756 Olliriis
2146 5689 2268 5746 cap.
2309 5676 2359 5742 l,
2391 5694 2514 5734 cum
2545 5695 2652 5749 quo
2679 5691 2735 5738 et
2769 5683 2822 5738 in
2869 5684 2988 5742 aliis
3018 5688 3338 5757 quihusdam
3373 5707 3503 5750 con-

1917 5754 2084 5798 venit.

1987 5813 2010 5852 ιι
2050 5815 2164 5871 \'i.l.
2193 5819 2349 5887 epist.
2378 5820 2447 5876 66
2472 5820 2647 5878 Caroli
2679 5824 2744 5879 ad
2775 5826 3076 5886 Alc-uinum.
