4092 6500
559 264 700 326 "83

1425 261 1487 320 Β.
1525 260 1589 318 ιε’.
1630 260 1859 318 ΔιΒΙΝι
1899 259 2034 319 εει]
2073 251 2356 316 ΔιοηιΝι
2390 250 2681 314 OPERUM
2718 251 2903 311 PARS
2937 249 3032 309 IX.

3747 246 3930 303 1184

555 377 760 445 stituit,
794 382 856 432 ut
884 389 981 447 per
1004 382 1214 447 septem
1251 371 1623 431 hebdomadas
1649 375 2035 431 abstinentiam
2056 373 2157 430 ob-
2183 374 2236 434 Δ
2258 369 2655 442 ptuagesimam
2681 378 2811 424 ante
2831 368 3129 425 celebrant.
3163 362 3504 438 M'Quod
3525 362 3678 422 enim
3709 373 3937 435 septe-

554 478 796 534 servent.
847 466 996 540 quod
1041 465 1220 523 adhuc
1259 465 1415 522 multi
1462 466 1690 522 faciunt.
1741 467 1897 536 Quod
1947 476 2163 537 tempus
2262 466 2451 521 uarius
2483 479 2746 520 numerus
2779 478 2880 534 per
2919 478 3002 529 se,
3037 461 3142 517 hoc
3171 461 3315 516 idem
3343 458 3614 531 signiﬁcat
3653 472 3758 528 per
3801 458 3933 515 de.

557 572 688 620 tunc
715 561 857 618 duas
884 561 957 617 ob
977 575 1177 615 causas
1205 557 1722 630 Quinquagesimam
1751 560 1957 631 placuit
1981 558 2167 629 appel-
2263 556 2486 612 narium
2525 554 2915 627 multiplicatus
2942 570 2958 607 :
3011 551 3362 624 Sexagesima
3408 549 3578 606 tendit
3603 563 3798 618 usque
3840 547 3931 600 ad

557 652 657 709 lari
681 693 700 718 ,
746 651 836 707 vel
876 651 1009 723 quia
1056 651 1112 706 in
1158 650 1352 706 ordine
1381 651 1864 724 quinquagesimae
1906 666 2167 706 numerus

553 756 681 822 post
707 749 1186 819 quadragesimum
1218 756 1470 812 constat;
1509 746 1596 801 vel
1626 748 1754 816 quia
1781 746 1984 802 exinde
2009 746 2167 813 quin-

554 840 818 914 quaginta
843 839 962 896 dies
985 845 1114 895 sunt
1143 839 1199 893 in
1223 845 1469 894 sanctam
1498 835 2171 893 resurrectionem.’Post-

556 930 782 988 modum
816 927 1151 986 Helchiadcs
1197 942 1339 998 papa
1385 929 1609 983 natione
1655 927 1807 991 Afer,
1854 929 2170 1000 trigesimus

556 1029 791 1092 quartus
834 1026 961 1092 post
1007 1029 1261 1077 sanetum
1294 1017 1541 1085 Petrum,
1589 1019 1874 1075 constituit
1915 1029 1976 1074 ut
2009 1034 2170 1076 nemo

559 1116 921 1184 praeualeret
949 1110 1006 1166 in
1053 1111 1232 1182 prima
1279 1109 1367 1167 vel
1405 1109 1598 1182 quinta
1641 1107 1780 1167 feria
1803 1110 2071 1180 jejunare.
2110 1111 2172 1166 In

434 1227 440 1234 ·
560 1206 760 1278 prima,
801 1211 1027 1276 propter
1067 1202 1282 1259 Domini
1319 1204 1818 1268 resurrectionem;
1857 1204 1914 1258 in
1955 1203 2171 1273 quinta,

561 1300 691 1368 quia
726 1299 781 1352 in
823 1313 889 1354 ea
916 1295 1155 1353 cmnavit
1183 1295 1447 1351 Dominus
1471 1311 1596 1352 cum
1625 1294 1908 1366 discipulis
1934 1294 2071 1360 suis,
2116 1301 2175 1350 et

563 1393 622 1448 in
649 1405 714 1448 ea
744 1389 990 1446 ascendit
1031 1388 1088 1444 in
1111 1386 1333 1444 cmlnm.
1386 1386 1542 1443 Tunc
1565 1386 1772 1457 placuit
1813 1386 2084 1452 ﬁdelibus,
2113 1394 2177 1443 ut

562 1490 690 1537 octo
734 1479 1104 1536 hebdomadas
1148 1487 1536 1535 consecrarent
1558 1475 1786 1547 jejunio,
1836 1486 1895 1532 et
1940 1477 2175 1548 prim

559 1569 904 1628 Dominicam
944 1568 1355 1640 Sexagesimam
1401 1567 1775 1634 nominarent,
1820 1582 1928 1623 non
1952 1576 2179 1638 propter

2265 647 2504 704 medium
2531 646 2773 712 Pascha,
2798 646 2855 702 id
2879 652 2988 710 est,
3020 651 3276 715 quartam
3303 639 3494 696 feriam
3524 637 3933 695 hebdomade

2266 740 2589 806 Paschalis;
2641 737 3102 810 Quinquagesi‘ma
3159 735 3332 791 tendit
3383 736 3451 790 ad
3497 734 3677 803 ipsum
3747 731 3930 786 diem

2267 831 2525 898 Pascha;
2552 833 2979 904 Quadragesima
3001 831 3069 886 ad
3091 829 3236 885 diem
3257 828 3441 885 Coena:
3455 824 3700 882 Domini.
3733 821 3943 879 Conv

2268 934 2398 997 puta
2422 939 2555 996 ergo
2581 925 2796 979 dierum
2823 937 3136 984 numerum,
3164 920 3258 991 qui
3301 927 3430 976 sunt
3459 921 3516 972 in
3545 913 3926 973 abstinentia

2270 1034 2300 1072 a
2329 1016 2740 1088 Septuagesima
2767 1028 2942 1084 usque
2981 1013 3057 1068 ad
3074 1011 3578 1081 Quad'ragesimam,
3633 1007 3924 1063 invenies

2271 1118 2357 1167 ter
2383 1124 2569 1175 senos,
2607 1109 2660 1163 id
2689 1116 2795 1175 est,
2825 1109 3013 1164 decem
3039 1115 3164 1163 octo
3192 1106 3331 1171 dies,
3358 1102 3606 1174 exceptis
3632 1097 3924 1157 Domini-

2270 1203 2355 1258 cis
2377 1203 2591 1258 diebus.
2626 1199 2801 1269 Quem
2831 1215 3123 1255 numerum
3149 1198 3197 1253 si
3227 1212 3327 1268 per
3351 1196 3634 1267 duplarem
3656 1206 3928 1265 propor-

2271 1294 2480 1349 tionem
2509 1291 2744 1358 dividas,
2789 1292 3036 1349 invenies
3064 1292 3119 1346 in
3145 1306 3254 1345 una
3278 1297 3435 1360 parte
3474 1302 3593 1351 sex.
3625 1287 3684 1342 in
3714 1285 3920 1342 altera

2275 1384 2560 1442 duodecim
2591 1398 2607 1438 :
2645 1399 2741 1440 sex
2768 1392 2950 1439 autem
2974 1382 3044 1438 ad
3072 1383 3379 1447 duodecim,
3412 1381 3607 1453 simpla
3633 1397 3650 1446 ;
3688 1379 3923 1436 duode-

2276 1475 2386 1530 cim
2415 1473 2480 1528 ad
2509 1489 2628 1540 sex,
2673 1473 2834 1545 dupla
2862 1474 3145 1545 proportio
3165 1481 3271 1530 est.
3310 1472 3446 1529 Item
3485 1473 3632 1528 inter
3656 1472 3919 1528 (kean

2278 1565 2496 1620 Domini
2518 1575 2576 1621 et
2598 1564 2747 1621 diem
2773 1565 3020 1631 Pascha,
3051 1565 3158 1620 duo
3188 1571 3316 1620 sunt
3341 1563 3483 1630 dies,
3520 1573 3578 1620 et
3599 1563 3752 1619 inter
3787 1561 3918 1618 Pa-

563 1660 988 1733 sexagenarium
1019 1659 1232 1717 dierum
1277 1674 1590 1723 numerum.
1636 1660 1733 1716 sed
1759 1666 1983 1730 propter
2015 1674 2176 1714 usum
2207 1726 2248 1733 _
2281 1657 2414 1712 scha
2438 1665 2496 1712 et
2518 1656 2760 1712 medium
2795 1653 3044 1722 Pascha,
3072 1656 3220 1726 quod
3244 1661 3336 1712 est
3355 1663 3555 1727 quarta
3587 1653 3754 1721 feria,
3784 1652 3918 1710 duo

564 1726 857 1812 locutionis
882 1760 1102 1820 nostrae,
1138 1768 1249 1824 quo
1277 1753 1420 1809 sicut
1443 1726 1882 1824 quadragenano
1911 1752 2176 1824 quinqua-
2207 1726 2253 1788 θ
2280 1756 2408 1805 sunt
2435 1747 2588 1814 dies,
2633 1762 2745 1820 quo
2783 1747 2958 1803 tendit
2997 1746 3349 1820 Sexagesima
3436 1755 3497 1802 et
3531 1747 3600 1802 ab
3639 1747 3766 1817 ipso
3804 1746 3919 1802 die

567 1844 844 1919 genarius,
881 1845 957 1900 ita
985 1845 1455 1917 quinquagenario
1483 1846 1888 1916 sexagenarius,
1935 1853 1991 1900 et
2019 1859 2180 1901 sexa-

567 1938 825 2009 genarius
852 1937 1270 2008 septuagenario
1302 1942 1610 2007 coaptatur.
1640 1936 1688 1991 Α
1713 1936 2067 2009 Sexagesima
2089 1950 2180 1991 ua-

568 2043 678 2098 que
701 2026 932 2090 Pascha,
963 2033 1090 2082 octo
1112 2035 1241 2081 sunt
1262 2024 1638 2090 hebdomadm,
1665 2042 1698 2082 e
1724 2026 1922 2096 quibus
1949 2027 2180 2096 singulis

567 2120 616 2176 si
645 2119 879 2188 primam
905 2125 961 2172 et
987 2117 1238 2188 quintam
1270 2115 1463 2172 feriam
1499 2115 1570 2172 de
1602 2116 1932 2173 abstinentia
1963 2115 2180 2171 subtra—

570 2213 694 2277 has,
726 2218 787 2266 ut
821 2209 1151 2267 Ielehiades
1175 2208 1433 2276 instituit,
1462 2216 1518 2262 et
1546 2209 1725 2279 ipsum
1754 2208 1897 2265 diem
1928 2219 2179 2264 sanctum

567 2299 816 2369 Pascha,
865 2299 1228 2372 quadraginta
1273 2307 1484 2355 tantum
1531 2298 1650 2356 dies
1683 2309 1969 2355 remanent
2013 2299 2183 2354 absti-

574 2395 799 2460 nentia,
847 2391 916 2447 ad
941 2391 1304 2448 imitationem
1348 2389 1566 2446 Domini
1591 2391 1764 2445 nostri
1790 2387 1922 2446 Jesu
1950 2388 2175 2446 Christi.

572 2481 987 2556 Septuagesima
1013 2480 1136 2539 ideo
1163 2496 1196 2536 a
1227 2479 1477 2537 ﬁdelibus
1508 2480 1683 2537 fertur
1710 2479 1998 2545 celebrari,
2046 2487 2109 2534 ut
2128 2487 2185 2535 et

574 2574 818 2632 decimas
834 2573 1048 2629 dierum
1072 2571 1187 2629 Deo
1209 2572 1436 2628 reddere
1483 2579 1540 2628 et
1565 2571 1922 2628 nihilominus
1948 2571 2185 2641 primam

573 2675 634 2723 et
666 2667 915 2738 quintam
951 2663 1171 2733 feriam,
1221 2671 1279 2721 et
1319 2664 1611 2721 sabbatum
1656 2665 1873 2736 possint
1907 2679 1939 2720 a
1975 2661 2187 2733 jejunio

576 2757 848 2814 relaxare.
874 2756 924 2811 Α
947 2755 1363 2829 Septuagesima
1384 2769 1622 2827 namque
1651 2756 1705 2811 in
1729 2755 1961 2821 Pascha,
1991 2769 2186 2811 novem

577 2857 706 2906 sunt
754 2846 1133 2914 hebdomadse,
1191 2862 1315 2920 qua:
1359 2844 1569 2903 faciunt
1621 2847 1905 2917 sexaginta
1949 2854 2188 2916 quatuor

578 2943 734 2997 dies:
783 2955 853 2997 ex
897 2939 1096 3009 quibus
1141 2939 1188 2993 si
1227 2938 1296 2993 de
1323 2951 1650 3010 unaquaque
1691 2935 2032 2994 hebdomade
2076 2946 2188 2991 tres

579 3031 839 3104 praefatos
885 3031 1004 3087 dies
1031 3030 1390 3097 subtraxeris,
1435 3040 1491 3084 et
1517 3044 1738 3086 sacrum
1779 3029 1924 3086 diem
1947 3027 2186 3084 Pascha-

580 3125 713 3193 lem,
765 3124 986 3196 triginta
1015 3138 1111 3179 sex
1151 3123 1270 3179 dies
1303 3123 1359 3177 in
1388 3122 1752 3179 decimatione
1777 3123 1909 3178 anni
1945 3121 2184 3195 jejunas.

578 3218 677 3276 Ille
701 3229 883 3276 autem
918 3220 1010 3290 qui
1036 3215 1324 3275 sabbatum
1345 3218 1628 3273 constituit
1654 3218 2052 3285 honorandum,
2079 3234 2188 3275 non

577 3319 804 3384 propter
832 3310 1027 3382 legalia
1049 3309 1304 3364 mandata
1328 3310 1433 3364 hoc
1456 3307 1604 3376 fecit,
1632 3310 1730 3365 sed
1766 3310 1896 3382 quia
1922 3310 2192 3381 requievit

579 3404 677 3461 Illa
719 3403 808 3459 die
852 3401 1116 3458 Dominus
1145 3401 1200 3456 in
1240 3400 1511 3472 sepulcro.
1563 3401 1795 3468 August.
1837 3401 1980 3458 libro
2013 3418 2085 3458 xv
2120 3404 2190 3459 de

581 3496 818 3554 Civitate
847 3495 944 3550 Dei
972 3506 999 3535 ι
1025 3512 1037 3549 :
1073 3512 1094 3546 ι
1127 3492 1247 3550 Non
1272 3493 1478 3561 omnia,
1508 3494 1703 3565 inquit,
1731 3510 1852 3566 qua:
1883 3502 2034 3566 gesta
2064 3511 2190 3549 nar-

581 3594 795 3653 rantur,
833 3585 1038 3656 aliquid
1063 3584 1226 3642 etiam
1264 3585 1572 3658 signiﬁcare
1613 3587 1853 3656 putanda
1896 3594 2041 3652 sunt,
2094 3586 2191 3642 sed

581 3687 810 3750 propter
841 3678 934 3735 illa
975 3692 1098 3748 qua:
1133 3676 1337 3748 aliquid
1366 3677 1698 3749 signiﬁcant,
1735 3680 1901 3734 etiam
1934 3670 2022 3733 illa
2069 3693 2192 3750 qua:

583 3772 724 3829 nihil
748 3770 1080 3844 signiﬁcant,
1121 3779 1476 3826 attexuntur:
1526 3786 1633 3826 non
1664 3771 1782 3827 solo
1824 3787 2043 3828 vomere
2070 3789 2193 3828 ara-

584 3871 715 3930 tur,
756 3861 854 3919 sed
894 3871 955 3916 ut
999 3861 1106 3917 hoe
1151 3861 1323 3930 possit
1369 3860 1509 3929 ﬁeri,
1558 3865 1725 3917 etiam
1775 3863 1943 3917 aratri
1995 3870 2192 3919 caztera

585 3955 829 4010 membra
861 3960 990 4009 sunt
1019 3951 1369 4019 necessaria;
1409 3966 1508 4006 nec
1543 3951 1643 4006 soli
1686 3953 1836 4007 nervi
1886 3953 1938 4006 in
1967 3952 2194 4010 citharis

585 4056 850 4119 aptantur
871 4045 937 4102 ad
964 4053 1203 4110 cautium
1241 4043 1339 4100 sed
1375 4053 1436 4098 ut
1462 4046 1634 4114 aptari
1665 4047 1892 4116 possint,
1933 4047 2115 4102 insunt
2138 4055 2195 4102 et

589 4147 808 4195 cetera.
842 4157 862 4190 ι
909 4136 1046 4191 Item
1073 4135 1272 4191 aliter:
1310 4135 1490 4205 Quare
1515 4137 1716 4192 dicitur
1760 4121 2190 4210 Septuagesiina,

591 4247 718 4289 cum
746 4229 817 4285 ab
844 4243 912 4284 ea
954 4229 1041 4283 die
1068 4241 1238 4298 usque
1275 4227 1330 4282 in
1359 4229 1569 4284 Pascha
1612 4244 1718 4283 non
1743 4229 1855 4284 sint
1876 4231 1997 4300 plus
2029 4245 2194 4303 quam

590 4324 876 4396 sexaginta
919 4329 1154 4392 quatuor
1183 4321 1342 4377 dies?
1385 4322 1737 4378 Consuetudo
1774 4333 1860 4379 est
1887 4322 2198 4395 Scriptura-

2278 1853 2454 1909 usque
2477 1839 2787 1904 sabbatum,
2817 1854 2927 1909 quo
2950 1837 3363 1910 Septuagesi‘ma
3390 1838 3660 1910 pervenit,
3701 1836 3920 1894 simili-

2280 1941 2364 1989 ter
2393 1932 2500 1987 duo
2529 1940 2683 1996 sunt,
2729 1933 2822 2002 qui
2851 1940 2980 1988 sunt
3002 1931 3164 1987 simul
3200 1945 3317 1986 sex.
3347 1931 3613 1998 Quatuor
3643 1931 3798 1987 enim
3829 1927 3916 1984 ad

2279 2024 2413 2087 duo,
2443 2023 2669 2093 duplum
2694 2032 2780 2078 est
2805 2023 2875 2077 ad
2898 2023 3176 2092 simplum.
3223 2022 3605 2079 Praecedentes
3627 2036 3764 2094 ergo
3799 2037 3916 2076 nu-

2279 2117 2439 2179 meri,
2491 2120 2586 2184 qui
2619 2114 2831 2170 suntin
2877 2115 3232 2181 abstinentia,
3283 2114 3635 2187 signiﬁcant,
3670 2111 3915 2183 duplam

2280 2216 2523 2264 mortem
2558 2215 2805 2263 nostram
2835 2207 3032 2278 simpla
3075 2207 3279 2264 Christi
3317 2217 3496 2263 morte
3529 2223 3654 2264 esse
3677 2208 3920 2263 destru-

2280 2305 2448 2355 etam.
2507 2295 2620 2354 Nos
2645 2298 2793 2353 enim
2835 2299 2891 2353 in
2932 2299 3114 2354 anima
3143 2306 3197 2354 et
3223 2313 3454 2370 corpore
3480 2301 3645 2354 morti
3669 2313 3917 2354 eramus

2282 2388 2546 2456 obnoxii,
2587 2387 2840 2446 Christus
2884 2399 3068 2446 autem
3111 2406 3210 2446 sua
3255 2391 3528 2462 corporali
3573 2399 3756 2447 morte
3781 2433 3796 2456 ,
3845 2406 3915 2456 ei,

2283 2479 2484 2536 anima:
2512 2488 2570 2537 et
2591 2482 2841 2551 corporis
2868 2491 3100 2537 mortem
3131 2482 3383 2538 exclusit.
3428 2482 3520 2538 Isti
3551 2493 3736 2537 autem
3756 2481 3911 2545 dies,

2283 2587 2424 2644 quos
2467 2572 2524 2627 in
2560 2571 2776 2628 Domini
2800 2575 3205 2630 resurrectione
3233 2589 3357 2632 eum
3387 2574 3586 2648 gaudio
3625 2583 3681 2630 et
3706 2574 3916 2630 laetitia

2284 2665 2649 2733 celebramus,
2676 2666 2986 2738 signiﬁcant
3015 2668 3498 2733 resurrectionem,
3543 2683 3708 2738 quam
3735 2666 3915 2723 Chri-

2285 2765 2405 2814 stus
2443 2757 2663 2828 duplam
2709 2774 2804 2814 sua
2853 2759 3048 2830 simpla
3088 2761 3341 2817 contulit.
3389 2762 3508 2831 Ipse
3553 2761 3700 2816 enim
3747 2766 3910 2816 sicut

2287 2852 2403 2908 solo
2424 2867 2656 2922 corpore
2680 2859 2927 2907 mortuus
2941 2860 3049 2919 est,
3077 2854 3150 2908 ita
3173 2854 3289 2910 solo
3314 2868 3541 2923 corpore
3562 2853 3908 2916 resurrexit;

2287 2959 2390 2999 nos
2437 2952 2620 2999 autem
2668 2953 2726 2997 et
2770 2944 2824 2998 in
2859 2945 3040 2998 anima
3077 2946 3314 3015 primum
3345 2945 3633 3001 resuscitat
3670 2950 3912 3012 peccata

2288 3035 2638 3104 dimittendo,
2674 3046 2730 3093 et
2771 3037 2828 3092 in
2856 3034 3042 3094 futuro
3067 3038 3234 3092 etiam
3267 3052 3499 3110 corpora
3543 3037 3916 3094 resuscitatu-

2293 3143 2387 3183 rus
2413 3137 2519 3184 est.

2916 3222 3148 3280 CAPUT
3184 3222 3276 3280 IX.

2711 3313 2744 3356 δ
2783 3330 2916 3370 mu
2955 3332 3019 3370 ne
3059 3332 3481 3373 ser'rt'scssrn.

2365 3403 2471 3475 Qui
2501 3419 2676 3463 sacra
2698 3404 2860 3479 legis,
2889 3410 3094 3464 veteris
3122 3409 3336 3465 scilicet
3361 3409 3610 3466 historia
3628 3408 3800 3466 libros
3827 3408 3910 3466 Ie-

2291 3506 2451 3571 gunt,
2479 3498 2614 3554 satis
2641 3499 2697 3553 in
2723 3507 2976 3569 promptu
3003 3499 3207 3556 habent
3250 3500 3612 3557 Israeliticum
3637 3501 3904 3572 populum

2294 3590 2496 3660 saepius
2525 3597 2719 3646 contra
2746 3591 2916 3646 Deum
2941 3590 3258 3664 deliquisse.
3288 3592 3443 3649 Unde
3465 3591 3780 3664 frequenter
3804 3593 3908 3648 ad-

2293 3682 2486 3737 moniti
2517 3696 2617 3752 per
2644 3683 2964 3752 prophetas,
2994 3684 3376 3753 paenitentiam
3405 3699 3566 3754 agere
3591 3683 3904 3741 noluerunt.

2295 3775 2640 3845 Quapropter
2677 3776 2821 3831 sicut
2863 3775 3063 3847 legitur
3109 3777 3164 3832 in
3192 3777 3332 3833 libro
3362 3777 3570 3849 Regum
3596 3818 3614 3844 ,
3661 3784 3717 3831 et
3752 3775 3904 3835 beati

2295 3867 2597 3922 Ezechielis
2619 3867 2925 3938 prophetia,
2967 3876 3092 3939 post
3115 3868 3316 3926 multas
3342 3872 3733 3937 corrcetiones,
3760 3871 3904 3926 sicut

2296 3961 2556 4026 diximus,
2584 3963 2640 4015 in
2670 3959 3006 4032 impudentia
3038 3961 3146 4016 illis
3169 3963 3639 4032 per-manentibus,
3675 3961 3903 4018 tradidit

2296 4055 2420 4112 illos
2460 4056 2603 4110 Deus
2632 4055 2686 4109 in
2732 4069 2929 4110 manus
2960 4054 3355 4127 diripientium.
3406 4055 3476 4110 Et
3517 4056 3756 4125 primum
3797 4053 3897 4112 do-

2296 4163 2419 4206 cem
2469 4147 2722 4202 tribubus
2759 4147 2815 4201 in
2856 4147 3232 4217 captivitatem
3275 4147 3452 4203 ductis
3482 4146 3816 4219 abAssyriis
3841 4155 3903 4204 et

2297 4253 2426 4308 rege
2459 4238 2726 4310 ipsorum,
2753 4237 2930 4293 tribus
2953 4235 3095 4293 Juda
3120 4246 3177 4293 ct
3200 4237 3506 4306 Beniamin,
3535 4254 3656 4308 qua:
3682 4253 3896 4296 rentauo

2296 4339 2485 4388 serant
2514 4331 2567 4384 in
2599 4329 2961 4394 Hierusalem,
3010 4332 3209 4401 smpius
3235 4346 3266 4384 a
3311 4331 3474 4387 beato
3512 4329 3784 4387 Hieremia
3832 4339 3895 4388 et

590 4433 716 4475 Nm
744 4417 1076 4483 αἰνίῠαηιω,
1106 4423 1170 4470 ιιι
1194 4416 1373 4471 omnis
1397 4431 1676 4483 numerus»
1707 4432 1778 4473 ει
1818 4432 1928 4487 quo
1957 4419 2193 4488 quamli-
2229 4457 2276 4519 υ
2300 4426 2517 4482 (κριθῆς
2552 4427 2836 4496 prophetis
2881 4426 3196 4487 admonita,
3240 4432 3301 4480 ut
3346 4425 3736 4495 resipiscerent
3781 4431 3835 4482 et
3865 4443 3900 4483 a

591 4513 688 4568 bet
710 4509 970 4567 decadem
1013 4509 1315 4574 transierit,
1342 4517 1406 4564 ut
1441 4510 1618 4564 tertiis
1662 4507 1902 4583 [tertius]
1929 4512 2200 4566 monadiis

594 4603 861 4671 incurrat,
913 4618 1025 4659 non
1054 4603 1342 4673 deputetur
1387 4602 1530 4657 idem
1559 4618 1823 4659 numerus
1867 4604 2201 4673 prmeedenti

593 4696 806 4759 decadi.
832 4697 929 4753 sed
949 4697 1002 4752 ei
1036 4697 1105 4751 ad
1128 4711 1292 4766 quam
1326 4695 1520 4751 tendit.
1573 4694 1716 4768 Lege
1745 4695 1944 4750 librum
1973 4695 2202 4753 Genesis

597 4786 651 4842 in
677 4786 988 4859 genealogia
1024 4785 1258 4840 ﬁliorum
1302 4784 1437 4840 Noe.
1475 4785 1605 4842 Item
1633 4787 1830 4841 aliter:
1869 4787 1981 4843 Cur
2002 4789 2203 4845 dicitur

594 4876 1031 4950 Septuagesima,
1079 4893 1202 4932 cum
1233 4879 1301 4932 ab
1329 4877 1417 4931 illa
1444 4878 1534 4932 die
1579 4894 1749 4948 usque
1777 4880 1828 4932 in
1854 4879 2062 4935 Pascha
2091 4896 2198 4935 non

595 4970 710 5026 sint
733 4968 1075 5038 septuaginta
1118 4968 1280 5022 dies?
1323 4966 1735 5040 Septuagesima
1768 4970 1942 5023 tendit
1970 4972 2036 5024 ad
2077 4972 2202 5026 sab-

596 5063 786 5120 batum
809 5071 933 5116 ante
954 5069 1177 5117 octavas
1199 5059 1425 5117 Pascha:
1449 5078 1462 5114 :
1495 5061 1860 5131 baptizantur,
1886 5061 2005 5115 alba
2038 5065 2202 5118 vesti-

598 5162 781 5209 menta
810 5153 1108 5222 deponunt,
1149 5162 1205 5207 et
1247 5162 1377 5207 tunc
1407 5153 1717 5208 conﬁrmari
1763 5169 1857 5206 eos
1885 5161 2098 5222 oportet
2132 5155 2203 5210 ab

596 5245 877 5315 episeopo,
902 5251 959 5298 et
979 5258 1078 5313 per
1104 5244 1504 5313 impositlonem
1535 5259 1730 5298 manus
1756 5246 2002 5314 accipere
2031 5245 2204 5315 Spiri-

599 5346 716 5391 tum
743 5342 1036 5398 sanctum;
1069 5340 1124 5387 et
1147 5333 1276 5403 quia
1307 5345 1515 5402 septem
1558 5333 1698 5388 dona
1739 5333 1976 5404 Spiritus
2020 5335 2196 5390 sancti

599 5421 1001 5489 describuntur,
1041 5433 1188 5479 recte
1229 5425 1322 5493 qui
1372 5425 1514 5479 hunc
1559 5427 1834 5495 accepturi
1887 5435 2053 5491 sunt,
2100 5425 2197 5479 Sc-

673 5574 700 5602 ι
730 5561 919 5617 Potius
940 5562 1066 5618 libr.
1097 5579 1208 5628 xw,
1239 5579 1388 5616 num.
1414 5563 1469 5618 3.

675 5634 713 5706 lt
736 5635 867 5700 Quae
892 5643 1190 5706 sequuntur
1218 5634 1453 5703 «.apitula
1477 5636 1542 5689 de
1572 5634 1999 5706 septuagesima,
2030 5636 2199 5692 Sexa-

605 5704 831 5778 gesima,
881 5705 1336 5779 Quinqnagesizaa
1384 5713 1436 5760 ct
1484 5704 1927 5780 Quadragcsima,
1979 5709 2199 5779 quidam

2300 4521 2485 4592 pravis
2506 4518 2767 4589 operibus
2791 4527 3093 4582 cessarent,
3124 4534 3193 4574 ne
3220 4519 3422 4575 similia
3447 4526 3781 4590 paterentur,
3810 4535 3905 4576 ve-

2301 4613 2400 4667 luti
2434 4611 2533 4674 illi,
2569 4612 2663 4681 qui
2685 4609 2797 4680 jam
2841 4611 3145 4667 transducti
3187 4613 3242 4667 in
3285 4611 3617 4684 Babylonem
3663 4610 3897 4679 fuerant,

2301 4705 2492 4760 audire
2521 4704 2833 4768 noluerunt,
2863 4705 2960 4759 sed
2989 4706 3049 4758 in
3077 4720 3174 4760 sua
3206 4705 3388 4760 cordis
3414 4705 3613 4759 duritia
3638 4713 3697 4760 et
3724 4707 3900 4776 pravi-

2301 4805 2415 4852 tate
2443 4805 2607 4866 atque
2630 4794 2938 4852 idololatria
2968 4797 3293 4867 ceterisque
3323 4795 3713 4852 oﬁ'cnsionibus
3735 4798 3898 4866 perti-

2303 4889 2518 4944 naciter
2544 4896 2982 4958 permanserunt.
3020 4887 3176 4943 Unde
3215 4902 3498 4958 regressus
3528 4902 3626 4943 rex
3654 4886 3900 4959 Assyrio-

2305 4996 2426 5034 rum
2448 4978 2951 5036 Nabuchodonosor
2977 4996 3101 5035 cum
3123 4981 3389 5043 exercitu,
3416 4981 3667 5051 regiones
3689 4979 3893 5036 illorum

2304 5072 2561 5133 vastavit,
2601 5079 2656 5126 et
2679 5073 2958 5126 civitatem
3003 5069 3344 5127 Hierusalem
3372 5071 3761 5125 munitionibus
3785 5070 3893 5125 cir-

2306 5163 2605 5230 cumdedit,
2634 5172 2692 5218 ct
2729 5164 2916 5218 tandiu
2941 5163 3176 5228 obsedit,
3208 5178 3494 5233 quousque
3529 5162 3896 5221 deﬁcientibus

2305 5258 2601 5320 alimentis,
2634 5258 2766 5312 victi
2794 5272 2986 5312 omnes
3037 5257 3319 5322 cederent,
3364 5263 3422 5312 et
3446 5256 3634 5312 relicta
3662 5256 3892 5325 civitate,

2304 5361 2400 5401 rex
2428 5344 2725 5401 Sedechias
2751 5361 2874 5401 cum
2915 5344 3040 5400 ﬁliis
3062 5354 3120 5399 et
3143 5348 3331 5416 paucis
3357 5346 3450 5414 qui
3478 5361 3662 5403 secum
3691 5360 3895 5402 reman-

2304 5445 2516 5501 serant,
2556 5434 2789 5508 fugeret.
2833 5434 3004 5504 Queu:
3033 5477 3049 5502 ,
3083 5444 3243 5507 capta
3293 5437 3540 5503 civitate,
3574 5450 3895 5509 persequens

2307 5585 2410 5626 ms.
2452 5571 2575 5626 eod.
2611 5571 2817 5626 habent
2857 5573 2913 5626 in
2957 5570 3108 5628 calce
3155 5571 3299 5627 libri.
3335 5570 3443 5627 Sed
3478 5585 3577 5628 nos
3613 5572 3667 5627 in
3690 5572 3890 5642 eodem,

2307 5657 2416 5712 quo
2444 5643 2594 5783 parte
2621 5657 2818 5697 excusa
2847 5652 3005 5699 erant
3047 5643 3260 5709 ordine,
3311 5643 3664 5715 relinquenda
3693 5645 3892 5703 censui-

2309 5729 2447 5770 mus.
2531 5727 2757 5768 cancer.

2309 5729 2447 5770 mus.
2483 5727 2757 5770 UCERCET.
