4092 6524
201 505 345 566 1185
1027 494 1180 554 οΡΡ.
1224 492 1629 552 SUPPOSITA.
1672 523 1741 533 —
1774 489 1910 546 LIB.
1944 489 2034 546 DE
2072 489 2324 546 DIVINIS
2357 488 2666 546 OFFlCllS.
3346 481 3486 540 “86

196 614 431 688 populus
468 611 818 685 Assyriorum
856 610 1232 682 apprehendit,
1281 617 1336 665 et
1359 611 1413 664 in
1439 616 1788 679 conspectum
1815 607 1863 663 Δ
1892 604 2122 660 dicimus
2147 620 2162 659 :
2193 602 2383 659 Preces
2411 605 2591 674 pepuli
2615 612 2715 670 tm,
2758 618 3084 677 quaternus,
3105 601 3349 667 Domine,
3381 603 3481 656 cle-

200 708 346 776 regis
373 705 456 759 sui
497 702 996 759 Nabuchodonosor
1035 716 1160 755 cum
1191 699 1318 754 ﬁliis
1359 708 1416 753 ct
1461 697 1796 770 principibus
1899 702 2100 748 menter
2118 695 2345 760 exaudi,
2384 703 2491 750 etc.
2543 694 2805 749 Hortatur
2828 696 2993 750 etiam
3020 709 3120 749 nos
3161 695 3275 762 ipsa
3297 693 3386 748 die
3413 693 3486 749 ad

199 797 382 868 populi
423 796 658 851 filiorum
685 793 994 851 Iudaeorum
1017 835 1031 859 ,
1064 793 1154 863 qui
1187 792 1390 847 residui
1427 790 1663 856 fuerant,
1702 790 1798 845 ad-

201 889 359 944 duxit
386 904 400 952 ;
429 889 751 958 locutusque
774 897 859 941 est
887 901 981 942 rex
1006 883 1501 940 Nabuchodonosor
1523 897 1649 937 cum
1671 895 1799 951 rege

201 977 489 1043 Sedechia,
541 977 683 1032 sicut
711 977 909 1048 legitur
951 977 1008 1031 in
1050 976 1190 1031 libro
1229 975 1502 1038 .leremiaa,
1551 973 1796 1043 judicia;

197 1069 562 1140 pmcepitque
587 1068 642 1123 in
687 1076 979 1138 conspectu
1003 1067 1151 1138 regis
1178 1063 1460 1120 Sedechiae
1487 1063 1799 1118 interﬁcere

198 1160 342 1215 filios
369 1160 507 1231 ejus,
540 1168 598 1215 et
641 1175 830 1215 omnes
871 1159 1146 1230 principes
1190 1158 1503 1215 Iudaeorum
1528 1198 1542 1222 ,
1584 1155 1676 1225 qui
1706 1171 1796 1210 re-

196 1264 534 1312 manserant.
573 1253 773 1309 Oculos
798 1262 980 1307 autem
1005 1250 1284 1306 Sedecbia:
1302 1249 1465 1320 jussit
1491 1262 1707 1312 eruere,
1738 1250 1796 1301 et

193 1352 437 1407 vinctum
473 1352 686 1406 catenis
720 1349 876 1406 duxit
915 1349 970 1402 in
1012 1345 1365 1417 Babylonem.
1412 1342 1794 1399 Nabuzardam

191 1447 378 1496 autem
407 1440 706 1511 principem
735 1437 940 1492 militia:
966 1435 1173 1491 dimisit
1199 1434 1267 1488 ad
1290 1430 1654 1488 destruendos
1675 1444 1796 1484 mu-

193 1548 288 1591 ros
317 1533 676 1589 Hierusalem.
720 1531 874 1586 Unde
899 1530 1040 1584 sicut
1063 1528 1176 1583 illic
1202 1525 1480 1590 scribitur,
1511 1522 1793 1578 Nabuzar-

192 1627 344 1694 dam,
373 1627 629 1698 princeps
655 1638 969 1693 coquorum,
1001 1619 1276 1676 destruxit
1320 1632 1505 1672 muros
1530 1616 1794 1670 ilicmsa-

192 1716 320 1772 lem.
365 1715 435 1770 Et
457 1716 532 1770 ita
558 1729 750 1770 omnes
777 1712 925 1768 ducti
957 1718 1082 1766 sunt
1111 1710 1169 1764 in
1208 1709 1576 1780 captivitatem
1608 1706 1663 1760 in
1691 1705 1793 1760 Ba-

191 1809 493 1881 byloniam,
522 1808 712 1878 paucis
741 1815 951 1862 tantum
974 1804 1041 1859 de
1065 1801 1394 1874 pauperibus
1422 1798 1606 1871 populi
1635 1798 1791 1852 dere-

189 1901 358 1968 lictis,
388 1901 482 1971 qui
505 1907 662 1955 erant
688 1898 938 1968 agricolae
966 1904 1021 1952 et
1057 1897 1344 1950 vinitores.
1388 1892 1446 1947 in
1473 1907 1579 1962 qua
1617 1889 1791 1960 capti-

1897 798 2118 838 cursum
2161 784 2317 839 bona:
2362 783 2697 854 operationis
2739 783 2910 857 ἥδε
2953 785 3143 840 beatus
3167 781 3488 853 Apostolus,

1898 871 2124 928 dicens:
2158 872 2248 927 Sic
2291 875 2505 939 currite,
2555 883 2616 927 ut
2662 873 3111 946 comprehendalis
3156 873 3210 941 (1
3249 872 3372 929 Cor.
3403 890 3486 943 lx,

1895 969 2012 1040 24).
2043 971 2464 1040 Responsorium
2495 971 2658 1027 etiam
2689 971 2831 1028 bene
2866 973 3138 1043 congruit,
3182 974 3328 1043 quod
3365 973 3486 1046 ipsa

1897 1060 1986 1116 die
2009 1068 2298 1116 cantatur:
2326 1062 2578 1132 Adjutor.
2624 1059 2733 1119 Nec
2757 1077 2865 1118 non
2891 1070 2950 1118 et
2971 1071 3175 1118 tractus
3199 1082 3212 1118 :
3258 1063 3339 1118 De
3359 1079 3486 1135 pro-

1896 1149 2100 1219 fundis.
2128 1150 2266 1206 Nam
2291 1151 2347 1206 in
2374 1151 2495 1206 istis
2520 1151 2710 1208 diebus
2733 1162 2956 1222 propter
2982 1152 3343 1209 humilitatem
3370 1169 3482 1209 non

1896 1250 2180 1298 cantamus
2203 1244 2463 1315 hymnum
2493 1243 2816 1315 angelicum,
2841 1245 3069 1312 scilicet,
3101 1243 3284 1300 Gloria
3306 1247 3361 1301 in
3388 1262 3486 1301 ex-

1895 1331 2048 1388 celsis
2065 1332 2210 1398 Deo;
2233 1348 2408 1405 neque
2431 1333 2683 1403 Alleluia,
2708 1336 2853 1406 quod
2875 1345 2961 1392 est
2982 1337 3254 1392 canticum
3280 1337 3483 1394 laetitia:

1892 1430 1952 1479 et
1971 1424 2384 1480 essultationis:
2413 1425 2510 1480 sed
2535 1439 2637 1495 pro
2659 1424 2889 1482 Alleluia
2914 1435 3197 1484 cantamus
3224 1428 3480 1486 humilem

1893 1523 2138 1579 cantum,
2164 1515 2375 1571 scilicet
2399 1522 2654 1580 tractum,
2683 1518 2830 1586 quia
2857 1517 3119 1575 trahendo
3154 1520 3374 1587 dicitur,
3411 1535 3483 1578 eo

1891 1605 2037 1676 quod
2062 1606 2279 1661 tractim
2303 1615 2576 1674 cantetur,
2609 1617 2666 1664 et
2691 1610 2960 1680 significat
2980 1613 3244 1684 gemitum
3275 1625 3482 1673 saneta.-

1891 1699 2081 1754 matris
2110 1697 2389 1754 Ecclesiae.
2440 1700 2500 1754 In
2549 1699 2842 1772 Evangelia
2882 1704 3048 1758 etiam
3097 1703 3312 1776 (lana.
3359 1708 3476 1781 ax),

1889 1790 2035 1861 quod
2069 1791 2185 1860 ipsa
2215 1793 2304 1847 die
2338 1789 2567 1862 legitur,
2616 1792 2809 1850 invitat
2847 1810 2948 1852 nos
2992 1797 3383 1869 paterfamilias
3408 1802 3480 1858 ad

1888 1885 2264 1954 operationem
2307 1887 2501 1952 vinea,
2543 1892 2605 1940 ut
2636 1885 2866 1945 ﬁdeliter
2892 1889 3102 1946 scilicet
3144 1890 3477 1962 laborantes,

190 1967 362 2048 vitate
385 1967 584 2047 morati
613 1967 748 2047 sunt,
782 1990 839 2045 in
867 2004 1059 2059 magna
1086 1986 1376 2042 adﬂictione
1398 1993 1454 2041 et
1479 1983 1708 2055 penuria
1729 1990 1785 2037 et
1814 1967 1858 2027 Β
1887 1977 2167 2031 denarium
2194 1977 2648 2035 remunerationis
2684 1980 2964 2051 percipere
2991 1995 3317 2040 mereamur.
3346 1984 3479 2043 Post

191 2086 455 2140 servitute
483 2097 581 2155 per
608 2096 782 2138 annos
807 2079 1167 2151 septuaginta.
1217 2077 1414 2134 Postea
1441 2091 1595 2138 vero,
1621 2073 1788 2129 mise-

191 2181 348 2228 rante
391 2171 574 2228 divina
617 2169 944 2235 clementia,
989 2170 1091 2224 sub
1118 2166 1262 2238 Cyro
1294 2179 1419 2237 rege
1467 2164 1782 2230 Persarum,

188 2280 383 2338 magna
412 2265 628 2320 illorum
653 2279 782 2335 pars
809 2277 1028 2319 reversa
1071 2267 1159 2317 est
1183 2258 1545 2323 Hierusalem,
1593 2257 1652 2313 id
1673 2264 1782 2325 est,

185 2356 584 2430 quinquaginta
632 2353 747 2410 fere
781 2353 951 2409 millia
997 2352 1300 2409 hominum.
1351 2351 1621 2421 Tempore
1647 2363 1782 2405 vero

190 2448 340 2503 Darii
367 2447 531 2519 regis,
578 2446 757 2502 omnis
798 2445 1080 2519 plenitudo
1119 2444 1302 2516 populi
1333 2441 1648 2499 Judaaorum
1679 2442 1782 2499 sub

187 2540 327 2598 duce
380 2537 715 2606 Zorobabcl,
766 2547 823 2595 et
868 2535 1000 2594 Jesu
1055 2535 1168 2594 ﬁlio
1215 2535 1443 2593 Josedee
1499 2535 1784 2592 sacerdote

188 2647 409 2703 magno,
432 2640 488 2689 et
515 2630 688 2688 Esdra
712 2629 914 2694 scriba,
944 2629 1151 2684 reversi
1176 2636 1303 2684 sunt
1334 2626 1698 2694 Hierusalem,
1725 2633 1787 2683 et

186 2722 593 2779 adificaverunt
637 2737 825 2779 muros
852 2721 970 2792 ejus
997 2726 1055 2775 et
1080 2718 1362 2791 templum,
1408 2726 1468 2774 et
1493 2717 1780 2774 habitave-

185 2820 317 2869 runt
345 2813 401 2868 in
428 2828 514 2869 ea.
555 2811 727 2868 Erant
745 2821 929 2868 autem
957 2816 1088 2868 tunc
1113 2812 1391 2881 propheta:
1415 2809 1652 2868 illorum.
1684 2808 1780 2879 qui

184 2905 258 2962 ad
282 2903 658 2962 adiﬁcandum
686 2905 944 2975 templum
971 2912 1027 2961 et
1045 2905 1344 2971 civitatem,
1368 2902 1662 2976 plurimum
1685 2915 1781 2958 eos

185 2995 570 3055 eonfortabant
587 2996 818 3068 Aggazus
843 3003 899 3052 et
926 2996 1238 3053 Zacharias.

257 3087 413 3148 Hanc
444 3104 579 3163 ergo
611 3089 985 3160 captivitatem
1027 3086 1241 3145 Iudaici
1273 3085 1480 3160 populi,
1530 3101 1653 3158 quae
1679 3100 1781 3142 no-

185 3193 359 3242 stram
386 3182 756 3256 praeﬁguravit
779 3181 1289 3254 peregrinationem,
1320 3180 1601 3236 annuatim
1625 3193 1782 3238 reco-

186 3271 306 3330 lens
333 3281 523 3330 sancta
547 3271 815 3341 Ecclesia,
844 3279 900 3329 et
934 3273 988 3326 in
1027 3272 1350 3327 memoriam
1387 3272 1657 3328 reducens
1689 3285 1780 3327 ec-

1882 2065 2237 2139 Evangelium
2263 2069 2482 2124 canitur
2519 2068 2795 2128 oﬂ‘erenda
2822 2093 2834 2125 :
2875 2072 3085 2129 Bonum
3110 2085 3187 2132 est
3212 2078 3475 2147 conﬁteri,

1882 2168 1940 2217 et
1963 2161 2255 2232 antiphona
2278 2161 2348 2216 ad
2372 2163 2751 2232 complendum
2775 2181 2786 2216 :
2820 2161 3079 2220 Illusnina
3106 2167 3317 2236 faciem.
3344 2168 3480 2236 Qua:

1879 2253 2064 2309 omnia
2091 2253 2380 2326 diligenter
2407 2256 2677 2326 inspecta,
2725 2259 2937 2331 magnis
2974 2261 3359 2332 mysteriorum
3385 2280 3475 2320 rc-

1880 2349 2068 2406 dolent
2105 2351 2486 2417 sacramentis,
2513 2361 2572 2408 et
2594 2352 2851 2409 Ecclesia:
2874 2356 3109 2426 gemitus
3130 2356 3299 2412 Deum
3325 2356 3479 2414 invo-

1879 2442 2058 2500 cantis
2079 2443 2153 2499 ob
2190 2444 2456 2499 auxilium
2487 2445 2556 2500 de
2599 2444 2955 2502 tribulatione
2973 2487 2990 2514 ,
3020 2448 3282 2517 indicant,
3323 2460 3381 2505 et
3407 2452 3477 2505 ad

1879 2533 2179 2604 spiritualis
2221 2533 2592 2604 intelligentia
2644 2535 2951 2592 doctrinam
3009 2539 3144 2594 satis
3199 2541 3479 2596 instruunt

1879 2625 2205 2682 auditorem.
2237 2625 2298 2683 In
2333 2628 2418 2683 his
2437 2628 2607 2682 etiam
2635 2628 2844 2695 diebus,
2880 2637 2941 2685 ut
2959 2631 3076 2703 jam
3099 2632 3358 2700 diximus,
3393 2633 3482 2688 in.

1879 2717 2238 2775 termittimus
2273 2718 2537 2791 hymnum
2562 2719 2868 2793 angelicum
2889 2762 2906 2790 ,
2935 2729 2992 2778 et
3028 2721 3278 2791 Alleluia,
3326 2727 3476 2796 quod

1877 2814 1966 2865 est
2007 2805 2340 2876 Hebraeum;
2383 2818 2437 2864 et
2480 2823 2582 2880 pro
2628 2809 2858 2866 Alleluia
2879 2854 2893 2877 ,
2941 2812 3217 2870 humiliori
3250 2815 3329 2886 (id
3367 2827 3474 2883 est,

1878 2900 2094 2974 Latina)
2125 2902 2336 2958 utimur
2374 2902 2580 2974 lingua,
2609 2903 2854 2961 dicentes
2879 2906 2935 2961 in
2983 2906 3231 2975 psalmis,
3257 2909 3478 2980 hymnis

1876 2999 1936 3048 et
1963 2990 2214 3058 amicis,
2254 2991 2397 3047 Laus
2440 2993 2562 3058 tibi,
2595 2992 2843 3060 Domine,
2896 3011 2988 3048 rea:
3011 3005 3223 3053 «eterna
3266 2997 3470 3068 glorier.

1876 3079 2016 3138 Nam
2039 3089 2096 3138 et
2124 3082 2181 3137 in
2207 3097 2439 3154 persona
2458 3098 2665 3148 eorum,
2690 3085 2784 3155 qui
2813 3086 2864 3139 in
2886 3084 3203 3156 captivitate
3229 3088 3476 3146 detinen-

1878 3179 1991 3238 tur,
2039 3171 2239 3229 dicitur
2267 3173 2324 3230 in
2358 3173 2605 3246 psalmo:
2655 3173 2932 3242 Quomodo
2969 3177 3300 3236 cantabimus
3340 3197 3475 3238 con-

1879 3267 2042 3323 ticam
2069 3264 2285 3321 Domini
2308 3268 2365 3321 in
2399 3277 2542 3322 terra
2570 3266 2745 3324 aliena
2788 3265 2963 3339 (Psal.
2998 3285 3222 3341 anan,
3259 3271 3362 3347 ηπ
3406 3275 3477 3334 ιιι

185 3363 366 3424 lebrat
391 3331 858 3440 Septuagesimam
887 3381 901 3418 :
933 3373 994 3420 ut
1021 3364 1165 3422 sicut
1188 3363 1281 3419 ille
1301 3363 1532 3443 populus
1557 3371 1778 3434 septua—
1799 3331 1851 3398 ε
1881 3355 2081 3411 iterum
2111 3355 2246 3417 dicit
2277 3356 2561 3428 Scriptura
2585 3376 2599 3414 :
2646 3331 2920 3426 Quia‘non
2966 3373 3044 3417 est
3346 3331 3475 3424 ⁷1σῦ

186 3457 338 3529 ginta
364 3473 557 3525 annos,
587 3456 838 3529 quamvis
866 3457 1088 3522 invitus,
1122 3456 1176 3512 in
1206 3456 1520 3527 captivitate
1541 3462 1599 3512 et
1619 3469 1781 3528 pere-

185 3549 496 3621 grinatione
521 3557 610 3605 est
631 3547 904 3614 detentus,
937 3548 1016 3603 ita
1046 3563 1169 3614 nos,
1213 3547 1268 3604 id
1305 3554 1410 3613 est,
1436 3545 1780 3604 Christianus

185 3640 439 3712 populus,
479 3639 819 3710 septuaginta
851 3637 969 3695 dies
996 3645 1241 3693 nostram
1281 3636 1777 3708 peregrinationem

185 3740 245 3787 et
287 3729 570 3801 praesentis
611 3730 739 3785 vitae
767 3744 1064 3785 :erumnam
1104 3728 1410 3784 voluntarie
1455 3728 1775 3794 recolentes,

187 3820 259 3876 ad
284 3818 537 3890 patriam,
563 3832 686 3890 quae
701 3827 786 3873 est
812 3833 1045 3890 superna
1065 3817 1422 3883 Hierusalem,
1451 3817 1633 3873 redire
1653 3831 1777 3874 cum

184 3908 338 3966 omni
362 3908 642 3975 aviditate,
670 3908 831 3966 bonis
852 3908 1021 3964 dediti
1041 3908 1320 3979 operibus,
1349 3906 1550 3978 vigiliis
1571 3907 1780 3963 scilicet

185 4009 247 4056 et
264 3998 487 4074 ieiuniis
507 4008 564 4056 et
585 4000 942 4064 orationibus,
972 3998 1178 4055 intente
1205 4000 1538 4056 studeamus.
1583 3998 1780 4068 incipit

188 4097 374 4148 autem
403 4089 807 4164 Septuagesima
844 4090 914 4146 ab
943 4088 1036 4144 illo
1065 4088 1174 4154 die,
1199 4105 1308 4162 quo
1331 4091 1778 4146 consuetudinem

189 4180 435 4240 Ecclesia
449 4181 616 4239 habet
629 4197 824 4239 canere
839 4201 852 4238 :
867 4179 1338 4239 Ciremudedersnt
1358 4197 1461 4248 me,
1475 4189 1536 4238 et
1553 4191 1776 4253 perten-

188 4272 272 4329 dit
287 4287 461 4344 usque
481 4272 551 4329 ad
563 4273 849 4330 sabbatum
862 4271 1143 4328 Paschalis
1167 4271 1535 4338 hebdomadas,
1561 4271 1776 4343 quando

187 4365 475 4420 canimus:
527 4361 730 4420 Eduxit
756 4363 1038 4420 Dominus.
1085 4363 1222 4419 Nam
1249 4371 1332 4420 tot
1367 4364 1510 4432 dies,
1548 4365 1596 4420 si
1628 4379 1778 4422 com-

189 4457 365 4529 putati
409 4454 632 4525 fuerint,
686 4457 742 4513 id
773 4464 878 4524 est,
921 4457 1263 4529 septuaginta
1293 4456 1366 4512 ibi
1408 4457 1770 4514 inveniuntur.

193 4549 638 4621 Septuagesimus
675 4555 858 4606 autem
893 4563 1154 4604 numerus
1179 4549 1252 4605 ad
1275 4549 1596 4605 memoriam
1618 4547 1777 4606 nobis

196 4641 408 4698 reducit
435 4655 598 4698 omne
635 4647 850 4712 tempus
886 4641 1174 4709 praesentis
1211 4639 1414 4705 saeculi,
1459 4656 1568 4711 quo
1609 4640 1775 4696 alieni

191 4749 384 4790 sumus
405 4748 438 4788 a
468 4731 675 4788 ctelcsti
695 4729 1033 4787 Hierusalem
1056 4746 1074 4785 :
1103 4730 1248 4802 quia,
1269 4739 1331 4786 ut
1357 4729 1432 4788 ait
1455 4731 1771 4800 Apostolus:

193 4824 334 4882 Dum
363 4833 550 4880 sumus
572 4825 628 4879 in
653 4838 890 4894 corpore,
916 4822 1312 4894 peregrinantur
1331 4839 1363 4875 a
1392 4820 1504 4877 Deo
1536 4820 1623 4894 (II
1647 4819 1775 4876 Cor.

192 4933 249 4984 v,
272 4917 350 4990 6).
385 4915 534 4972 lianc
561 4914 1071 4987 peregrinationem,
1097 4912 1302 4984 Spiritu
1328 4923 1518 4972 sancto
1543 4931 1782 4986 praeven-

195 5019 308 5075 tus,
347 5005 685 5078 intelligebat
721 5003 893 5060 David
919 5005 1204 5076 propheta,
1248 5003 1343 5074 qui
1371 5005 1426 5060 in
1453 5003 1662 5074 psalmo
1696 5003 1780 5060 di-

195 5100 355 5157 cebat
380 5113 399 5152 :
430 5096 515 5153 Ne
540 5096 720 5163 sileas,
770 5095 1020 5169 quoniam
1047 5095 1252 5151 Moeris
1276 5112 1371 5168 ego
1393 5113 1512 5152 sunt
1536 5097 1679 5169 apud
1709 5106 1778 5164 te,

194 5197 304 5246 etc.
339 5186 512 5259 (Ptol.
559 5200 790 5252 xxxviii,
818 5184 933 5257 i5).
979 5185 1049 5240 Et
1074 5186 1273 5242 iterum
1300 5187 1357 5241 in
1396 5189 1503 5243 alio
1526 5187 1775 5258 psalmo:

199 5275 320 5336 Heu
347 5275 506 5342 mihi,
536 5274 949 5346 quia‘incolatus
991 5291 1137 5331 meas
1178 5275 1518 5348 prolongata
1543 5288 1643 5344 est,
1670 5289 1778 5336 etc.

197 5362 373 5436 (Psal.
399 5379 548 5430 calx,
575 5363 652 5436 5).
679 5361 833 5420 lianc
851 5364 1016 5421 etiam
1035 5365 1528 5436 peregrinationem
1556 5381 1783 5437 perpen-

199 5459 332 5514 dens
356 5463 544 5512 sancta
569 5455 807 5512 Ecclesia
827 5456 1002 5528 prima
1024 5456 1112 5512 die
1137 5454 1584 5528 Septuagesimm,
1612 5475 1783 5530 angu-

199 5553 321 5611 stiis
339 5560 394 5610 et
418 5551 797 5609 afflictionibus
825 5550 1157 5608 circumdata
1185 5548 1384 5604 clamat
1407 5563 1422 5604 :
1474 5546 1783 5606 Circumde-

198 5645 389 5701 derunt
413 5661 497 5701 me
518 5646 759 5717 peritius.
809 5642 939 5710 Quae
974 5658 1078 5698 vox
1122 5641 1471 5699 al'llictionem
1496 5645 1782 5713 praesentis

200 5737 386 5805 saeculi
416 5745 472 5792 et
498 5736 902 5793 tribulationem
943 5744 1128 5807 aperte
1156 5735 1511 5790 demonstrat.
1546 5733 1784 5792 Concor-

202 5828 295 5884 dat
317 5829 486 5883 etiam
515 5828 642 5885 huic
668 5826 951 5884 aliilctioni
995 5826 1172 5882 oratio
1218 5827 1389 5895 ipsius
1414 5827 1542 5894 diei,
1587 5827 1642 5881 in
1677 5843 1784 5899 qua

1876 3447 1934 3500 in
1959 3461 2050 3502 ore
2074 3448 2366 3517 peccatoris
2390 3447 2586 3519 (Eccli.
2633 3465 2723 3515 xv,
2755 3449 2833 3523 9).
2879 3451 3025 3524 Ergo
3065 3456 3375 3528 quicunque
3415 3459 3473 3516 in

1877 3536 1968 3594 his
1993 3536 2189 3595 diebus
2216 3537 2641 3613 Septuagesimte
2664 3542 3022 3603 saluberrime
3045 3547 3331 3618 institutis,
3351 3566 3478 3608 cur-

1877 3643 2000 3687 sum
2028 3644 2211 3698 suum,
2241 3631 2430 3699 idest,
2457 3634 2584 3690 vita:
2603 3633 2767 3703 hujus
2793 3638 3077 3707 praesentis
3101 3649 3306 3697 statum
3333 3643 3476 3700 bene

1877 3722 2156 3786 direxerit,
2182 3729 2244 3778 ut
2268 3723 2514 3795 deposita
2540 3725 2687 3781 omni
2717 3725 2898 3797 inepta
2923 3727 3109 3784 lmtitia
3131 3737 3188 3786 et
3205 3732 3472 3799 vanitate,

1878 3811 1934 3866 in
1953 3810 2175 3881 jejuniis
2199 3820 2253 3868 et
2286 3813 2487 3885 vigiliis
2511 3821 2567 3869 et
2604 3815 2965 3884 orationibus,
3005 3817 3472 3893 eleemosynisque

1876 3920 1943 3962 ac
1967 3907 2182 3963 caeteris
2207 3908 2365 3963 bonis
2390 3907 2648 3978 operibus
2684 3907 2902 3965 assidue
2945 3909 3181 3979 insistat,
3220 3921 3278 3969 et
3306 3927 3469 3984 pere~

1877 3996 2199 4068 grinationis
2224 4012 2339 4052 sua:
2374 3996 2589 4053 assidue
2619 3998 2937 4055 recordatus
2969 3999 3134 4059 fuerit
3151 4042 3168 4070 ,
3216 4003 3306 4060 hic
3341 4019 3470 4060 san-

1877 4092 2028 4142 etum
2061 4084 2274 4144 Pascha
2309 4085 2545 4144 feliciter
2588 4087 2928 4146 celebrabit:
2978 4092 3255 4152 canticum
3296 4096 3465 4154 etiam

1877 4176 2100 4244 laetitia,
2133 4177 2188 4232 id
2212 4185 2318 4244 est,
2359 4177 2610 4246 Alleluia,
2639 4180 2786 4250 quod
2812 4190 2899 4238 est
2919 4181 3039 4240 laus
3078 4183 3319 4254 Domini,
3349 4189 3470 4245 sine

1877 4269 1988 4326 line
2011 4271 2273 4328 cantabit.
2286 4270 2494 4328 Pascha
2517 4287 2750 4345 namque
2770 4272 2959 4333 Graece
2975 4289 3028 4345 ι,
3049 4276 3245 4337 Latine
3267 4279 3470 4339 dicitur

1879 4364 2178 4420 transitus.-
2216 4371 2272 4418 et
2297 4379 2396 4420 nos
2424 4365 2470 4421 si
2493 4363 2700 4422 Pascha
2729 4378 2978 4426 sanctum
3006 4370 3283 4432 celebrare
3307 4374 3464 4433 volu-

1876 4466 2022 4519 mus,
2055 4453 2346 4510 transitum
2374 4454 2635 4513 faciamus
2661 4473 2691 4512 a
2721 4458 2870 4516 vitiis
2911 4461 2984 4518 ad
3025 4463 3277 4532 virtutes,
3303 4472 3361 4522 et
3399 4465 3470 4523 de

1877 4542 2111 4598 terrenis
2136 4543 2208 4599 ad
2247 4543 2513 4610 ctelestia,
2563 4554 2620 4602 et
2663 4547 2732 4604 de
2761 4550 3094 4608 transitoriis
3136 4553 3205 4609 ad
3252 4569 3470 4627 semper

1878 4634 2155 4689 manentia
2183 4643 2240 4690 et
2258 4643 2460 4691 azterna
2477 4637 2868 4710 transmigrare
2895 4641 3227 4698 studeamus.
3257 4641 3468 4701 Puella

1877 4725 2018 4782 enim
2041 4736 2278 4784 nostrum
2302 4728 2604 4784 immolatus
2625 4728 2885 4798 Christus,
2932 4739 3040 4788 etc.
3068 4732 3124 4803 (I
3149 4731 3274 4790 Cor.
3303 4751 3356 4801 v,
3385 4736 3463 4808 7).

1876 4819 2092 4876 Finitur
2146 4826 2330 4874 autem
2393 4818 2816 4893 Septuagesima:
2873 4823 3182 4881 observatio
3241 4827 3467 4884 sabban

1877 4919 2007 4968 ante
2034 4922 2283 4968 octavam
2314 4910 2559 4978 Pascha,
2587 4913 2807 4983 quando
2831 4915 3018 4981 etiam,
3064 4915 3204 4972 sicut
3227 4917 3342 4988 iam
3367 4933 3462 4972 su-

1877 5015 1976 5073 pra
2004 5000 2262 5066 diximns,
2290 5001 2528 5058 Ecclesia
2567 5010 2754 5058 sancta
2781 5017 2979 5060 canere
3006 5004 3164 5061 mlita
3186 5015 3294 5075 est,
3315 5007 3463 5063 Eds.

1878 5091 1958 5147 sit
1986 5091 2262 5147 Dominus.
2307 5091 2453 5149 Bene
2479 5103 2662 5149 autem
2688 5097 2940 5167 congruit
2971 5097 3247 5169 mysteriis
3280 5097 3469 5155 Eccle-

1875 5183 2004 5249 sia,
2050 5182 2195 5253 quod
2238 5179 2648 5254 Septuagesima
2695 5186 2923 5243 sabbato
2963 5187 3171 5245 linitur.
3218 5188 3469 5247 Peccatis

1878 5275 2025 5332 enim
2048 5276 2251 5330 nostris
2278 5276 2635 5346 exigentibus,
2667 5278 2724 5333 in
2751 5279 3120 5350 captivitatem
3149 5289 3206 5336 et
3230 5284 3460 5356 peregri-

1880 5367 2158 5424 nationem
2202 5365 2551 5423 devenimus:
2598 5369 2694 5428 sed
2736 5383 2837 5441 per
2877 5370 3090 5426 Domini
3131 5373 3362 5443 gratiam
3411 5383 3471 5430 et

1882 5459 2285 5516 miserationem
2314 5460 2380 5515 ad
2402 5459 2662 5532 requiem,
2695 5475 2816 5532 quae
2848 5477 2948 5532 per
2985 5463 3274 5519 sabbatum
3301 5465 3471 5537 signi-

1884 5554 2123 5621 ﬁcatur,
2182 5553 2512 5610 reducimur.
2585 5553 2884 5611 Sabbatum
2921 5557 3068 5612 enim
3121 5556 3338 5628 requies
3385 5558 3470 5613 in-

1885 5651 2234 5715 terpretatur.
2289 5643 2591 5700 Cantantur
2638 5647 2804 5702 etiam
2878 5645 2970 5702 illo
3033 5645 3122 5704 die
3165 5647 3271 5704 duo
3326 5646 3470 5701 Alle-

1885 5734 1999 5789 luia
2023 5775 2038 5800 ,
2075 5748 2196 5805 quae
2229 5735 2498 5803 geminam
2540 5745 2852 5792 sanctorum
2886 5735 3127 5794 laetitiam
3165 5735 3468 5808 designant.

1886 5825 2026 5883 Nam
2054 5825 2185 5881 illud
2223 5824 2476 5892 Alleluia,
2515 5826 2664 5897 quod
2685 5822 2911 5886 sabbato
2940 5827 3178 5895 canitur,
3223 5824 3470 5884 scilicet:

273 5955 300 5985 ι
332 5939 544 6000 Pascha
576 5937 776 6002 (imre.
805 5939 1080 6009 imperite,
1110 5939 1214 5994 nisi
1239 5941 1308 5996 sit
1343 5951 1498 5996 error
1524 5938 1753 5998 librarii.
1791 5938 1928 5999 Vide
1951 5935 2213 5995 Monitum
2240 5935 2520 6012 praevium.
