  <div class='ocr_page' id='page_1' title='image "/cluster/home/n/w/nwhite01/storage/ocr_20150623/101/umn.31951002477394h/607.png"; bbox 0 0 4092 6508; ppageno 0'>
   <div class='ocr_carea' id='block_1_1' title="bbox 1453 305 3064 386">
    <p class='ocr_par' dir='ltr' id='par_1_1' title="bbox 1453 305 3064 386">
     <span class='ocr_line' id='line_1_1' title="bbox 1453 305 3064 386; baseline -0.014 0"><span class='ocrx_word' id='word_1_1' title='bbox 1453 330 1512 386; x_wconf 82' lang='grc' dir='ltr'>Β.</span> <span class='ocrx_word' id='word_1_2' title='bbox 1555 329 1616 383; x_wconf 64' lang='grc' dir='ltr'><strong>ιτ.</strong></span> <span class='ocrx_word' id='word_1_3' title='bbox 1657 325 1886 384; x_wconf 82' lang='lat' dir='ltr'><strong>ALBlNl</strong></span> <span class='ocrx_word' id='word_1_4' title='bbox 1926 323 2061 380; x_wconf 87' lang='lat' dir='ltr'><strong>SEU</strong></span> <span class='ocrx_word' id='word_1_5' title='bbox 2102 316 2385 375; x_wconf 83' lang='lat' dir='ltr'><strong>ALCUlNl</strong></span> <span class='ocrx_word' id='word_1_6' title='bbox 2424 312 2714 374; x_wconf 76' lang='lat' dir='ltr'><strong>OPEBUM</strong></span> <span class='ocrx_word' id='word_1_7' title='bbox 2749 309 2934 369; x_wconf 80' lang='lat' dir='ltr'><strong>PARS</strong></span> <span class='ocrx_word' id='word_1_8' title='bbox 2972 305 3064 366; x_wconf 75' lang='grc' dir='ltr'><strong>ΙΙ.</strong></span> 
     </span>
    </p>
   </div>
   <div class='ocr_carea' id='block_1_2' title="bbox 598 422 3937 525">
    <p class='ocr_par' dir='ltr' id='par_1_2' title="bbox 598 422 3937 525">
     <span class='ocr_line' id='line_1_2' title="bbox 598 422 3937 525; baseline -0.013 -14"><span class='ocrx_word' id='word_1_9' title='bbox 598 452 931 525; x_wconf 79' lang='lat' dir='ltr'><strong>Conﬁtentini</strong></span> <span class='ocrx_word' id='word_1_10' title='bbox 965 449 1185 506; x_wconf 88' lang='lat' dir='ltr'><strong>Domino</strong></span> <span class='ocrx_word' id='word_1_11' title='bbox 1215 448 1463 519; x_wconf 86' lang='lat' dir='ltr'><strong>quoniam</strong></span> <span class='ocrx_word' id='word_1_12' title='bbox 1492 445 1676 508; x_wconf 82' lang='lat' dir='ltr'><strong>bonus,</strong></span> <span class='ocrx_word' id='word_1_13' title='bbox 1723 442 1975 513; x_wconf 85' lang='lat' dir='ltr'><strong>quoniam</strong></span> <span class='ocrx_word' id='word_1_14' title='bbox 2004 439 2062 492; x_wconf 86' lang='lat' dir='ltr'><strong>in</strong></span> <span class='ocrx_word' id='word_1_15' title='bbox 2085 453 2189 491; x_wconf 63' lang='grc' dir='ltr'><em>εαξ-</em></span> <span class='ocrx_word' id='word_1_16' title='bbox 2218 437 2269 497; x_wconf 71' lang='grc' dir='ltr'>Λ</span> <span class='ocrx_word' id='word_1_17' title='bbox 2294 443 2567 525; x_wconf 80' lang='lat' dir='ltr'><strong>vocatam.</strong></span> <span class='ocrx_word' id='word_1_18' title='bbox 2596 427 2767 525; x_wconf 71' lang='lat' dir='ltr'><strong>Terra</strong></span> <span class='ocrx_word' id='word_1_19' title='bbox 2796 426 2997 525; x_wconf 76' lang='lat' dir='ltr'><strong>quippe</strong></span> <span class='ocrx_word' id='word_1_20' title='bbox 3022 428 3417 525; x_wconf 75' lang='lat' dir='ltr'><strong>commovetur,</strong></span> <span class='ocrx_word' id='word_1_21' title='bbox 3465 422 3684 525; x_wconf 75' lang='lat' dir='ltr'><strong>quando</strong></span> <span class='ocrx_word' id='word_1_22' title='bbox 3710 437 3937 493; x_wconf 59' lang='grc' dir='ltr'><strong>ρεαδς.-</strong></span> 
     </span>
    </p>
   </div>
   <div class='ocr_carea' id='block_1_3' title="bbox 596 527 2196 611">
    <p class='ocr_par' dir='ltr' id='par_1_3' title="bbox 596 527 2196 611">
     <span class='ocr_line' id='line_1_3' title="bbox 596 527 2196 611; baseline -0.013 -9"><span class='ocrx_word' id='word_1_23' title='bbox 596 547 778 602; x_wconf 78' lang='lat' dir='ltr'><strong>culum</strong></span> <span class='ocrx_word' id='word_1_24' title='bbox 818 542 1179 599; x_wconf 77' lang='lat' dir='ltr'><strong>misericordia</strong></span> <span class='ocrx_word' id='word_1_25' title='bbox 1225 541 1359 611; x_wconf 78' lang='lat' dir='ltr'><strong>ejus,</strong></span> <span class='ocrx_word' id='word_1_26' title='bbox 1400 536 1646 591; x_wconf 71' lang='lat' dir='ltr'><strong>laetitiam</strong></span> <span class='ocrx_word' id='word_1_27' title='bbox 1691 540 2009 589; x_wconf 85' lang='lat' dir='ltr'><strong>sanctorum</strong></span> <span class='ocrx_word' id='word_1_28' title='bbox 2045 527 2196 584; x_wconf 85' lang='lat' dir='ltr'><strong>desi-</strong></span> 
     </span>
    </p>
   </div>
   <div class='ocr_carea' id='block_1_4' title="bbox 603 619 2198 711">
    <p class='ocr_par' dir='ltr' id='par_1_4' title="bbox 603 619 2198 711">
     <span class='ocr_line' id='line_1_4' title="bbox 603 619 2198 711; baseline -0.013 -18"><span class='ocrx_word' id='word_1_29' title='bbox 603 646 754 711; x_wconf 89' lang='lat' dir='ltr'><strong>gnat,</strong></span> <span class='ocrx_word' id='word_1_30' title='bbox 800 646 963 707; x_wconf 82' lang='lat' dir='ltr'><strong>qnam</strong></span> <span class='ocrx_word' id='word_1_31' title='bbox 991 635 1173 696; x_wconf 83' lang='lat' dir='ltr'><strong>modo,</strong></span> <span class='ocrx_word' id='word_1_32' title='bbox 1211 630 1523 702; x_wconf 82' lang='lat' dir='ltr'><strong>quicunque</strong></span> <span class='ocrx_word' id='word_1_33' title='bbox 1552 625 1783 681; x_wconf 85' lang='lat' dir='ltr'><strong>ﬁdeliter</strong></span> <span class='ocrx_word' id='word_1_34' title='bbox 1810 622 2099 711; x_wconf 83' lang='lat' dir='ltr'><strong>finiuntur,</strong></span> <span class='ocrx_word' id='word_1_35' title='bbox 2141 619 2198 711; x_wconf 82' lang='lat' dir='ltr'><strong>in</strong></span> 
     </span>
    </p>
   </div>
   <div class='ocr_carea' id='block_1_5' title="bbox 598 708 2199 794">
    <p class='ocr_par' dir='ltr' id='par_1_5' title="bbox 598 708 2199 794">
     <span class='ocr_line' id='line_1_5' title="bbox 598 708 2199 794; baseline -0.012 -13"><span class='ocrx_word' id='word_1_36' title='bbox 598 708 886 783; x_wconf 80' lang='lat' dir='ltr'><strong>animabus</strong></span> <span class='ocrx_word' id='word_1_37' title='bbox 932 723 1240 794; x_wconf 87' lang='lat' dir='ltr'><strong>accipiunt,</strong></span> <span class='ocrx_word' id='word_1_38' title='bbox 1282 728 1337 775; x_wconf 90' lang='lat' dir='ltr'><strong>ct</strong></span> <span class='ocrx_word' id='word_1_39' title='bbox 1375 734 1482 790; x_wconf 88' lang='lat' dir='ltr'><strong>qua</strong></span> <span class='ocrx_word' id='word_1_40' title='bbox 1512 718 1686 773; x_wconf 89' lang='lat' dir='ltr'><strong>sancti</strong></span> <span class='ocrx_word' id='word_1_41' title='bbox 1733 728 1927 769; x_wconf 87' lang='lat' dir='ltr'><strong>omnes</strong></span> <span class='ocrx_word' id='word_1_42' title='bbox 1951 752 1967 778; x_wconf 88' lang='lat'><strong>,</strong></span> <span class='ocrx_word' id='word_1_43' title='bbox 2013 710 2109 780; x_wconf 87' lang='lat' dir='ltr'><strong>qui</strong></span> <span class='ocrx_word' id='word_1_44' title='bbox 2143 708 2199 763; x_wconf 88' lang='lat' dir='ltr'><strong>in</strong></span> 
     </span>
    </p>
   </div>
   <div class='ocr_carea' id='block_1_6' title="bbox 601 804 2199 893">
    <p class='ocr_par' dir='ltr' id='par_1_6' title="bbox 601 804 2199 893">
     <span class='ocr_line' id='line_1_6' title="bbox 601 804 2199 893; baseline -0.017 -11"><span class='ocrx_word' id='word_1_45' title='bbox 601 819 813 882; x_wconf 81' lang='lat' dir='ltr'><strong>caelesti</strong></span> <span class='ocrx_word' id='word_1_46' title='bbox 836 820 1007 893; x_wconf 78' lang='lat' dir='ltr'><strong>gloria</strong></span> <span class='ocrx_word' id='word_1_47' title='bbox 1032 829 1176 883; x_wconf 89' lang='lat' dir='ltr'><strong>sunt,</strong></span> <span class='ocrx_word' id='word_1_48' title='bbox 1208 825 1469 888; x_wconf 89' lang='lat' dir='ltr'><strong>perpetuo</strong></span> <span class='ocrx_word' id='word_1_49' title='bbox 1494 810 1861 884; x_wconf 80' lang='lat' dir='ltr'><strong>perfruentur.</strong></span> <span class='ocrx_word' id='word_1_50' title='bbox 1892 804 1989 861; x_wconf 88' lang='lat' dir='ltr'><strong>Illa</strong></span> <span class='ocrx_word' id='word_1_51' title='bbox 2016 809 2199 857; x_wconf 88' lang='lat' dir='ltr'><strong>autem</strong></span> 
     </span>
    </p>
   </div>
   <div class='ocr_carea' id='block_1_7' title="bbox 602 896 2202 985">
    <p class='ocr_par' dir='ltr' id='par_1_7' title="bbox 602 896 2202 985">
     <span class='ocr_line' id='line_1_7' title="bbox 602 896 2202 985; baseline -0.017 -12"><span class='ocrx_word' id='word_1_52' title='bbox 602 917 731 982; x_wconf 90' lang='lat' dir='ltr'><strong>duo,</strong></span> <span class='ocrx_word' id='word_1_53' title='bbox 776 929 897 985; x_wconf 68' lang='lat' dir='ltr'><strong>qum</strong></span> <span class='ocrx_word' id='word_1_54' title='bbox 939 912 996 969; x_wconf 91' lang='lat' dir='ltr'><strong>in</strong></span> <span class='ocrx_word' id='word_1_55' title='bbox 1026 918 1275 980; x_wconf 79' lang='lat' dir='ltr'><strong>sequenti</strong></span> <span class='ocrx_word' id='word_1_56' title='bbox 1313 905 1561 971; x_wconf 85' lang='lat' dir='ltr'><strong>sabbato,</strong></span> <span class='ocrx_word' id='word_1_57' title='bbox 1601 903 1657 958; x_wconf 89' lang='lat' dir='ltr'><strong>id</strong></span> <span class='ocrx_word' id='word_1_58' title='bbox 1683 909 1790 966; x_wconf 87' lang='lat' dir='ltr'><strong>est,</strong></span> <span class='ocrx_word' id='word_1_59' title='bbox 1824 897 1931 953; x_wconf 79' lang='lat' dir='ltr'><strong>ﬁne</strong></span> <span class='ocrx_word' id='word_1_60' title='bbox 1972 896 2202 966; x_wconf 81' lang='lat' dir='ltr'><strong>Septua-</strong></span> 
     </span>
    </p>
   </div>
   <div class='ocr_carea' id='block_1_8' title="bbox 600 985 2204 1077">
    <p class='ocr_par' dir='ltr' id='par_1_8' title="bbox 600 985 2204 1077">
     <span class='ocr_line' id='line_1_8' title="bbox 600 985 2204 1077; baseline -0.017 -15"><span class='ocrx_word' id='word_1_61' title='bbox 600 1004 822 1077; x_wconf 68' lang='lat' dir='ltr'><strong>gesima:</strong></span> <span class='ocrx_word' id='word_1_62' title='bbox 846 1008 1137 1065; x_wconf 89' lang='lat' dir='ltr'><strong>canuntur,</strong></span> <span class='ocrx_word' id='word_1_63' title='bbox 1181 995 1452 1069; x_wconf 88' lang='lat' dir='ltr'><strong>geminam</strong></span> <span class='ocrx_word' id='word_1_64' title='bbox 1483 999 1794 1047; x_wconf 84' lang='lat' dir='ltr'><strong>sanctorum</strong></span> <span class='ocrx_word' id='word_1_65' title='bbox 1820 985 2083 1077; x_wconf 78' lang='lat' dir='ltr'><strong>omnium</strong></span> <span class='ocrx_word' id='word_1_66' title='bbox 2106 997 2204 1037; x_wconf 88' lang='lat' dir='ltr'><strong>ex-</strong></span> 
     </span>
    </p>
   </div>
   <div class='ocr_carea' id='block_1_9' title="bbox 602 1072 2203 1162">
    <p class='ocr_par' dir='ltr' id='par_1_9' title="bbox 602 1072 2203 1162">
     <span class='ocr_line' id='line_1_9' title="bbox 602 1072 2203 1162; baseline -0.016 -9"><span class='ocrx_word' id='word_1_67' title='bbox 602 1072 950 1153; x_wconf 69' lang='lat' dir='ltr'><strong>sultationem</strong></span> <span class='ocrx_word' id='word_1_68' title='bbox 979 1092 1284 1162; x_wconf 89' lang='lat' dir='ltr'><strong>designant,</strong></span> <span class='ocrx_word' id='word_1_69' title='bbox 1329 1086 1546 1158; x_wconf 83' lang='lat' dir='ltr'><strong>quando</strong></span> <span class='ocrx_word' id='word_1_70' title='bbox 1573 1084 1715 1138; x_wconf 86' lang='lat' dir='ltr'><strong>sicut</strong></span> <span class='ocrx_word' id='word_1_71' title='bbox 1749 1080 1953 1150; x_wconf 72' lang='lat' dir='ltr'><strong>legitur</strong></span> <span class='ocrx_word' id='word_1_72' title='bbox 1981 1078 2037 1131; x_wconf 91' lang='lat' dir='ltr'><strong>in</strong></span> <span class='ocrx_word' id='word_1_73' title='bbox 2058 1072 2203 1144; x_wconf 78' lang='lat' dir='ltr'><strong>Apo-</strong></span> 
     </span>
    </p>
   </div>
   <div class='ocr_carea' id='block_1_10' title="bbox 604 1166 2205 1258">
    <p class='ocr_par' dir='ltr' id='par_1_10' title="bbox 604 1166 2205 1258">
     <span class='ocr_line' id='line_1_10' title="bbox 604 1166 2205 1258; baseline -0.015 -15"><span class='ocrx_word' id='word_1_74' title='bbox 604 1184 835 1258; x_wconf 74' lang='lat' dir='ltr'><strong>calypsi,</strong></span> <span class='ocrx_word' id='word_1_75' title='bbox 873 1183 1087 1255; x_wconf 76' lang='lat' dir='ltr'><strong>expleto</strong></span> <span class='ocrx_word' id='word_1_76' title='bbox 1122 1181 1325 1251; x_wconf 84' lang='lat' dir='ltr'><strong>judicio</strong></span> <span class='ocrx_word' id='word_1_77' title='bbox 1354 1176 1628 1233; x_wconf 84' lang='lat' dir='ltr'><strong>dabuntur</strong></span> <span class='ocrx_word' id='word_1_78' title='bbox 1667 1173 1747 1229; x_wconf 89' lang='lat' dir='ltr'><strong>eis</strong></span> <span class='ocrx_word' id='word_1_79' title='bbox 1783 1168 2009 1241; x_wconf 73' lang='lat' dir='ltr'><strong>singulis</strong></span> <span class='ocrx_word' id='word_1_80' title='bbox 2049 1166 2205 1222; x_wconf 70' lang='lat' dir='ltr'><strong>stola:</strong></span> 
     </span>
    </p>
   </div>
   <div class='ocr_carea' id='block_1_11' title="bbox 602 1264 2205 1345">
    <p class='ocr_par' dir='ltr' id='par_1_11' title="bbox 602 1264 2205 1345">
     <span class='ocr_line' id='line_1_11' title="bbox 602 1264 2205 1345; baseline -0.012 -8"><span class='ocrx_word' id='word_1_81' title='bbox 602 1281 767 1345; x_wconf 77' lang='lat' dir='ltr'><strong>bime,</strong></span> <span class='ocrx_word' id='word_1_82' title='bbox 798 1275 853 1334; x_wconf 97' lang='lat' dir='ltr'><strong>id</strong></span> <span class='ocrx_word' id='word_1_83' title='bbox 890 1284 994 1341; x_wconf 84' lang='lat' dir='ltr'><strong>est,</strong></span> <span class='ocrx_word' id='word_1_84' title='bbox 1026 1273 1407 1330; x_wconf 76' lang='lat' dir='ltr'><strong>immortalitas</strong></span> <span class='ocrx_word' id='word_1_85' title='bbox 1432 1278 1489 1325; x_wconf 90' lang='lat' dir='ltr'><strong>et</strong></span> <span class='ocrx_word' id='word_1_86' title='bbox 1510 1265 1788 1325; x_wconf 82' lang='lat' dir='ltr'><strong>beatitudo</strong></span> <span class='ocrx_word' id='word_1_87' title='bbox 1818 1264 2123 1318; x_wconf 90' lang='lat' dir='ltr'><strong>animarum</strong></span> <span class='ocrx_word' id='word_1_88' title='bbox 2149 1268 2205 1317; x_wconf 85' lang='lat' dir='ltr'><strong>et</strong></span> 
     </span>
    </p>
   </div>
   <div class='ocr_carea' id='block_1_12' title="bbox 605 1351 2205 1440">
    <p class='ocr_par' dir='ltr' id='par_1_12' title="bbox 605 1351 2205 1440">
     <span class='ocr_line' id='line_1_12' title="bbox 605 1351 2205 1440; baseline -0.012 -12"><span class='ocrx_word' id='word_1_89' title='bbox 605 1384 925 1440; x_wconf 83' lang='lat' dir='ltr'><strong>corporum,</strong></span> <span class='ocrx_word' id='word_1_90' title='bbox 974 1366 1209 1429; x_wconf 82' lang='lat' dir='ltr'><strong>scilicet,</strong></span> <span class='ocrx_word' id='word_1_91' title='bbox 1258 1372 1313 1418; x_wconf 87' lang='lat' dir='ltr'><strong>et</strong></span> <span class='ocrx_word' id='word_1_92' title='bbox 1356 1370 1416 1417; x_wconf 86' lang='lat' dir='ltr'><strong>ut</strong></span> <span class='ocrx_word' id='word_1_93' title='bbox 1462 1360 1555 1430; x_wconf 86' lang='lat' dir='ltr'><strong>qui</strong></span> <span class='ocrx_word' id='word_1_94' title='bbox 1601 1373 1743 1413; x_wconf 89' lang='lat' dir='ltr'><strong>nunc</strong></span> <span class='ocrx_word' id='word_1_95' title='bbox 1778 1356 2004 1428; x_wconf 78' lang='lat' dir='ltr'><strong>singulis</strong></span> <span class='ocrx_word' id='word_1_96' title='bbox 2049 1351 2205 1409; x_wconf 87' lang='lat' dir='ltr'><strong>stolis</strong></span> 
     </span>
    </p>
   </div>
   <div class='ocr_carea' id='block_1_13' title="bbox 609 1447 2206 1520">
    <p class='ocr_par' dir='ltr' id='par_1_13' title="bbox 609 1447 2206 1520">
     <span class='ocr_line' id='line_1_13' title="bbox 609 1447 2206 1520; baseline -0.013 -1"><span class='ocrx_word' id='word_1_97' title='bbox 609 1465 916 1519; x_wconf 75' lang='lat' dir='ltr'><strong>animarum</strong></span> <span class='ocrx_word' id='word_1_98' title='bbox 952 1455 1293 1514; x_wconf 84' lang='lat' dir='ltr'><strong>solummodo</strong></span> <span class='ocrx_word' id='word_1_99' title='bbox 1322 1450 1731 1509; x_wconf 80' lang='lat' dir='ltr'><strong>immortalitate</strong></span> <span class='ocrx_word' id='word_1_100' title='bbox 1772 1447 2032 1520; x_wconf 78' lang='lat' dir='ltr'><strong>gaudent,</strong></span> <span class='ocrx_word' id='word_1_101' title='bbox 2075 1452 2206 1500; x_wconf 89' lang='lat' dir='ltr'><strong>tunc</strong></span> 
     </span>
    </p>
   </div>
   <div class='ocr_carea' id='block_1_14' title="bbox 607 1537 2205 1615">
    <p class='ocr_par' dir='ltr' id='par_1_14' title="bbox 607 1537 2205 1615">
     <span class='ocr_line' id='line_1_14' title="bbox 607 1537 2205 1615; baseline -0.013 -4"><span class='ocrx_word' id='word_1_102' title='bbox 607 1557 767 1611; x_wconf 79' lang='lat' dir='ltr'><strong>beata</strong></span> <span class='ocrx_word' id='word_1_103' title='bbox 807 1561 864 1613; x_wconf 82' lang='lat' dir='ltr'><strong>et</strong></span> <span class='ocrx_word' id='word_1_104' title='bbox 902 1548 1208 1606; x_wconf 85' lang='lat' dir='ltr'><strong>animarum</strong></span> <span class='ocrx_word' id='word_1_105' title='bbox 1240 1554 1298 1602; x_wconf 88' lang='lat' dir='ltr'><strong>et</strong></span> <span class='ocrx_word' id='word_1_106' title='bbox 1338 1559 1629 1615; x_wconf 84' lang='lat' dir='ltr'><strong>corporum</strong></span> <span class='ocrx_word' id='word_1_107' title='bbox 1685 1537 2094 1595; x_wconf 80' lang='lat' dir='ltr'><strong>immortalitate</strong></span> <span class='ocrx_word' id='word_1_108' title='bbox 2140 1554 2205 1591; x_wconf 83' lang='lat' dir='ltr'><strong>ac</strong></span> 
     </span>
    </p>
   </div>
   <div class='ocr_carea' id='block_1_15' title="bbox 606 1627 2206 1717">
    <p class='ocr_par' dir='ltr' id='par_1_15' title="bbox 606 1627 2206 1717">
     <span class='ocr_line' id='line_1_15' title="bbox 606 1627 2206 1717; baseline -0.011 -19"><span class='ocrx_word' id='word_1_109' title='bbox 606 1650 884 1717; x_wconf 76' lang='lat' dir='ltr'><strong>perpetua:</strong></span> <span class='ocrx_word' id='word_1_110' title='bbox 910 1636 1264 1698; x_wconf 81' lang='lat' dir='ltr'><strong>beatitudinis</strong></span> <span class='ocrx_word' id='word_1_111' title='bbox 1292 1635 1462 1708; x_wconf 82' lang='lat' dir='ltr'><strong>gloria</strong></span> <span class='ocrx_word' id='word_1_112' title='bbox 1498 1632 1887 1705; x_wconf 84' lang='lat' dir='ltr'><strong>perfruantur:</strong></span> <span class='ocrx_word' id='word_1_113' title='bbox 1930 1627 1999 1682; x_wconf 85' lang='lat' dir='ltr'><strong>ad</strong></span> <span class='ocrx_word' id='word_1_114' title='bbox 2041 1641 2206 1698; x_wconf 86' lang='lat' dir='ltr'><strong>quam</strong></span> 
     </span>
    </p>
   </div>
   <div class='ocr_carea' id='block_1_16' title="bbox 606 1725 2206 1805">
    <p class='ocr_par' dir='ltr' id='par_1_16' title="bbox 606 1725 2206 1805">
     <span class='ocr_line' id='line_1_16' title="bbox 606 1725 2206 1805; baseline -0.011 -12"><span class='ocrx_word' id='word_1_115' title='bbox 606 1733 964 1793; x_wconf 82' lang='lat' dir='ltr'><strong>beatitudinis</strong></span> <span class='ocrx_word' id='word_1_116' title='bbox 1002 1731 1229 1805; x_wconf 78' lang='lat' dir='ltr'><strong>gloriam</strong></span> <span class='ocrx_word' id='word_1_117' title='bbox 1258 1745 1359 1785; x_wconf 90' lang='lat' dir='ltr'><strong>nos</strong></span> <span class='ocrx_word' id='word_1_118' title='bbox 1385 1728 1621 1797; x_wconf 89' lang='lat' dir='ltr'><strong>optimus</strong></span> <span class='ocrx_word' id='word_1_119' title='bbox 1663 1725 1925 1781; x_wconf 89' lang='lat' dir='ltr'><strong>Dominus</strong></span> <span class='ocrx_word' id='word_1_120' title='bbox 1952 1737 2047 1778; x_wconf 88' lang='lat' dir='ltr'><strong>sua</strong></span> <span class='ocrx_word' id='word_1_121' title='bbox 2082 1737 2206 1793; x_wconf 86' lang='lat' dir='ltr'><strong>gra-</strong></span> 
     </span>
    </p>
   </div>
   <div class='ocr_carea' id='block_1_17' title="bbox 608 1812 2206 1896">
    <p class='ocr_par' dir='ltr' id='par_1_17' title="bbox 608 1812 2206 1896">
     <span class='ocr_line' id='line_1_17' title="bbox 608 1812 2206 1896; baseline -0.008 -15"><span class='ocrx_word' id='word_1_122' title='bbox 608 1826 746 1882; x_wconf 79' lang='lat' dir='ltr'><strong>tuita</strong></span> <span class='ocrx_word' id='word_1_123' title='bbox 774 1821 976 1896; x_wconf 84' lang='lat' dir='ltr'><strong>pietate</strong></span> <span class='ocrx_word' id='word_1_124' title='bbox 1001 1824 1254 1895; x_wconf 83' lang='lat' dir='ltr'><strong>dignetur</strong></span> <span class='ocrx_word' id='word_1_125' title='bbox 1277 1819 1596 1891; x_wconf 90' lang='lat' dir='ltr'><strong>perducere,</strong></span> <span class='ocrx_word' id='word_1_126' title='bbox 1619 1816 1707 1873; x_wconf 91' lang='lat' dir='ltr'><strong>cui</strong></span> <span class='ocrx_word' id='word_1_127' title='bbox 1740 1824 1826 1871; x_wconf 89' lang='lat' dir='ltr'><strong>est</strong></span> <span class='ocrx_word' id='word_1_128' title='bbox 1864 1816 2057 1877; x_wconf 86' lang='lat' dir='ltr'><strong>honor,</strong></span> <span class='ocrx_word' id='word_1_129' title='bbox 2087 1812 2206 1868; x_wconf 89' lang='lat' dir='ltr'><strong>laus</strong></span> 
     </span>
    </p>
   </div>
   <div class='ocr_carea' id='block_1_18' title="bbox 609 1906 2007 1988">
    <p class='ocr_par' dir='ltr' id='par_1_18' title="bbox 609 1906 2007 1988">
     <span class='ocr_line' id='line_1_18' title="bbox 609 1906 2007 1988; baseline -0.009 -16"><span class='ocrx_word' id='word_1_130' title='bbox 609 1925 666 1972; x_wconf 82' lang='lat' dir='ltr'><strong>et</strong></span> <span class='ocrx_word' id='word_1_131' title='bbox 692 1916 863 1988; x_wconf 87' lang='lat' dir='ltr'><strong>gloria</strong></span> <span class='ocrx_word' id='word_1_132' title='bbox 887 1929 986 1987; x_wconf 87' lang='lat' dir='ltr'><strong>per</strong></span> <span class='ocrx_word' id='word_1_133' title='bbox 1004 1914 1186 1970; x_wconf 89' lang='lat' dir='ltr'><strong>omnia</strong></span> <span class='ocrx_word' id='word_1_134' title='bbox 1215 1911 1413 1968; x_wconf 84' lang='lat' dir='ltr'><strong>saecula</strong></span> <span class='ocrx_word' id='word_1_135' title='bbox 1437 1909 1781 1965; x_wconf 83' lang='lat' dir='ltr'><strong>saeculorum.</strong></span> <span class='ocrx_word' id='word_1_136' title='bbox 1813 1906 2007 1962; x_wconf 83' lang='lat' dir='ltr'><strong>Amen.</strong></span> 
     </span>
    </p>
   </div>
   <div class='ocr_carea' id='block_1_19' title="bbox 1247 2022 1583 2081">
    <p class='ocr_par' dir='ltr' id='par_1_19' title="bbox 1247 2022 1583 2081">
     <span class='ocr_line' id='line_1_19' title="bbox 1247 2022 1583 2081; baseline -0.015 0"><span class='ocrx_word' id='word_1_137' title='bbox 1247 2023 1475 2081; x_wconf 84' lang='lat' dir='ltr'><strong>CAPUT</strong></span> <span class='ocrx_word' id='word_1_138' title='bbox 1512 2022 1583 2077; x_wconf 80' lang='grc' dir='ltr'><strong>Χ.</strong></span> 
     </span>
    </p>
   </div>
   <div class='ocr_carea' id='block_1_20' title="bbox 1148 2105 1669 2151">
    <p class='ocr_par' dir='ltr' id='par_1_20' title="bbox 1148 2105 1669 2151">
     <span class='ocr_line' id='line_1_20' title="bbox 1148 2105 1669 2151; baseline -0.004 -1"><span class='ocrx_word' id='word_1_139' title='bbox 1148 2106 1177 2138; x_wconf 70' lang='grc'><strong><em>⁸</em></strong></span> <span class='ocrx_word' id='word_1_140' title='bbox 1216 2112 1284 2150; x_wconf 72' lang='grc' dir='ltr'><strong>ηε</strong></span> <span class='ocrx_word' id='word_1_141' title='bbox 1321 2105 1669 2151; x_wconf 68' lang='grc' dir='ltr'><strong>εΕΧΔϐΕΒΙΚΔ.</strong></span> 
     </span>
    </p>
   </div>
   <div class='ocr_carea' id='block_1_21' title="bbox 681 2182 2211 2262">
    <p class='ocr_par' dir='ltr' id='par_1_21' title="bbox 681 2182 2211 2262">
     <span class='ocr_line' id='line_1_21' title="bbox 681 2182 2211 2262; baseline -0.007 -16"><span class='ocrx_word' id='word_1_142' title='bbox 681 2189 1035 2262; x_wconf 79' lang='lat' dir='ltr'><strong>Sexagesima</strong></span> <span class='ocrx_word' id='word_1_143' title='bbox 1065 2188 1279 2243; x_wconf 85' lang='lat' dir='ltr'><strong>initium</strong></span> <span class='ocrx_word' id='word_1_144' title='bbox 1312 2186 1479 2242; x_wconf 87' lang='lat' dir='ltr'><strong>sumit</strong></span> <span class='ocrx_word' id='word_1_145' title='bbox 1503 2184 1750 2256; x_wconf 86' lang='lat' dir='ltr'><strong>sequenti</strong></span> <span class='ocrx_word' id='word_1_146' title='bbox 1776 2182 2057 2240; x_wconf 87' lang='lat' dir='ltr'><strong>Dominica</strong></span> <span class='ocrx_word' id='word_1_147' title='bbox 2087 2189 2211 2252; x_wconf 87' lang='lat' dir='ltr'><strong>post</strong></span> 
     </span>
    </p>
   </div>
   <div class='ocr_carea' id='block_1_22' title="bbox 612 2273 2213 2353">
    <p class='ocr_par' dir='ltr' id='par_1_22' title="bbox 612 2273 2213 2353">
     <span class='ocr_line' id='line_1_22' title="bbox 612 2273 2213 2353; baseline -0.006 -15"><span class='ocrx_word' id='word_1_148' title='bbox 612 2281 1104 2353; x_wconf 84' lang='lat' dir='ltr'><strong>Septuagesimam,</strong></span> <span class='ocrx_word' id='word_1_149' title='bbox 1142 2286 1201 2333; x_wconf 83' lang='lat' dir='ltr'><strong>et</strong></span> <span class='ocrx_word' id='word_1_150' title='bbox 1234 2277 1421 2332; x_wconf 88' lang='lat' dir='ltr'><strong>ﬁnitur</strong></span> <span class='ocrx_word' id='word_1_151' title='bbox 1454 2284 1652 2348; x_wconf 85' lang='lat' dir='ltr'><strong>quarta</strong></span> <span class='ocrx_word' id='word_1_152' title='bbox 1695 2274 1833 2332; x_wconf 86' lang='lat' dir='ltr'><strong>feria</strong></span> <span class='ocrx_word' id='word_1_153' title='bbox 1858 2273 2213 2333; x_wconf 65' lang='lat' dir='ltr'><strong>hebdomadas</strong></span> 
     </span>
    </p>
   </div>
   <div class='ocr_carea' id='block_1_23' title="bbox 611 2359 2211 2444">
    <p class='ocr_par' dir='ltr' id='par_1_23' title="bbox 611 2359 2211 2444">
     <span class='ocr_line' id='line_1_23' title="bbox 611 2359 2211 2444; baseline -0.009 -14"><span class='ocrx_word' id='word_1_154' title='bbox 611 2370 904 2444; x_wconf 73' lang='lat' dir='ltr'><strong>paschalis.</strong></span> <span class='ocrx_word' id='word_1_155' title='bbox 943 2369 1079 2425; x_wconf 75' lang='lat' dir='ltr'><strong>Nam</strong></span> <span class='ocrx_word' id='word_1_156' title='bbox 1102 2370 1155 2424; x_wconf 92' lang='lat' dir='ltr'><strong>in</strong></span> <span class='ocrx_word' id='word_1_157' title='bbox 1181 2366 1453 2439; x_wconf 85' lang='lat' dir='ltr'><strong>superiori</strong></span> <span class='ocrx_word' id='word_1_158' title='bbox 1482 2365 1837 2429; x_wconf 87' lang='lat' dir='ltr'><strong>hebdomada,</strong></span> <span class='ocrx_word' id='word_1_159' title='bbox 1876 2364 2086 2420; x_wconf 86' lang='lat' dir='ltr'><strong>scilicet</strong></span> <span class='ocrx_word' id='word_1_160' title='bbox 2114 2359 2211 2418; x_wconf 89' lang='lat' dir='ltr'><strong>Se-</strong></span> 
     </span>
    </p>
   </div>
   <div class='ocr_carea' id='block_1_24' title="bbox 611 2452 2212 2536">
    <p class='ocr_par' dir='ltr' id='par_1_24' title="bbox 611 2452 2212 2536">
     <span class='ocr_line' id='line_1_24' title="bbox 611 2452 2212 2536; baseline -0.008 -16"><span class='ocrx_word' id='word_1_161' title='bbox 611 2464 988 2536; x_wconf 64' lang='lat' dir='ltr'><strong>ptuagesimaz,</strong></span> <span class='ocrx_word' id='word_1_162' title='bbox 1018 2460 1411 2518; x_wconf 86' lang='lat' dir='ltr'><strong>circumdatam</strong></span> <span class='ocrx_word' id='word_1_163' title='bbox 1442 2472 1502 2514; x_wconf 90' lang='lat' dir='ltr'><strong>se</strong></span> <span class='ocrx_word' id='word_1_164' title='bbox 1529 2457 1806 2514; x_wconf 86' lang='lat' dir='ltr'><strong>doloribus</strong></span> <span class='ocrx_word' id='word_1_165' title='bbox 1830 2463 1885 2511; x_wconf 89' lang='lat' dir='ltr'><strong>et</strong></span> <span class='ocrx_word' id='word_1_166' title='bbox 1908 2452 2212 2511; x_wconf 85' lang='lat' dir='ltr'><strong>tribulatio-</strong></span> 
     </span>
    </p>
   </div>
   <div class='ocr_carea' id='block_1_25' title="bbox 611 2541 2212 2613">
    <p class='ocr_par' dir='ltr' id='par_1_25' title="bbox 611 2541 2212 2613">
     <span class='ocr_line' id='line_1_25' title="bbox 611 2541 2212 2613; baseline -0.007 -4"><span class='ocrx_word' id='word_1_167' title='bbox 611 2552 774 2609; x_wconf 77' lang='lat' dir='ltr'><strong>nibus</strong></span> <span class='ocrx_word' id='word_1_168' title='bbox 808 2550 1006 2607; x_wconf 69' lang='lat' dir='ltr'><strong>clatnat</strong></span> <span class='ocrx_word' id='word_1_169' title='bbox 1035 2550 1296 2613; x_wconf 85' lang='lat' dir='ltr'><strong>Ecclesia,</strong></span> <span class='ocrx_word' id='word_1_170' title='bbox 1332 2554 1388 2603; x_wconf 91' lang='lat' dir='ltr'><strong>et</strong></span> <span class='ocrx_word' id='word_1_171' title='bbox 1414 2548 1491 2601; x_wconf 91' lang='lat' dir='ltr'><strong>ita</strong></span> <span class='ocrx_word' id='word_1_172' title='bbox 1516 2544 1871 2601; x_wconf 86' lang='lat' dir='ltr'><strong>constrictam</strong></span> <span class='ocrx_word' id='word_1_173' title='bbox 1904 2541 2212 2598; x_wconf 82' lang='lat' dir='ltr'><strong>aiilictioni-</strong></span> 
     </span>
    </p>
   </div>
   <div class='ocr_carea' id='block_1_26' title="bbox 612 2631 2210 2708">
    <p class='ocr_par' dir='ltr' id='par_1_26' title="bbox 612 2631 2210 2708">
     <span class='ocr_line' id='line_1_26' title="bbox 612 2631 2210 2708; baseline -0.009 -8"><span class='ocrx_word' id='word_1_174' title='bbox 612 2641 717 2701; x_wconf 85' lang='lat' dir='ltr'><strong>bus</strong></span> <span class='ocrx_word' id='word_1_175' title='bbox 737 2652 793 2699; x_wconf 92' lang='lat' dir='ltr'><strong>et</strong></span> <span class='ocrx_word' id='word_1_176' title='bbox 818 2642 1280 2705; x_wconf 84' lang='lat' dir='ltr'><strong>tribulationibus,</strong></span> <span class='ocrx_word' id='word_1_177' title='bbox 1310 2648 1371 2695; x_wconf 88' lang='lat' dir='ltr'><strong>ut</strong></span> <span class='ocrx_word' id='word_1_178' title='bbox 1393 2638 1483 2694; x_wconf 88' lang='lat' dir='ltr'><strong>vix</strong></span> <span class='ocrx_word' id='word_1_179' title='bbox 1505 2636 1715 2708; x_wconf 88' lang='lat' dir='ltr'><strong>spirare</strong></span> <span class='ocrx_word' id='word_1_180' title='bbox 1736 2641 1920 2707; x_wconf 86' lang='lat' dir='ltr'><strong>queat,</strong></span> <span class='ocrx_word' id='word_1_181' title='bbox 1951 2640 2006 2688; x_wconf 87' lang='lat' dir='ltr'><strong>et</strong></span> <span class='ocrx_word' id='word_1_182' title='bbox 2031 2631 2210 2688; x_wconf 88' lang='lat' dir='ltr'><strong>nullus</strong></span> 
     </span>
    </p>
   </div>
   <div class='ocr_carea' id='block_1_27' title="bbox 614 2722 2213 2804">
    <p class='ocr_par' dir='ltr' id='par_1_27' title="bbox 614 2722 2213 2804">
     <span class='ocr_line' id='line_1_27' title="bbox 614 2722 2213 2804; baseline -0.007 -16"><span class='ocrx_word' id='word_1_183' title='bbox 614 2733 875 2791; x_wconf 75' lang='lat' dir='ltr'><strong>evadendi</strong></span> <span class='ocrx_word' id='word_1_184' title='bbox 915 2740 1103 2804; x_wconf 90' lang='lat' dir='ltr'><strong>pateat</strong></span> <span class='ocrx_word' id='word_1_185' title='bbox 1128 2732 1298 2786; x_wconf 91' lang='lat' dir='ltr'><strong>locus.</strong></span> <span class='ocrx_word' id='word_1_186' title='bbox 1348 2728 1503 2788; x_wconf 86' lang='lat' dir='ltr'><strong>Unde</strong></span> <span class='ocrx_word' id='word_1_187' title='bbox 1530 2728 1698 2783; x_wconf 89' lang='lat' dir='ltr'><strong>dicit:</strong></span> <span class='ocrx_word' id='word_1_188' title='bbox 1739 2722 2213 2781; x_wconf 81' lang='lat' dir='ltr'><strong>Circumdedcrnnt</strong></span> 
     </span>
    </p>
   </div>
   <div class='ocr_carea' id='block_1_28' title="bbox 614 2814 2213 2891">
    <p class='ocr_par' dir='ltr' id='par_1_28' title="bbox 614 2814 2213 2891">
     <span class='ocr_line' id='line_1_28' title="bbox 614 2814 2213 2891; baseline -0.008 -11"><span class='ocrx_word' id='word_1_189' title='bbox 614 2842 715 2880; x_wconf 87' lang='lat' dir='ltr'><strong>me.</strong></span> <span class='ocrx_word' id='word_1_190' title='bbox 745 2825 805 2881; x_wconf 92' lang='lat' dir='ltr'><strong>in</strong></span> <span class='ocrx_word' id='word_1_191' title='bbox 828 2825 934 2881; x_wconf 88' lang='lat' dir='ltr'><strong>hoc</strong></span> <span class='ocrx_word' id='word_1_192' title='bbox 960 2834 1161 2889; x_wconf 85' lang='lat' dir='ltr'><strong>autem,</strong></span> <span class='ocrx_word' id='word_1_193' title='bbox 1187 2823 1241 2878; x_wconf 92' lang='lat' dir='ltr'><strong>id</strong></span> <span class='ocrx_word' id='word_1_194' title='bbox 1269 2828 1371 2888; x_wconf 90' lang='lat' dir='ltr'><strong>est,</strong></span> <span class='ocrx_word' id='word_1_195' title='bbox 1398 2818 1766 2891; x_wconf 79' lang='lat' dir='ltr'><strong>Sexagesima,</strong></span> <span class='ocrx_word' id='word_1_196' title='bbox 1788 2816 1903 2884; x_wconf 88' lang='lat' dir='ltr'><strong>jam</strong></span> <span class='ocrx_word' id='word_1_197' title='bbox 1936 2814 2096 2886; x_wconf 90' lang='lat' dir='ltr'><strong>quasi</strong></span> <span class='ocrx_word' id='word_1_198' title='bbox 2125 2828 2213 2868; x_wconf 89' lang='lat' dir='ltr'><strong>rc-</strong></span> 
     </span>
    </p>
   </div>
   <div class='ocr_carea' id='block_1_29' title="bbox 617 2904 2207 2986">
    <p class='ocr_par' dir='ltr' id='par_1_29' title="bbox 617 2904 2207 2986">
     <span class='ocr_line' id='line_1_29' title="bbox 617 2904 2207 2986; baseline -0.007 -15"><span class='ocrx_word' id='word_1_199' title='bbox 617 2921 834 2986; x_wconf 86' lang='lat' dir='ltr'><strong>sumpta</strong></span> <span class='ocrx_word' id='word_1_200' title='bbox 876 2912 1069 2971; x_wconf 86' lang='lat' dir='ltr'><strong>ﬁducia</strong></span> <span class='ocrx_word' id='word_1_201' title='bbox 1104 2914 1341 2977; x_wconf 89' lang='lat' dir='ltr'><strong>invocat,</strong></span> <span class='ocrx_word' id='word_1_202' title='bbox 1389 2919 1445 2966; x_wconf 91' lang='lat' dir='ltr'><strong>et</strong></span> <span class='ocrx_word' id='word_1_203' title='bbox 1488 2911 1645 2982; x_wconf 88' lang='lat' dir='ltr'><strong>quasi</strong></span> <span class='ocrx_word' id='word_1_204' title='bbox 1684 2907 2075 2979; x_wconf 88' lang='lat' dir='ltr'><strong>omnipotentis</strong></span> <span class='ocrx_word' id='word_1_205' title='bbox 2108 2904 2207 2960; x_wconf 81' lang='lat' dir='ltr'><strong>Dei</strong></span> 
     </span>
    </p>
   </div>
   <div class='ocr_carea' id='block_1_30' title="bbox 618 2996 2209 3077">
    <p class='ocr_par' dir='ltr' id='par_1_30' title="bbox 618 2996 2209 3077">
     <span class='ocr_line' id='line_1_30' title="bbox 618 2996 2209 3077; baseline -0.008 -16"><span class='ocrx_word' id='word_1_206' title='bbox 618 3005 959 3063; x_wconf 87' lang='lat' dir='ltr'><strong>clementiam</strong></span> <span class='ocrx_word' id='word_1_207' title='bbox 991 3004 1241 3077; x_wconf 87' lang='lat' dir='ltr'><strong>implorat</strong></span> <span class='ocrx_word' id='word_1_208' title='bbox 1270 3003 1494 3059; x_wconf 88' lang='lat' dir='ltr'><strong>dicens:</strong></span> <span class='ocrx_word' id='word_1_209' title='bbox 1522 2999 1783 3073; x_wconf 67' lang='lat' dir='ltr'><strong>Exsurge,</strong></span> <span class='ocrx_word' id='word_1_210' title='bbox 1816 3016 1980 3074; x_wconf 87' lang='lat' dir='ltr'><strong>quare</strong></span> <span class='ocrx_word' id='word_1_211' title='bbox 2014 2996 2209 3052; x_wconf 77' lang='lat' dir='ltr'><strong>obdor-</strong></span> 
     </span>
    </p>
   </div>
   <div class='ocr_carea' id='block_1_31' title="bbox 618 3090 2206 3165">
    <p class='ocr_par' dir='ltr' id='par_1_31' title="bbox 618 3090 2206 3165">
     <span class='ocr_line' id='line_1_31' title="bbox 618 3090 2206 3165; baseline -0.006 -12"><span class='ocrx_word' id='word_1_212' title='bbox 618 3098 738 3163; x_wconf 81' lang='lat' dir='ltr'><strong>mis,</strong></span> <span class='ocrx_word' id='word_1_213' title='bbox 764 3096 1028 3153; x_wconf 81' lang='lat' dir='ltr'><strong>Domine?</strong></span> <span class='ocrx_word' id='word_1_214' title='bbox 1064 3096 1231 3165; x_wconf 84' lang='lat' dir='ltr'><strong>Quasi</strong></span> <span class='ocrx_word' id='word_1_215' title='bbox 1264 3096 1429 3163; x_wconf 89' lang='lat' dir='ltr'><strong>dicat,</strong></span> <span class='ocrx_word' id='word_1_216' title='bbox 1476 3094 1727 3165; x_wconf 81' lang='lat' dir='ltr'><strong>quamvis</strong></span> <span class='ocrx_word' id='word_1_217' title='bbox 1770 3108 1879 3149; x_wconf 90' lang='lat' dir='ltr'><strong>non</strong></span> <span class='ocrx_word' id='word_1_218' title='bbox 1922 3090 2206 3154; x_wconf 79' lang='lat' dir='ltr'><strong>dormites,</strong></span> 
     </span>
    </p>
   </div>
   <div class='ocr_carea' id='block_1_32' title="bbox 617 3185 2208 3260">
    <p class='ocr_par' dir='ltr' id='par_1_32' title="bbox 617 3185 2208 3260">
     <span class='ocr_line' id='line_1_32' title="bbox 617 3185 2208 3260; baseline -0.004 -16"><span class='ocrx_word' id='word_1_219' title='bbox 617 3203 793 3258; x_wconf 85' lang='lat' dir='ltr'><strong>neque</strong></span> <span class='ocrx_word' id='word_1_220' title='bbox 818 3190 1079 3255; x_wconf 89' lang='lat' dir='ltr'><strong>dormias,</strong></span> <span class='ocrx_word' id='word_1_221' title='bbox 1126 3189 1220 3260; x_wconf 86' lang='lat' dir='ltr'><strong>qui</strong></span> <span class='ocrx_word' id='word_1_222' title='bbox 1246 3187 1487 3245; x_wconf 85' lang='lat' dir='ltr'><strong>custodis</strong></span> <span class='ocrx_word' id='word_1_223' title='bbox 1516 3186 1705 3255; x_wconf 82' lang='lat' dir='ltr'><strong>Israel,</strong></span> <span class='ocrx_word' id='word_1_224' title='bbox 1739 3195 1921 3242; x_wconf 80' lang='lat' dir='ltr'><strong>tamen</strong></span> <span class='ocrx_word' id='word_1_225' title='bbox 1948 3185 2074 3255; x_wconf 86' lang='lat' dir='ltr'><strong>quia</strong></span> <span class='ocrx_word' id='word_1_226' title='bbox 2102 3199 2208 3238; x_wconf 87' lang='lat' dir='ltr'><strong>non</strong></span> 
     </span>
    </p>
   </div>
   <div class='ocr_carea' id='block_1_33' title="bbox 621 3275 2207 3345">
    <p class='ocr_par' dir='ltr' id='par_1_33' title="bbox 621 3275 2207 3345">
     <span class='ocr_line' id='line_1_33' title="bbox 621 3275 2207 3345; baseline -0.004 -9"><span class='ocrx_word' id='word_1_227' title='bbox 621 3281 736 3336; x_wconf 92' lang='lat' dir='ltr'><strong>cito</strong></span> <span class='ocrx_word' id='word_1_228' title='bbox 785 3280 1094 3337; x_wconf 82' lang='lat' dir='ltr'><strong>auxiliando</strong></span> <span class='ocrx_word' id='word_1_229' title='bbox 1136 3281 1411 3337; x_wconf 88' lang='lat' dir='ltr'><strong>succurris</strong></span> <span class='ocrx_word' id='word_1_230' title='bbox 1466 3278 1643 3345; x_wconf 88' lang='lat' dir='ltr'><strong>nobis,</strong></span> <span class='ocrx_word' id='word_1_231' title='bbox 1700 3277 1937 3333; x_wconf 88' lang='lat' dir='ltr'><strong>dormire</strong></span> <span class='ocrx_word' id='word_1_232' title='bbox 1982 3275 2207 3333; x_wconf 87' lang='lat' dir='ltr'><strong>videris.</strong></span> 
     </span>
    </p>
   </div>
   <div class='ocr_carea' id='block_1_34' title="bbox 618 3369 2211 3443">
    <p class='ocr_par' dir='ltr' id='par_1_34' title="bbox 618 3369 2211 3443">
     <span class='ocr_line' id='line_1_34' title="bbox 618 3369 2211 3443; baseline -0.004 -14"><span class='ocrx_word' id='word_1_233' title='bbox 618 3371 800 3438; x_wconf 81' lang='lat' dir='ltr'><strong>Quare</strong></span> <span class='ocrx_word' id='word_1_234' title='bbox 826 3372 1016 3443; x_wconf 74' lang='lat' dir='ltr'><strong>{aciem</strong></span> <span class='ocrx_word' id='word_1_235' title='bbox 1041 3382 1184 3427; x_wconf 81' lang='lat' dir='ltr'><strong>tuam</strong></span> <span class='ocrx_word' id='word_1_236' title='bbox 1208 3369 1441 3428; x_wconf 79' lang='lat' dir='ltr'><strong>avertis?</strong></span> <span class='ocrx_word' id='word_1_237' title='bbox 1480 3370 1738 3437; x_wconf 83' lang='lat' dir='ltr'><strong>Quamvis</strong></span> <span class='ocrx_word' id='word_1_238' title='bbox 1764 3373 1988 3441; x_wconf 87' lang='lat' dir='ltr'><strong>peccata</strong></span> <span class='ocrx_word' id='word_1_239' title='bbox 2019 3374 2211 3425; x_wconf 86' lang='lat' dir='ltr'><strong>nostra</strong></span> 
     </span>
    </p>
   </div>
   <div class='ocr_carea' id='block_1_35' title="bbox 619 3459 2210 3533">
    <p class='ocr_par' dir='ltr' id='par_1_35' title="bbox 619 3459 2210 3533">
     <span class='ocr_line' id='line_1_35' title="bbox 619 3459 2210 3533; baseline -0.001 -18"><span class='ocrx_word' id='word_1_240' title='bbox 619 3461 768 3516; x_wconf 85' lang='lat' dir='ltr'><strong>inter</strong></span> <span class='ocrx_word' id='word_1_241' title='bbox 795 3476 896 3517; x_wconf 89' lang='lat' dir='ltr'><strong>nos</strong></span> <span class='ocrx_word' id='word_1_242' title='bbox 935 3470 994 3517; x_wconf 89' lang='lat' dir='ltr'><strong>et</strong></span> <span class='ocrx_word' id='word_1_243' title='bbox 1031 3469 1086 3518; x_wconf 89' lang='lat' dir='ltr'><strong>te</strong></span> <span class='ocrx_word' id='word_1_244' title='bbox 1113 3470 1383 3533; x_wconf 90' lang='lat' dir='ltr'><strong>separent,</strong></span> <span class='ocrx_word' id='word_1_245' title='bbox 1434 3460 1545 3517; x_wconf 87' lang='lat' dir='ltr'><strong>noli</strong></span> <span class='ocrx_word' id='word_1_246' title='bbox 1593 3459 1837 3517; x_wconf 83' lang='lat' dir='ltr'><strong>oblivisci</strong></span> <span class='ocrx_word' id='word_1_247' title='bbox 1882 3459 2210 3516; x_wconf 87' lang='lat' dir='ltr'><strong>conditionis</strong></span> 
     </span>
    </p>
   </div>
   <div class='ocr_carea' id='block_1_36' title="bbox 620 3553 2205 3630">
    <p class='ocr_par' dir='ltr' id='par_1_36' title="bbox 620 3553 2205 3630">
     <span class='ocr_line' id='line_1_36' title="bbox 620 3553 2205 3630; baseline -0.004 -18"><span class='ocrx_word' id='word_1_248' title='bbox 620 3566 843 3623; x_wconf 65' lang='lat' dir='ltr'><strong>nostra,</strong></span> <span class='ocrx_word' id='word_1_249' title='bbox 888 3557 985 3613; x_wconf 85' lang='lat' dir='ltr'><strong>sed</strong></span> <span class='ocrx_word' id='word_1_250' title='bbox 1025 3558 1237 3628; x_wconf 88' lang='lat' dir='ltr'><strong>respice</strong></span> <span class='ocrx_word' id='word_1_251' title='bbox 1279 3555 1545 3630; x_wconf 89' lang='lat' dir='ltr'><strong>propitius</strong></span> <span class='ocrx_word' id='word_1_252' title='bbox 1567 3569 1703 3626; x_wconf 89' lang='lat' dir='ltr'><strong>opus</strong></span> <span class='ocrx_word' id='word_1_253' title='bbox 1735 3553 2032 3611; x_wconf 87' lang='lat' dir='ltr'><strong>ereationis</strong></span> <span class='ocrx_word' id='word_1_254' title='bbox 2062 3562 2205 3609; x_wconf 65' lang='lat' dir='ltr'><strong>tuae:</strong></span> 
     </span>
    </p>
   </div>
   <div class='ocr_carea' id='block_1_37' title="bbox 620 3643 2214 3721">
    <p class='ocr_par' dir='ltr' id='par_1_37' title="bbox 620 3643 2214 3721">
     <span class='ocr_line' id='line_1_37' title="bbox 620 3643 2214 3721; baseline -0.003 -18"><span class='ocrx_word' id='word_1_255' title='bbox 620 3648 883 3720; x_wconf 71' lang='lat' dir='ltr'><strong>Exsurge,</strong></span> <span class='ocrx_word' id='word_1_256' title='bbox 910 3659 959 3704; x_wconf 86' lang='lat' dir='ltr'><strong>et</strong></span> <span class='ocrx_word' id='word_1_257' title='bbox 982 3665 1047 3704; x_wconf 86' lang='lat' dir='ltr'><strong>ne</strong></span> <span class='ocrx_word' id='word_1_258' title='bbox 1073 3650 1291 3721; x_wconf 75' lang='lat' dir='ltr'><strong>repellas</strong></span> <span class='ocrx_word' id='word_1_259' title='bbox 1318 3650 1372 3704; x_wconf 84' lang='lat' dir='ltr'><strong>in</strong></span> <span class='ocrx_word' id='word_1_260' title='bbox 1398 3648 1575 3718; x_wconf 84' lang='lat' dir='ltr'><strong>finem,</strong></span> <span class='ocrx_word' id='word_1_261' title='bbox 1619 3646 1711 3702; x_wconf 81' lang='lat' dir='ltr'><strong>sed</strong></span> <span class='ocrx_word' id='word_1_262' title='bbox 1752 3646 1867 3702; x_wconf 84' lang='lat' dir='ltr'><strong>vide</strong></span> <span class='ocrx_word' id='word_1_263' title='bbox 1914 3643 2214 3701; x_wconf 78' lang='lat' dir='ltr'><strong>tribulatio-</strong></span> 
     </span>
    </p>
   </div>
   <div class='ocr_carea' id='block_1_38' title="bbox 621 3735 2213 3803">
    <p class='ocr_par' dir='ltr' id='par_1_38' title="bbox 621 3735 2213 3803">
     <span class='ocr_line' id='line_1_38' title="bbox 621 3735 2213 3803; baseline -0.004 -6"><span class='ocrx_word' id='word_1_264' title='bbox 621 3756 739 3797; x_wconf 85' lang='lat' dir='ltr'><strong>nem</strong></span> <span class='ocrx_word' id='word_1_265' title='bbox 762 3747 1015 3798; x_wconf 81' lang='lat' dir='ltr'><strong>nostram.</strong></span> <span class='ocrx_word' id='word_1_266' title='bbox 1049 3742 1283 3796; x_wconf 58' lang='lat' dir='ltr'><strong>Adtraxit</strong></span> <span class='ocrx_word' id='word_1_267' title='bbox 1308 3741 1445 3795; x_wconf 86' lang='lat' dir='ltr'><strong>enim</strong></span> <span class='ocrx_word' id='word_1_268' title='bbox 1466 3742 1524 3795; x_wconf 89' lang='lat' dir='ltr'><strong>in</strong></span> <span class='ocrx_word' id='word_1_269' title='bbox 1552 3749 1693 3795; x_wconf 83' lang='lat' dir='ltr'><strong>terra</strong></span> <span class='ocrx_word' id='word_1_270' title='bbox 1721 3748 1897 3794; x_wconf 82' lang='lat' dir='ltr'><strong>venter</strong></span> <span class='ocrx_word' id='word_1_271' title='bbox 1926 3748 2124 3803; x_wconf 86' lang='lat' dir='ltr'><strong>noster,</strong></span> <span class='ocrx_word' id='word_1_272' title='bbox 2156 3735 2213 3792; x_wconf 89' lang='lat' dir='ltr'><strong>id</strong></span> 
     </span>
    </p>
   </div>
   <div class='ocr_carea' id='block_1_39' title="bbox 622 3828 2213 3904">
    <p class='ocr_par' dir='ltr' id='par_1_39' title="bbox 622 3828 2213 3904">
     <span class='ocr_line' id='line_1_39' title="bbox 622 3828 2213 3904; baseline -0.003 -15"><span class='ocrx_word' id='word_1_273' title='bbox 622 3842 728 3900; x_wconf 85' lang='lat' dir='ltr'><strong>est,</strong></span> <span class='ocrx_word' id='word_1_274' title='bbox 756 3834 1034 3891; x_wconf 87' lang='lat' dir='ltr'><strong>consensit</strong></span> <span class='ocrx_word' id='word_1_275' title='bbox 1060 3832 1331 3904; x_wconf 88' lang='lat' dir='ltr'><strong>impietati</strong></span> <span class='ocrx_word' id='word_1_276' title='bbox 1356 3830 1596 3903; x_wconf 83' lang='lat' dir='ltr'><strong>pulveris</strong></span> <span class='ocrx_word' id='word_1_277' title='bbox 1638 3828 1798 3901; x_wconf 88' lang='lat' dir='ltr'><strong>hujus</strong></span> <span class='ocrx_word' id='word_1_278' title='bbox 1826 3837 1881 3885; x_wconf 89' lang='lat' dir='ltr'><strong>et</strong></span> <span class='ocrx_word' id='word_1_279' title='bbox 1902 3828 2213 3900; x_wconf 88' lang='lat' dir='ltr'><strong>fragilitatis</strong></span> 
     </span>
    </p>
   </div>
   <div class='ocr_carea' id='block_1_40' title="bbox 620 3922 2215 3988">
    <p class='ocr_par' dir='ltr' id='par_1_40' title="bbox 620 3922 2215 3988">
     <span class='ocr_line' id='line_1_40' title="bbox 620 3922 2215 3988; baseline -0.004 -5"><span class='ocrx_word' id='word_1_280' title='bbox 620 3941 817 3983; x_wconf 80' lang='lat' dir='ltr'><strong>sensus</strong></span> <span class='ocrx_word' id='word_1_281' title='bbox 842 3925 1068 3982; x_wconf 82' lang='lat' dir='ltr'><strong>interior</strong></span> <span class='ocrx_word' id='word_1_282' title='bbox 1093 3926 1272 3981; x_wconf 88' lang='lat' dir='ltr'><strong>cordis</strong></span> <span class='ocrx_word' id='word_1_283' title='bbox 1297 3925 1489 3981; x_wconf 89' lang='lat' dir='ltr'><strong>nostri.</strong></span> <span class='ocrx_word' id='word_1_284' title='bbox 1536 3924 1604 3978; x_wconf 86' lang='lat' dir='ltr'><strong>Et</strong></span> <span class='ocrx_word' id='word_1_285' title='bbox 1632 3924 1830 3978; x_wconf 91' lang='lat' dir='ltr'><strong>iterum</strong></span> <span class='ocrx_word' id='word_1_286' title='bbox 1854 3922 2134 3988; x_wconf 87' lang='lat' dir='ltr'><strong>inclamat,</strong></span> <span class='ocrx_word' id='word_1_287' title='bbox 2159 3930 2215 3977; x_wconf 86' lang='lat' dir='ltr'><strong>et</strong></span> 
     </span>
    </p>
   </div>
   <div class='ocr_carea' id='block_1_41' title="bbox 622 4014 2211 4089">
    <p class='ocr_par' dir='ltr' id='par_1_41' title="bbox 622 4014 2211 4089">
     <span class='ocr_line' id='line_1_41' title="bbox 622 4014 2211 4089; baseline -0.005 -14"><span class='ocrx_word' id='word_1_288' title='bbox 622 4021 779 4089; x_wconf 89' lang='lat' dir='ltr'><strong>quasi</strong></span> <span class='ocrx_word' id='word_1_289' title='bbox 838 4016 1144 4088; x_wconf 87' lang='lat' dir='ltr'><strong>importune</strong></span> <span class='ocrx_word' id='word_1_290' title='bbox 1188 4017 1448 4072; x_wconf 78' lang='lat' dir='ltr'><strong>auxilium</strong></span> <span class='ocrx_word' id='word_1_291' title='bbox 1494 4017 1633 4087; x_wconf 90' lang='lat' dir='ltr'><strong>petit</strong></span> <span class='ocrx_word' id='word_1_292' title='bbox 1675 4016 1901 4071; x_wconf 90' lang='lat' dir='ltr'><strong>dicens:</strong></span> <span class='ocrx_word' id='word_1_293' title='bbox 1945 4014 2211 4084; x_wconf 76' lang='lat' dir='ltr'><strong>Exsurge,</strong></span> 
     </span>
    </p>
   </div>
   <div class='ocr_carea' id='block_1_42' title="bbox 622 4105 2213 4180">
    <p class='ocr_par' dir='ltr' id='par_1_42' title="bbox 622 4105 2213 4180">
     <span class='ocr_line' id='line_1_42' title="bbox 622 4105 2213 4180; baseline -0.004 -15"><span class='ocrx_word' id='word_1_294' title='bbox 622 4109 870 4176; x_wconf 84' lang='lat' dir='ltr'><strong>Domine,</strong></span> <span class='ocrx_word' id='word_1_295' title='bbox 912 4109 1108 4180; x_wconf 68' lang='lat' dir='ltr'><strong>adjuvit</strong></span> <span class='ocrx_word' id='word_1_296' title='bbox 1152 4125 1244 4163; x_wconf 84' lang='lat' dir='ltr'><strong>nos</strong></span> <span class='ocrx_word' id='word_1_297' title='bbox 1289 4117 1336 4161; x_wconf 84' lang='lat' dir='ltr'><strong>et</strong></span> <span class='ocrx_word' id='word_1_298' title='bbox 1363 4107 1527 4161; x_wconf 83' lang='lat' dir='ltr'><strong>libera</strong></span> <span class='ocrx_word' id='word_1_299' title='bbox 1555 4123 1673 4172; x_wconf 89' lang='lat' dir='ltr'><strong>nos,</strong></span> <span class='ocrx_word' id='word_1_300' title='bbox 1699 4105 1773 4161; x_wconf 76' lang='lat' dir='ltr'><strong>&#39;id</strong></span> <span class='ocrx_word' id='word_1_301' title='bbox 1812 4114 1889 4161; x_wconf 72' lang='lat' dir='ltr'><strong>est</strong></span> <span class='ocrx_word' id='word_1_302' title='bbox 1946 4113 2213 4175; x_wconf 89' lang='lat' dir='ltr'><strong>quatenus</strong></span> 
     </span>
    </p>
   </div>
   <div class='ocr_carea' id='block_1_43' title="bbox 622 4198 2219 4272">
    <p class='ocr_par' dir='ltr' id='par_1_43' title="bbox 622 4198 2219 4272">
     <span class='ocr_line' id='line_1_43' title="bbox 622 4198 2219 4272; baseline -0.004 -15"><span class='ocrx_word' id='word_1_303' title='bbox 622 4215 723 4257; x_wconf 84' lang='lat' dir='ltr'><strong>nos</strong></span> <span class='ocrx_word' id='word_1_304' title='bbox 751 4200 896 4272; x_wconf 84' lang='lat' dir='ltr'><strong>digni</strong></span> <span class='ocrx_word' id='word_1_305' title='bbox 922 4216 1030 4256; x_wconf 90' lang='lat' dir='ltr'><strong>non</strong></span> <span class='ocrx_word' id='word_1_306' title='bbox 1058 4215 1246 4256; x_wconf 85' lang='lat' dir='ltr'><strong>sumus</strong></span> <span class='ocrx_word' id='word_1_307' title='bbox 1282 4198 1525 4263; x_wconf 88' lang='lat' dir='ltr'><strong>liberari,</strong></span> <span class='ocrx_word' id='word_1_308' title='bbox 1557 4198 1727 4253; x_wconf 88' lang='lat' dir='ltr'><strong>libera</strong></span> <span class='ocrx_word' id='word_1_309' title='bbox 1755 4212 1856 4251; x_wconf 89' lang='lat' dir='ltr'><strong>nos</strong></span> <span class='ocrx_word' id='word_1_310' title='bbox 1882 4205 2106 4268; x_wconf 87' lang='lat' dir='ltr'><strong>propter</strong></span> <span class='ocrx_word' id='word_1_311' title='bbox 2124 4212 2219 4251; x_wconf 83' lang='lat' dir='ltr'><strong>no-</strong></span> 
     </span>
    </p>
   </div>
   <div class='ocr_carea' id='block_1_44' title="bbox 622 4287 2211 4361">
    <p class='ocr_par' dir='ltr' id='par_1_44' title="bbox 622 4287 2211 4361">
     <span class='ocr_line' id='line_1_44' title="bbox 622 4287 2211 4361; baseline -0.004 -13"><span class='ocrx_word' id='word_1_312' title='bbox 622 4307 747 4348; x_wconf 90' lang='lat' dir='ltr'><strong>men</strong></span> <span class='ocrx_word' id='word_1_313' title='bbox 773 4298 947 4357; x_wconf 90' lang='lat' dir='ltr'><strong>tuum,</strong></span> <span class='ocrx_word' id='word_1_314' title='bbox 980 4292 1034 4346; x_wconf 90' lang='lat' dir='ltr'><strong>id</strong></span> <span class='ocrx_word' id='word_1_315' title='bbox 1069 4298 1167 4353; x_wconf 89' lang='lat' dir='ltr'><strong>est,</strong></span> <span class='ocrx_word' id='word_1_316' title='bbox 1197 4290 1385 4361; x_wconf 88' lang='lat' dir='ltr'><strong>gratis,</strong></span> <span class='ocrx_word' id='word_1_317' title='bbox 1415 4300 1469 4343; x_wconf 90' lang='lat' dir='ltr'><strong>et</strong></span> <span class='ocrx_word' id='word_1_318' title='bbox 1494 4303 1601 4343; x_wconf 91' lang='lat' dir='ltr'><strong>non</strong></span> <span class='ocrx_word' id='word_1_319' title='bbox 1624 4287 1919 4343; x_wconf 81' lang='lat' dir='ltr'><strong>secundum</strong></span> <span class='ocrx_word' id='word_1_320' title='bbox 1957 4287 2211 4342; x_wconf 86' lang='lat' dir='ltr'><strong>meritum</strong></span> 
     </span>
    </p>
   </div>
   <div class='ocr_carea' id='block_1_45' title="bbox 621 4380 2213 4452">
    <p class='ocr_par' dir='ltr' id='par_1_45' title="bbox 621 4380 2213 4452">
     <span class='ocr_line' id='line_1_45' title="bbox 621 4380 2213 4452; baseline -0.002 -14"><span class='ocrx_word' id='word_1_321' title='bbox 621 4389 890 4438; x_wconf 82' lang='lat' dir='ltr'><strong>nostrum.</strong></span> <span class='ocrx_word' id='word_1_322' title='bbox 915 4381 1029 4437; x_wconf 82' lang='lat' dir='ltr'><strong>Hoc</strong></span> <span class='ocrx_word' id='word_1_323' title='bbox 1053 4381 1196 4437; x_wconf 88' lang='lat' dir='ltr'><strong>idem</strong></span> <span class='ocrx_word' id='word_1_324' title='bbox 1218 4397 1451 4452; x_wconf 88' lang='lat' dir='ltr'><strong>namque</strong></span> <span class='ocrx_word' id='word_1_325' title='bbox 1474 4390 1631 4436; x_wconf 91' lang='lat' dir='ltr'><strong>sonat</strong></span> <span class='ocrx_word' id='word_1_326' title='bbox 1651 4380 1826 4436; x_wconf 89' lang='lat' dir='ltr'><strong>oratio</strong></span> <span class='ocrx_word' id='word_1_327' title='bbox 1846 4381 2020 4451; x_wconf 88' lang='lat' dir='ltr'><strong>prima</strong></span> <span class='ocrx_word' id='word_1_328' title='bbox 2045 4381 2213 4450; x_wconf 88' lang='lat' dir='ltr'><strong>ipsius</strong></span> 
     </span>
    </p>
   </div>
   <div class='ocr_carea' id='block_1_46' title="bbox 622 4469 2213 4543">
    <p class='ocr_par' dir='ltr' id='par_1_46' title="bbox 622 4469 2213 4543">
     <span class='ocr_line' id='line_1_46' title="bbox 622 4469 2213 4543; baseline -0.003 -14"><span class='ocrx_word' id='word_1_329' title='bbox 622 4472 752 4539; x_wconf 86' lang='lat' dir='ltr'><strong>diei,</strong></span> <span class='ocrx_word' id='word_1_330' title='bbox 780 4473 835 4528; x_wconf 91' lang='lat' dir='ltr'><strong>in</strong></span> <span class='ocrx_word' id='word_1_331' title='bbox 870 4487 978 4541; x_wconf 89' lang='lat' dir='ltr'><strong>qua</strong></span> <span class='ocrx_word' id='word_1_332' title='bbox 1010 4472 1242 4528; x_wconf 90' lang='lat' dir='ltr'><strong>dicitur:</strong></span> <span class='ocrx_word' id='word_1_333' title='bbox 1285 4469 1527 4537; x_wconf 82' lang='lat' dir='ltr'><strong>Domine,</strong></span> <span class='ocrx_word' id='word_1_334' title='bbox 1572 4472 1663 4543; x_wconf 83' lang='lat' dir='ltr'><strong>qui</strong></span> <span class='ocrx_word' id='word_1_335' title='bbox 1712 4471 1969 4541; x_wconf 83' lang='lat' dir='ltr'><strong>conspicis</strong></span> <span class='ocrx_word' id='word_1_336' title='bbox 1998 4469 2124 4542; x_wconf 85' lang='lat' dir='ltr'><strong>quia</strong></span> <span class='ocrx_word' id='word_1_337' title='bbox 2147 4487 2213 4525; x_wconf 74' lang='lat' dir='ltr'><strong>ea:</strong></span> 
     </span>
    </p>
   </div>
   <div class='ocr_carea' id='block_1_47' title="bbox 621 4558 2210 4631">
    <p class='ocr_par' dir='ltr' id='par_1_47' title="bbox 621 4558 2210 4631">
     <span class='ocr_line' id='line_1_47' title="bbox 621 4558 2210 4631; baseline -0.001 -13"><span class='ocrx_word' id='word_1_338' title='bbox 621 4562 773 4619; x_wconf 76' lang='lat' dir='ltr'><strong>nulla</strong></span> <span class='ocrx_word' id='word_1_339' title='bbox 798 4572 979 4617; x_wconf 88' lang='lat' dir='ltr'><strong>nostra</strong></span> <span class='ocrx_word' id='word_1_340' title='bbox 1005 4562 1210 4617; x_wconf 80' lang='lat' dir='ltr'><strong>actione</strong></span> <span class='ocrx_word' id='word_1_341' title='bbox 1237 4561 1569 4631; x_wconf 82' lang='lat' dir='ltr'><strong>conﬁdimus,</strong></span> <span class='ocrx_word' id='word_1_342' title='bbox 1600 4562 1654 4617; x_wconf 90' lang='lat' dir='ltr'><strong>id</strong></span> <span class='ocrx_word' id='word_1_343' title='bbox 1675 4569 1775 4625; x_wconf 89' lang='lat' dir='ltr'><strong>est,</strong></span> <span class='ocrx_word' id='word_1_344' title='bbox 1805 4575 1873 4616; x_wconf 90' lang='lat' dir='ltr'><strong>ex</strong></span> <span class='ocrx_word' id='word_1_345' title='bbox 1900 4558 2049 4616; x_wconf 89' lang='lat' dir='ltr'><strong>nullo</strong></span> <span class='ocrx_word' id='word_1_346' title='bbox 2068 4562 2210 4617; x_wconf 90' lang='lat' dir='ltr'><strong>bono</strong></span> 
     </span>
    </p>
   </div>
   <div class='ocr_carea' id='block_1_48' title="bbox 620 4651 2210 4726">
    <p class='ocr_par' dir='ltr' id='par_1_48' title="bbox 620 4651 2210 4726">
     <span class='ocr_line' id='line_1_48' title="bbox 620 4651 2210 4726; baseline -0.003 -14"><span class='ocrx_word' id='word_1_347' title='bbox 620 4660 811 4712; x_wconf 82' lang='lat' dir='ltr'><strong>nostro</strong></span> <span class='ocrx_word' id='word_1_348' title='bbox 830 4662 993 4726; x_wconf 76' lang='lat' dir='ltr'><strong>Opere</strong></span> <span class='ocrx_word' id='word_1_349' title='bbox 1018 4651 1268 4707; x_wconf 77' lang='lat' dir='ltr'><strong>fiduciam</strong></span> <span class='ocrx_word' id='word_1_350' title='bbox 1288 4652 1570 4717; x_wconf 88' lang='lat' dir='ltr'><strong>habemus,</strong></span> <span class='ocrx_word' id='word_1_351' title='bbox 1601 4651 1695 4707; x_wconf 90' lang='lat' dir='ltr'><strong>sed</strong></span> <span class='ocrx_word' id='word_1_352' title='bbox 1724 4652 1839 4707; x_wconf 90' lang='lat' dir='ltr'><strong>sola</strong></span> <span class='ocrx_word' id='word_1_353' title='bbox 1862 4651 2210 4708; x_wconf 89' lang='lat' dir='ltr'><strong>miseratione</strong></span> 
     </span>
    </p>
   </div>
   <div class='ocr_carea' id='block_1_49' title="bbox 622 4740 2208 4815">
    <p class='ocr_par' dir='ltr' id='par_1_49' title="bbox 622 4740 2208 4815">
     <span class='ocr_line' id='line_1_49' title="bbox 622 4740 2208 4815; baseline -0.004 -12"><span class='ocrx_word' id='word_1_354' title='bbox 622 4743 823 4803; x_wconf 83' lang='lat' dir='ltr'><strong>salvari</strong></span> <span class='ocrx_word' id='word_1_355' title='bbox 849 4753 1151 4815; x_wconf 73' lang='lat' dir='ltr'><strong>Sper-amns.</strong></span> <span class='ocrx_word' id='word_1_356' title='bbox 1182 4740 1250 4797; x_wconf 86' lang='lat' dir='ltr'><strong>Et</strong></span> <span class='ocrx_word' id='word_1_357' title='bbox 1277 4741 1331 4796; x_wconf 89' lang='lat' dir='ltr'><strong>in</strong></span> <span class='ocrx_word' id='word_1_358' title='bbox 1371 4741 1611 4812; x_wconf 84' lang='lat' dir='ltr'><strong>Epistola</strong></span> <span class='ocrx_word' id='word_1_359' title='bbox 1636 4742 1810 4797; x_wconf 88' lang='lat' dir='ltr'><strong>bonus</strong></span> <span class='ocrx_word' id='word_1_360' title='bbox 1834 4742 2037 4798; x_wconf 87' lang='lat' dir='ltr'><strong>athleta</strong></span> <span class='ocrx_word' id='word_1_361' title='bbox 2063 4741 2208 4798; x_wconf 89' lang='lat' dir='ltr'><strong>Pau-</strong></span> 
     </span>
    </p>
   </div>
   <div class='ocr_carea' id='block_1_50' title="bbox 623 4832 2209 4904">
    <p class='ocr_par' dir='ltr' id='par_1_50' title="bbox 623 4832 2209 4904">
     <span class='ocr_line' id='line_1_50' title="bbox 623 4832 2209 4904; baseline -0.001 -14"><span class='ocrx_word' id='word_1_362' title='bbox 623 4834 710 4891; x_wconf 85' lang='lat' dir='ltr'><strong>lus</strong></span> <span class='ocrx_word' id='word_1_363' title='bbox 736 4842 792 4889; x_wconf 89' lang='lat' dir='ltr'><strong>et</strong></span> <span class='ocrx_word' id='word_1_364' title='bbox 832 4834 1027 4889; x_wconf 83' lang='lat' dir='ltr'><strong>doctor</strong></span> <span class='ocrx_word' id='word_1_365' title='bbox 1066 4832 1307 4904; x_wconf 83' lang='lat' dir='ltr'><strong>gentium</strong></span> <span class='ocrx_word' id='word_1_366' title='bbox 1348 4832 1505 4887; x_wconf 84' lang='lat' dir='ltr'><strong>nobis</strong></span> <span class='ocrx_word' id='word_1_367' title='bbox 1548 4832 1888 4902; x_wconf 86' lang='lat' dir='ltr'><strong>proponitur,</strong></span> <span class='ocrx_word' id='word_1_368' title='bbox 1936 4832 2092 4903; x_wconf 90' lang='lat' dir='ltr'><strong>cujus</strong></span> <span class='ocrx_word' id='word_1_369' title='bbox 2118 4848 2209 4888; x_wconf 87' lang='lat' dir='ltr'><strong>sa-</strong></span> 
     </span>
    </p>
   </div>
   <div class='ocr_carea' id='block_1_51' title="bbox 623 4920 2206 4998">
    <p class='ocr_par' dir='ltr' id='par_1_51' title="bbox 623 4920 2206 4998">
     <span class='ocr_line' id='line_1_51' title="bbox 623 4920 2206 4998; baseline -0.003 -17"><span class='ocrx_word' id='word_1_370' title='bbox 623 4926 883 4998; x_wconf 83' lang='lat' dir='ltr'><strong>pientiam</strong></span> <span class='ocrx_word' id='word_1_371' title='bbox 918 4930 976 4979; x_wconf 90' lang='lat' dir='ltr'><strong>et</strong></span> <span class='ocrx_word' id='word_1_372' title='bbox 1012 4921 1383 4978; x_wconf 86' lang='lat' dir='ltr'><strong>fortitudinem</strong></span> <span class='ocrx_word' id='word_1_373' title='bbox 1428 4921 1719 4975; x_wconf 77' lang='lat' dir='ltr'><strong>imitemur.</strong></span> <span class='ocrx_word' id='word_1_374' title='bbox 1760 4920 2206 4991; x_wconf 81' lang='lat' dir='ltr'><strong>Responsorium,</strong></span> 
     </span>
    </p>
   </div>
   <div class='ocr_carea' id='block_1_52' title="bbox 625 5010 2208 5088">
    <p class='ocr_par' dir='ltr' id='par_1_52' title="bbox 625 5010 2208 5088">
     <span class='ocr_line' id='line_1_52' title="bbox 625 5010 2208 5088; baseline -0.003 -16"><span class='ocrx_word' id='word_1_375' title='bbox 625 5017 810 5073; x_wconf 78' lang='lat' dir='ltr'><strong>Sciant</strong></span> <span class='ocrx_word' id='word_1_376' title='bbox 833 5026 1028 5088; x_wconf 66' lang='lat' dir='ltr'><strong>gentes,</strong></span> <span class='ocrx_word' id='word_1_377' title='bbox 1074 5013 1322 5086; x_wconf 84' lang='lat' dir='ltr'><strong>quoniam</strong></span> <span class='ocrx_word' id='word_1_378' title='bbox 1367 5028 1556 5068; x_wconf 83' lang='lat' dir='ltr'><strong>nomen</strong></span> <span class='ocrx_word' id='word_1_379' title='bbox 1581 5012 1675 5066; x_wconf 83' lang='lat' dir='ltr'><strong>tibi</strong></span> <span class='ocrx_word' id='word_1_380' title='bbox 1702 5010 1981 5079; x_wconf 83' lang='lat' dir='ltr'><strong>Dominus,</strong></span> <span class='ocrx_word' id='word_1_381' title='bbox 2021 5012 2078 5069; x_wconf 77' lang='lat' dir='ltr'><strong>id</strong></span> <span class='ocrx_word' id='word_1_382' title='bbox 2103 5021 2208 5081; x_wconf 90' lang='lat' dir='ltr'><strong>est,</strong></span> 
     </span>
    </p>
   </div>
   <div class='ocr_carea' id='block_1_53' title="bbox 624 5106 2212 5181">
    <p class='ocr_par' dir='ltr' id='par_1_53' title="bbox 624 5106 2212 5181">
     <span class='ocr_line' id='line_1_53' title="bbox 624 5106 2212 5181; baseline -0.003 -15"><span class='ocrx_word' id='word_1_383' title='bbox 624 5116 974 5181; x_wconf 81' lang='lat' dir='ltr'><strong>cognoscant,</strong></span> <span class='ocrx_word' id='word_1_384' title='bbox 1013 5108 1105 5179; x_wconf 88' lang='lat' dir='ltr'><strong>qui</strong></span> <span class='ocrx_word' id='word_1_385' title='bbox 1130 5122 1231 5162; x_wconf 89' lang='lat' dir='ltr'><strong>nos</strong></span> <span class='ocrx_word' id='word_1_386' title='bbox 1255 5106 1518 5161; x_wconf 85' lang='lat' dir='ltr'><strong>tribulant</strong></span> <span class='ocrx_word' id='word_1_387' title='bbox 1553 5113 1608 5160; x_wconf 92' lang='lat' dir='ltr'><strong>et</strong></span> <span class='ocrx_word' id='word_1_388' title='bbox 1634 5113 2054 5178; x_wconf 83' lang='lat' dir='ltr'><strong>persequuntur,</strong></span> <span class='ocrx_word' id='word_1_389' title='bbox 2084 5107 2212 5176; x_wconf 85' lang='lat' dir='ltr'><strong>quia</strong></span> 
     </span>
    </p>
   </div>
   <div class='ocr_carea' id='block_1_54' title="bbox 626 5197 2215 5262">
    <p class='ocr_par' dir='ltr' id='par_1_54' title="bbox 626 5197 2215 5262">
     <span class='ocr_line' id='line_1_54' title="bbox 626 5197 2215 5262; baseline 0 -8"><span class='ocrx_word' id='word_1_390' title='bbox 626 5215 735 5256; x_wconf 89' lang='lat' dir='ltr'><strong>non</strong></span> <span class='ocrx_word' id='word_1_391' title='bbox 760 5206 889 5254; x_wconf 88' lang='lat' dir='ltr'><strong>sunt</strong></span> <span class='ocrx_word' id='word_1_392' title='bbox 928 5198 1044 5256; x_wconf 83' lang='lat' dir='ltr'><strong>veri</strong></span> <span class='ocrx_word' id='word_1_393' title='bbox 1074 5197 1302 5262; x_wconf 86' lang='lat' dir='ltr'><strong>domini,</strong></span> <span class='ocrx_word' id='word_1_394' title='bbox 1348 5210 1451 5252; x_wconf 88' lang='lat' dir='ltr'><strong>nec</strong></span> <span class='ocrx_word' id='word_1_395' title='bbox 1490 5212 1689 5251; x_wconf 86' lang='lat' dir='ltr'><strong>nomen</strong></span> <span class='ocrx_word' id='word_1_396' title='bbox 1734 5197 2071 5254; x_wconf 87' lang='lat' dir='ltr'><strong>dominorum</strong></span> <span class='ocrx_word' id='word_1_397' title='bbox 2108 5199 2215 5254; x_wconf 91' lang='lat' dir='ltr'><strong>illis</strong></span> 
     </span>
    </p>
   </div>
   <div class='ocr_carea' id='block_1_55' title="bbox 624 5284 2221 5362">
    <p class='ocr_par' dir='ltr' id='par_1_55' title="bbox 624 5284 2221 5362">
     <span class='ocr_line' id='line_1_55' title="bbox 624 5284 2221 5362; baseline -0.001 -18"><span class='ocrx_word' id='word_1_398' title='bbox 624 5290 906 5359; x_wconf 83' lang='lat' dir='ltr'><strong>competit,</strong></span> <span class='ocrx_word' id='word_1_399' title='bbox 932 5288 1028 5344; x_wconf 85' lang='lat' dir='ltr'><strong>sed</strong></span> <span class='ocrx_word' id='word_1_400' title='bbox 1056 5289 1155 5343; x_wconf 87' lang='lat' dir='ltr'><strong>tibi</strong></span> <span class='ocrx_word' id='word_1_401' title='bbox 1191 5284 1313 5352; x_wconf 91' lang='lat' dir='ltr'><strong>soli,</strong></span> <span class='ocrx_word' id='word_1_402' title='bbox 1341 5288 1435 5357; x_wconf 86' lang='lat' dir='ltr'><strong>qui</strong></span> <span class='ocrx_word' id='word_1_403' title='bbox 1472 5301 1573 5345; x_wconf 90' lang='lat' dir='ltr'><strong>nos</strong></span> <span class='ocrx_word' id='word_1_404' title='bbox 1609 5287 1924 5355; x_wconf 87' lang='lat' dir='ltr'><strong>condidisti,</strong></span> <span class='ocrx_word' id='word_1_405' title='bbox 1967 5296 2023 5345; x_wconf 87' lang='lat' dir='ltr'><strong>et</strong></span> <span class='ocrx_word' id='word_1_406' title='bbox 2065 5288 2221 5362; x_wconf 75' lang='lat' dir='ltr'><strong>solus</strong></span> 
     </span>
    </p>
   </div>
   <div class='ocr_carea' id='block_1_56' title="bbox 621 5377 2210 5451">
    <p class='ocr_par' dir='ltr' id='par_1_56' title="bbox 621 5377 2210 5451">
     <span class='ocr_line' id='line_1_56' title="bbox 621 5377 2210 5451; baseline -0.001 -17"><span class='ocrx_word' id='word_1_407' title='bbox 621 5380 768 5451; x_wconf 86' lang='lat' dir='ltr'><strong>juste</strong></span> <span class='ocrx_word' id='word_1_408' title='bbox 812 5379 1126 5443; x_wconf 87' lang='lat' dir='ltr'><strong>dominaris,</strong></span> <span class='ocrx_word' id='word_1_409' title='bbox 1175 5377 1485 5433; x_wconf 78' lang='lat' dir='ltr'><strong>Altissimus</strong></span> <span class='ocrx_word' id='word_1_410' title='bbox 1529 5393 1692 5449; x_wconf 91' lang='lat' dir='ltr'><strong>super</strong></span> <span class='ocrx_word' id='word_1_411' title='bbox 1736 5394 1954 5435; x_wconf 90' lang='lat' dir='ltr'><strong>omnem</strong></span> <span class='ocrx_word' id='word_1_412' title='bbox 1987 5388 2210 5436; x_wconf 85' lang='lat' dir='ltr'><strong>terram.</strong></span> 
     </span>
    </p>
   </div>
   <div class='ocr_carea' id='block_1_57' title="bbox 628 5468 2211 5540">
    <p class='ocr_par' dir='ltr' id='par_1_57' title="bbox 628 5468 2211 5540">
     <span class='ocr_line' id='line_1_57' title="bbox 628 5468 2211 5540; baseline 0.001 -17"><span class='ocrx_word' id='word_1_413' title='bbox 628 5468 890 5540; x_wconf 79' lang='lat' dir='ltr'><strong>Sequitur</strong></span> <span class='ocrx_word' id='word_1_414' title='bbox 913 5477 1147 5525; x_wconf 84' lang='lat' dir='ltr'><strong>tractus:</strong></span> <span class='ocrx_word' id='word_1_415' title='bbox 1171 5468 1527 5537; x_wconf 78' lang='lat' dir='ltr'><strong>Commoristi,</strong></span> <span class='ocrx_word' id='word_1_416' title='bbox 1549 5469 1792 5535; x_wconf 83' lang='lat' dir='ltr'><strong>Domine,</strong></span> <span class='ocrx_word' id='word_1_417' title='bbox 1820 5480 2017 5525; x_wconf 81' lang='lat' dir='ltr'><strong>terram</strong></span> <span class='ocrx_word' id='word_1_418' title='bbox 2044 5480 2211 5537; x_wconf 83' lang='lat' dir='ltr'><strong>tuam,</strong></span> 
     </span>
    </p>
   </div>
   <div class='ocr_carea' id='block_1_58' title="bbox 626 5558 2215 5633">
    <p class='ocr_par' dir='ltr' id='par_1_58' title="bbox 626 5558 2215 5633">
     <span class='ocr_line' id='line_1_58' title="bbox 626 5558 2215 5633; baseline 0.003 -18"><span class='ocrx_word' id='word_1_419' title='bbox 626 5568 677 5615; x_wconf 79' lang='lat' dir='ltr'><strong>et</strong></span> <span class='ocrx_word' id='word_1_420' title='bbox 698 5558 1022 5615; x_wconf 69' lang='lat' dir='ltr'><strong>untur-buli</strong></span> <span class='ocrx_word' id='word_1_421' title='bbox 1048 5575 1187 5614; x_wconf 81' lang='lat' dir='ltr'><strong>unt.</strong></span> <span class='ocrx_word' id='word_1_422' title='bbox 1220 5558 1445 5614; x_wconf 86' lang='lat' dir='ltr'><strong>Terram</strong></span> <span class='ocrx_word' id='word_1_423' title='bbox 1467 5562 1831 5627; x_wconf 80' lang='lat' dir='ltr'><strong>commovisti,</strong></span> <span class='ocrx_word' id='word_1_424' title='bbox 1867 5563 2000 5618; x_wconf 88' lang='lat' dir='ltr'><strong>dicit</strong></span> <span class='ocrx_word' id='word_1_425' title='bbox 2021 5577 2215 5633; x_wconf 85' lang='lat' dir='ltr'><strong>pecca-</strong></span> 
     </span>
    </p>
   </div>
   <div class='ocr_carea' id='block_1_59' title="bbox 629 5649 2215 5726">
    <p class='ocr_par' dir='ltr' id='par_1_59' title="bbox 629 5649 2215 5726">
     <span class='ocr_line' id='line_1_59' title="bbox 629 5649 2215 5726; baseline 0.004 -21"><span class='ocrx_word' id='word_1_426' title='bbox 629 5655 810 5705; x_wconf 79' lang='lat' dir='ltr'><strong>torum</strong></span> <span class='ocrx_word' id='word_1_427' title='bbox 834 5649 1221 5705; x_wconf 73' lang='lat' dir='ltr'><strong>consolandam</strong></span> <span class='ocrx_word' id='word_1_428' title='bbox 1263 5650 1545 5706; x_wconf 82' lang='lat' dir='ltr'><strong>hominum</strong></span> <span class='ocrx_word' id='word_1_429' title='bbox 1579 5649 1649 5706; x_wconf 88' lang='lat' dir='ltr'><strong>ad</strong></span> <span class='ocrx_word' id='word_1_430' title='bbox 1680 5652 2056 5726; x_wconf 59' lang='lat' dir='ltr'><strong>penitentiam</strong></span> <span class='ocrx_word' id='word_1_431' title='bbox 2082 5670 2215 5725; x_wconf 87' lang='lat' dir='ltr'><strong>pro-</strong></span> 
     </span>
    </p>
   </div>
   <div class='ocr_carea' id='block_1_60' title="bbox 705 5760 2112 5841">
    <p class='ocr_par' dir='ltr' id='par_1_60' title="bbox 705 5760 2112 5841">
     <span class='ocr_line' id='line_1_60' title="bbox 705 5760 2112 5841; baseline 0.004 -25"><span class='ocrx_word' id='word_1_432' title='bbox 705 5777 730 5803; x_wconf 76' lang='grc' dir='ltr'>ι</span> <span class='ocrx_word' id='word_1_433' title='bbox 762 5760 924 5817; x_wconf 72' lang='lat' dir='ltr'><strong>Multa</strong></span> <span class='ocrx_word' id='word_1_434' title='bbox 949 5778 1137 5819; x_wconf 84' lang='lat' dir='ltr'><strong>rursus</strong></span> <span class='ocrx_word' id='word_1_435' title='bbox 1163 5764 1303 5837; x_wconf 83' lang='lat' dir='ltr'><strong>apud</strong></span> <span class='ocrx_word' id='word_1_436' title='bbox 1324 5764 1657 5821; x_wconf 82' lang='lat' dir='ltr'><strong>Amalarium</strong></span> <span class='ocrx_word' id='word_1_437' title='bbox 1680 5766 1804 5825; x_wconf 87' lang='lat' dir='ltr'><strong>libr.</strong></span> <span class='ocrx_word' id='word_1_438' title='bbox 1840 5784 1880 5836; x_wconf 88' lang='grc' dir='ltr'><strong>ι,</strong></span> <span class='ocrx_word' id='word_1_439' title='bbox 1912 5782 2028 5841; x_wconf 85' lang='lat' dir='ltr'><strong>cap.</strong></span> <span class='ocrx_word' id='word_1_440' title='bbox 2058 5767 2112 5821; x_wconf 77' lang='lat'><strong>‘2.</strong></span> 
     </span>
    </p>
   </div>
   <div class='ocr_carea' id='block_1_61' title="bbox 2302 510 3937 590">
    <p class='ocr_par' dir='ltr' id='par_1_61' title="bbox 2302 510 3937 590">
     <span class='ocr_line' id='line_1_61' title="bbox 2302 510 3937 590; baseline -0.006 -11"><span class='ocrx_word' id='word_1_441' title='bbox 2302 523 2439 579; x_wconf 89' lang='lat' dir='ltr'><strong>toris</strong></span> <span class='ocrx_word' id='word_1_442' title='bbox 2465 532 2561 578; x_wconf 81' lang='lat' dir='ltr'><strong>cor</strong></span> <span class='ocrx_word' id='word_1_443' title='bbox 2584 520 2652 576; x_wconf 87' lang='lat' dir='ltr'><strong>ad</strong></span> <span class='ocrx_word' id='word_1_444' title='bbox 2672 517 3054 590; x_wconf 69' lang='lat' dir='ltr'><strong>paenitentiam</strong></span> <span class='ocrx_word' id='word_1_445' title='bbox 3072 524 3129 573; x_wconf 88' lang='lat' dir='ltr'><strong>et</strong></span> <span class='ocrx_word' id='word_1_446' title='bbox 3151 514 3424 587; x_wconf 88' lang='lat' dir='ltr'><strong>lacrymas</strong></span> <span class='ocrx_word' id='word_1_447' title='bbox 3441 510 3716 573; x_wconf 81' lang='lat' dir='ltr'><strong>excitatur</strong></span> <span class='ocrx_word' id='word_1_448' title='bbox 3741 533 3759 571; x_wconf 89' lang='lat'><strong>:</strong></span> <span class='ocrx_word' id='word_1_449' title='bbox 3790 527 3937 589; x_wconf 80' lang='lat' dir='ltr'><strong>post</strong></span> 
     </span>
    </p>
   </div>
   <div class='ocr_carea' id='block_1_62' title="bbox 2302 602 3934 681">
    <p class='ocr_par' dir='ltr' id='par_1_62' title="bbox 2302 602 3934 681">
     <span class='ocr_line' id='line_1_62' title="bbox 2302 602 3934 681; baseline -0.004 -13"><span class='ocrx_word' id='word_1_450' title='bbox 2302 618 2508 669; x_wconf 86' lang='lat' dir='ltr'><strong>motam</strong></span> <span class='ocrx_word' id='word_1_451' title='bbox 2552 619 2738 665; x_wconf 89' lang='lat' dir='ltr'><strong>autem</strong></span> <span class='ocrx_word' id='word_1_452' title='bbox 2778 616 2981 664; x_wconf 87' lang='lat' dir='ltr'><strong>terram</strong></span> <span class='ocrx_word' id='word_1_453' title='bbox 3004 606 3174 681; x_wconf 59' lang='lat'><strong>569</strong></span> <span class='ocrx_word' id='word_1_454' title='bbox 3210 620 3397 662; x_wconf 89' lang='lat' dir='ltr'><strong>semen</strong></span> <span class='ocrx_word' id='word_1_455' title='bbox 3434 602 3737 675; x_wconf 86' lang='lat' dir='ltr'><strong>inducitur,</strong></span> <span class='ocrx_word' id='word_1_456' title='bbox 3782 609 3934 678; x_wconf 81' lang='lat' dir='ltr'><strong>quia</strong></span> 
     </span>
    </p>
   </div>
   <div class='ocr_carea' id='block_1_63' title="bbox 2300 690 3935 777">
    <p class='ocr_par' dir='ltr' id='par_1_63' title="bbox 2300 690 3935 777">
     <span class='ocr_line' id='line_1_63' title="bbox 2300 690 3935 777; baseline -0.004 -17"><span class='ocrx_word' id='word_1_457' title='bbox 2300 713 2427 777; x_wconf 85' lang='lat' dir='ltr'><strong>post</strong></span> <span class='ocrx_word' id='word_1_458' title='bbox 2463 709 2737 759; x_wconf 89' lang='lat' dir='ltr'><strong>commota</strong></span> <span class='ocrx_word' id='word_1_459' title='bbox 2779 700 2941 757; x_wconf 85' lang='lat' dir='ltr'><strong>corda</strong></span> <span class='ocrx_word' id='word_1_460' title='bbox 2971 690 3353 771; x_wconf 65' lang='lat' dir='ltr'><strong>paenitendum</strong></span> <span class='ocrx_word' id='word_1_461' title='bbox 3396 698 3467 754; x_wconf 89' lang='lat' dir='ltr'><strong>ad</strong></span> <span class='ocrx_word' id='word_1_462' title='bbox 3490 696 3793 769; x_wconf 83' lang='lat' dir='ltr'><strong>lacrymas,</strong></span> <span class='ocrx_word' id='word_1_463' title='bbox 3836 713 3935 754; x_wconf 84' lang='lat' dir='ltr'><strong>se-</strong></span> 
     </span>
    </p>
   </div>
   <div class='ocr_carea' id='block_1_64' title="bbox 2304 786 3933 860">
    <p class='ocr_par' dir='ltr' id='par_1_64' title="bbox 2304 786 3933 860">
     <span class='ocr_line' id='line_1_64' title="bbox 2304 786 3933 860; baseline -0.004 -10"><span class='ocrx_word' id='word_1_464' title='bbox 2304 808 2433 851; x_wconf 89' lang='lat' dir='ltr'><strong>men</strong></span> <span class='ocrx_word' id='word_1_465' title='bbox 2455 793 2685 850; x_wconf 78' lang='lat' dir='ltr'><strong>verbum</strong></span> <span class='ocrx_word' id='word_1_466' title='bbox 2713 786 2812 846; x_wconf 87' lang='lat' dir='ltr'><strong>Dei</strong></span> <span class='ocrx_word' id='word_1_467' title='bbox 2841 789 3054 846; x_wconf 82' lang='lat' dir='ltr'><strong>avidius</strong></span> <span class='ocrx_word' id='word_1_468' title='bbox 3096 788 3413 860; x_wconf 81' lang='lat' dir='ltr'><strong>suscipitur,</strong></span> <span class='ocrx_word' id='word_1_469' title='bbox 3453 796 3509 845; x_wconf 86' lang='lat' dir='ltr'><strong>et</strong></span> <span class='ocrx_word' id='word_1_470' title='bbox 3540 789 3773 846; x_wconf 86' lang='lat' dir='ltr'><strong>uberius</strong></span> <span class='ocrx_word' id='word_1_471' title='bbox 3799 787 3933 844; x_wconf 57' lang='lat' dir='ltr'><strong>fro.</strong></span> 
     </span>
    </p>
   </div>
   <div class='ocr_carea' id='block_1_65' title="bbox 2302 878 3931 952">
    <p class='ocr_par' dir='ltr' id='par_1_65' title="bbox 2302 878 3931 952">
     <span class='ocr_line' id='line_1_65' title="bbox 2302 878 3931 952; baseline -0.004 -10"><span class='ocrx_word' id='word_1_472' title='bbox 2302 892 2448 942; x_wconf 86' lang='lat' dir='ltr'><strong>ctum</strong></span> <span class='ocrx_word' id='word_1_473' title='bbox 2489 881 2717 948; x_wconf 76' lang='lat' dir='ltr'><strong>faciens,</strong></span> <span class='ocrx_word' id='word_1_474' title='bbox 2750 882 3027 938; x_wconf 88' lang='lat' dir='ltr'><strong>crescitet</strong></span> <span class='ocrx_word' id='word_1_475' title='bbox 3068 880 3479 952; x_wconf 89' lang='lat' dir='ltr'><strong>multiplicatur.</strong></span> <span class='ocrx_word' id='word_1_476' title='bbox 3523 878 3680 937; x_wconf 90' lang='lat' dir='ltr'><strong>Unde</strong></span> <span class='ocrx_word' id='word_1_477' title='bbox 3709 895 3931 936; x_wconf 82' lang='lat' dir='ltr'><strong>conve—</strong></span> 
     </span>
    </p>
   </div>
   <div class='ocr_carea' id='block_1_66' title="bbox 2301 971 3931 1043">
    <p class='ocr_par' dir='ltr' id='par_1_66' title="bbox 2301 971 3931 1043">
     <span class='ocr_line' id='line_1_66' title="bbox 2301 971 3931 1043; baseline -0.002 -12"><span class='ocrx_word' id='word_1_478' title='bbox 2301 975 2517 1031; x_wconf 88' lang='lat' dir='ltr'><strong>nienter</strong></span> <span class='ocrx_word' id='word_1_479' title='bbox 2537 972 2889 1043; x_wconf 87' lang='lat' dir='ltr'><strong>Evangelium</strong></span> <span class='ocrx_word' id='word_1_480' title='bbox 2913 971 3180 1042; x_wconf 83' lang='lat' dir='ltr'><strong>sequitur,</strong></span> <span class='ocrx_word' id='word_1_481' title='bbox 3203 971 3260 1026; x_wconf 89' lang='lat' dir='ltr'><strong>in</strong></span> <span class='ocrx_word' id='word_1_482' title='bbox 3292 985 3399 1041; x_wconf 90' lang='lat' dir='ltr'><strong>quo</strong></span> <span class='ocrx_word' id='word_1_483' title='bbox 3423 971 3490 1028; x_wconf 91' lang='lat' dir='ltr'><strong>de</strong></span> <span class='ocrx_word' id='word_1_484' title='bbox 3511 978 3660 1027; x_wconf 89' lang='lat' dir='ltr'><strong>terra</strong></span> <span class='ocrx_word' id='word_1_485' title='bbox 3687 979 3931 1042; x_wconf 62' lang='lat' dir='ltr'><strong>petroa</strong></span> 
     </span>
    </p>
   </div>
   <div class='ocr_carea' id='block_1_67' title="bbox 2301 1062 3933 1137">
    <p class='ocr_par' dir='ltr' id='par_1_67' title="bbox 2301 1062 3933 1137">
     <span class='ocr_line' id='line_1_67' title="bbox 2301 1062 3933 1137; baseline 0.001 -15"><span class='ocrx_word' id='word_1_486' title='bbox 2301 1073 2360 1122; x_wconf 86' lang='lat' dir='ltr'><strong>et</strong></span> <span class='ocrx_word' id='word_1_487' title='bbox 2390 1065 2628 1135; x_wconf 83' lang='lat' dir='ltr'><strong>spinosa,</strong></span> <span class='ocrx_word' id='word_1_488' title='bbox 2662 1069 2826 1135; x_wconf 89' lang='lat' dir='ltr'><strong>atqne</strong></span> <span class='ocrx_word' id='word_1_489' title='bbox 2857 1064 2927 1119; x_wconf 90' lang='lat' dir='ltr'><strong>de</strong></span> <span class='ocrx_word' id='word_1_490' title='bbox 2948 1064 3115 1130; x_wconf 87' lang='lat' dir='ltr'><strong>bona,</strong></span> <span class='ocrx_word' id='word_1_491' title='bbox 3146 1078 3266 1135; x_wconf 66' lang='lat' dir='ltr'><strong>quae</strong></span> <span class='ocrx_word' id='word_1_492' title='bbox 3302 1062 3540 1119; x_wconf 90' lang='lat' dir='ltr'><strong>fructum</strong></span> <span class='ocrx_word' id='word_1_493' title='bbox 3567 1078 3669 1136; x_wconf 82' lang='lat' dir='ltr'><strong>per</strong></span> <span class='ocrx_word' id='word_1_494' title='bbox 3696 1065 3933 1137; x_wconf 78' lang='lat' dir='ltr'><strong>patien-</strong></span> 
     </span>
    </p>
   </div>
   <div class='ocr_carea' id='block_1_68' title="bbox 2302 1155 3930 1228">
    <p class='ocr_par' dir='ltr' id='par_1_68' title="bbox 2302 1155 3930 1228">
     <span class='ocr_line' id='line_1_68' title="bbox 2302 1155 3930 1228; baseline 0 -15"><span class='ocrx_word' id='word_1_495' title='bbox 2302 1158 2442 1213; x_wconf 87' lang='lat' dir='ltr'><strong>tiam‘</strong></span> <span class='ocrx_word' id='word_1_496' title='bbox 2484 1158 2681 1223; x_wconf 87' lang='lat' dir='ltr'><strong>reddit,</strong></span> <span class='ocrx_word' id='word_1_497' title='bbox 2730 1155 2902 1212; x_wconf 88' lang='lat' dir='ltr'><strong>multa</strong></span> <span class='ocrx_word' id='word_1_498' title='bbox 2929 1162 3243 1211; x_wconf 83' lang='lat' dir='ltr'><strong>narrantur.</strong></span> <span class='ocrx_word' id='word_1_499' title='bbox 3292 1156 3351 1212; x_wconf 87' lang='lat' dir='ltr'><strong>in</strong></span> <span class='ocrx_word' id='word_1_500' title='bbox 3383 1155 3800 1228; x_wconf 84' lang='lat' dir='ltr'><strong>Septuagesima</strong></span> <span class='ocrx_word' id='word_1_501' title='bbox 3838 1158 3930 1213; x_wconf 60' lang='lat' dir='ltr'><strong>in.</strong></span> 
     </span>
    </p>
   </div>
   <div class='ocr_carea' id='block_1_69' title="bbox 2305 1246 3927 1321">
    <p class='ocr_par' dir='ltr' id='par_1_69' title="bbox 2305 1246 3927 1321">
     <span class='ocr_line' id='line_1_69' title="bbox 2305 1246 3927 1321; baseline -0.001 -16"><span class='ocrx_word' id='word_1_502' title='bbox 2305 1248 2512 1321; x_wconf 89' lang='lat' dir='ltr'><strong>crepati</strong></span> <span class='ocrx_word' id='word_1_503' title='bbox 2546 1262 2752 1312; x_wconf 87' lang='lat' dir='ltr'><strong>sumus,</strong></span> <span class='ocrx_word' id='word_1_504' title='bbox 2800 1248 2943 1318; x_wconf 90' lang='lat' dir='ltr'><strong>quod</strong></span> <span class='ocrx_word' id='word_1_505' title='bbox 2965 1247 3133 1303; x_wconf 91' lang='lat' dir='ltr'><strong>otiosi</strong></span> <span class='ocrx_word' id='word_1_506' title='bbox 3173 1248 3445 1314; x_wconf 87' lang='lat' dir='ltr'><strong>stetimus,</strong></span> <span class='ocrx_word' id='word_1_507' title='bbox 3488 1255 3545 1302; x_wconf 86' lang='lat' dir='ltr'><strong>et</strong></span> <span class='ocrx_word' id='word_1_508' title='bbox 3583 1246 3652 1305; x_wconf 88' lang='lat' dir='ltr'><strong>ad</strong></span> <span class='ocrx_word' id='word_1_509' title='bbox 3690 1250 3927 1304; x_wconf 78' lang='lat' dir='ltr'><strong>vineam</strong></span> 
     </span>
    </p>
   </div>
   <div class='ocr_carea' id='block_1_70' title="bbox 2304 1336 3928 1408">
    <p class='ocr_par' dir='ltr' id='par_1_70' title="bbox 2304 1336 3928 1408">
     <span class='ocr_line' id='line_1_70' title="bbox 2304 1336 3928 1408; baseline 0 -13"><span class='ocrx_word' id='word_1_510' title='bbox 2304 1338 2586 1395; x_wconf 83' lang='lat' dir='ltr'><strong>colendam</strong></span> <span class='ocrx_word' id='word_1_511' title='bbox 2632 1337 2845 1393; x_wconf 80' lang='lat' dir='ltr'><strong>invitati</strong></span> <span class='ocrx_word' id='word_1_512' title='bbox 2891 1351 3118 1393; x_wconf 92' lang='lat' dir='ltr'><strong>sumus:</strong></span> <span class='ocrx_word' id='word_1_513' title='bbox 3166 1352 3313 1392; x_wconf 89' lang='lat' dir='ltr'><strong>nunc</strong></span> <span class='ocrx_word' id='word_1_514' title='bbox 3341 1337 3395 1392; x_wconf 93' lang='lat' dir='ltr'><strong>in</strong></span> <span class='ocrx_word' id='word_1_515' title='bbox 3443 1336 3797 1408; x_wconf 80' lang='lat' dir='ltr'><strong>Sexagesima</strong></span> <span class='ocrx_word' id='word_1_516' title='bbox 3840 1354 3928 1395; x_wconf 82' lang='lat' dir='ltr'><strong>sc-</strong></span> 
     </span>
    </p>
   </div>
   <div class='ocr_carea' id='block_1_71' title="bbox 2306 1428 3926 1487">
    <p class='ocr_par' dir='ltr' id='par_1_71' title="bbox 2306 1428 3926 1487">
     <span class='ocr_line' id='line_1_71' title="bbox 2306 1428 3926 1487; baseline -0.001 0"><span class='ocrx_word' id='word_1_517' title='bbox 2306 1447 2434 1487; x_wconf 88' lang='lat' dir='ltr'><strong>men</strong></span> <span class='ocrx_word' id='word_1_518' title='bbox 2463 1432 2690 1487; x_wconf 85' lang='lat' dir='ltr'><strong>verbum</strong></span> <span class='ocrx_word' id='word_1_519' title='bbox 2715 1430 2812 1485; x_wconf 89' lang='lat' dir='ltr'><strong>Dei</strong></span> <span class='ocrx_word' id='word_1_520' title='bbox 2837 1430 2891 1485; x_wconf 89' lang='lat' dir='ltr'><strong>in</strong></span> <span class='ocrx_word' id='word_1_521' title='bbox 2919 1429 3175 1485; x_wconf 89' lang='lat' dir='ltr'><strong>cordibus</strong></span> <span class='ocrx_word' id='word_1_522' title='bbox 3195 1429 3399 1485; x_wconf 87' lang='lat' dir='ltr'><strong>nostris</strong></span> <span class='ocrx_word' id='word_1_523' title='bbox 3422 1428 3587 1484; x_wconf 90' lang='lat' dir='ltr'><strong>veluti</strong></span> <span class='ocrx_word' id='word_1_524' title='bbox 3618 1429 3674 1484; x_wconf 90' lang='lat' dir='ltr'><strong>in</strong></span> <span class='ocrx_word' id='word_1_525' title='bbox 3705 1428 3926 1486; x_wconf 81' lang='lat' dir='ltr'><strong>bonam</strong></span> 
     </span>
    </p>
   </div>
   <div class='ocr_carea' id='block_1_72' title="bbox 2307 1520 3929 1595">
    <p class='ocr_par' dir='ltr' id='par_1_72' title="bbox 2307 1520 3929 1595">
     <span class='ocr_line' id='line_1_72' title="bbox 2307 1520 3929 1595; baseline 0.001 -18"><span class='ocrx_word' id='word_1_526' title='bbox 2307 1531 2509 1579; x_wconf 85' lang='lat' dir='ltr'><strong>terram</strong></span> <span class='ocrx_word' id='word_1_527' title='bbox 2525 1522 2749 1593; x_wconf 89' lang='lat' dir='ltr'><strong>jacitur,</strong></span> <span class='ocrx_word' id='word_1_528' title='bbox 2767 1530 2830 1577; x_wconf 91' lang='lat' dir='ltr'><strong>ut</strong></span> <span class='ocrx_word' id='word_1_529' title='bbox 2841 1528 3074 1588; x_wconf 87' lang='lat' dir='ltr'><strong>crescat,</strong></span> <span class='ocrx_word' id='word_1_530' title='bbox 3097 1532 3153 1577; x_wconf 91' lang='lat' dir='ltr'><strong>et</strong></span> <span class='ocrx_word' id='word_1_531' title='bbox 3169 1520 3478 1589; x_wconf 87' lang='lat' dir='ltr'><strong>fructiﬁcet,</strong></span> <span class='ocrx_word' id='word_1_532' title='bbox 3502 1530 3558 1577; x_wconf 86' lang='lat' dir='ltr'><strong>et</strong></span> <span class='ocrx_word' id='word_1_533' title='bbox 3580 1537 3678 1595; x_wconf 89' lang='lat' dir='ltr'><strong>per</strong></span> <span class='ocrx_word' id='word_1_534' title='bbox 3695 1522 3929 1595; x_wconf 83' lang='lat' dir='ltr'><strong>patien-</strong></span> 
     </span>
    </p>
   </div>
   <div class='ocr_carea' id='block_1_73' title="bbox 2305 1610 3927 1686">
    <p class='ocr_par' dir='ltr' id='par_1_73' title="bbox 2305 1610 3927 1686">
     <span class='ocr_line' id='line_1_73' title="bbox 2305 1610 3927 1686; baseline 0.001 -17"><span class='ocrx_word' id='word_1_535' title='bbox 2305 1615 2436 1669; x_wconf 88' lang='lat' dir='ltr'><strong>tiam</strong></span> <span class='ocrx_word' id='word_1_536' title='bbox 2489 1613 2729 1671; x_wconf 83' lang='lat' dir='ltr'><strong>fructum</strong></span> <span class='ocrx_word' id='word_1_537' title='bbox 2771 1613 3066 1686; x_wconf 89' lang='lat' dir='ltr'><strong>plurimum</strong></span> <span class='ocrx_word' id='word_1_538' title='bbox 3119 1610 3430 1668; x_wconf 86' lang='lat' dir='ltr'><strong>afferamus.</strong></span> <span class='ocrx_word' id='word_1_539' title='bbox 3479 1612 3743 1685; x_wconf 86' lang='lat' dir='ltr'><strong>Sequitur</strong></span> <span class='ocrx_word' id='word_1_540' title='bbox 3776 1614 3927 1671; x_wconf 78' lang='lat' dir='ltr'><strong>offe-</strong></span> 
     </span>
    </p>
   </div>
   <div class='ocr_carea' id='block_1_74' title="bbox 2305 1704 3921 1780">
    <p class='ocr_par' dir='ltr' id='par_1_74' title="bbox 2305 1704 3921 1780">
     <span class='ocr_line' id='line_1_74' title="bbox 2305 1704 3921 1780; baseline 0.002 -18"><span class='ocrx_word' id='word_1_541' title='bbox 2305 1707 2515 1763; x_wconf 84' lang='lat' dir='ltr'><strong>renda:</strong></span> <span class='ocrx_word' id='word_1_542' title='bbox 2563 1704 2772 1777; x_wconf 76' lang='lat' dir='ltr'><strong>Perﬁce</strong></span> <span class='ocrx_word' id='word_1_543' title='bbox 2807 1722 3018 1780; x_wconf 82' lang='lat' dir='ltr'><strong>gressus</strong></span> <span class='ocrx_word' id='word_1_544' title='bbox 3049 1723 3190 1762; x_wconf 83' lang='lat' dir='ltr'><strong>meos</strong></span> <span class='ocrx_word' id='word_1_545' title='bbox 3214 1720 3234 1759; x_wconf 90' lang='lat'><strong>:</strong></span> <span class='ocrx_word' id='word_1_546' title='bbox 3276 1707 3599 1778; x_wconf 87' lang='lat' dir='ltr'><strong>deprecatur</strong></span> <span class='ocrx_word' id='word_1_547' title='bbox 3636 1707 3921 1775; x_wconf 84' lang='lat' dir='ltr'><strong>Ecclesia,</strong></span> 
     </span>
    </p>
   </div>
   <div class='ocr_carea' id='block_1_75' title="bbox 2236 1774 3926 1873">
    <p class='ocr_par' dir='ltr' id='par_1_75' title="bbox 2236 1774 3926 1873">
     <span class='ocr_line' id='line_1_75' title="bbox 2236 1774 3926 1873; baseline 0.002 -18"><span class='ocrx_word' id='word_1_548' title='bbox 2236 1774 2284 1841; x_wconf 68' lang='grc' dir='ltr'><strong>Β</strong></span> <span class='ocrx_word' id='word_1_549' title='bbox 2313 1809 2374 1855; x_wconf 88' lang='lat' dir='ltr'><strong>ut</strong></span> <span class='ocrx_word' id='word_1_550' title='bbox 2413 1774 2767 1871; x_wconf 83' lang='lat' dir='ltr'><strong>perﬁciantur</strong></span> <span class='ocrx_word' id='word_1_551' title='bbox 2793 1774 3015 1873; x_wconf 76' lang='lat' dir='ltr'><strong>gressus</strong></span> <span class='ocrx_word' id='word_1_552' title='bbox 3061 1800 3229 1868; x_wconf 88' lang='lat' dir='ltr'><strong>illius,</strong></span> <span class='ocrx_word' id='word_1_553' title='bbox 3276 1774 3477 1869; x_wconf 37' lang='lat' dir='ltr'><strong>id&#39;est,</strong></span> <span class='ocrx_word' id='word_1_554' title='bbox 3528 1813 3589 1858; x_wconf 92' lang='lat' dir='ltr'><strong>ut</strong></span> <span class='ocrx_word' id='word_1_555' title='bbox 3615 1817 3642 1857; x_wconf 89' lang='lat' dir='ltr'><strong>a</strong></span> <span class='ocrx_word' id='word_1_556' title='bbox 3672 1774 3926 1859; x_wconf 84' lang='lat' dir='ltr'><strong>Domino</strong></span> 
     </span>
    </p>
   </div>
   <div class='ocr_carea' id='block_1_76' title="bbox 2310 1890 3923 1967">
    <p class='ocr_par' dir='ltr' id='par_1_76' title="bbox 2310 1890 3923 1967">
     <span class='ocr_line' id='line_1_76' title="bbox 2310 1890 3923 1967; baseline 0.002 -20"><span class='ocrx_word' id='word_1_557' title='bbox 2310 1890 2617 1963; x_wconf 82' lang='lat' dir='ltr'><strong>dirigantur</strong></span> <span class='ocrx_word' id='word_1_558' title='bbox 2641 1892 2835 1948; x_wconf 85' lang='lat' dir='ltr'><strong>itinera</strong></span> <span class='ocrx_word' id='word_1_559' title='bbox 2864 1890 2984 1961; x_wconf 86' lang='lat' dir='ltr'><strong>ejus</strong></span> <span class='ocrx_word' id='word_1_560' title='bbox 3010 1891 3066 1948; x_wconf 88' lang='lat' dir='ltr'><strong>in</strong></span> <span class='ocrx_word' id='word_1_561' title='bbox 3097 1892 3309 1949; x_wconf 89' lang='lat' dir='ltr'><strong>semitis</strong></span> <span class='ocrx_word' id='word_1_562' title='bbox 3333 1893 3545 1949; x_wconf 86' lang='lat' dir='ltr'><strong>viarum</strong></span> <span class='ocrx_word' id='word_1_563' title='bbox 3575 1892 3693 1963; x_wconf 85' lang='lat' dir='ltr'><strong>Dei,</strong></span> <span class='ocrx_word' id='word_1_564' title='bbox 3719 1895 3859 1967; x_wconf 87' lang='lat' dir='ltr'><strong>quia</strong></span> <span class='ocrx_word' id='word_1_565' title='bbox 3890 1913 3923 1950; x_wconf 85' lang='lat' dir='ltr'><strong>a</strong></span> 
     </span>
    </p>
   </div>
   <div class='ocr_carea' id='block_1_77' title="bbox 2312 1982 3922 2060">
    <p class='ocr_par' dir='ltr' id='par_1_77' title="bbox 2312 1982 3922 2060">
     <span class='ocr_line' id='line_1_77' title="bbox 2312 1982 3922 2060; baseline 0.001 -19"><span class='ocrx_word' id='word_1_566' title='bbox 2312 1986 2424 2041; x_wconf 87' lang='lat' dir='ltr'><strong>Deo</strong></span> <span class='ocrx_word' id='word_1_567' title='bbox 2449 1982 2753 2058; x_wconf 87' lang='lat' dir='ltr'><strong>diriguntur</strong></span> <span class='ocrx_word' id='word_1_568' title='bbox 2777 1999 2997 2058; x_wconf 85' lang='lat' dir='ltr'><strong>gressus</strong></span> <span class='ocrx_word' id='word_1_569' title='bbox 3035 1982 3292 2053; x_wconf 89' lang='lat' dir='ltr'><strong>hominis,</strong></span> <span class='ocrx_word' id='word_1_570' title='bbox 3322 1999 3431 2042; x_wconf 86' lang='lat' dir='ltr'><strong>non</strong></span> <span class='ocrx_word' id='word_1_571' title='bbox 3460 2000 3493 2041; x_wconf 84' lang='lat' dir='ltr'><strong>a</strong></span> <span class='ocrx_word' id='word_1_572' title='bbox 3530 1986 3734 2059; x_wconf 81' lang='lat' dir='ltr'><strong>seipse,</strong></span> <span class='ocrx_word' id='word_1_573' title='bbox 3760 1988 3922 2060; x_wconf 84' lang='lat' dir='ltr'><strong>quod</strong></span> 
     </span>
    </p>
   </div>
   <div class='ocr_carea' id='block_1_78' title="bbox 2310 2075 3922 2150">
    <p class='ocr_par' dir='ltr' id='par_1_78' title="bbox 2310 2075 3922 2150">
     <span class='ocr_line' id='line_1_78' title="bbox 2310 2075 3922 2150; baseline 0.001 -17"><span class='ocrx_word' id='word_1_574' title='bbox 2310 2092 2471 2134; x_wconf 87' lang='lat' dir='ltr'><strong>nemo</strong></span> <span class='ocrx_word' id='word_1_575' title='bbox 2496 2093 2594 2148; x_wconf 91' lang='lat' dir='ltr'><strong>per</strong></span> <span class='ocrx_word' id='word_1_576' title='bbox 2620 2093 2679 2134; x_wconf 88' lang='lat' dir='ltr'><strong>se</strong></span> <span class='ocrx_word' id='word_1_577' title='bbox 2699 2075 2805 2133; x_wconf 88' lang='lat' dir='ltr'><strong>nisi</strong></span> <span class='ocrx_word' id='word_1_578' title='bbox 2831 2093 2864 2133; x_wconf 91' lang='lat' dir='ltr'><strong>a</strong></span> <span class='ocrx_word' id='word_1_579' title='bbox 2901 2078 3014 2134; x_wconf 88' lang='lat' dir='ltr'><strong>Deo</strong></span> <span class='ocrx_word' id='word_1_580' title='bbox 3043 2076 3280 2148; x_wconf 87' lang='lat' dir='ltr'><strong>adjutus,</strong></span> <span class='ocrx_word' id='word_1_581' title='bbox 3319 2085 3503 2150; x_wconf 85' lang='lat' dir='ltr'><strong>potest</strong></span> <span class='ocrx_word' id='word_1_582' title='bbox 3545 2092 3665 2136; x_wconf 86' lang='lat' dir='ltr'><strong>esse</strong></span> <span class='ocrx_word' id='word_1_583' title='bbox 3700 2088 3922 2145; x_wconf 79' lang='lat' dir='ltr'><strong>rectus,</strong></span> 
     </span>
    </p>
   </div>
   <div class='ocr_carea' id='block_1_79' title="bbox 2309 2165 3923 2242">
    <p class='ocr_par' dir='ltr' id='par_1_79' title="bbox 2309 2165 3923 2242">
     <span class='ocr_line' id='line_1_79' title="bbox 2309 2165 3923 2242; baseline -0.002 -18"><span class='ocrx_word' id='word_1_584' title='bbox 2309 2170 2453 2225; x_wconf 86' lang='lat' dir='ltr'><strong>sicut</strong></span> <span class='ocrx_word' id='word_1_585' title='bbox 2486 2169 2603 2242; x_wconf 90' lang='lat' dir='ltr'><strong>ipse</strong></span> <span class='ocrx_word' id='word_1_586' title='bbox 2626 2166 2891 2225; x_wconf 89' lang='lat' dir='ltr'><strong>Dominus</strong></span> <span class='ocrx_word' id='word_1_587' title='bbox 2929 2169 3005 2224; x_wconf 86' lang='lat' dir='ltr'><strong>ait</strong></span> <span class='ocrx_word' id='word_1_588' title='bbox 3029 2165 3308 2241; x_wconf 87' lang='lat' dir='ltr'><strong>discipulis</strong></span> <span class='ocrx_word' id='word_1_589' title='bbox 3335 2170 3488 2225; x_wconf 88' lang='lat' dir='ltr'><strong>suis:</strong></span> <span class='ocrx_word' id='word_1_590' title='bbox 3520 2166 3647 2225; x_wconf 84' lang='lat' dir='ltr'><strong>Sine</strong></span> <span class='ocrx_word' id='word_1_591' title='bbox 3667 2187 3753 2224; x_wconf 83' lang='lat' dir='ltr'><strong>me</strong></span> <span class='ocrx_word' id='word_1_592' title='bbox 3779 2168 3923 2226; x_wconf 78' lang='lat' dir='ltr'><strong>nihil</strong></span> 
     </span>
    </p>
   </div>
   <div class='ocr_carea' id='block_1_80' title="bbox 2310 2257 3927 2334">
    <p class='ocr_par' dir='ltr' id='par_1_80' title="bbox 2310 2257 3927 2334">
     <span class='ocr_line' id='line_1_80' title="bbox 2310 2257 3927 2334; baseline 0.001 -18"><span class='ocrx_word' id='word_1_593' title='bbox 2310 2261 2529 2333; x_wconf 72' lang='lat' dir='ltr'><strong>potestis</strong></span> <span class='ocrx_word' id='word_1_594' title='bbox 2550 2261 2744 2334; x_wconf 73' lang='lat' dir='ltr'><strong>facere.</strong></span> <span class='ocrx_word' id='word_1_595' title='bbox 2774 2260 2845 2317; x_wconf 84' lang='lat' dir='ltr'><strong>Et</strong></span> <span class='ocrx_word' id='word_1_596' title='bbox 2864 2257 2986 2317; x_wconf 88' lang='lat' dir='ltr'><strong>ideo</strong></span> <span class='ocrx_word' id='word_1_597' title='bbox 3009 2262 3153 2333; x_wconf 87' lang='lat' dir='ltr'><strong>quod</strong></span> <span class='ocrx_word' id='word_1_598' title='bbox 3185 2276 3217 2317; x_wconf 89' lang='lat' dir='ltr'><strong>a</strong></span> <span class='ocrx_word' id='word_1_599' title='bbox 3241 2261 3421 2332; x_wconf 90' lang='lat' dir='ltr'><strong>seipsa</strong></span> <span class='ocrx_word' id='word_1_600' title='bbox 3445 2260 3697 2334; x_wconf 82' lang='lat' dir='ltr'><strong>intelligit</strong></span> <span class='ocrx_word' id='word_1_601' title='bbox 3720 2260 3927 2318; x_wconf 81' lang='lat' dir='ltr'><strong>Eccle-</strong></span> 
     </span>
    </p>
   </div>
   <div class='ocr_carea' id='block_1_81' title="bbox 2312 2352 3926 2425">
    <p class='ocr_par' dir='ltr' id='par_1_81' title="bbox 2312 2352 3926 2425">
     <span class='ocr_line' id='line_1_81' title="bbox 2312 2352 3926 2425; baseline 0 -16"><span class='ocrx_word' id='word_1_602' title='bbox 2312 2353 2393 2410; x_wconf 87' lang='lat' dir='ltr'><strong>sia</strong></span> <span class='ocrx_word' id='word_1_603' title='bbox 2437 2366 2545 2407; x_wconf 90' lang='lat' dir='ltr'><strong>non</strong></span> <span class='ocrx_word' id='word_1_604' title='bbox 2574 2367 2737 2423; x_wconf 85' lang='lat' dir='ltr'><strong>posse</strong></span> <span class='ocrx_word' id='word_1_605' title='bbox 2768 2352 3054 2423; x_wconf 86' lang='lat' dir='ltr'><strong>perﬁcere,</strong></span> <span class='ocrx_word' id='word_1_606' title='bbox 3086 2367 3119 2407; x_wconf 90' lang='lat' dir='ltr'><strong>a</strong></span> <span class='ocrx_word' id='word_1_607' title='bbox 3146 2352 3383 2410; x_wconf 87' lang='lat' dir='ltr'><strong>Domino</strong></span> <span class='ocrx_word' id='word_1_608' title='bbox 3422 2354 3558 2411; x_wconf 87' lang='lat' dir='ltr'><strong>totis</strong></span> <span class='ocrx_word' id='word_1_609' title='bbox 3601 2354 3747 2409; x_wconf 87' lang='lat' dir='ltr'><strong>votis</strong></span> <span class='ocrx_word' id='word_1_610' title='bbox 3772 2356 3926 2425; x_wconf 87' lang='lat' dir='ltr'><strong>petit</strong></span> 
     </span>
    </p>
   </div>
   <div class='ocr_carea' id='block_1_82' title="bbox 2310 2440 3924 2520">
    <p class='ocr_par' dir='ltr' id='par_1_82' title="bbox 2310 2440 3924 2520">
     <span class='ocr_line' id='line_1_82' title="bbox 2310 2440 3924 2520; baseline 0.001 -17"><span class='ocrx_word' id='word_1_611' title='bbox 2310 2448 2547 2520; x_wconf 84' lang='lat' dir='ltr'><strong>impieri.</strong></span> <span class='ocrx_word' id='word_1_612' title='bbox 2600 2447 2744 2504; x_wconf 88' lang='lat' dir='ltr'><strong>Dicit</strong></span> <span class='ocrx_word' id='word_1_613' title='bbox 2792 2448 2957 2503; x_wconf 89' lang='lat' dir='ltr'><strong>etiam</strong></span> <span class='ocrx_word' id='word_1_614' title='bbox 3003 2440 3063 2503; x_wconf 86' lang='lat' dir='ltr'><strong>in</strong></span> <span class='ocrx_word' id='word_1_615' title='bbox 3107 2446 3524 2505; x_wconf 86' lang='lat' dir='ltr'><strong>communione:</strong></span> <span class='ocrx_word' id='word_1_616' title='bbox 3568 2447 3817 2504; x_wconf 73' lang='lat' dir='ltr'><strong>Intreibo</strong></span> <span class='ocrx_word' id='word_1_617' title='bbox 3849 2450 3924 2504; x_wconf 71' lang='lat' dir='ltr'><strong>ad</strong></span> 
     </span>
    </p>
   </div>
   <div class='ocr_carea' id='block_1_83' title="bbox 2312 2536 3927 2597">
    <p class='ocr_par' dir='ltr' id='par_1_83' title="bbox 2312 2536 3927 2597">
     <span class='ocr_line' id='line_1_83' title="bbox 2312 2536 3927 2597; baseline 0.001 -2"><span class='ocrx_word' id='word_1_618' title='bbox 2312 2540 2480 2595; x_wconf 77' lang='lat' dir='ltr'><strong>altare</strong></span> <span class='ocrx_word' id='word_1_619' title='bbox 2526 2536 2646 2594; x_wconf 82' lang='lat' dir='ltr'><strong>Dei.</strong></span> <span class='ocrx_word' id='word_1_620' title='bbox 2694 2538 2814 2595; x_wconf 86' lang='lat' dir='ltr'><strong>Jam</strong></span> <span class='ocrx_word' id='word_1_621' title='bbox 2863 2537 3070 2595; x_wconf 82' lang='lat' dir='ltr'><strong>conﬁsa</strong></span> <span class='ocrx_word' id='word_1_622' title='bbox 3113 2545 3301 2596; x_wconf 85' lang='lat' dir='ltr'><strong>sancta</strong></span> <span class='ocrx_word' id='word_1_623' title='bbox 3349 2548 3531 2596; x_wconf 89' lang='lat' dir='ltr'><strong>mater</strong></span> <span class='ocrx_word' id='word_1_624' title='bbox 3556 2539 3808 2597; x_wconf 86' lang='lat' dir='ltr'><strong>Ecclesia</strong></span> <span class='ocrx_word' id='word_1_625' title='bbox 3854 2539 3927 2597; x_wconf 81' lang='lat' dir='ltr'><strong>de</strong></span> 
     </span>
    </p>
   </div>
   <div class='ocr_carea' id='block_1_84' title="bbox 2313 2628 3921 2704">
    <p class='ocr_par' dir='ltr' id='par_1_84' title="bbox 2313 2628 3921 2704">
     <span class='ocr_line' id='line_1_84' title="bbox 2313 2628 3921 2704; baseline 0.002 -17"><span class='ocrx_word' id='word_1_626' title='bbox 2313 2628 2686 2689; x_wconf 85' lang='lat' dir='ltr'><strong>misericordia</strong></span> <span class='ocrx_word' id='word_1_627' title='bbox 2730 2633 3119 2704; x_wconf 76' lang='lat' dir='ltr'><strong>omnipatenlis</strong></span> <span class='ocrx_word' id='word_1_628' title='bbox 3151 2632 3269 2700; x_wconf 89' lang='lat' dir='ltr'><strong>Dei,</strong></span> <span class='ocrx_word' id='word_1_629' title='bbox 3312 2635 3595 2704; x_wconf 58' lang='lat' dir='ltr'><strong>praesumit</strong></span> <span class='ocrx_word' id='word_1_630' title='bbox 3640 2644 3697 2690; x_wconf 88' lang='lat' dir='ltr'><strong>et</strong></span> <span class='ocrx_word' id='word_1_631' title='bbox 3731 2634 3921 2691; x_wconf 85' lang='lat' dir='ltr'><strong>dicit:</strong></span> 
     </span>
    </p>
   </div>
   <div class='ocr_carea' id='block_1_85' title="bbox 2311 2720 3926 2796">
    <p class='ocr_par' dir='ltr' id='par_1_85' title="bbox 2311 2720 3926 2796">
     <span class='ocr_line' id='line_1_85' title="bbox 2311 2720 3926 2796; baseline 0.001 -15"><span class='ocrx_word' id='word_1_632' title='bbox 2311 2720 2553 2781; x_wconf 82' lang='lat' dir='ltr'><strong>Introibo</strong></span> <span class='ocrx_word' id='word_1_633' title='bbox 2584 2722 2655 2778; x_wconf 80' lang='lat' dir='ltr'><strong>ad</strong></span> <span class='ocrx_word' id='word_1_634' title='bbox 2694 2722 2865 2779; x_wconf 83' lang='lat' dir='ltr'><strong>altare</strong></span> <span class='ocrx_word' id='word_1_635' title='bbox 2909 2723 3028 2790; x_wconf 86' lang='lat' dir='ltr'><strong>Dei,</strong></span> <span class='ocrx_word' id='word_1_636' title='bbox 3068 2723 3123 2779; x_wconf 82' lang='lat' dir='ltr'><strong>id</strong></span> <span class='ocrx_word' id='word_1_637' title='bbox 3149 2732 3254 2791; x_wconf 82' lang='lat' dir='ltr'><strong>est,</strong></span> <span class='ocrx_word' id='word_1_638' title='bbox 3302 2723 3360 2780; x_wconf 81' lang='lat' dir='ltr'><strong>in</strong></span> <span class='ocrx_word' id='word_1_639' title='bbox 3405 2732 3699 2796; x_wconf 85' lang='lat' dir='ltr'><strong>conspectu</strong></span> <span class='ocrx_word' id='word_1_640' title='bbox 3740 2726 3926 2796; x_wconf 83' lang='lat' dir='ltr'><strong>ipsius</strong></span> 
     </span>
    </p>
   </div>
   <div class='ocr_carea' id='block_1_86' title="bbox 2312 2815 3919 2889">
    <p class='ocr_par' dir='ltr' id='par_1_86' title="bbox 2312 2815 3919 2889">
     <span class='ocr_line' id='line_1_86' title="bbox 2312 2815 3919 2889; baseline 0.001 -18"><span class='ocrx_word' id='word_1_641' title='bbox 2312 2817 2587 2887; x_wconf 86' lang='lat' dir='ltr'><strong>apparebo</strong></span> <span class='ocrx_word' id='word_1_642' title='bbox 2613 2856 2629 2882; x_wconf 90' lang='lat'><strong>,</strong></span> <span class='ocrx_word' id='word_1_643' title='bbox 2674 2822 2731 2871; x_wconf 91' lang='lat' dir='ltr'><strong>et</strong></span> <span class='ocrx_word' id='word_1_644' title='bbox 2782 2818 2849 2871; x_wconf 91' lang='lat' dir='ltr'><strong>de</strong></span> <span class='ocrx_word' id='word_1_645' title='bbox 2895 2815 3270 2874; x_wconf 87' lang='lat' dir='ltr'><strong>misericordia</strong></span> <span class='ocrx_word' id='word_1_646' title='bbox 3322 2815 3492 2887; x_wconf 87' lang='lat' dir='ltr'><strong>ipsius</strong></span> <span class='ocrx_word' id='word_1_647' title='bbox 3539 2816 3919 2889; x_wconf 79' lang='lat' dir='ltr'><strong>gloriﬁcabor.</strong></span> 
     </span>
    </p>
   </div>
   <div class='ocr_carea' id='block_1_87' title="bbox 2314 2905 3925 2982">
    <p class='ocr_par' dir='ltr' id='par_1_87' title="bbox 2314 2905 3925 2982">
     <span class='ocr_line' id='line_1_87' title="bbox 2314 2905 3925 2982; baseline 0.002 -19"><span class='ocrx_word' id='word_1_648' title='bbox 2314 2906 2595 2963; x_wconf 86' lang='lat' dir='ltr'><strong>Pertendlt</strong></span> <span class='ocrx_word' id='word_1_649' title='bbox 2639 2911 2845 2973; x_wconf 80' lang='lat' dir='ltr'><strong>autem,</strong></span> <span class='ocrx_word' id='word_1_650' title='bbox 2895 2905 3153 2975; x_wconf 82' lang='lat' dir='ltr'><strong>diximus,</strong></span> <span class='ocrx_word' id='word_1_651' title='bbox 3188 2907 3308 2965; x_wconf 64' lang='lat' dir='ltr'><strong>haec</strong></span> <span class='ocrx_word' id='word_1_652' title='bbox 3350 2908 3705 2982; x_wconf 85' lang='lat' dir='ltr'><strong>Sexagesima</strong></span> <span class='ocrx_word' id='word_1_653' title='bbox 3736 2922 3925 2982; x_wconf 84' lang='lat' dir='ltr'><strong>usque</strong></span> 
     </span>
    </p>
   </div>
   <div class='ocr_carea' id='block_1_88' title="bbox 2314 2995 3924 3074">
    <p class='ocr_par' dir='ltr' id='par_1_88' title="bbox 2314 2995 3924 3074">
     <span class='ocr_line' id='line_1_88' title="bbox 2314 2995 3924 3074; baseline 0.003 -20"><span class='ocrx_word' id='word_1_654' title='bbox 2314 2999 2383 3055; x_wconf 90' lang='lat' dir='ltr'><strong>ad</strong></span> <span class='ocrx_word' id='word_1_655' title='bbox 2402 2995 2681 3054; x_wconf 87' lang='lat' dir='ltr'><strong>Paschalis</strong></span> <span class='ocrx_word' id='word_1_656' title='bbox 2706 2995 3060 3055; x_wconf 66' lang='lat' dir='ltr'><strong>hebdomadas</strong></span> <span class='ocrx_word' id='word_1_657' title='bbox 3088 3008 3344 3071; x_wconf 85' lang='lat' dir='ltr'><strong>quartam</strong></span> <span class='ocrx_word' id='word_1_658' title='bbox 3367 2998 3585 3069; x_wconf 88' lang='lat' dir='ltr'><strong>feriam,</strong></span> <span class='ocrx_word' id='word_1_659' title='bbox 3612 3001 3739 3074; x_wconf 85' lang='lat' dir='ltr'><strong>quia</strong></span> <span class='ocrx_word' id='word_1_660' title='bbox 3762 3016 3924 3059; x_wconf 84' lang='lat' dir='ltr'><strong>sexa-</strong></span> 
     </span>
    </p>
   </div>
   <div class='ocr_carea' id='block_1_89' title="bbox 2314 3090 3920 3166">
    <p class='ocr_par' dir='ltr' id='par_1_89' title="bbox 2314 3090 3920 3166">
     <span class='ocr_line' id='line_1_89' title="bbox 2314 3090 3920 3166; baseline 0.003 -20"><span class='ocrx_word' id='word_1_661' title='bbox 2314 3091 2462 3164; x_wconf 81' lang='lat' dir='ltr'><strong>ginta</strong></span> <span class='ocrx_word' id='word_1_662' title='bbox 2501 3090 2617 3146; x_wconf 84' lang='lat' dir='ltr'><strong>dics</strong></span> <span class='ocrx_word' id='word_1_663' title='bbox 2644 3099 3031 3162; x_wconf 88' lang='lat' dir='ltr'><strong>computantur</strong></span> <span class='ocrx_word' id='word_1_664' title='bbox 3060 3091 3129 3147; x_wconf 91' lang='lat' dir='ltr'><strong>ab</strong></span> <span class='ocrx_word' id='word_1_665' title='bbox 3171 3093 3435 3150; x_wconf 89' lang='lat' dir='ltr'><strong>hodierno</strong></span> <span class='ocrx_word' id='word_1_666' title='bbox 3469 3093 3577 3162; x_wconf 90' lang='lat' dir='ltr'><strong>die,</strong></span> <span class='ocrx_word' id='word_1_667' title='bbox 3621 3110 3731 3166; x_wconf 90' lang='lat' dir='ltr'><strong>quo</strong></span> <span class='ocrx_word' id='word_1_668' title='bbox 3756 3097 3920 3152; x_wconf 89' lang='lat' dir='ltr'><strong>cani-</strong></span> 
     </span>
    </p>
   </div>
   <div class='ocr_carea' id='block_1_90' title="bbox 2317 3181 3921 3257">
    <p class='ocr_par' dir='ltr' id='par_1_90' title="bbox 2317 3181 3921 3257">
     <span class='ocr_line' id='line_1_90' title="bbox 2317 3181 3921 3257; baseline 0.002 -18"><span class='ocrx_word' id='word_1_669' title='bbox 2317 3193 2436 3239; x_wconf 86' lang='lat' dir='ltr'><strong>mus</strong></span> <span class='ocrx_word' id='word_1_670' title='bbox 2486 3182 2555 3237; x_wconf 87' lang='lat' dir='ltr'><strong>ad</strong></span> <span class='ocrx_word' id='word_1_671' title='bbox 2588 3181 2907 3238; x_wconf 85' lang='lat' dir='ltr'><strong>introitum:</strong></span> <span class='ocrx_word' id='word_1_672' title='bbox 2960 3181 3229 3256; x_wconf 72' lang='lat' dir='ltr'><strong>Exsurge,</strong></span> <span class='ocrx_word' id='word_1_673' title='bbox 3274 3198 3437 3257; x_wconf 84' lang='lat' dir='ltr'><strong>quare</strong></span> <span class='ocrx_word' id='word_1_674' title='bbox 3480 3185 3769 3251; x_wconf 82' lang='lat' dir='ltr'><strong>obdormis,</strong></span> <span class='ocrx_word' id='word_1_675' title='bbox 3804 3186 3921 3243; x_wconf 81' lang='lat' dir='ltr'><strong>Do-</strong></span> 
     </span>
    </p>
   </div>
   <div class='ocr_carea' id='block_1_91' title="bbox 2315 3270 3917 3345">
    <p class='ocr_par' dir='ltr' id='par_1_91' title="bbox 2315 3270 3917 3345">
     <span class='ocr_line' id='line_1_91' title="bbox 2315 3270 3917 3345; baseline 0.002 -16"><span class='ocrx_word' id='word_1_676' title='bbox 2315 3273 2454 3329; x_wconf 76' lang='lat' dir='ltr'><strong>mine</strong></span> <span class='ocrx_word' id='word_1_677' title='bbox 2481 3274 2506 3328; x_wconf 81' lang='lat'><strong><em>?</em></strong></span> <span class='ocrx_word' id='word_1_678' title='bbox 2531 3288 2704 3343; x_wconf 86' lang='lat' dir='ltr'><strong>usque</strong></span> <span class='ocrx_word' id='word_1_679' title='bbox 2729 3273 2797 3328; x_wconf 90' lang='lat' dir='ltr'><strong>ad</strong></span> <span class='ocrx_word' id='word_1_680' title='bbox 2835 3270 3123 3345; x_wconf 69' lang='lat' dir='ltr'><strong>prmfatum</strong></span> <span class='ocrx_word' id='word_1_681' title='bbox 3153 3274 3317 3345; x_wconf 87' lang='lat' dir='ltr'><strong>diem,</strong></span> <span class='ocrx_word' id='word_1_682' title='bbox 3362 3275 3419 3331; x_wconf 90' lang='lat' dir='ltr'><strong>in</strong></span> <span class='ocrx_word' id='word_1_683' title='bbox 3463 3289 3572 3345; x_wconf 86' lang='lat' dir='ltr'><strong>quo</strong></span> <span class='ocrx_word' id='word_1_684' title='bbox 3617 3278 3917 3335; x_wconf 82' lang='lat' dir='ltr'><strong>canimus:</strong></span> 
     </span>
    </p>
   </div>
   <div class='ocr_carea' id='block_1_92' title="bbox 2325 3362 3920 3440">
    <p class='ocr_par' dir='ltr' id='par_1_92' title="bbox 2325 3362 3920 3440">
     <span class='ocr_line' id='line_1_92' title="bbox 2325 3362 3920 3440; baseline 0.003 -19"><span class='ocrx_word' id='word_1_685' title='bbox 2325 3362 2529 3433; x_wconf 83' lang='lat' dir='ltr'><strong>Venite,</strong></span> <span class='ocrx_word' id='word_1_686' title='bbox 2553 3365 2804 3422; x_wconf 81' lang='lat' dir='ltr'><strong>benedicti</strong></span> <span class='ocrx_word' id='word_1_687' title='bbox 2827 3364 3007 3421; x_wconf 85' lang='lat' dir='ltr'><strong>Patris</strong></span> <span class='ocrx_word' id='word_1_688' title='bbox 3030 3367 3153 3421; x_wconf 88' lang='lat' dir='ltr'><strong>mei.</strong></span> <span class='ocrx_word' id='word_1_689' title='bbox 3182 3366 3335 3435; x_wconf 87' lang='lat' dir='ltr'><strong>Quod</strong></span> <span class='ocrx_word' id='word_1_690' title='bbox 3361 3383 3393 3423; x_wconf 89' lang='lat' dir='ltr'><strong>a</strong></span> <span class='ocrx_word' id='word_1_691' title='bbox 3418 3384 3616 3440; x_wconf 83' lang='lat' dir='ltr'><strong>magno</strong></span> <span class='ocrx_word' id='word_1_692' title='bbox 3642 3373 3920 3439; x_wconf 83' lang='lat' dir='ltr'><strong>mysterio</strong></span> 
     </span>
    </p>
   </div>
   <div class='ocr_carea' id='block_1_93' title="bbox 2316 3454 3917 3531">
    <p class='ocr_par' dir='ltr' id='par_1_93' title="bbox 2316 3454 3917 3531">
     <span class='ocr_line' id='line_1_93' title="bbox 2316 3454 3917 3531; baseline 0.003 -19"><span class='ocrx_word' id='word_1_693' title='bbox 2316 3469 2425 3512; x_wconf 89' lang='lat' dir='ltr'><strong>non</strong></span> <span class='ocrx_word' id='word_1_694' title='bbox 2446 3466 2624 3512; x_wconf 85' lang='lat' dir='ltr'><strong>vacat.</strong></span> <span class='ocrx_word' id='word_1_695' title='bbox 2667 3454 2806 3511; x_wconf 86' lang='lat' dir='ltr'><strong>Nam</strong></span> <span class='ocrx_word' id='word_1_696' title='bbox 2844 3458 3093 3512; x_wconf 89' lang='lat' dir='ltr'><strong>senarius</strong></span> <span class='ocrx_word' id='word_1_697' title='bbox 3121 3472 3384 3514; x_wconf 90' lang='lat' dir='ltr'><strong>numerus</strong></span> <span class='ocrx_word' id='word_1_698' title='bbox 3406 3458 3684 3531; x_wconf 87' lang='lat' dir='ltr'><strong>perfectus</strong></span> <span class='ocrx_word' id='word_1_699' title='bbox 3710 3470 3820 3526; x_wconf 88' lang='lat' dir='ltr'><strong>est,</strong></span> <span class='ocrx_word' id='word_1_700' title='bbox 3860 3472 3917 3517; x_wconf 89' lang='lat' dir='ltr'><strong>et</strong></span> 
     </span>
    </p>
   </div>
   <div class='ocr_carea' id='block_1_94' title="bbox 2316 3547 3914 3622">
    <p class='ocr_par' dir='ltr' id='par_1_94' title="bbox 2316 3547 3914 3622">
     <span class='ocr_line' id='line_1_94' title="bbox 2316 3547 3914 3622; baseline 0.002 -19"><span class='ocrx_word' id='word_1_701' title='bbox 2316 3548 2431 3603; x_wconf 83' lang='lat' dir='ltr'><strong>suis</strong></span> <span class='ocrx_word' id='word_1_702' title='bbox 2456 3547 2758 3620; x_wconf 88' lang='lat' dir='ltr'><strong>completur</strong></span> <span class='ocrx_word' id='word_1_703' title='bbox 2783 3548 3049 3618; x_wconf 90' lang='lat' dir='ltr'><strong>partibus.</strong></span> <span class='ocrx_word' id='word_1_704' title='bbox 3100 3547 3198 3603; x_wconf 91' lang='lat' dir='ltr'><strong>Est</strong></span> <span class='ocrx_word' id='word_1_705' title='bbox 3239 3549 3386 3605; x_wconf 89' lang='lat' dir='ltr'><strong>enim</strong></span> <span class='ocrx_word' id='word_1_706' title='bbox 3414 3558 3569 3605; x_wconf 89' lang='lat' dir='ltr'><strong>sexta</strong></span> <span class='ocrx_word' id='word_1_707' title='bbox 3592 3565 3723 3620; x_wconf 89' lang='lat' dir='ltr'><strong>pars</strong></span> <span class='ocrx_word' id='word_1_708' title='bbox 3764 3551 3914 3622; x_wconf 85' lang='lat' dir='ltr'><strong>ejus,</strong></span> 
     </span>
    </p>
   </div>
   <div class='ocr_carea' id='block_1_95' title="bbox 2315 3638 3915 3714">
    <p class='ocr_par' dir='ltr' id='par_1_95' title="bbox 2315 3638 3915 3714">
     <span class='ocr_line' id='line_1_95' title="bbox 2315 3638 3915 3714; baseline 0.004 -21"><span class='ocrx_word' id='word_1_709' title='bbox 2315 3654 2522 3700; x_wconf 88' lang='lat' dir='ltr'><strong>unum:</strong></span> <span class='ocrx_word' id='word_1_710' title='bbox 2554 3638 2811 3702; x_wconf 87' lang='lat' dir='ltr'><strong>secunda,</strong></span> <span class='ocrx_word' id='word_1_711' title='bbox 2843 3639 2946 3693; x_wconf 89' lang='lat' dir='ltr'><strong>tria</strong></span> <span class='ocrx_word' id='word_1_712' title='bbox 2973 3655 2987 3704; x_wconf 91' lang='lat'><strong>;</strong></span> <span class='ocrx_word' id='word_1_713' title='bbox 3040 3639 3202 3694; x_wconf 89' lang='lat' dir='ltr'><strong>tertia</strong></span> <span class='ocrx_word' id='word_1_714' title='bbox 3228 3653 3381 3706; x_wconf 88' lang='lat' dir='ltr'><strong>vero,</strong></span> <span class='ocrx_word' id='word_1_715' title='bbox 3409 3639 3535 3695; x_wconf 91' lang='lat' dir='ltr'><strong>duo.</strong></span> <span class='ocrx_word' id='word_1_716' title='bbox 3568 3640 3749 3697; x_wconf 84' lang='lat' dir='ltr'><strong>Unum</strong></span> <span class='ocrx_word' id='word_1_717' title='bbox 3774 3657 3915 3714; x_wconf 84' lang='lat' dir='ltr'><strong>ergo</strong></span> 
     </span>
    </p>
   </div>
   <div class='ocr_carea' id='block_1_96' title="bbox 2315 3730 3918 3797">
    <p class='ocr_par' dir='ltr' id='par_1_96' title="bbox 2315 3730 3918 3797">
     <span class='ocr_line' id='line_1_96' title="bbox 2315 3730 3918 3797; baseline 0.003 -11"><span class='ocrx_word' id='word_1_718' title='bbox 2315 3739 2373 3787; x_wconf 87' lang='lat' dir='ltr'><strong>et</strong></span> <span class='ocrx_word' id='word_1_719' title='bbox 2400 3730 2505 3786; x_wconf 90' lang='lat' dir='ltr'><strong>duo</strong></span> <span class='ocrx_word' id='word_1_720' title='bbox 2534 3738 2590 3785; x_wconf 89' lang='lat' dir='ltr'><strong>et</strong></span> <span class='ocrx_word' id='word_1_721' title='bbox 2611 3731 2737 3797; x_wconf 90' lang='lat' dir='ltr'><strong>tria,</strong></span> <span class='ocrx_word' id='word_1_722' title='bbox 2764 3730 2901 3786; x_wconf 91' lang='lat' dir='ltr'><strong>ﬁunt</strong></span> <span class='ocrx_word' id='word_1_723' title='bbox 2927 3745 3042 3787; x_wconf 87' lang='lat' dir='ltr'><strong>sex.</strong></span> <span class='ocrx_word' id='word_1_724' title='bbox 3088 3730 3159 3786; x_wconf 88' lang='lat' dir='ltr'><strong>Et</strong></span> <span class='ocrx_word' id='word_1_725' title='bbox 3179 3747 3281 3788; x_wconf 87' lang='lat' dir='ltr'><strong>nec</strong></span> <span class='ocrx_word' id='word_1_726' title='bbox 3324 3731 3553 3788; x_wconf 88' lang='lat' dir='ltr'><strong>inferius</strong></span> <span class='ocrx_word' id='word_1_727' title='bbox 3580 3743 3766 3788; x_wconf 87' lang='lat' dir='ltr'><strong>manet</strong></span> <span class='ocrx_word' id='word_1_728' title='bbox 3807 3750 3918 3791; x_wconf 88' lang='lat' dir='ltr'><strong>nu-</strong></span> 
     </span>
    </p>
   </div>
   <div class='ocr_carea' id='block_1_97' title="bbox 2316 3821 3911 3897">
    <p class='ocr_par' dir='ltr' id='par_1_97' title="bbox 2316 3821 3911 3897">
     <span class='ocr_line' id='line_1_97' title="bbox 2316 3821 3911 3897; baseline 0.004 -19"><span class='ocrx_word' id='word_1_729' title='bbox 2316 3836 2523 3887; x_wconf 89' lang='lat' dir='ltr'><strong>merus,</strong></span> <span class='ocrx_word' id='word_1_730' title='bbox 2545 3838 2650 3879; x_wconf 88' lang='lat' dir='ltr'><strong>nec</strong></span> <span class='ocrx_word' id='word_1_731' title='bbox 2670 3822 3092 3894; x_wconf 88' lang='lat' dir='ltr'><strong>superabundat.</strong></span> <span class='ocrx_word' id='word_1_732' title='bbox 3115 3821 3269 3892; x_wconf 83' lang='lat' dir='ltr'><strong>Quod</strong></span> <span class='ocrx_word' id='word_1_733' title='bbox 3293 3839 3418 3880; x_wconf 90' lang='lat' dir='ltr'><strong>raro</strong></span> <span class='ocrx_word' id='word_1_734' title='bbox 3440 3824 3497 3880; x_wconf 92' lang='lat' dir='ltr'><strong>in</strong></span> <span class='ocrx_word' id='word_1_735' title='bbox 3520 3824 3643 3882; x_wconf 86' lang='lat' dir='ltr'><strong>aliis</strong></span> <span class='ocrx_word' id='word_1_736' title='bbox 3667 3841 3911 3897; x_wconf 83' lang='lat' dir='ltr'><strong>unquam</strong></span> 
     </span>
    </p>
   </div>
   <div class='ocr_carea' id='block_1_98' title="bbox 2318 3916 3911 3988">
    <p class='ocr_par' dir='ltr' id='par_1_98' title="bbox 2318 3916 3911 3988">
     <span class='ocr_line' id='line_1_98' title="bbox 2318 3916 3911 3988; baseline 0.003 -17"><span class='ocrx_word' id='word_1_737' title='bbox 2318 3916 2559 3973; x_wconf 66' lang='lat' dir='ltr'><strong>muneris</strong></span> <span class='ocrx_word' id='word_1_738' title='bbox 2588 3916 2877 3988; x_wconf 88' lang='lat' dir='ltr'><strong>reperitur.</strong></span> <span class='ocrx_word' id='word_1_739' title='bbox 2925 3916 3120 3974; x_wconf 90' lang='lat' dir='ltr'><strong>Decies</strong></span> <span class='ocrx_word' id='word_1_740' title='bbox 3162 3924 3346 3973; x_wconf 89' lang='lat' dir='ltr'><strong>autem</strong></span> <span class='ocrx_word' id='word_1_741' title='bbox 3392 3918 3533 3986; x_wconf 88' lang='lat' dir='ltr'><strong>seni,</strong></span> <span class='ocrx_word' id='word_1_742' title='bbox 3566 3918 3682 3973; x_wconf 85' lang='lat' dir='ltr'><strong>sive</strong></span> <span class='ocrx_word' id='word_1_743' title='bbox 3726 3921 3911 3976; x_wconf 83' lang='lat' dir='ltr'><strong>sexies</strong></span> 
     </span>
    </p>
   </div>
   <div class='ocr_carea' id='block_1_99' title="bbox 2316 4007 3906 4080">
    <p class='ocr_par' dir='ltr' id='par_1_99' title="bbox 2316 4007 3906 4080">
     <span class='ocr_line' id='line_1_99' title="bbox 2316 4007 3906 4080; baseline 0.001 -16"><span class='ocrx_word' id='word_1_744' title='bbox 2316 4008 2463 4074; x_wconf 83' lang='lat' dir='ltr'><strong>deni,</strong></span> <span class='ocrx_word' id='word_1_745' title='bbox 2486 4008 2771 4080; x_wconf 84' lang='lat' dir='ltr'><strong>sexaginta</strong></span> <span class='ocrx_word' id='word_1_746' title='bbox 2798 4008 2951 4063; x_wconf 83' lang='lat' dir='ltr'><strong>ﬁunt.</strong></span> <span class='ocrx_word' id='word_1_747' title='bbox 2994 4007 3063 4063; x_wconf 84' lang='lat' dir='ltr'><strong>Et</strong></span> <span class='ocrx_word' id='word_1_748' title='bbox 3087 4007 3207 4064; x_wconf 91' lang='lat' dir='ltr'><strong>ideo</strong></span> <span class='ocrx_word' id='word_1_749' title='bbox 3236 4010 3600 4080; x_wconf 80' lang='lat' dir='ltr'><strong>sexagesimus</strong></span> <span class='ocrx_word' id='word_1_750' title='bbox 3623 4026 3906 4077; x_wconf 86' lang='lat' dir='ltr'><strong>numerus,</strong></span> 
     </span>
    </p>
   </div>
   <div class='ocr_carea' id='block_1_100' title="bbox 2318 4097 3904 4173">
    <p class='ocr_par' dir='ltr' id='par_1_100' title="bbox 2318 4097 3904 4173">
     <span class='ocr_line' id='line_1_100' title="bbox 2318 4097 3904 4173; baseline 0.001 -17"><span class='ocrx_word' id='word_1_751' title='bbox 2318 4101 2459 4156; x_wconf 90' lang='lat' dir='ltr'><strong>sicut</strong></span> <span class='ocrx_word' id='word_1_752' title='bbox 2487 4106 2542 4156; x_wconf 88' lang='lat' dir='ltr'><strong>et</strong></span> <span class='ocrx_word' id='word_1_753' title='bbox 2575 4100 2847 4161; x_wconf 87' lang='lat' dir='ltr'><strong>senarius,</strong></span> <span class='ocrx_word' id='word_1_754' title='bbox 2890 4097 3279 4171; x_wconf 86' lang='lat' dir='ltr'><strong>perfectionem</strong></span> <span class='ocrx_word' id='word_1_755' title='bbox 3322 4100 3447 4157; x_wconf 91' lang='lat' dir='ltr'><strong>boni</strong></span> <span class='ocrx_word' id='word_1_756' title='bbox 3491 4102 3670 4172; x_wconf 73' lang='lat' dir='ltr'><strong>operis</strong></span> <span class='ocrx_word' id='word_1_757' title='bbox 3700 4103 3904 4173; x_wconf 85' lang='lat' dir='ltr'><strong>signat.</strong></span> 
     </span>
    </p>
   </div>
   <div class='ocr_carea' id='block_1_101' title="bbox 2320 4189 3906 4261">
    <p class='ocr_par' dir='ltr' id='par_1_101' title="bbox 2320 4189 3906 4261">
     <span class='ocr_line' id='line_1_101' title="bbox 2320 4189 3906 4261; baseline 0.003 -16"><span class='ocrx_word' id='word_1_758' title='bbox 2320 4190 2429 4245; x_wconf 89' lang='lat' dir='ltr'><strong>Sex</strong></span> <span class='ocrx_word' id='word_1_759' title='bbox 2453 4190 2601 4245; x_wconf 89' lang='lat' dir='ltr'><strong>enim</strong></span> <span class='ocrx_word' id='word_1_760' title='bbox 2630 4197 2756 4245; x_wconf 90' lang='lat' dir='ltr'><strong>sunt</strong></span> <span class='ocrx_word' id='word_1_761' title='bbox 2781 4190 2918 4255; x_wconf 90' lang='lat' dir='ltr'><strong>dies,</strong></span> <span class='ocrx_word' id='word_1_762' title='bbox 2943 4189 2999 4243; x_wconf 89' lang='lat' dir='ltr'><strong>in</strong></span> <span class='ocrx_word' id='word_1_763' title='bbox 3028 4191 3225 4260; x_wconf 89' lang='lat' dir='ltr'><strong>quibus</strong></span> <span class='ocrx_word' id='word_1_764' title='bbox 3247 4200 3465 4261; x_wconf 91' lang='lat' dir='ltr'><strong>oportet</strong></span> <span class='ocrx_word' id='word_1_765' title='bbox 3487 4191 3723 4261; x_wconf 86' lang='lat' dir='ltr'><strong>operari.</strong></span> <span class='ocrx_word' id='word_1_766' title='bbox 3755 4192 3825 4247; x_wconf 82' lang='lat' dir='ltr'><strong>Et</strong></span> <span class='ocrx_word' id='word_1_767' title='bbox 3852 4194 3906 4249; x_wconf 90' lang='lat' dir='ltr'><strong>in</strong></span> 
     </span>
    </p>
   </div>
   <div class='ocr_carea' id='block_1_102' title="bbox 2317 4284 3909 4356">
    <p class='ocr_par' dir='ltr' id='par_1_102' title="bbox 2317 4284 3909 4356">
     <span class='ocr_line' id='line_1_102' title="bbox 2317 4284 3909 4356; baseline 0.002 -16"><span class='ocrx_word' id='word_1_768' title='bbox 2317 4301 2409 4341; x_wconf 86' lang='lat' dir='ltr'><strong>sex</strong></span> <span class='ocrx_word' id='word_1_769' title='bbox 2441 4284 2631 4340; x_wconf 90' lang='lat' dir='ltr'><strong>diebus</strong></span> <span class='ocrx_word' id='word_1_770' title='bbox 2654 4300 2871 4339; x_wconf 91' lang='lat' dir='ltr'><strong>omnem</strong></span> <span class='ocrx_word' id='word_1_771' title='bbox 2906 4300 3126 4340; x_wconf 88' lang='lat' dir='ltr'><strong>cursum</strong></span> <span class='ocrx_word' id='word_1_772' title='bbox 3170 4293 3372 4339; x_wconf 76' lang='lat' dir='ltr'><strong>nostra:</strong></span> <span class='ocrx_word' id='word_1_773' title='bbox 3393 4284 3551 4340; x_wconf 69' lang='lat' dir='ltr'><strong>bona:</strong></span> <span class='ocrx_word' id='word_1_774' title='bbox 3572 4286 3909 4356; x_wconf 83' lang='lat' dir='ltr'><strong>operationis</strong></span> 
     </span>
    </p>
   </div>
   <div class='ocr_carea' id='block_1_103' title="bbox 2317 4372 3909 4445">
    <p class='ocr_par' dir='ltr' id='par_1_103' title="bbox 2317 4372 3909 4445">
     <span class='ocr_line' id='line_1_103' title="bbox 2317 4372 3909 4445; baseline 0.003 -17"><span class='ocrx_word' id='word_1_775' title='bbox 2317 4372 2663 4445; x_wconf 90' lang='lat' dir='ltr'><strong>perfecimus.</strong></span> <span class='ocrx_word' id='word_1_776' title='bbox 2711 4372 2771 4428; x_wconf 86' lang='lat' dir='ltr'><strong>in</strong></span> <span class='ocrx_word' id='word_1_777' title='bbox 2807 4388 2905 4429; x_wconf 88' lang='lat' dir='ltr'><strong>sex</strong></span> <span class='ocrx_word' id='word_1_778' title='bbox 2928 4374 3075 4429; x_wconf 87' lang='lat' dir='ltr'><strong>enim</strong></span> <span class='ocrx_word' id='word_1_779' title='bbox 3104 4374 3294 4429; x_wconf 85' lang='lat' dir='ltr'><strong>diebus</strong></span> <span class='ocrx_word' id='word_1_780' title='bbox 3334 4389 3499 4445; x_wconf 88' lang='lat' dir='ltr'><strong>opera</strong></span> <span class='ocrx_word' id='word_1_781' title='bbox 3539 4390 3637 4431; x_wconf 89' lang='lat' dir='ltr'><strong>sua</strong></span> <span class='ocrx_word' id='word_1_782' title='bbox 3677 4375 3909 4445; x_wconf 87' lang='lat' dir='ltr'><strong>perfecit</strong></span> 
     </span>
    </p>
   </div>
   <div class='ocr_carea' id='block_1_104' title="bbox 2318 4465 3906 4543">
    <p class='ocr_par' dir='ltr' id='par_1_104' title="bbox 2318 4465 3906 4543">
     <span class='ocr_line' id='line_1_104' title="bbox 2318 4465 3906 4543; baseline 0.003 -23"><span class='ocrx_word' id='word_1_783' title='bbox 2318 4465 2483 4532; x_wconf 90' lang='lat' dir='ltr'><strong>Deus,</strong></span> <span class='ocrx_word' id='word_1_784' title='bbox 2511 4475 2565 4519; x_wconf 91' lang='lat' dir='ltr'><strong>et</strong></span> <span class='ocrx_word' id='word_1_785' title='bbox 2596 4467 2650 4520; x_wconf 91' lang='lat' dir='ltr'><strong>in</strong></span> <span class='ocrx_word' id='word_1_786' title='bbox 2692 4475 2846 4520; x_wconf 90' lang='lat' dir='ltr'><strong>sexta</strong></span> <span class='ocrx_word' id='word_1_787' title='bbox 2873 4474 3034 4521; x_wconf 67' lang='lat' dir='ltr'><strong>aetate</strong></span> <span class='ocrx_word' id='word_1_788' title='bbox 3063 4480 3159 4539; x_wconf 82' lang='lat' dir='ltr'><strong>per</strong></span> <span class='ocrx_word' id='word_1_789' title='bbox 3188 4468 3425 4538; x_wconf 89' lang='lat' dir='ltr'><strong>seipsum</strong></span> <span class='ocrx_word' id='word_1_790' title='bbox 3448 4467 3675 4525; x_wconf 83' lang='lat' dir='ltr'><strong>visitare</strong></span> <span class='ocrx_word' id='word_1_791' title='bbox 3714 4468 3906 4543; x_wconf 84' lang='lat' dir='ltr'><strong>digna-</strong></span> 
     </span>
    </p>
   </div>
   <div class='ocr_carea' id='block_1_105' title="bbox 2314 4557 3903 4631">
    <p class='ocr_par' dir='ltr' id='par_1_105' title="bbox 2314 4557 3903 4631">
     <span class='ocr_line' id='line_1_105' title="bbox 2314 4557 3903 4631; baseline 0.003 -18"><span class='ocrx_word' id='word_1_792' title='bbox 2314 4566 2403 4613; x_wconf 87' lang='lat' dir='ltr'><strong>tus</strong></span> <span class='ocrx_word' id='word_1_793' title='bbox 2446 4564 2532 4613; x_wconf 89' lang='lat' dir='ltr'><strong>est</strong></span> <span class='ocrx_word' id='word_1_794' title='bbox 2571 4557 2856 4624; x_wconf 88' lang='lat' dir='ltr'><strong>mundum,</strong></span> <span class='ocrx_word' id='word_1_795' title='bbox 2903 4566 2961 4613; x_wconf 90' lang='lat' dir='ltr'><strong>et</strong></span> <span class='ocrx_word' id='word_1_796' title='bbox 3001 4558 3277 4614; x_wconf 89' lang='lat' dir='ltr'><strong>hominem</strong></span> <span class='ocrx_word' id='word_1_797' title='bbox 3329 4557 3539 4628; x_wconf 88' lang='lat' dir='ltr'><strong>lapsum</strong></span> <span class='ocrx_word' id='word_1_798' title='bbox 3585 4574 3617 4614; x_wconf 86' lang='lat' dir='ltr'><strong>a</strong></span> <span class='ocrx_word' id='word_1_799' title='bbox 3664 4561 3903 4631; x_wconf 82' lang='lat' dir='ltr'><strong>paradisi</strong></span> 
     </span>
    </p>
   </div>
   <div class='ocr_carea' id='block_1_106' title="bbox 2316 4648 3906 4724">
    <p class='ocr_par' dir='ltr' id='par_1_106' title="bbox 2316 4648 3906 4724">
     <span class='ocr_line' id='line_1_106' title="bbox 2316 4648 3906 4724; baseline 0.003 -20"><span class='ocrx_word' id='word_1_800' title='bbox 2316 4650 2661 4715; x_wconf 72' lang='lat' dir='ltr'><strong>ammnitate,</strong></span> <span class='ocrx_word' id='word_1_801' title='bbox 2716 4658 2772 4705; x_wconf 89' lang='lat' dir='ltr'><strong>et</strong></span> <span class='ocrx_word' id='word_1_802' title='bbox 2820 4649 3019 4705; x_wconf 88' lang='lat' dir='ltr'><strong>diaboli</strong></span> <span class='ocrx_word' id='word_1_803' title='bbox 3066 4648 3257 4706; x_wconf 87' lang='lat' dir='ltr'><strong>fraude</strong></span> <span class='ocrx_word' id='word_1_804' title='bbox 3304 4650 3587 4720; x_wconf 88' lang='lat' dir='ltr'><strong>deceptum</strong></span> <span class='ocrx_word' id='word_1_805' title='bbox 3614 4692 3629 4717; x_wconf 93' lang='lat'><strong>,</strong></span> <span class='ocrx_word' id='word_1_806' title='bbox 3684 4654 3906 4724; x_wconf 91' lang='lat' dir='ltr'><strong>proprio</strong></span> 
     </span>
    </p>
   </div>
   <div class='ocr_carea' id='block_1_107' title="bbox 2313 4741 3903 4815">
    <p class='ocr_par' dir='ltr' id='par_1_107' title="bbox 2313 4741 3903 4815">
     <span class='ocr_line' id='line_1_107' title="bbox 2313 4741 3903 4815; baseline 0.003 -19"><span class='ocrx_word' id='word_1_807' title='bbox 2313 4754 2511 4798; x_wconf 89' lang='lat' dir='ltr'><strong>cruore</strong></span> <span class='ocrx_word' id='word_1_808' title='bbox 2556 4741 2842 4799; x_wconf 89' lang='lat' dir='ltr'><strong>redimere.</strong></span> <span class='ocrx_word' id='word_1_809' title='bbox 2893 4743 2970 4798; x_wconf 90' lang='lat' dir='ltr'><strong>De</strong></span> <span class='ocrx_word' id='word_1_810' title='bbox 3014 4743 3116 4799; x_wconf 90' lang='lat' dir='ltr'><strong>hoc</strong></span> <span class='ocrx_word' id='word_1_811' title='bbox 3154 4742 3370 4799; x_wconf 89' lang='lat' dir='ltr'><strong>senario</strong></span> <span class='ocrx_word' id='word_1_812' title='bbox 3402 4757 3631 4799; x_wconf 88' lang='lat' dir='ltr'><strong>numero</strong></span> <span class='ocrx_word' id='word_1_813' title='bbox 3674 4742 3903 4815; x_wconf 83' lang='lat' dir='ltr'><strong>loquens</strong></span> 
     </span>
    </p>
   </div>
   <div class='ocr_carea' id='block_1_108' title="bbox 2312 4833 3900 4906">
    <p class='ocr_par' dir='ltr' id='par_1_108' title="bbox 2312 4833 3900 4906">
     <span class='ocr_line' id='line_1_108' title="bbox 2312 4833 3900 4906; baseline 0.001 -16"><span class='ocrx_word' id='word_1_814' title='bbox 2312 4834 2506 4890; x_wconf 88' lang='lat' dir='ltr'><strong>beatus</strong></span> <span class='ocrx_word' id='word_1_815' title='bbox 2526 4833 2878 4906; x_wconf 82' lang='lat' dir='ltr'><strong>Augustinus,</strong></span> <span class='ocrx_word' id='word_1_816' title='bbox 2910 4841 2967 4889; x_wconf 91' lang='lat' dir='ltr'><strong>et</strong></span> <span class='ocrx_word' id='word_1_817' title='bbox 2993 4834 3060 4890; x_wconf 90' lang='lat' dir='ltr'><strong>de</strong></span> <span class='ocrx_word' id='word_1_818' title='bbox 3088 4833 3208 4905; x_wconf 83' lang='lat' dir='ltr'><strong>ejus</strong></span> <span class='ocrx_word' id='word_1_819' title='bbox 3232 4833 3563 4905; x_wconf 88' lang='lat' dir='ltr'><strong>perfectione</strong></span> <span class='ocrx_word' id='word_1_820' title='bbox 3583 4834 3639 4891; x_wconf 89' lang='lat' dir='ltr'><strong>in</strong></span> <span class='ocrx_word' id='word_1_821' title='bbox 3664 4836 3900 4906; x_wconf 85' lang='lat' dir='ltr'><strong>quodam</strong></span> 
     </span>
    </p>
   </div>
   <div class='ocr_carea' id='block_1_109' title="bbox 2314 4925 3895 4997">
    <p class='ocr_par' dir='ltr' id='par_1_109' title="bbox 2314 4925 3895 4997">
     <span class='ocr_line' id='line_1_109' title="bbox 2314 4925 3895 4997; baseline -0.001 -14"><span class='ocrx_word' id='word_1_822' title='bbox 2314 4928 2436 4983; x_wconf 86' lang='lat' dir='ltr'><strong>loco</strong></span> <span class='ocrx_word' id='word_1_823' title='bbox 2462 4926 2617 4993; x_wconf 88' lang='lat' dir='ltr'><strong>dicit,</strong></span> <span class='ocrx_word' id='word_1_824' title='bbox 2652 4945 2671 4978; x_wconf 74' lang='grc' dir='ltr'>ι</span> <span class='ocrx_word' id='word_1_825' title='bbox 2706 4927 2737 4968; x_wconf 76' lang='grc' dir='ltr'><strong>ιι</strong></span> <span class='ocrx_word' id='word_1_826' title='bbox 2764 4925 2909 4997; x_wconf 89' lang='lat' dir='ltr'><strong>quod</strong></span> <span class='ocrx_word' id='word_1_827' title='bbox 2950 4941 3057 4982; x_wconf 87' lang='lat' dir='ltr'><strong>non</strong></span> <span class='ocrx_word' id='word_1_828' title='bbox 3082 4926 3207 4981; x_wconf 91' lang='lat' dir='ltr'><strong>ideo</strong></span> <span class='ocrx_word' id='word_1_829' title='bbox 3234 4927 3481 4982; x_wconf 88' lang='lat' dir='ltr'><strong>senarius</strong></span> <span class='ocrx_word' id='word_1_830' title='bbox 3499 4936 3584 4982; x_wconf 87' lang='lat' dir='ltr'><strong>est</strong></span> <span class='ocrx_word' id='word_1_831' title='bbox 3607 4926 3895 4997; x_wconf 79' lang='lat' dir='ltr'><strong>perfectus,</strong></span> 
     </span>
    </p>
   </div>
   <div class='ocr_carea' id='block_1_110' title="bbox 2312 5016 3901 5089">
    <p class='ocr_par' dir='ltr' id='par_1_110' title="bbox 2312 5016 3901 5089">
     <span class='ocr_line' id='line_1_110' title="bbox 2312 5016 3901 5089; baseline 0.001 -16"><span class='ocrx_word' id='word_1_832' title='bbox 2312 5018 2439 5088; x_wconf 89' lang='lat' dir='ltr'><strong>quia</strong></span> <span class='ocrx_word' id='word_1_833' title='bbox 2466 5018 2521 5071; x_wconf 92' lang='lat' dir='ltr'><strong>in</strong></span> <span class='ocrx_word' id='word_1_834' title='bbox 2549 5032 2615 5073; x_wconf 91' lang='lat' dir='ltr'><strong>eo</strong></span> <span class='ocrx_word' id='word_1_835' title='bbox 2640 5016 2867 5087; x_wconf 87' lang='lat' dir='ltr'><strong>perfecit</strong></span> <span class='ocrx_word' id='word_1_836' title='bbox 2901 5016 3044 5072; x_wconf 88' lang='lat' dir='ltr'><strong>Deus</strong></span> <span class='ocrx_word' id='word_1_837' title='bbox 3079 5017 3262 5072; x_wconf 90' lang='lat' dir='ltr'><strong>omnia</strong></span> <span class='ocrx_word' id='word_1_838' title='bbox 3288 5028 3453 5087; x_wconf 85' lang='lat' dir='ltr'><strong>opera</strong></span> <span class='ocrx_word' id='word_1_839' title='bbox 3479 5032 3596 5082; x_wconf 89' lang='lat' dir='ltr'><strong>sua,</strong></span> <span class='ocrx_word' id='word_1_840' title='bbox 3648 5018 3745 5074; x_wconf 87' lang='lat' dir='ltr'><strong>sed</strong></span> <span class='ocrx_word' id='word_1_841' title='bbox 3772 5019 3901 5089; x_wconf 87' lang='lat' dir='ltr'><strong>quia</strong></span> 
     </span>
    </p>
   </div>
   <div class='ocr_carea' id='block_1_111' title="bbox 2312 5107 3898 5178">
    <p class='ocr_par' dir='ltr' id='par_1_111' title="bbox 2312 5107 3898 5178">
     <span class='ocr_line' id='line_1_111' title="bbox 2312 5107 3898 5178; baseline 0.003 -16"><span class='ocrx_word' id='word_1_842' title='bbox 2312 5108 2561 5163; x_wconf 87' lang='lat' dir='ltr'><strong>senarius</strong></span> <span class='ocrx_word' id='word_1_843' title='bbox 2604 5122 2865 5162; x_wconf 90' lang='lat' dir='ltr'><strong>numerus</strong></span> <span class='ocrx_word' id='word_1_844' title='bbox 2907 5115 3026 5163; x_wconf 87' lang='lat' dir='ltr'><strong>erat</strong></span> <span class='ocrx_word' id='word_1_845' title='bbox 3052 5107 3359 5178; x_wconf 87' lang='lat' dir='ltr'><strong>perfectus,</strong></span> <span class='ocrx_word' id='word_1_846' title='bbox 3392 5108 3515 5164; x_wconf 90' lang='lat' dir='ltr'><strong>ideo</strong></span> <span class='ocrx_word' id='word_1_847' title='bbox 3560 5110 3617 5164; x_wconf 87' lang='lat' dir='ltr'><strong>in</strong></span> <span class='ocrx_word' id='word_1_848' title='bbox 3659 5124 3728 5166; x_wconf 87' lang='lat' dir='ltr'><strong>eo</strong></span> <span class='ocrx_word' id='word_1_849' title='bbox 3754 5109 3898 5167; x_wconf 89' lang='lat' dir='ltr'><strong>Deus</strong></span> 
     </span>
    </p>
   </div>
   <div class='ocr_carea' id='block_1_112' title="bbox 2311 5197 3900 5271">
    <p class='ocr_par' dir='ltr' id='par_1_112' title="bbox 2311 5197 3900 5271">
     <span class='ocr_line' id='line_1_112' title="bbox 2311 5197 3900 5271; baseline 0.003 -18"><span class='ocrx_word' id='word_1_850' title='bbox 2311 5214 2478 5269; x_wconf 88' lang='lat' dir='ltr'><strong>opera</strong></span> <span class='ocrx_word' id='word_1_851' title='bbox 2508 5212 2603 5252; x_wconf 92' lang='lat' dir='ltr'><strong>sua</strong></span> <span class='ocrx_word' id='word_1_852' title='bbox 2630 5197 2896 5267; x_wconf 86' lang='lat' dir='ltr'><strong>perﬁcere</strong></span> <span class='ocrx_word' id='word_1_853' title='bbox 2940 5198 3192 5270; x_wconf 89' lang='lat' dir='ltr'><strong>dignatus</strong></span> <span class='ocrx_word' id='word_1_854' title='bbox 3218 5208 3320 5255; x_wconf 88' lang='lat' dir='ltr'><strong>est.</strong></span> <span class='ocrx_word' id='word_1_855' title='bbox 3359 5220 3379 5253; x_wconf 84' lang='grc'><strong>›</strong></span> <span class='ocrx_word' id='word_1_856' title='bbox 3431 5198 3770 5271; x_wconf 87' lang='lat' dir='ltr'><strong>Quapropter</strong></span> <span class='ocrx_word' id='word_1_857' title='bbox 3804 5218 3900 5258; x_wconf 88' lang='lat' dir='ltr'><strong>ne-</strong></span> 
     </span>
    </p>
   </div>
   <div class='ocr_carea' id='block_1_113' title="bbox 2316 5289 3896 5361">
    <p class='ocr_par' dir='ltr' id='par_1_113' title="bbox 2316 5289 3896 5361">
     <span class='ocr_line' id='line_1_113' title="bbox 2316 5289 3896 5361; baseline 0.001 -16"><span class='ocrx_word' id='word_1_858' title='bbox 2316 5304 2467 5345; x_wconf 84' lang='lat' dir='ltr'><strong>cesse</strong></span> <span class='ocrx_word' id='word_1_859' title='bbox 2489 5296 2572 5345; x_wconf 89' lang='lat' dir='ltr'><strong>est</strong></span> <span class='ocrx_word' id='word_1_860' title='bbox 2602 5297 2663 5343; x_wconf 86' lang='lat' dir='ltr'><strong>ut</strong></span> <span class='ocrx_word' id='word_1_861' title='bbox 2690 5290 2746 5344; x_wconf 90' lang='lat' dir='ltr'><strong>in</strong></span> <span class='ocrx_word' id='word_1_862' title='bbox 2770 5290 2873 5345; x_wconf 91' lang='lat' dir='ltr'><strong>hac</strong></span> <span class='ocrx_word' id='word_1_863' title='bbox 2904 5289 3251 5360; x_wconf 86' lang='lat' dir='ltr'><strong>Sexagesima</strong></span> <span class='ocrx_word' id='word_1_864' title='bbox 3277 5290 3435 5353; x_wconf 81' lang='lat' dir='ltr'><strong>bonis</strong></span> <span class='ocrx_word' id='word_1_865' title='bbox 3457 5290 3710 5361; x_wconf 87' lang='lat' dir='ltr'><strong>operibus</strong></span> <span class='ocrx_word' id='word_1_866' title='bbox 3733 5291 3896 5347; x_wconf 84' lang='lat' dir='ltr'><strong>dediti</strong></span> 
     </span>
    </p>
   </div>
   <div class='ocr_carea' id='block_1_114' title="bbox 2315 5378 3901 5451">
    <p class='ocr_par' dir='ltr' id='par_1_114' title="bbox 2315 5378 3901 5451">
     <span class='ocr_line' id='line_1_114' title="bbox 2315 5378 3901 5451; baseline 0.002 -17"><span class='ocrx_word' id='word_1_867' title='bbox 2315 5381 2509 5446; x_wconf 89' lang='lat' dir='ltr'><strong>simus,</strong></span> <span class='ocrx_word' id='word_1_868' title='bbox 2557 5388 2615 5435; x_wconf 89' lang='lat' dir='ltr'><strong>et</strong></span> <span class='ocrx_word' id='word_1_869' title='bbox 2652 5394 2777 5435; x_wconf 89' lang='lat' dir='ltr'><strong>cum</strong></span> <span class='ocrx_word' id='word_1_870' title='bbox 2806 5380 2903 5436; x_wconf 91' lang='lat' dir='ltr'><strong>Dei</strong></span> <span class='ocrx_word' id='word_1_871' title='bbox 2932 5381 3200 5451; x_wconf 87' lang='lat' dir='ltr'><strong>adjutorio</strong></span> <span class='ocrx_word' id='word_1_872' title='bbox 3240 5382 3296 5436; x_wconf 89' lang='lat' dir='ltr'><strong>in</strong></span> <span class='ocrx_word' id='word_1_873' title='bbox 3337 5380 3558 5451; x_wconf 87' lang='lat' dir='ltr'><strong>vigiliis,</strong></span> <span class='ocrx_word' id='word_1_874' title='bbox 3600 5378 3820 5451; x_wconf 66' lang='lat' dir='ltr'><strong>ieiuniis</strong></span> <span class='ocrx_word' id='word_1_875' title='bbox 3842 5391 3901 5437; x_wconf 85' lang='lat' dir='ltr'><strong>et</strong></span> 
     </span>
    </p>
   </div>
   <div class='ocr_carea' id='block_1_115' title="bbox 2314 5471 3897 5545">
    <p class='ocr_par' dir='ltr' id='par_1_115' title="bbox 2314 5471 3897 5545">
     <span class='ocr_line' id='line_1_115' title="bbox 2314 5471 3897 5545; baseline 0.003 -21"><span class='ocrx_word' id='word_1_876' title='bbox 2314 5471 2672 5536; x_wconf 88' lang='lat' dir='ltr'><strong>orationibus,</strong></span> <span class='ocrx_word' id='word_1_877' title='bbox 2719 5473 3039 5544; x_wconf 57' lang='lat' dir='ltr'><strong>exterisque</strong></span> <span class='ocrx_word' id='word_1_878' title='bbox 3074 5476 3232 5529; x_wconf 83' lang='lat' dir='ltr'><strong>bonis</strong></span> <span class='ocrx_word' id='word_1_879' title='bbox 3256 5474 3513 5545; x_wconf 81' lang='lat' dir='ltr'><strong>aperibus</strong></span> <span class='ocrx_word' id='word_1_880' title='bbox 3542 5482 3784 5529; x_wconf 86' lang='lat' dir='ltr'><strong>nostram</strong></span> <span class='ocrx_word' id='word_1_881' title='bbox 3812 5487 3897 5529; x_wconf 85' lang='lat' dir='ltr'><strong>sa-</strong></span> 
     </span>
    </p>
   </div>
   <div class='ocr_carea' id='block_1_116' title="bbox 2313 5564 3895 5640">
    <p class='ocr_par' dir='ltr' id='par_1_116' title="bbox 2313 5564 3895 5640">
     <span class='ocr_line' id='line_1_116' title="bbox 2313 5564 3895 5640; baseline 0.003 -22"><span class='ocrx_word' id='word_1_882' title='bbox 2313 5564 2479 5621; x_wconf 86' lang='lat' dir='ltr'><strong>lutem</strong></span> <span class='ocrx_word' id='word_1_883' title='bbox 2524 5565 2739 5636; x_wconf 85' lang='lat' dir='ltr'><strong>operari</strong></span> <span class='ocrx_word' id='word_1_884' title='bbox 2780 5566 3130 5624; x_wconf 87' lang='lat' dir='ltr'><strong>studeamus:</strong></span> <span class='ocrx_word' id='word_1_885' title='bbox 3164 5568 3325 5638; x_wconf 88' lang='lat' dir='ltr'><strong>quia,</strong></span> <span class='ocrx_word' id='word_1_886' title='bbox 3371 5568 3465 5640; x_wconf 86' lang='lat' dir='ltr'><strong>qui</strong></span> <span class='ocrx_word' id='word_1_887' title='bbox 3510 5578 3608 5640; x_wconf 86' lang='lat' dir='ltr'><strong>per</strong></span> <span class='ocrx_word' id='word_1_888' title='bbox 3652 5578 3749 5623; x_wconf 86' lang='lat' dir='ltr'><strong>sex</strong></span> <span class='ocrx_word' id='word_1_889' title='bbox 3782 5566 3895 5623; x_wconf 81' lang='lat' dir='ltr'><strong>dies</strong></span> 
     </span>
    </p>
   </div>
   <div class='ocr_carea' id='block_1_117' title="bbox 2315 5654 3887 5725">
    <p class='ocr_par' dir='ltr' id='par_1_117' title="bbox 2315 5654 3887 5725">
     <span class='ocr_line' id='line_1_117' title="bbox 2315 5654 3887 5725; baseline 0.001 -17"><span class='ocrx_word' id='word_1_890' title='bbox 2315 5654 2470 5709; x_wconf 80' lang='lat' dir='ltr'><strong>bona:</strong></span> <span class='ocrx_word' id='word_1_891' title='bbox 2494 5655 2846 5725; x_wconf 88' lang='lat' dir='ltr'><strong>operationis,</strong></span> <span class='ocrx_word' id='word_1_892' title='bbox 2868 5659 3149 5725; x_wconf 65' lang='lat' dir='ltr'><strong>praesentis</strong></span> <span class='ocrx_word' id='word_1_893' title='bbox 3165 5658 3291 5714; x_wconf 68' lang='lat' dir='ltr'><strong>vitae</strong></span> <span class='ocrx_word' id='word_1_894' title='bbox 3314 5670 3534 5715; x_wconf 83' lang='lat' dir='ltr'><strong>cursum</strong></span> <span class='ocrx_word' id='word_1_895' title='bbox 3561 5655 3887 5721; x_wconf 79' lang='lat' dir='ltr'><strong>transierint,</strong></span> 
     </span>
    </p>
   </div>
   <div class='ocr_carea' id='block_1_118' title="bbox 2390 5766 3853 5843">
    <p class='ocr_par' dir='ltr' id='par_1_118' title="bbox 2390 5766 3853 5843">
     <span class='ocr_line' id='line_1_118' title="bbox 2390 5766 3853 5843; baseline -0.001 -19"><span class='ocrx_word' id='word_1_896' title='bbox 2390 5768 2417 5809; x_wconf 65' lang='grc' dir='ltr'>δ</span> <span class='ocrx_word' id='word_1_897' title='bbox 2456 5766 2514 5824; x_wconf 89' lang='lat' dir='ltr'><strong>S.</strong></span> <span class='ocrx_word' id='word_1_898' title='bbox 2546 5767 2682 5841; x_wconf 82' lang='lat' dir='ltr'><strong>Aug.</strong></span> <span class='ocrx_word' id='word_1_899' title='bbox 2716 5768 2784 5826; x_wconf 89' lang='lat' dir='ltr'><strong>de</strong></span> <span class='ocrx_word' id='word_1_900' title='bbox 2811 5768 2949 5828; x_wconf 85' lang='lat' dir='ltr'><strong>Gen.</strong></span> <span class='ocrx_word' id='word_1_901' title='bbox 2978 5770 3047 5829; x_wconf 90' lang='lat' dir='ltr'><strong>ad</strong></span> <span class='ocrx_word' id='word_1_902' title='bbox 3072 5769 3184 5842; x_wconf 83' lang='lat' dir='ltr'><strong>iit.,</strong></span> <span class='ocrx_word' id='word_1_903' title='bbox 3210 5770 3307 5829; x_wconf 83' lang='lat' dir='ltr'><strong>lib.</strong></span> <span class='ocrx_word' id='word_1_904' title='bbox 3340 5785 3419 5843; x_wconf 76' lang='grc' dir='ltr'><strong>η,</strong></span> <span class='ocrx_word' id='word_1_905' title='bbox 3442 5785 3545 5843; x_wconf 82' lang='lat' dir='ltr'><strong>cap</strong></span> <span class='ocrx_word' id='word_1_906' title='bbox 3598 5768 3654 5837; x_wconf 75' lang='grc' dir='ltr'><strong>τ,</strong></span> <span class='ocrx_word' id='word_1_907' title='bbox 3680 5782 3737 5823; x_wconf 88' lang='lat' dir='ltr'><strong>n.</strong></span> <span class='ocrx_word' id='word_1_908' title='bbox 3771 5766 3853 5823; x_wconf 76' lang='grc' dir='ltr'><strong>ιι.</strong></span> 
     </span>
    </p>
   </div>
  </div>
