4092 6484
268 378 404 436 “$9

1118 380 1265 438 OPP.
1312 379 1713 441 SUPPOSITA.
1756 420 1823 431 -α
1861 386 1988 442 LIB.
2031 389 2118 445 DE
2153 390 2403 449 DlVlNlS
2439 393 2745 453 OFFlCllS.

3398 404 3539 461 “00

261 498 321 545 et
345 491 573 547 tideliter
610 493 665 548 in
691 508 855 564 opere
885 503 1033 550 recto
1062 495 1451 564 laboraverint,
1502 508 1557 554 et
1579 512 1752 571 usque
1787 500 1843 554 in
1872 503 1920 560 Δ
1949 514 2145 556 manna
2174 507 2521 562 manducavit
2550 509 2602 563 in
2629 507 2877 579 deserto,
2908 521 2965 571 et
2995 527 3107 572 non
3139 521 3224 572 est
3260 515 3541 574 fraudatus

264 579 424 638 ﬁnem
481 583 535 639 in
590 588 783 655 coeptis
837 586 991 641 bonis
1039 587 1295 657 operibus
1353 590 1848 659 perseveraverint,

260 676 655 746 sexagesimum
682 678 918 733 fructum
953 677 1155 735 laboris
1180 681 1262 734 sui
1296 690 1355 736 et
1374 688 1591 737 aeternae
1615 683 1851 738 beatitu-

261 765 404 820 dinis
445 768 727 837 prtemium
771 770 1093 840 percipient,
1148 771 1431 829 audientes
1461 771 1612 829 illam
1638 774 1849 830 deside-

262 855 487 911 rabilem
511 871 697 912 vocem
723 860 912 928 ipsius,
937 875 1057 928 quae
1080 863 1195 932 ipsa
1211 862 1298 917 die
1323 864 1377 919 in
1398 877 1583 919 sancta
1600 872 1849 921 cantatur

260 942 524 1013 Ecclesia,
553 947 801 1003 scilicet:
839 948 1040 1015 Venite,
1075 951 1334 1007 benedicti
1372 948 1557 1009 Patris
1579 957 1705 1023 mei,
1729 962 1847 1028 per-

255 1034 413 1104 cipite
450 1051 669 1108 regnum
698 1035 915 1109 (Matth.
952 1054 1083 1108 xxv,
1109 1042 1223 1113 34).
1270 1042 1443 1111 Quam
1475 1062 1661 1101 vocem
1688 1046 1848 1103 nobis

255 1124 467 1189 audire,
511 1131 567 1181 et
607 1126 752 1195 quod
794 1142 1020 1199 regnum
1060 1131 1215 1187 nobis
1258 1132 1540 1205 percipere
1582 1137 1846 1192 concedat

252 1216 598 1287 omnipotens
626 1217 787 1283 Deus,
829 1219 924 1290 qui
952 1220 1085 1275 vivit
1114 1229 1172 1279 et
1194 1233 1385 1293 regnat
1410 1234 1511 1295 per
1536 1226 1718 1282 omnia
1745 1236 1847 1283 se-

251 1306 373 1361 cula
400 1308 740 1363 saeculorum.
765 1308 960 1366 Amen.

867 1399 1098 1457 CAPUT
1132 1403 1222 1458 XI.

741 1504 809 1543 D3
835 1504 1259 1553 QUINQUAGESIIA
1289 1508 1338 1549 ⁸.

323 1598 779 1674 Quinquagesima
813 1596 1031 1659 initium
1067 1608 1235 1661 sumit
1268 1622 1297 1662 a
1350 1611 1597 1678 sequenti
1639 1606 1844 1668 hebdo-

249 1691 413 1747 mada
435 1698 561 1763 post
581 1690 986 1763 Sexagesimam
1004 1734 1019 1761 ,
1047 1697 1266 1765 quando
1287 1697 1531 1754 canitur:
1561 1698 1691 1755 Esto
1712 1700 1842 1755 mihi

250 1782 310 1836 in
336 1780 506 1837 Deum
534 1790 910 1853 protectorem,
938 1792 995 1839 et
1019 1784 1206 1841 ﬁnitur
1232 1787 1319 1843 die
1346 1797 1534 1844 sancto
1559 1789 1841 1847 Dominico

1951 589 2222 650 desiderio
2244 611 2365 653 suo.
2388 596 2506 652 lloc
2531 599 2619 654 his
2646 600 2821 657 verbis
2843 601 3094 670 innitens,
3116 606 3260 675 quod
3288 605 3463 662 sinos
3485 607 3541 663 in

1950 681 2096 737 bono
2123 691 2177 737 et
2207 692 2396 739 sancto
2421 685 2694 743 desiderio
2722 692 3117 755 manserimus,
3150 700 3258 749 non
3293 708 3359 749 eo
3388 695 3545 750 frau-

1949 765 2222 831 dabimur.
2259 776 2354 827 sed
2390 782 2591 830 tetema
2631 778 2883 833 satietate
2928 780 3276 850 donabimur,
3324 786 3543 854 quando

1950 861 2054 915 hoc
2088 863 2470 933 adimplcbitur
2506 866 2558 920 in
2595 868 2750 923 nobis
2769 910 2781 933 ,
2810 873 2953 940 quod
2983 873 3111 928 alibi
3142 874 3426 931 Psalmista
3453 878 3537 931 di~

1949 951 2064 1006 cit:
2108 952 2360 1008 Satiabor
2393 956 2519 1011 dum
2551 959 2979 1029 Manifesmbitur
3012 963 3184 1034 gloria
3219 975 3313 1021 tua
3342 968 3361 1039 (
3387 963 3537 1024 Psal.

1947 1052 2039 1095 xv:
2059 1082 2073 1107 ,
2106 1042 2174 1095 15
2196 1041 2234 1112 ).
2275 1043 2543 1121 Pet-tingit
2576 1056 2757 1105 autem
2783 1050 2949 1123 470
2974 1052 3431 1128 Quinquagesima
3472 1062 3541 1114 ad

1946 1134 2371 1190 resurrectionis
2401 1136 2693 1196 Dominicze
2723 1142 2885 1197 diem.
2925 1144 3060 1200 Nam
3088 1161 3119 1200 a
3148 1148 3233 1203 die
3261 1164 3365 1219 qua
3392 1153 3540 1206 cani-

1946 1230 2069 1275 mus
2095 1239 2108 1275 :
2137 1220 2267 1276 Esto
2292 1225 2422 1278 mihi
2445 1227 2500 1281 in
2531 1227 2698 1282 Deum
2718 1236 3091 1303 protectorem,
3118 1253 3290 1309 usque
3312 1241 3368 1296 in
3396 1240 3539 1296 diem

1944 1318 2194 1365 sanetum
2227 1312 2486 1382 Paschtc,
2525 1320 2917 1393 quinquaginta
2954 1326 3071 1382 dies
3105 1335 3250 1383 sunt.
3295 1332 3396 1399 Qui
3432 1348 3537 1390 nu~

1944 1412 2129 1454 merus
2149 1403 2385 1469 pertinet
2411 1407 2479 1460 ad
2504 1409 2743 1481 quinque
2769 1416 3013 1485 corporis
3037 1427 3259 1489 senSus,
3284 1425 3379 1499 qui
3408 1435 3538 1480 sunt

1943 1488 2217 1559 videlicet,
2246 1496 2481 1563 auditus,
2508 1499 2679 1569 visus,
2708 1510 2898 1574 gustus
2915 1547 2930 1573 ,
2960 1508 3219 1568 odoratus
3245 1488 3530 1573 et'tactus.

1944 1578 2098 1636 Sicut
2130 1583 2276 1638 enim
2310 1588 2558 1644 senarius
2589 1591 2978 1660 perfectionem
3022 1605 3250 1669 operum
3304 1604 3532 1662 demon-

1943 1680 2089 1728 strat
2105 1715 2119 1741 ,
2146 1674 2222 1729 ita
2247 1677 2733 1748 quinarius'omnia
2758 1684 2895 1741 bona
2917 1701 3082 1758 opera
3111 1694 3231 1761 qna:
3252 1694 3541 1763 perﬁciunv

1946 1772 2036 1819 tur
2077 1781 2177 1835 per
2217 1770 2457 1841 quinque
2498 1776 2742 1845 corporis
2788 1794 3000 1837 sensus.
3050 1783 3347 1856 Quinquies
3388 1792 3537 1846 enim

250 1872 496 1937 Pascha.
523 1872 581 1929 ln
608 1872 1017 1946 Septuagesima
1042 1876 1481 1935 tribulationibus
1503 1888 1560 1935 et
1581 1883 1843 1953 angustiis

1948 1853 2106 1921 deni,
2139 1857 2532 1953 quinquaginta
2566 1862 2720 1920 ﬁunt.
2757 1865 2817 1923 Si
2851 1870 2973 1940 quis
3008 1888 3139 1945 ergo
3170 1853 3271 1945 per
3296 1878 3539 1953 quinque

252 1963 573 2021 circumdati
600 1977 807 2031 sumus,
838 1966 895 2021 in
925 1963 1278 2038 Sexagesima
1307 1970 1594 2027 Dominum
1623 1972 1842 2031 invoca-

248 2057 463 2126 vimus,
490 2067 548 2114 et
568 2059 726 2130 quasi
758 2060 1116 2115 dormientem
1154 2063 1529 2120 excitavimus.
1570 2064 1631 2121 In
1674 2066 1840 2135 Quin-

249 2150 567 2222 quagesima
618 2148 774 2221 quasi
822 2149 935 2220 jam
986 2152 1433 2223 propinquiorem
1482 2156 1740 2212 audacius
1785 2166 1842 2213 et

246 2241 550 2313 promptius
576 2242 890 2300 invocamus
909 2284 925 2309 ,
956 2244 1205 2302 dicentes
1230 2265 1244 2301 :
1276 2245 1406 2302 Esto
1431 2248 1563 2302 mihi
1586 2251 1643 2305 in
1669 2250 1838 2306 Deum

246 2340 589 2402 protectorem
616 2346 636 2387 .'
671 2340 728 2387 et
761 2333 816 2387 in
849 2333 1024 2403 prima
1063 2337 1309 2392 oratione
1342 2337 1523 2395 missae
1560 2338 1793 2397 dicimus
1821 2360 1833 2394 :

250 2419 442 2477 Preces
468 2431 697 2489 nostras,
722 2427 1047 2494 quiesumus,
1064 2418 1600 2493 Domine,clementer
1619 2432 1834 2497 emudi,

245 2520 403 2584 atque
436 2530 471 2568 ιι
505 2522 838 2583 peccatorum
870 2514 1092 2569 vinculis
1136 2515 1402 2573 absolutos
1448 2519 1515 2572 ab
1564 2523 1707 2574 omni
1742 2530 1836 2575 nos

247 2602 564 2659 edversitate
584 2604 814 2659 custodi.
845 2604 1092 2677 Magnam
1112 2608 1225 2677 jam
1253 2609 1372 2666 haec
1396 2609 1559 2665 verba
1582 2610 1838 2667 videntur

246 2693 449 2750 habere
485 2694 862 2763 securitatem,
903 2695 960 2750 in
996 2698 1193 2769 quibus
1229 2700 1459 2757 dicimus
1500 2718 1599 2757 nos
1628 2702 1697 2758 ab
1720 2718 1837 2758 om-

243 2784 405 2841 nibus
443 2784 681 2842 inimicis
718 2787 998 2843 absolutos
1038 2798 1094 2845 et
1136 2793 1415 2861 peccatis;
1455 2801 1511 2847 et
1548 2807 1835 2863 precamur

244 2875 461 2932 Domini
486 2877 788 2934 munitione
815 2891 915 2935 nos
942 2880 1175 2937 defendi.
1216 2881 1359 2938 Dicit
1400 2885 1563 2940 etiam
1603 2885 1657 2939 in
1700 2885 1830 2955 Epi-

241 2968 383 3024 stola
406 2968 599 3026 beatus
628 2968 828 3025 Paulus
852 2973 1133 3041 apostolus
1152 3014 1167 3040 ,
1197 2976 1493 3032 ostendens
1523 2975 1678 3033 nobis
1696 2979 1835 3032 'cba-

242 3052 468 3118 ris’mata
494 3062 719 3120 meliora
746 3083 760 3120 :
790 3062 856 3122 Si
885 3065 1082 3137 linguis
1121 3065 1389 3124 hominum
1428 3069 1616 3142 loquar
1649 3080 1699 3125 et
1733 3080 1835 3125 ἤη-

241 3152 514 3223 gelorum,
554 3160 663 3210 etc.
687 3196 703 3222 ,
744 3154 950 3226 usique,
992 3157 1291 3228 cymbalum
1332 3162 1562 3216 tinuiens
1604 3161 1677 3233 (1
1696 3161 1824 3218 Cor.

1941 1946 2193 2014 corporis
2223 1958 2446 2006 sensus.
2482 1951 2535 2006 id
2566 1963 2681 2022 est,
2711 1971 2810 2026 per
2838 1960 3167 2018 exteriorem
3194 1946 3539 2024 administra-

1942 2036 2149 2092 tionem
2179 2039 2366 2096 decem
2395 2045 2557 2100 verba
2589 2045 2724 2119 legis
2747 2049 3087 2121 impleverit,
3117 2056 3207 2113 hic
3231 2058 3349 2114 sine
3373 2059 3538 2116 dubio

1939 2124 2010 2179 ad
2035 2130 2373 2185 consortium
2408 2132 2583 2191 beatae
2609 2142 3059 2211 resurrectionis,
3094 2160 3216 2217 qua:
3246 2148 3299 2203 in
3328 2148 3535 2207 Pascha

1938 2216 2269 2287 celebratur,
2295 2232 2383 2280 est
2408 2234 2788 2307 perventurus.
2830 2232 2928 2290 Est
2958 2244 3014 2292 et
3044 2216 3187 2296 aliud
3218 2244 3535 2314 mysterium

1939 2310 1993 2366 in
2025 2312 2130 2368 hoc
2159 2315 2626 2390 quinquagenario
2656 2337 2885 2381 numero
2914 2326 3146 2386 dierum.
3175 2310 3310 2388 Nam
3345 2335 3400 2389 in
3430 2332 3534 2390 Ve-

1939 2402 2039 2457 teri
2077 2402 2425 2463 Testamento
2453 2411 2935 2486 quinquagesimus
2966 2434 3162 2488 annus,
3189 2423 3442 2497 jubilrcus
3476 2433 3532 2481 et

1936 2508 2112 2552 annus
2140 2498 2475 2556 remissionis
2505 2504 2803 2563 vocabatur
2829 2526 2843 2563 :
2876 2509 2932 2565 in
2965 2518 3075 2583 quo
3101 2514 3356 2573 videlicet
3384 2532 3527 2572 anno

1933 2596 2271 2656 unaquzeque
2301 2592 2577 2658 possessio
2608 2595 2675 2651 ad
2707 2600 2988 2669 proprium
3018 2608 3398 2662 revertebatur
3426 2607 3524 2665 do-

1934 2673 2162 2730 minum.
2196 2676 2263 2732 Et
2292 2683 2664 2753 unusquisque
2692 2684 2979 2756 dominus,
3010 2707 3333 2767 quocunque
3367 2698 3534 2754 modo

1933 2770 2078 2819 esset
2101 2765 2169 2819 ab
2195 2780 2257 2820 ea
2284 2767 2556 2827 alienatus
2573 2813 2588 2838 ,
2620 2774 2687 2828 ad
2711 2779 2989 2848 propriam
3018 2784 3191 2853 gratis
3221 2765 3533 2844 reverteba-

1934 2859 2025 2906 tur
2046 2856 2470 2923 possessionem.
2498 2861 2567 2916 Et
2593 2878 2693 2919 nos
2720 2866 2815 2935 qui
2844 2871 3121 2939 propriam
3148 2873 3203 2928 in
3230 2876 3408 2945 primo
3431 2892 3533 2948 pa-

1932 2952 2091 2997 rente
2114 2944 2543 3007 immortalitatis
2567 2953 2851 3012 amisimus
2874 2944 3247 3018 haereditatem
3268 3006 3284 3030 ,
3315 2966 3362 3020 si
3392 2944 3534 3025 licus

1931 3040 1989 3087 et
2005 3031 2151 3102 juste
2177 3036 2230 3091 in
2255 3038 2360 3095 hoc
2382 3048 2625 3112 tempore
2655 3045 2957 3106 vixerimus
2975 3092 2989 3117 ,
3019 3056 3166 3123 quod
3190 3055 3534 3128 signiﬁcatur

1932 3138 2032 3194 per
2060 3141 2352 3184 numerum
2401 3134 2793 3206 quinquaginta
2842 3141 3054 3198 dierum
3077 3186 3093 3211 ,
3123 3161 3412 3216 possumus
3459 3152 3529 3207 ad

240 3208 343 3296 ;m
362 3281 377 3308 ,
408 3208 603 3315 1).,
625 3208 1231 3315 quibusjmuniti'onibus
1259 3247 1315 3303 in
1357 3249 1453 3305 Dei
1491 3208 1828 3321 proiectione
1855 3208 1900 3272 Ε
1932 3225 2178 3321 "Duram
2205 3225 2405 3321 Γένῗτᾳ
2430 3224 2803 3285 haereditate”
2823 3272 2839 3298 '
2868 3231 2922 3287 id
2946 3242 3029 3289 θδί
3047 3277 3062 3301 ’
3092 3252 3382 3308 supernam
3404 3240 3532 3299 mc'

238 3333 538 3390 subsistere
563 3334 622 3391 et
648 3336 849 3391 muniri
880 3336 1203 3405 debeamus,
1234 3335 1290 3393 in
1320 3338 1427 3395 ﬁne
1453 3340 1613 3411 hujus
1639 3340 1831 3397 lectio-

239 3425 326 3481 nis
351 3426 619 3494 ostendit,
645 3428 833 3502 dicens
858 3447 872 3484 :
910 3427 1072 3486 Nunc
1094 3442 1306 3487 manent
1340 3432 1472 3503 ﬁdes
1490 3475 1505 3499 ,
1529 3450 1673 3506 spes,
1707 3436 1831 3491 cha—

237 3517 402 3584 ritas,
432 3517 536 3571 tria
559 3518 702 3585 luto,
730 3520 907 3590 major
930 3528 1105 3575 autem
1131 3522 1216 3577 his
1243 3533 1318 3577 est
1342 3525 1573 3579 Charitas
1602 3526 1622 3597 (
1642 3526 1672 3579 1
1698 3525 1821 3582 Cor.

238 3620 335 3672 ιιι,
383 3604 514 3681 i3).
546 3602 808 3680 Sequitur
850 3611 1294 3680 responsorium:
1336 3612 1414 3669 Tu
1463 3632 1517 3669 es
1567 3616 1827 3674 Dominus

236 3700 329 3771 qui
357 3698 491 3769 facis
517 3701 787 3756 mirabilia
813 3701 982 3757 solus.
1010 3702 1180 3770 Quasi
1209 3705 1448 3773 diceret,
1480 3724 1587 3764 non
1611 3718 1694 3765 est
1722 3710 1824 3767 Do-

240 3788 420 3845 minus
447 3790 585 3845 alius
613 3800 809 3862 praeter
838 3803 920 3859 te,
959 3793 1206 3851 Domine.
1246 3795 1549 3854 Simulacra
1584 3802 1825 3871 gentium

238 3895 350 3939 non
379 3892 507 3940 sunt
532 3884 639 3951 dii,
666 3885 760 3939 sed
787 3894 951 3957 opera
976 3876 1235 3943 manuum
1262 3889 1541 3946 hominum
1570 3910 1584 3947 :
1618 3892 1700 3948 Tu
1731 3906 1826 3947 au-

239 3972 359 4032 tem
378 3987 507 4033 vere
532 3992 593 4032 cs
622 3976 792 4045 Deus,
820 3980 914 4050 qui
939 3979 1117 4036 salvas
1142 3984 1422 4051 sperantes
1446 3984 1502 4038 in
1529 3993 1600 4040 te.
1629 3984 1825 4042 Notam

240 4069 415 4126 iecisti
444 4069 499 4124 in
526 4070 778 4141 gentibus
806 4071 1060 4127 virtutem
1090 4079 1237 4128 tuam
1257 4114 1273 4139 ,
1317 4074 1631 4131 redimendo
1668 4086 1723 4131 et
1758 4077 1827 4132 li-

237 4161 476 4218 beranda
503 4176 603 4217 nos
632 4161 699 4217 de
726 4163 975 4217 manibus
1015 4178 1225 4219 eorum.
1269 4164 1335 4219 Et
1371 4165 1568 4221 iterum
1608 4168 1738 4222 dicit
1767 4169 1822 4223 in

235 4263 436 4308 versu:
475 4250 732 4307 Iiberasti
760 4253 815 4307 in
841 4252 1051 4307 brachio
1085 4263 1175 4308 tuo
1208 4255 1458 4327 papulum
1492 4268 1659 4313 tuum.
1692 4260 1827 4314 Tra—

235 4328 358 4403 ctus
382 4348 548 4403 etiam
584 4345 814 4404 Domino
849 4347 1007 4403 nobis
1043 4349 1288 4419 praecipit
1323 4351 1564 4418 servire,
1599 4353 1693 4422 qui
1727 4364 1823 4409 nes

236 4438 397 4504 fecit,
460 4454 569 4495 non
627 4438 680 4493 ei
741 4439 830 4495 cui
885 4440 1203 4510 nosmetipsi
1258 4444 1531 4512 peccando
1592 4445 1823 4502 vivimus

236 4528 454 4603 [AmaL
473 4571 490 4598 ,
516 4529 860 4585 Vendidimus
877 4529 920 4603 ].
948 4530 1006 4586 In
1034 4529 1441 4603 Septuagesima
1467 4542 1612 4591 terra
1641 4538 1821 4593 cordis

236 4708 582 4781 Sexagesima
608 4709 818 4765 semina
844 4710 992 4767 verbi
1017 4710 1114 4766 Dei
1141 4713 1479 4784 suscepimus
1502 4724 1559 4771 et
1582 4720 1818 4772 semina-

233 4801 428 4855 vimus.
475 4796 535 4854 ln
576 4798 1033 4871 Quinquagesima
1073 4802 1297 4858 seminis
1331 4811 1389 4857 et
1424 4805 1581 4862 bonze‘
1620 4823 1816 4878 opem-

235 4890 397 4947 tiouis
424 4888 659 4953 fructum
686 4892 1009 4963 colligimus.
1046 4892 1202 4949 Unde
1229 4895 1283 4949 in
1318 4895 1613 4968 Evangelio
1639 4916 1818 4957 czecus

232 4978 615 5047 introducitur,
660 4980 755 5050 qui
798 4996 898 5036 nos
930 4981 1231 5054 signiﬁcat,
1268 5000 1374 5040 non
1410 5001 1603 5043 aurum
1639 5003 1816 5061 neque

231 5068 446 5125 divitias
478 5083 730 5139 quaerens
754 5109 771 5136 ,
806 5071 902 5126 sed
946 5070 1160 5138 lumen,
1196 5074 1340 5143 quod
1384 5079 1663 5148 percipere
1698 5096 1814 5135 me-

232 5161 338 5217 ruit
363 5179 378 5228 ;
408 5162 553 5234 quod
580 5177 681 5218 nos
706 5169 768 5217 ut
791 5174 1054 5219 aeternum
1095 5174 1152 5219 et
1193 5181 1383 5222 verum
1428 5172 1811 5239 acciperem:-

230 5265 467 5315 reamur,
498 5252 761 5308 attentius
784 5268 1027 5324 quaerere
1053 5256 1331 5312 debemus.
1378 5258 1636 5330 Sequitur
1672 5264 1809 5320 otl‘e-

230 5344 395 5398 reuda
414 5383 432 5411 ,
466 5345 716 5400 eumdem
757 5346 962 5401 habens
996 5355 1271 5415 tenorem,
1308 5350 1413 5406 hoc
1447 5361 1557 5419 est,
1595 5355 1650 5408 in
1687 5370 1809 5425 gra-

229 5433 427 5489 tiarum
474 5434 687 5491 actione
737 5452 994 5504 manens,
1044 5439 1310 5497 dicendo:
1363 5443 1676 5502 Benedictus
1717 5465 1805 5516 es,

229 5523 477 5593 Domine,
508 5525 637 5580 doce
660 5543 744 5581 me
764 5528 1173 5598 justiﬁeatioim
1201 5543 1341 5589 tuas.
1373 5534 1693 5593 Counnunio
1722 5555 1816 5595 au-

231 5620 338 5669 tem
372 5612 444 5668 ad
473 5615 796 5671 memoriam
832 5618 1045 5674 reducit
1076 5623 1358 5693 antiquum
1392 5628 1678 5698 populum,
1719 5634 1812 5703 qui

297 5736 325 5807 ς
580 5726 756 5807 ᾼπιειί.
788 5730 882 5785 lib.
902 5732 1011 5807 _cit.
1033 5775 1048 5801 ,
1085 5751 1204 5807 cap.
1234 5738 1288 5792 3.

299 5792 328 5837 δ
362 5795 699 5857 Amalarius.
730 5816 851 5872 cap.
885 5803 939 5855 4.

1932 3307 2169 3362 rusalem
2193 3318 2249 3364 et
2274 3312 2551 3370 civitatem
2584 3325 2896 3377 sanctorum
2917 3364 2933 3392 ,
2959 3325 3051 3381 ubi
3077 3307 3317 3386 cstrvera
3350 3347 3532 3389 resur-

1931 3397 2101 3451 rectio
2131 3406 2188 3452 et
2214 3399 2375 3455 beata
2402 3401 2819 3477 immortalitas,
2847 3415 3147 3472 auxiliante
3174 3419 3406 3477 Domino
3431 3439 3530 3480 no-

1928 3492 2044 3539 stro
2064 3483 2194 3541 Jesn
2218 3487 2438 3546 Christo
2456 3533 2471 3558 ,
2500 3494 2554 3549 in
2579 3497 2737 3567 cujus
2760 3506 3163 3563 resurrectione
3190 3519 3377 3567 nostra
3398 3529 3528 3572 vera

1927 3585 2010 3631 est
2040 3580 2367 3638 resurrectio
2403 3590 2463 3639 et
2492 3597 2840 3656 peccatorum
2869 3596 3113 3654 omnium
3146 3603 3414 3661 remissio.

2529 3693 2761 3753 CAPUT
2802 3698 2915 3755 ΧΠ.

2429 3778 2496 3818 ns
2528 3780 2933 3828 ρυλυιιλςεδικλ
2970 3774 3019 3828 δ.

1999 3844 2426 3920 Quadragesima
2474 3852 2667 3925 incipit
2710 3872 2740 3911 a
2784 3864 3034 3930 sequenti
3081 3865 3361 3926 Dominica
3402 3884 3530 3944 post

1928 3931 2443 4035 guinquagesimam
2464 3980 2481 4009 ,
2510 3950 2566 3998 et
2592 3943 2783 4000 ﬁnitur
2801 3958 2997 4019 quarta
3031 3952 3267 4026 μυῖαι..
3291 3931 3523 4035 quinta]

1927 4022 2062 4081 feria
2093 4038 2219 4083 ante
2244 4028 2452 4088 Pascha
2481 4031 2731 4105 Domini,
2764 4043 2983 4110 quando
3009 4022 3258 4104 canimus
3284 4022 3402 4107 :uln
3431 4022 3527 4110 no:-

1926 4118 2065 4172 mine
2099 4119 2315 4175 Domini
2348 4140 2501 4179 omne
2533 4142 2689 4196 genu.
2722 4128 2781 4184 ln
2813 4129 3237 4206 Quadragesima
3286 4156 3523 4214 namque

1920 4204 2034 4276 jam
2084 4208 2263 4278 aliqua
2307 4225 2435 4281 pars
2471 4225 2667 4287 pugnae
2709 4229 2911 4277 nostra:
2950 4204 3183 4293 peracta
3210 4237 3313 4285 est.
3350 4204 3520 4299 Quem

1925 4311 2162 4368 namque
2210 4298 2267 4353 in
2317 4299 2778 4373 Quinquagesima
2823 4318 3193 4380 protectorem
3246 4298 3495 4378 invocavi

1926 4399 2082 4451 mus,
2120 4386 2172 4440 in
2206 4387 2636 4463 Quadragesima
2665 4396 2829 4465 dicit,
2874 4402 3030 4470 quasi
3070 4406 3430 4477 consolando,
3463 4413 3519 4468 in

1927 4471 2151 4531 lutroitu
2180 4495 2193 4530 :
2224 4476 2493 4535 Inuocaui!
2519 4498 2600 4538 me
2618 4523 2633 4550 ,
2658 4494 2767 4541 etc.
2798 4487 2856 4543 In
2890 4490 3129 4560 Epistola
3159 4495 3291 4553 dicit
3322 4471 3520 4558 beatus

689 4562 920 4648 Eli-III"?-
949 4562 1006 4648 τε
1035 4562 1441 4648 “Prisca”?
1469 4562 1821 4648 ιτξπίιιξιυίτςδ
1850 4584 1900 4645 ο
1924 4562 2123 4621 Paulus
2146 4585 2160 4621 :
2186 4565 2436 4640 Tempore
2458 4583 2668 4645 accepto
2690 4580 2935 4636 exaudiri
2960 4591 3010 4637 te
3028 4623 3041 4648 ,
3066 4594 3114 4639 et
3141 4585 3197 4639 in
3220 4587 3306 4642 die
3326 4589 3519 4646 salutis

234 4618 408 4676 nostri
445 4619 602 4690 quasi
634 4618 1072 4678 tribulationibus
1106 4632 1188 4678 est
1213 4630 1435 4679 exarata
1464 4635 1518 4680 et
1547 4626 1688 4682 culta
1714 4646 1728 4682 :
1759 4627 1817 4682 In
1850 4618 1900 4645 ν
1921 4654 2015 4724 ad]-

2019 4656 2105 4709 uvi
2126 4664 2195 4709 te.
2220 4656 2280 4710 lu
2308 4663 2655 4731 responsorio
2680 4668 2899 4723 canitur
2922 4670 2976 4726 in
3003 4686 3237 4743 persona
3260 4676 3394 4748 justi
3436 4683 3517 4735 vi-

1926 4744 2005 4811 ri,
2032 4744 2148 4803 sive
2179 4757 2382 4819 sancta:
2408 4749 2666 4811 Ecclesia:
2693 4774 2706 4809 :
2736 4756 2947 4829 Angelis
2984 4765 3094 4819 suis
3130 4744 3418 4824 mandavit.
3455 4771 3514 4826 lu

1920 4844 2094 4892 tractu
2145 4839 2485 4907 promittitur
2529 4851 2744 4919 scutum
2796 4848 2991 4906 divina:
3037 4856 3412 4923 protectionis.
3454 4859 3514 4916 lu

1916 4924 2211 4997 Evangelia
2236 4931 2563 4999 proponitur
2584 4931 2742 4990 nobis
2771 4936 3080 5009 triumphus
3108 4941 3404 5001 Dominieae
3434 4950 3515 5003 vi-

1919 5015 2142 5081 ctoriae,
2180 5017 2416 5085 scilicet,
2452 5029 2515 5075 ut
2547 5020 2666 5089 eius
2703 5027 2955 5098 exemplo
2989 5046 3111 5085 eum
3155 5034 3370 5093 diabolo
3411 5054 3513 5109 pu-

1922 5119 2087 5173 gnare
2125 5114 2184 5160 et
2221 5123 2346 5162 eum
2400 5124 2661 5180 superare
2725 5114 3017 5175 discamus.
3064 5122 3142 5179 De
3181 5123 3287 5181 hoc
3324 5137 3508 5186 autem

1918 5195 2333 5266 quadragesimo
2358 5214 2586 5255 numero
2602 5242 2617 5267 ,
2647 5211 2701 5257 et
2729 5204 2795 5260 de
2820 5211 3106 5276 prtesentis
3133 5217 3392 5285 temporis
3414 5220 3513 5276 ob-

1917 5286 2225 5341 servatione
2256 5287 2392 5342 nihil
2422 5287 2568 5344 aliud
2603 5292 2759 5348 nobis
2795 5305 2879 5351 est
2914 5297 3127 5368 dicere,
3159 5318 3321 5373 quam
3356 5311 3505 5378 quod

1913 5373 2105 5429 beatus
2126 5373 2421 5447 Gregorius
2445 5378 2501 5434 in
2528 5378 2634 5435 fine
2661 5385 3016 5452 expositionis
3042 5390 3209 5460 ipsius
3238 5373 3507 5468 evangelii

1913 5465 2057 5534 quod
2090 5465 2203 5535 ipsa
2233 5466 2320 5522 die
2347 5466 2561 5539 legitur,
2611 5470 2687 5525 ita
2735 5477 3104 5546 prosequitur,
3148 5465 3406 5553 inquiens
3434 5498 3456 5526 ο
3488 5505 3501 5539 :

1919 5573 1939 5606 σ
1970 5554 2075 5609 Sed
2111 5556 2238 5644 quia
2285 5557 2475 5615 diebus
2524 5560 2611 5615 his
2652 5560 2816 5619 lectio
2859 5568 3172 5638 evangeliea
3220 5575 3503 5644 congruit,

1914 5659 2039 5697 nam
2062 5643 2421 5716 quadraginta
2443 5647 2654 5705 dierum
2671 5652 3056 5713 abstinentiam
3081 5662 3250 5716 nostri
3276 5643 3505 5720 Redem-

1991 5766 2012 5796 °
2052 5754 2110 5813 S.
2143 5754 2307 5830 Grcg.
2334 5800 2349 5825 ,
2377 5760 2523 5817 hom.
2558 5762 2625 5819 l6
2655 5764 2710 5820 in
2740 5765 2943 5840 Evang.
2964 5809 2981 5836 ,
3015 5786 3165 5829 num.
3190 5773 3224 5828 5
3252 5782 3310 5830 ct
3339 5772 3393 5830 ϐ.
