4092 6500
1413 424 1477 481 Β.
1517 426 1579 484 F.
1620 426 1850 484 ALBINI
1889 428 2023 488 εει]
2060 430 2340 492 ALCUINI
2377 433 2665 495 OPERUI
2702 437 2886 498 PARS
2919 439 3013 499 IX.

3695 457 3859 515 1192

550 537 1068 643 μογῇς-ξηᾷῖῗίωιξο
1091 579 1110 607 ,
1139 537 1629 643 Quadragesimum
1660 549 1876 643 tempus
1911 543 2130 643 inchoa-
2161 551 2215 611 Α
2232 547 2550 643 ieiunantis
2585 561 2635 643 et
2663 555 3014 625 plangentis,
3053 562 3290 631 nunquid
3316 564 3582 635 jejunium
3608 572 3856 643 jejuna-

550 645 708 686 ntus:
729 628 1126 686 discutiendum
1143 633 1299 688 nobis
1319 641 1402 688 est
1422 647 1522 688 cur
1541 636 1660 689 hinc
1683 635 1801 706 ipsa
1825 635 2153 691 abstinentia

549 736 652 792 per
679 722 1038 794 quadraginta
1064 723 1278 780 dierum
1311 742 1601 782 numerum
1641 729 1965 785 custoditur.
2009 727 2154 801 Moy-

548 828 643 870 ses
669 823 726 869 ut
751 815 930 886 legem
962 816 1237 886 acciperet
1254 856 1268 880 ,
1302 817 1544 872 secundo
1571 818 1763 873 diebus
1788 819 2151 889 quadraginta

544 902 840 976 ieiunavit.
867 903 1017 960 Elias
1047 905 1100 959 in
1132 906 1353 961 deserto
1383 908 1738 976 quadraginta
1767 910 1959 964 diebus
1984 910 2151 964 absti-

549 995 691 1050 nuit.
731 994 852 1066 Ipse
888 1005 1072 1050 autem
1114 1004 1308 1052 auctor
1348 995 1631 1052 hominum
1672 999 1741 1053 ad
1777 998 2026 1053 homines
2058 1015 2153 1055 ve-

548 1084 743 1151 niens,
799 1085 857 1140 in
910 1084 1274 1157 quadraginta
1328 1085 1521 1142 diebus
1571 1086 1778 1143 nullum
1833 1090 2149 1146 omnimodo

544 1176 731 1232 cibum
760 1177 1013 1247 sumpsit.
1038 1177 1150 1232 Nos
1178 1193 1426 1248 quoque,
1460 1178 1516 1233 in
1546 1185 1809 1249 quantum
1836 1195 2142 1251 possumus,

545 1282 733 1325 annuo
765 1266 1210 1339 Quadragesimz
1244 1275 1488 1339 tempore
1518 1283 1742 1324 carnem
1773 1277 2019 1324 nostram
2047 1284 2149 1340 per

545 1357 937 1416 abstinentiam
970 1357 1209 1428 allligere
1241 1371 1523 1411 conemur.
1561 1356 1697 1412 Cum
1729 1373 1863 1430 ergo
1889 1360 1946 1413 in
1979 1359 2147 1414 absti-

544 1447 735 1504 nentia
757 1447 1228 1518 quadragenarius
1251 1461 1512 1502 numerus
1536 1448 1861 1515 custoditur,
1888 1449 2019 1519 quid
2039 1450 2146 1506 nisi

546 1538 677 1608 quia
714 1537 888 1592 virtus
913 1535 1167 1609 Decalogi
1193 1549 1293 1607 per
1317 1537 1486 1592 libros
1516 1546 1749 1608 quatuor
1771 1542 1942 1595 sancti
1967 1540 2146 1596 Evan—

543 1627 676 1698 gelii
706 1627 1005 1698 inpletur?
1034 1627 1302 1683 Denanns
1343 1629 1546 1686 elerum
1586 1638 1781 1699 quater
1813 1631 2043 1697 ductus,
2087 1631 2144 1686 in

545 1719 1034 1790 quadragenarium
1058 1721 1234 1792 surgit
1259 1745 1274 1776 ς
1296 1721 1424 1792 quia
1449 1729 1579 1777 tunc
1606 1722 1858 1795 Βραιοεὶ
1884 1726 2141 1780 mandata

541 1806 885 1882 perlicimus,
909 1825 1037 1865 cum
1057 1809 1302 1882 profecto
1323 1820 1559 1881 quatuor
1583 1811 1751 1868 libros
1776 1815 1950 1871 sancti
1971 1815 2143 1870 Evan-

545 1901 678 1973 gelii
712 1901 1069 1959 custodimus.
1108 1902 1189 1959 Ex
1223 1919 1330 1974 qua
1357 1919 1421 1960 re
1453 1904 1647 1960 senti-ri
1674 1915 1731 1960 et
1759 1906 1904 1962 aliud
1937 1917 2136 1978 potest.
2170 1911 2219 1972 Β
2241 1934 2325 1980 ια,

542 1988 609 2049 In
644 1992 750 2048 hoc
782 1992 929 2047 enim
964 1993 1182 2048 mortali
1216 2009 1448 2066 corpore
1479 2011 1545 2050 ex
1581 2005 1818 2065 quatuor
1853 1997 2142 2054 elementis

542 2083 918 2150 subsistimus,
941 2092 996 2140 et
1017 2098 1118 2156 per
1143 2083 1451 2157 voluptates
1474 2087 1720 2158 ejusdem
1741 2090 1988 2159 corporis
2009 2105 2142 2161 pra:-

543 2175 722 2247 ceptis
755 2175 1054 2232 Dominicis
1086 2185 1423 2234 contraimns
1453 2195 1466 2229 :
1505 2189 1775 2253 praerepta
1809 2189 1996 2237 autem
2033 2183 2140 2239 Do-

551 2265 756 2330 minica
797 2281 899 2339 per
941 2265 1266 2340 Decalogum
1307 2279 1436 2325 sunt
1472 2280 1714 2342 accepta.
1742 2271 1847 2340 Qui
1873 2287 2005 2347 ergo
2042 2290 2143 2347 per

542 2354 741 2412 carnis
787 2354 1058 2412 desideria
1102 2355 1355 2430 Decalogi
1385 2360 1644 2416 mandata
1678 2365 2138 2433 contempsimus,

546 2446 771 2516 dignum
799 2456 885 2504 est
910 2456 974 2503 ut
994 2451 1244 2506 eamdem
1270 2466 1494 2507 carnem
1521 2453 1905 2524 quaterdecies
1930 2453 2139 2527 afﬂiga-

543 2552 690 2597 ωε.
737 2536 997 2604 Quamvis
1035 2540 1103 2595 de
1140 2540 1246 2596 hoc.
1292 2540 1731 2613 Quadragesimze
1775 2552 2021 2614 tempore
2054 2553 2143 2600 est

543 2629 727 2688 adhuc
751 2629 898 2686 aliud
921 2632 1067 2701 quod
1094 2632 1266 2704 possit
1294 2632 1541 2703 intelligi.
1577 2633 1623 2688 Δ
1657 2637 1910 2706 praesenti
1940 2637 2138 2690 ctenim

541 2722 637 2781 die
663 2738 839 2796 usque
863 2724 934 2780 ad
963 2722 1241 2780 Paschalis
1275 2723 1635 2781 solemnitatis
1662 2727 1857 2796 gaudia
1885 2741 1982 2781 sex
2009 2726 2141 2783 heb-

543 2817 791 2874 lbmadz
818 2816 1073 2882 veniunt,
1099 2833 1332 2888 quarum
1353 2817 1605 2874 videlicet
1640 2819 1759 2874 dies
1779 2819 2140 2890 quadraginta

545 2917 607 2967 et
638 2910 749 2965 duo
781 2918 910 2963 sunt
937 2930 950 2963 λ
988 2923 1058 2964 ex
1087 2908 1286 2978 quibus
1319 2910 1448 2965 dum
1482 2923 1576 2964 sex
1613 2909 1734 2965 dies
1764 2909 2035 2966 Dominici
2069 2909 2140 2966 ab

537 2998 875 3058 abstinentia
908 2999 1325 3065 subtrahuntur,
1362 3015 1472 3054 non
1523 2998 1647 3069 plus
1699 2998 1753 3053 in
1808 2997 2138 3053 abstinentia

543 3105 711 3163 quam
746 3090 974 3163 triginta
1007 3099 1065 3145 et
1096 3105 1196 3146 sex
1230 3089 1346 3145 dies
1377 3098 1682 3145 remanent.
1713 3089 1852 3144 Dum
1882 3103 2013 3145 vero
2039 3104 2138 3160 per

543 3192 822 3240 trecentos
847 3192 901 3236 et
927 3181 1212 3253 sexaginta
1241 3180 1525 3255 [quinque]
1553 3182 1671 3238 dies
1697 3197 1872 3237 anuus
1894 3181 2134 3247 ducitur,

2249 638 2506 730 stisinihi
2530 641 2555 694 .9
2582 639 2650 694 Et
2675 658 2796 696 cum
2817 646 3112 703 comedistis
3135 660 3183 704 et
3211 651 3440 721 bibistis,
3473 638 3708 730 nunquid
3732 681 3858 721 non

2252 726 2754 822 pubis-comedistis,
2787 742 2838 789 et
2869 736 3245 810 nobismetipsis
3275 743 3475 800 bibistis
3507 726 3694 819 (luela.
3726 769 3808 808 vn
3831 795 3856 822 ,

2246 814 2316 882 5,
2342 815 2463 889 σῃ
2500 816 2618 875 Sibi
2662 823 2809 877 enim
2849 827 3087 881 comedit
3131 839 3190 883 et
3233 831 3397 899 bibit,
3443 814 3535 907 qui
3575 814 3854 902 alimenta

2246 1276 2433 1372 stodit.
2459 1278 2594 1335 Hinc
2610 1295 2711 1350 per
2729 1282 2932 1342 Joelem
2952 1289 3180 1346 dicitur:
3209 1292 3549 1366 Sancn'ﬁcate
3560 1301 3847 1372 jejunium

2247 1367 2409 1441 (Ioc!
2491 1387 2541 1438 ι,
2574 1373 2670 1446 4).
2704 1374 2975 1447 Jejuninm
3010 1384 3208 1453 quippe
3241 1367 3582 1447 sanctiﬁcare
3734 1393 3848 1448 ad-

2239 1459 2444 1531 junctis
2477 1463 2635 1520 bonis
2669 1466 2792 1523 aliis
2825 1469 3042 1541 dignam
3080 1473 3190 1531 Deo
3226 1477 3608 1538 abstinentiam
3645 1487 3845 1543 carnis

2242 1555 2551 1611 ostendere.
2585 1555 2776 1615 Cesset
2820 1561 2937 1630 ira,
2982 1568 3265 1636 sopiantnr
3303 1571 3503 1645 jurgia.
3552 1575 3838 1634 Incassum

2242 1649 2390 1704 enim
2435 1664 2564 1706 caro
2604 1654 2874 1720 atteritur,
2919 1657 2965 1712 si
3009 1674 3040 1714 a
3087 1664 3270 1732 pravis
3312 1667 3427 1722 suis
3463 1669 3838 1741 voluptatibus

2239 1743 2457 1797 animus
2493 1759 2600 1798 non
2636 1743 2965 1816 refrenatur,
2999 1766 3121 1806 cum
3156 1769 3256 1824 per
3288 1757 3609 1829 prophetam
3641 1760 3837 1819 Domi-

2241 1845 2350 1887 nus
2378 1831 2522 1889 dicat
2549 1851 2562 1888 :
2595 1833 2734 1891 Ecce
2763 1838 2820 1892 in
2854 1840 2940 1894 die
2957 1841 3157 1911 jejunii
3181 1849 3335 1902 irestri
3360 1849 3624 1908 invenitur
3649 1855 3837 1910 ωιιι-

2356 1935 2526 1980 vestra
2607 1927 2745 1983 Ecce
2773 1931 2844 1985 ad
2873 1933 2988 1988 lites
3020 1945 3067 1988 et
3096 1941 3450 1996 contentiones
3466 1943 3747 2015 jejunatis.
3775 1959 3835 2004 et

2237 2017 2512 2086 percutitis
2537 2034 2713 2090 pugno
2741 2021 2899 2092 impie
2917 2063 2932 2090 ,
2959 2035 3011 2079 et
3040 2042 3217 2081 omnes
3245 2029 3506 2088 debitores
3532 2045 3727 2092 uestros
3752 2055 3838 2093 ro-

2234 2107 2415 2178 pctitis
2439 2106 2456 2179 (
2477 2107 2589 2163 Isu.
2620 2125 2751 2165 Lvut
2771 2152 2786 2177 ,
2811 2114 2844 2170 '5
2862 2154 2877 2178 ,
2905 2115 2938 2168 4
2963 2113 3001 2186 ).
3034 2116 3221 2189 Neque
3238 2121 3386 2177 enim
3411 2126 3504 2195 qui
3532 2141 3561 2179 a
3584 2126 3836 2186 debitore

2239 2210 2341 2253 suo
2365 2198 2469 2254 hoc
2495 2201 2641 2269 quod
2672 2201 2819 2258 dedit
2854 2209 3080 2275 repetit,
3118 2210 3325 2282 aliquid
3360 2213 3618 2283 iniustum
3649 2218 3784 2276 facit
3811 2239 3831 2277 :

2241 2288 2338 2343 sed
2373 2288 2594 2360 dignum
2626 2299 2710 2347 est
2749 2303 2808 2348 nt
2842 2299 3086 2368 quisquis
3121 2315 3182 2356 se
3216 2304 3268 2357 in
3295 2307 3614 2374 paenitentia
3649 2327 3839 2369 mace-

2240 2388 2360 2446 ret,
2410 2390 2468 2437 et
2513 2384 2621 2440 hoc
2668 2387 2774 2442 sibi
2814 2390 2957 2459 quod
3001 2391 3148 2460 juste
3180 2401 3470 2467 competit,
3515 2404 3830 2461 interdieat.

2241 2471 2367 2542 Sic,
2397 2476 2477 2532 sic
2502 2477 2660 2534 nobis
2684 2482 3076 2550 paenitentibus
3101 2495 3157 2542 et
3188 2487 3400 2548 salictis
3437 2509 3472 2549 a
3510 2494 3624 2553 Deo
3647 2499 3837 2554 diruit-

2239 2566 2376 2620 titnr
2398 2569 2543 2638 quod
2569 2569 2768 2638 injuste
2791 2574 3002 2645 egimus
3022 2618 3036 2644 ,
3068 2580 3114 2634 si
3143 2595 3240 2650 pro
3266 2597 3451 2642 amore
3477 2585 3620 2646 illius
3641 2599 3698 2646 et
3722 2590 3836 2650 hoc

2237 2658 2384 2728 quod
2408 2660 2564 2717 nobis
2584 2663 2731 2733 juste
2756 2669 3047 2737 competit,
3080 2672 3411 2732 relaxamus.
3444 2696 3464 2731 ι

2827 2758 3059 2817 CAPUT
3097 2763 3232 2821 XIII.

2236 2858 2380 2902 OIDO
2439 2860 2508 2901 AD
2564 2860 2953 2904 κικῐτεπτιλι
3015 2867 3231 2910 DANDAI
3287 2871 3410 2915 ηι.
3461 2877 3519 2918 ιν
3550 2876 3686 2927 QUOD
3722 2881 3831 2922 ειτ

2807 2935 2981 2977 CAPUT
3036 2939 3252 2982 ωυκιι.

2309 3006 2583 3081 imprimis
2612 3026 2952 3083 prmmonere
2990 3015 3154 3074 debet
3179 3023 3434 3080 sacerdos
3461 3041 3652 3083 omnes
3667 3029 3832 3085 Chri-

2235 3099 2446 3157 stianos
2462 3117 2530 3157 ex
2552 3104 2730 3160 sacris
2751 3103 3158 3178 Scripturarum
3188 3116 3530 3184 testimoniis,
3559 3132 3832 3192 quatenus

2237 3191 2296 3249 in
2320 3194 2500 3266 capite
2516 3192 2734 3266 jejunii,
2766 3196 2871 3254 hoc
2895 3209 2999 3267 est,
3024 3202 3186 3259 hodie
3205 3207 3274 3262 ad
3298 3221 3484 3265 veram
3524 3211 3831 3272 wnfessio-

542 3288 647 3331 ’⁸³⁸
677 3282 868 3366 “mm.
893 3288 992 3366 ⁵³⁸⁸
1010 3273 1251 3366 κωδίῳ
1275 3280 1334 3366 ei
1359 3287 1455 3366 ‘5“
1489 3272 1608 3328 ⁸⁵⁸⁵
1641 3271 1950 3366 ‘m‘glm'f'
1978 3273 2137 3344 φιλεῖ
2164 3265 2212 3330 θ
2241 3301 2365 3344 ηοω
2390 3265 2690 3360 Verumque
2744 3265 3122 3363 penitentiam
3169 3265 3827 3366 ῖεειῑηιηιίαεξῶθῖέιξι.

539 3366 673 3422 anni
702 3365 877 3421 nostri
902 3365 1146 3421 decimas
1175 3362 1334 3438 [Deo]
1361 3365 1556 3420 damus
1581 3382 1595 3420 :
1627 3372 1689 3419 ut
1713 3365 1807 3435 qui
1837 3365 2138 3422 nobismet-

540 3458 678 3532 ipsis
707 3471 807 3529 per
840 3463 1126 3528 acceptum
1163 3470 1368 3511 annum
1407 3455 1678 3521 viximus,
1707 3457 1919 3512 auctori
1945 3466 2139 3515 nostro

540 3563 647 3608 nos
677 3549 734 3605 in
765 3546 886 3617 eius
919 3547 1146 3604 decimis
1176 3560 1278 3617 per
1307 3545 1698 3603 abstinentiam
1725 3545 2138 3606 mortiﬂcetnus.

538 3640 782 3708 Venno,
819 3639 1020 3696 fratres
1050 3637 1390 3703 cbarissimi,
1431 3639 1574 3692 sicut
1601 3636 1798 3693 offerre
1825 3639 1880 3694 in
1908 3638 2027 3711 lege
2047 3640 2140 3712 ju-

538 3731 747 3789 bcmini
783 3731 1026 3787 decimas
1056 3744 1240 3786 rerum
1259 3770 1277 3796 ,
1314 3729 1390 3785 ita
1419 3729 1532 3784 Deo
1578 3727 1778 3785 oll'erre
1824 3730 2140 3787 contendite

539 3830 601 3880 et
643 3821 884 3878 decimas
930 3821 1160 3876 dierum.
1215 3818 1596 3892 Unusquisque
1617 3859 1634 3887 ,
1666 3829 1930 3891 quantum
1963 3822 2140 3877 virtus

538 3915 822 3988 suppetit,
858 3926 1080 3969 carnem
1117 3921 1361 3968 maceret
1383 3954 1397 3979 ,
1434 3914 1662 3984 ejusque
1697 3912 1969 3970 desideria
2003 3912 2132 3968 allii.

543 4015 659 4078 gat,
684 4004 1153 4075 concupiscentias
1175 4009 1363 4075 turpes
1390 4003 1701 4070 interﬁciat,
1729 4014 1784 4058 et
1800 4002 1957 4074 juxta
1983 4003 2138 4063 Pauli

541 4108 734 4152 vocem
752 4135 768 4156 ,
799 4093 971 4149 hostia
998 4097 1112 4149 uisa
1141 4093 1256 4149 lat.
1287 4094 1475 4150 Hostia
1498 4094 1697 4166 quippe
1719 4104 1776 4151 et
1800 4096 2135 4165 immolatur,

535 4192 599 4242 et
624 4185 747 4240 viva
767 4191 883 4249 est,
907 4185 1124 4256 quando
1146 4194 1202 4238 et
1229 4183 1301 4240 ah
1325 4183 1430 4241 hac
1457 4186 1567 4238 vita
1593 4186 1758 4242 homo
1786 4201 1893 4240 non
1919 4185 2134 4251 deﬁcit,

539 4285 605 4331 et
625 4283 809 4333 tamen
833 4291 893 4331 se
921 4292 950 4329 a
977 4276 1290 4332 carnalibus
1311 4277 1595 4333 desideriis
1619 4277 1840 4333 occidit.
1869 4271 2010 4334 Caro
2036 4294 2138 4335 nos

541 4367 670 4424 ista
707 4367 875 4422 traxit
908 4367 977 4421 ad
1011 4366 1224 4437 culpam
1253 4408 1270 4432 ,
1303 4366 1503 4423 amicta
1538 4369 1764 4423 reducat
1797 4369 1866 4422 ad
1899 4369 2132 4424 veniam.

540 4460 751 4518 Auctor
772 4459 973 4516 etenim
999 4462 1195 4516 mortis
1217 4467 1419 4516 nostrae
1445 4473 1545 4531 per
1567 4459 1805 4517 fructum
1830 4460 1959 4531 ligni
1985 4462 2135 4518 vetiti

541 4551 673 4610 vita:
695 4560 968 4622 praecepta
1002 4557 1376 4622 transgnssus
1405 4560 1507 4606 est.
1542 4551 1645 4619 Qui
1675 4567 1806 4623 ergo
1834 4567 1866 4606 a
1897 4553 2134 4622 paradisi

541 4640 876 4716 gaudiisper
906 4640 1087 4696 cibum
1112 4641 1440 4705 cecidimus,
1481 4642 1548 4697 ad
1580 4642 1727 4707 haec,
1767 4643 1823 4697 in
1863 4652 2131 4712 quantum
2163 4640 2214 4700 D

539 4744 852 4802 possmus,
887 4743 986 4801 per
1015 4730 1401 4787 abstinentiam
1432 4747 1800 4804 resurgamns.
1833 4731 1942 4788 Sed
1972 4749 2132 4790 nemo

539 4821 647 4878 sibi
694 4821 944 4878 eamdem
992 4821 1378 4879 abstinentiam
1429 4823 1600 4881 solam
1648 4825 1838 4881 credat
1885 4824 2133 4884 sutlieere

544 4926 737 4983 posse,
769 4927 894 4967 cum
929 4925 1028 4982 per
1054 4912 1376 4983 prophetam
1412 4912 1674 4970 Dominus
1708 4914 1857 4970 dicat
1885 4932 1898 4967 :
1940 4913 2134 4971 Nonne

542 5004 643 5057 hoc
672 5011 754 5058 cst
798 5002 972 5072 magis
1002 5002 1273 5075 jejunium
1303 5002 1446 5074 quod
1478 5001 1609 5074 eleg
1644 5000 1799 5076 (hu.
1835 5018 1969 5059 Lvnt
1991 5045 2006 5069 ,
2033 5003 2142 5076 6)?

541 5093 850 5164 Subiiciens
875 5112 887 5147 :
924 5090 1139 5164 Frange
1163 5093 1411 5148 esurienti
1436 5109 1625 5162 ponent
1654 5103 1833 5159 tuum,
1865 5105 1915 5149 et
1947 5111 2134 5166 egenos

536 5207 805 5264 vagosque
828 5191 989 5245 induc
1015 5189 1074 5245 in
1093 5189 1309 5243 domum
1333 5197 1479 5240 tuam
1497 5203 1515 5239 :
1539 5204 1659 5240 cunt
1683 5187 1875 5241 videris
1901 5187 2100 5242 nudum
2117 5229 2132 5254 ,

544 5281 691 5354 operi
711 5295 864 5347 cum,
887 5289 939 5334 ct
966 5294 1177 5333 carnem
1205 5288 1352 5331 tuam
1378 5293 1442 5330 ne
1466 5275 1763 5346 despexeris
1791 5276 1954 5350 (Ibid.
1980 5295 2026 5331 υ.
2050 5277 2130 5350 7).

546 5367 686 5426 Illud
709 5377 840 5440 ergo
856 5366 1122 5440 jejunium
1150 5365 1416 5437 approbat
1439 5364 1717 5431 Dominus,
1749 5366 1894 5434 quod
1924 5367 1990 5422 ad
2019 5368 2136 5437 ejus

541 5460 735 5518 octtlos
764 5463 958 5515 manus
989 5459 1454 5528 eleemosynarum
1481 5456 1643 5522 levat,
1674 5457 1819 5527 quod
1848 5473 1971 5512 cum
2005 5473 2132 5529 pro—

547 5549 681 5606 ximi
727 5549 1016 5605 dilectione
1057 5551 1257 5618 agitur,
1305 5549 1451 5618 quod
1495 5564 1565 5602 ex
1609 5549 1813 5619 pietate
1855 5551 2126 5606 conditur.

545 5636 661 5694 Hoc
685 5652 818 5709 ergo
840 5637 981 5709 quod
1010 5637 1106 5694 tibi
1128 5637 1406 5693 subtrahis
1423 5677 1436 5702 ,
1467 5637 1620 5692 alteri
1651 5639 1850 5710 largire
1874 5657 1888 5704 ;
1913 5650 1968 5695 et
1989 5640 2133 5697 unde

547 5738 640 5784 tua
665 5744 794 5785 caro
819 5729 1094 5803 ailligitnr,
1121 5729 1244 5786 inde
1272 5731 1480 5801 egentis
1504 5732 1733 5800 proximi
1757 5747 1886 5787 caro
1909 5748 2129 5802 repare-

548 5831 657 5878 tur.
688 5819 826 5879 Hinc
851 5822 996 5879 enim
1027 5836 1125 5894 per
1153 5821 1468 5894 prophetam
1502 5821 1764 5878 Dominus
1792 5822 1923 5879 dicit
1949 5843 1960 5876 :
1995 5822 2127 5879 Cum

2239 3375 2320 3432 De
2344 3376 2449 3433 hac
2476 3376 2840 3452 Hieronymus
2866 3383 3085 3456 inquit:
3117 3405 3135 3437 ι
3172 3389 3390 3448 Utinam
3419 3402 3530 3450 tam
3559 3399 3669 3455 cito
3694 3413 3833 3455 con-

2237 3476 2527 3564 vertantur
2574 3479 2892 3542 peccatores
2938 3476 3009 3564 ad
3053 3479 3454 3552 penitentiam,
3507 3500 3670 3557 quam
3715 3489 3832 3546 cito

2238 3558 2504 3618 Dominus
2552 3573 2891 3634 praeparatus
2927 3558 3012 3623 est
3035 3571 3202 3627 etiam
3243 3584 3456 3633 mutare
3502 3578 3832 3650 prmﬁnitam

2238 3652 2589 3743 sententiam.
2620 3651 2740 3743 Non
2766 3655 2914 3710 enim
2942 3663 3204 3730 temporis
3234 3664 3622 3736 longitudinem
3647 3673 3835 3743 requi-

2238 3741 2312 3798 rit
2358 3740 2522 3808 Deus,
2566 3742 2666 3799 sed
2704 3743 2902 3803 affectu
2943 3749 3276 3810 sinceritatis
3316 3757 3593 3827 plenitudo
3631 3740 3832 3832 pensa-

2239 3839 2348 3888 tur.
2388 3855 2406 3885 ι
2437 3832 2735 3906 Gregorius
2763 3855 2781 3891 :
2817 3856 2836 3891 ι
2873 3839 3020 3898 Satis
3062 3843 3274 3902 alienus
3301 3863 3336 3903 a
3363 3849 3468 3906 title
3495 3861 3604 3919 est,
3633 3856 3726 3925 qui
3755 3857 3827 3912 ad

2237 3925 2502 4020 agendam
2527 3929 2902 3998 paenitentiam
2934 3944 3176 4006 tempora
3203 3944 3498 3998 senectutis
3523 3956 3826 4020 exspectat.

2239 4013 2589 4108 Metuendum
2610 4028 2696 4075 est
2714 4023 2882 4089 enim,
2909 4039 3000 4092 ne,
3023 4026 3149 4083 dum
3171 4042 3354 4101 sperat
3375 4013 3824 4108 misericordiam,

2239 4106 3088 4189 incidatinjudiciumJltemque
3118 4140 3131 4176 :
3168 4141 3186 4174 ι
3216 4122 3275 4177 Si
3312 4127 3434 4194 quis
3483 4136 3536 4183 te
3575 4128 3643 4184 de
3691 4106 3825 4200 pec;

2238 4209 2362 4257 cato
2391 4202 2664 4260 forinseco
2684 4211 2941 4275 correxit,
2972 4219 3101 4269 tunc
3120 4214 3380 4274 confitere
3400 4220 3681 4288 interiora,
3701 4239 3827 4294 quae

2239 4295 2332 4351 ille
2358 4298 2555 4352 nescit.
2596 4318 2616 4353 ι
2648 4298 2889 4371 Denique
2911 4305 3234 4362 admonendi
3266 4318 3416 4374 sunt,
3459 4320 3519 4366 ut
3566 4313 3622 4368 in
3654 4314 3824 4375 Cena

2239 4388 2452 4447 Domini
2474 4393 2697 4448 redeant
2727 4395 2795 4450 ad
2826 4400 3342 4471 reconciliationem,
3372 4407 3510 4463 sicut
3547 4411 3600 4464 in
3625 4427 3824 4468 (βοηθο-

2238 4489 2531 4555 quentibus
2560 4490 2789 4546 dicetur.
2835 4494 2893 4549 Si
2922 4511 3052 4553 vero
3083 4499 3311 4557 interest
3350 4519 3515 4562 causa
3541 4517 3636 4563 aut
3656 4510 3826 4568 itine-

2239 4583 2337 4648 ris,
2363 4591 2458 4638 aut
2479 4584 2767 4653 cujuslibet
2806 4593 3202 4661 occupationis,
3251 4607 3348 4652 aut
3373 4599 3450 4655 ita
3487 4601 3630 4658 forte
3656 4603 3827 4664 hebes

2235 4679 2339 4736 est,
2373 4683 2434 4728 ut
2460 4676 2507 4728 ei
2532 4676 2636 4731 hoc
2664 4679 2920 4736 sacerdos
2965 4685 3195 4742 suadere
3223 4698 3480 4757 nequeat,
3505 4690 3823 4766 injungatei

2235 4772 2346 4818 tam
2365 4766 2911 4839 quadragesimalem,
2929 4788 3091 4842 quam
3111 4779 3396 4835 annualem
3421 4785 3823 4858 pmnitentiam,

2232 4866 2292 4913 et
2317 4858 2632 4916 reconciliet
2656 4875 2780 4916 eum
2805 4865 3010 4921 statim.

2308 4947 2697 5008 Sacerdotibus
2720 4969 2848 5010 vero
2897 4972 3240 5029 summopere
3268 4969 3621 5033 satagendnm
3649 4977 3734 5024 est
3759 4980 3822 5027 ut

2232 5047 2360 5096 octo
2409 5041 2543 5096 vitia
2591 5043 2896 5100 criminalia
2942 5063 3066 5102 cum
3113 5066 3304 5107 eorum
3330 5057 3631 5123 sequentiis
3655 5068 3823 5131 atque

2237 5135 2564 5191 testimoniis
2593 5135 3024 5208 Scripturarum,
3053 5144 3252 5212 quibus
3272 5148 3558 5205 coercendi
3580 5162 3708 5207 sunt
3724 5151 3823 5209 lto-

2236 5229 2411 5286 mines
2456 5241 2621 5301 atque
2670 5234 2738 5287 ad
2785 5235 3008 5290 meliora
3055 5240 3406 5307 provehendi,
3452 5245 3600 5299 omni
3641 5248 3821 5303 studio

2235 5320 2538 5393 intelligant
2583 5332 2746 5394 atque
2770 5327 3021 5394 doceant,
3051 5331 3191 5385 sicut
3219 5332 3310 5388 hic
3339 5335 3394 5388 in
3437 5337 3610 5407 prima
3642 5337 3820 5396 fronte

2236 5428 2447 5469 annexa
2475 5425 2617 5471 sunt.
2649 5417 2890 5486 Quorum
2916 5421 3170 5477 vitiorum
3199 5435 3322 5480 octo
3350 5427 3468 5482 haec
3492 5439 3620 5483 sunt
3646 5432 3821 5487 nomi-

2236 5520 2326 5566 na,
2379 5505 2434 5559 in
2483 5506 2676 5574 primis
2729 5512 3002 5580 superbia,
3031 5513 3199 5582 gloria
3229 5517 3429 5583 inanis,
3462 5519 3685 5586 invidia,
3713 5523 3816 5589 ira,

2233 5595 2488 5660 avaritia,
2508 5596 2753 5662 tristitia,
2792 5602 2998 5654 ventris
3029 5601 3293 5673 ingluvies
3311 5615 3474 5676 atque
3499 5609 3729 5667 luxuria.

2306 5683 2382 5740 De
2410 5688 2685 5756 superbia,
2719 5690 2863 5759 quod
2911 5700 2996 5747 est
3034 5703 3195 5764 caput
3247 5700 3489 5754 omnium
3537 5702 3812 5768 vitiorum,

2230 5775 2482 5830 oriuntur
2503 5781 2873 5850 suprascripta
2897 5791 3104 5852 septem
3118 5786 3248 5841 vitia
3270 5788 3586 5845 criminalia.
3613 5791 3813 5862 Super-

2231 5867 2318 5923 bia
2347 5868 2546 5925 dicitur
2573 5873 2730 5942 quasi
2777 5878 3192 5947 supergrediens
3220 5889 3457 5940 mentem
3483 5883 3549 5940 de
3583 5898 3649 5942 eo
3673 5887 3812 5954 quod
