4092 6512
269 455 405 513 "93

1075 454 1226 510 OPP.
1269 450 1668 510 SUPPOSITA.
1705 482 1775 492 —
1812 449 1937 505 LlB.
1980 447 2069 503 DE
2109 443 2360 503 DlVlNlS
2397 442 2699 500 OFFICllS.

3381 438 3519 495 1194

266 586 374 628 non
398 578 503 628 est.
533 568 686 627 Unde
708 568 969 641 superbus
993 571 1149 638 quasi
1195 577 1348 624 extra
1374 570 1517 624 viam
1543 566 1841 631 ambulans,
1871 567 1925 629 Α
1947 560 2303 631 dignoscitur,
2327 558 2537 627 abiecto
2560 556 2733 622 vultu,
2769 554 2969 626 pallido
3019 561 3261 625 aspectu,
3292 552 3525 609 turbidis

267 660 334 715 de
359 675 465 731 qua
516 658 797 729 Scriptura
833 676 844 710 :
888 656 1108 712 Initium
1149 659 1316 712 omnis
1360 659 1561 728 peccati
1602 656 1846 727 superbia

267 749 458 821 (Eccli.
490 766 545 816 ι,
576 749 685 820 15).
723 748 794 805 Et
816 749 938 804 ideo
961 749 1171 803 initium
1196 749 1391 803 dicitur
1411 749 1588 803 omnis
1614 748 1846 820 peccati,

267 841 395 911 quia
420 841 534 911 ipsa
560 840 841 911 przecessit
862 841 918 895 in
944 840 1181 906 diabolo,
1210 848 1268 896 et
1292 856 1399 895 non
1451 841 1625 897 solum
1656 855 1851 912 pecca—

268 938 385 988 tum
409 942 492 987 est
521 931 658 1002 ipsa,
686 933 778 987 sed
797 932 961 987 etiam
981 932 1185 986 nullum
1208 940 1490 1001 peccatum
1506 931 1625 986 ﬁeri
1652 932 1847 1002 potuit,

267 1031 468 1092 potest,
491 1031 588 1077 aut
612 1023 810 1092 poterit
853 1022 971 1078 sine
991 1023 1129 1091 ipsa.
1161 1020 1333 1077 Porro
1374 1024 1640 1093 cupiditas
1689 1033 1852 1091 atque

274 1112 524 1180 superbia
573 1112 628 1164 in
672 1120 882 1167 tantum
925 1128 1095 1166 unum
1138 1119 1228 1167 est
1272 1112 1496 1177 malum,
1526 1118 1587 1167 ut
1611 1126 1712 1167 nec
1736 1101 1852 1166 Sine

271 1204 523 1283 superbia
551 1204 720 1274 possit
747 1202 976 1257 inveniri
1005 1202 1286 1272 cupiditas.
1321 1201 1441 1257 Non
1470 1202 1613 1256 enim
1642 1202 1853 1271 primus

268 1294 441 1349 homo
469 1294 658 1349 ederet
678 1294 742 1349 de
763 1293 906 1364 ligno
950 1291 1246 1362 prohibito,
1277 1292 1381 1346 nisi
1410 1293 1850 1359 concupisceret;

270 1400 379 1441 nec
407 1388 752 1441 desereretur
777 1400 805 1438 a
838 1384 1081 1447 Domino,
1106 1383 1209 1437 nisi
1235 1384 1386 1454 prius
1419 1383 1536 1452 ipse
1559 1387 1850 1439 desereret.

279 1474 356 1529 De
382 1474 631 1545 superbia
659 1474 789 1528 dicit
829 1472 1163 1543 Augustinus
1192 1490 1257 1526 ξ’(
1295 1471 1524 1526 Vitanda
1568 1471 1721 1526 nobis
1774 1481 1857 1527 est

262 1562 548 1629 superbia,
578 1577 699 1632 qua:
724 1570 779 1618 et
805 1562 1024 1633 angelos
1054 1562 1205 1615 novit
1227 1560 1497 1630 decipere,
1529 1568 1585 1614 et
1608 1561 1857 1616 homines

273 1653 556 1724 dissipare.
596 1673 614 1707 ι
652 1652 1013 1723 Hieronymus
1045 1669 1058 1707 :
1087 1671 1107 1704 ι
1142 1652 1240 1707 Vir
1271 1655 1533 1723 superbus
1558 1669 1663 1707 non
1693 1654 1856 1710 deco-

266 1746 503 1811 rabitur,
554 1760 653 1801 nec
695 1746 1028 1800 voluntatem
1079 1761 1232 1799 suam
1274 1745 1539 1816 perﬁciet.
1576 1766 1596 1798 ι
1627 1744 1857 1801 Ambro-

276 1835 392 1888 sius
419 1849 433 1886 :
470 1853 489 1884 ι
525 1832 789 1904 Superbia
820 1850 888 1888 ex
910 1835 1116 1905 angelis
1146 1834 1418 1888 dmmones
1460 1834 1608 1897 fecit,
1640 1834 1858 1889 humili-

1948 649 2138 715 oculis,
2163 649 2380 704 turbato
2408 646 2575 703 vultu.
2604 647 2680 701 De
2709 647 2814 701 bac
2856 646 3078 699 tristitia
3119 644 3251 700 dicit
3295 642 3521 713 Apostoo

1948 739 2034 795 lus
2059 758 2071 791 :
2099 738 2230 804 Qum
2275 740 2415 793 enirn
2454 737 2741 792 secundum
2795 736 2957 790 Deum
3000 734 3214 788 tristitia
3241 742 3338 799 est,
3368 729 3529 805 paeni-

1947 829 2166 884 tentiam
2192 829 2246 881 in
2294 827 2515 881 salutem
2542 826 2778 881 stabilem
2822 834 3110 892 operatur:
3138 822 3321 878 seaculi
3354 832 3531 876 autem

1949 919 2167 974 tristitia
2196 929 2413 972 mortem
2436 926 2684 987 operatur
2713 914 2798 986 (II
2826 912 2947 968 Car.
2980 929 3075 979 vn,
3108 912 3217 983 10).
3238 911 3485 981 Alibique
3512 928 3527 964 :

1954 1007 2243 1063 Tristitiam
2270 1024 2374 1061 non
2397 1007 2489 1061 des
2514 1006 2703 1060 anima:
2752 1016 2878 1059 tute.
2901 1005 3142 1060 lsidorus
3166 1022 3178 1057 :
3217 1021 3236 1054 ι
3271 1003 3368 1059 \‘is
3392 1018 3533 1057 nuit.

1952 1112 2115 1166 quam
2167 1111 2289 1152 esse
2328 1096 2539 1152 tristis?
2568 1095 2708 1150 bene
2748 1095 2913 1150 vive:
2946 1101 3160 1149 secreta
3200 1092 3533 1149 conscientia

1953 1186 2233 1241 tristitiam
2262 1185 2458 1240 leniter
2484 1185 2736 1240 sustinet.
2776 1205 2795 1236 ι

2023 1292 2186 1365 472
2215 1293 2289 1349 De
2316 1295 2542 1349 avaritia
2575 1293 2717 1367 (qua:
2743 1294 2933 1351 Graece
2960 1295 3160 1351 dicitur
3182 1295 3533 1367 philargyria,

1952 1386 2009 1441 id
2032 1393 2135 1449 est,
2168 1401 2321 1439 amor
2371 1387 2634 1455 pecunize,
2665 1386 2733 1441 ab
2762 1386 3018 1441 aviditate
3043 1386 3211 1453 dicta,
3238 1388 3381 1443 unde
3411 1403 3539 1443 ava-

1956 1490 2071 1539 rus,
2094 1474 2251 1543 quasi
2277 1475 2464 1529 avidus
2489 1474 2630 1539 auri,
2653 1475 2746 1544 qui
2766 1490 3039 1544 nunquam
3060 1476 3253 1546 opibus
3268 1478 3543 1554 expletur)

1956 1565 2201 1619 nascitur
2227 1565 2483 1634 proditio,
2510 1564 2683 1629 fraus,
2711 1564 2943 1632 fallama,
2980 1566 3299 1636 periurium,
3327 1567 3540 1638 inquie-

1958 1654 2106 1718 tudo,
2135 1653 2412 1719 violentia,
2440 1663 2497 1708 et
2538 1662 2727 1708 contra
2778 1654 3206 1711 misericordiam
3254 1658 3542 1713 obduratio

1960 1743 2157 1798 cordis.
2197 1742 2273 1798 De
2302 1744 2405 1797 hac
2430 1744 2559 1799 dicit
2587 1743 2879 1812 Apostolus
2913 1764 2924 1797 :
2973 1744 3155 1814 Neque
3183 1748 3354 1810 avari,
3378 1764 3541 1817 neque

1962 1850 2175 1905 rapaces
2206 1850 2422 1905 regnum
2465 1833 2564 1888 Dei
2608 1836 2942 1906 possidebunt
2973 1834 3027 1908 (Ι
3068 1837 3190 1891 Cor.
3217 1852 3291 1902 vr,
3324 1837 3433 1912 10).
3472 1839 3544 1893 Ει

265 1933 358 1979 κιδδ
385 1931 564 1979 autem
593 1926 841 1980 homines
862 1926 1066 1979 sanctis
1092 1925 1296 1997 angelis
1321 1925 1526 1980 similes
1554 1926 1748 1980 reddit.
1792 1945 1810 1977 ›
1887 1911 1931 1970 Β
1959 1925 2213 1982 Salomon
2244 1945 2257 1982 :
2286 1928 2489 1981 Avarus
2506 1944 2611 1982 non
2632 1926 2932 1998 implebitur
2948 1930 3181 1999 pecuniis
3203 1911 3442 2001 (Echv,
3459 1932 3537 2001 9).

350 2016 428 2071 De
462 2017 607 2072 inani
640 2017 831 2087 gloria,
866 2017 916 2071 id
946 2025 1047 2081 est,
1097 2033 1252 2083 vana,
1297 2033 1418 2088 qua:
1444 2016 1632 2073 Graece
1659 2018 1857 2073 dicitur

266 2105 546 2171 κενοδοξία,
576 2107 1215 2169 uaseiturinobedientia,
1268 2107 1591 2176 hypocrisis,
1635 2115 1859 2161 conten-

264 2195 489 2259 tiones,
542 2196 883 2265 pertinaciae,
933 2195 1217 2249 discordiae
1261 2204 1316 2249 et
1366 2197 1665 2250 novitatum
1721 2212 1859 2267 prte-

275 2295 626 2359 sumpttones.
659 2287 727 2341 Et
756 2288 899 2342 enim
931 2288 1143 2341 vanitas
1168 2287 1354 2342 inﬂata
1398 2289 1654 2359 appetitio
1682 2289 1857 2361 digni-

274 2385 469 2441 tatum,
496 2378 666 2432 dulcis
698 2378 941 2443 miseris,
968 2394 1155 2433 amara
1182 2379 1462 2449 perfectis,
1489 2380 1575 2435 cui
1617 2381 1861 2435 serviunt

279 2466 486 2530 tumidi,
516 2468 617 2522 sub
642 2482 747 2537 qua
773 2465 958 2537 iacent
997 2466 1146 2534 elati,
1177 2477 1396 2538 tamque
1422 2484 1516 2525 eos
1564 2470 1730 2524 ardor
1758 2472 1861 2525 hu—

270 2574 453 2614 mana:
473 2558 651 2613 laudis
676 2557 989 2626 inﬂammat,
1018 2569 1076 2613 ut
1101 2560 1370 2617 laboriosa
1407 2566 1589 2632 opera,
1622 2579 1741 2633 quae
1765 2578 1862 2634 po—

271 2649 438 2719 pulus
482 2649 799 2715 admiretur,
833 2659 889 2705 et
914 2650 1109 2722 quibus
1165 2651 1310 2708 fama
1355 2653 1695 2721 diﬂ'unditur,
1745 2655 1863 2710 sine

270 2738 468 2793 iabore
516 2738 833 2808 suscipiant,
864 2748 920 2794 et
959 2740 1191 2797 libenter
1222 2751 1513 2799 exerceant
1544 2760 1556 2797 :
1587 2745 1732 2800 unde
1777 2751 1864 2799 est

273 2830 426 2898 quod
462 2827 735 2898 jejunare,
777 2832 1069 2898 abstinere,
1119 2833 1367 2904 vigilare,
1408 2834 1706 2890 Ecclesium
1749 2833 1863 2888 fre-

272 2928 565 2989 quentare,
594 2921 678 2975 vel
708 2922 961 2992 psallere,
991 2937 1113 2977 cum
1142 2925 1258 2978 hare
1294 2926 1477 2979 omnia
1522 2926 1641 2980 sine
1680 2925 1864 2979 labore

272 3025 393 3064 'non
434 3009 663 3076 faciunt,
690 3012 854 3066 etiam
881 3026 1005 3067 cum
1056 3012 1413 3069 delectatione
1437 3015 1663 3080 faciunt,
1704 3021 1766 3069 ut
1793 3014 1866 3070 ab

285 3099 614 3166 hominibus,
638 3100 837 3171 quibus
858 3102 1090 3171 placere,
1117 3118 1225 3158 non
1270 3104 1399 3169 Deo,
1434 3105 1762 3171 desiderant,
1783 3102 1868 3161 vl-

279 3190 518 3245 deantur
545 3209 558 3244 :
586 3190 730 3247 unde
760 3189 971 3246 Veritas
997 3209 1011 3244 :
1041 3191 1206 3246 Amen
1234 3193 1352 3248 dico
1378 3194 1538 3259 vobis,
1563 3204 1866 3267 receperunt

279 3284 568 3341 mercedem
593 3300 745 3338 suam
768 3283 984 3355 (Matth.
1008 3300 1085 3349 νι,
1114 3282 1191 3356 2).

354 3372 431 3428 De
453 3373 652 3428 invidia
681 3373 795 3428 sive
836 3374 1037 3438 invido,
1084 3375 1175 3444 qui
1228 3376 1295 3429 ab
1326 3375 1612 3431 invidendo
1638 3377 1864 3432 alterius

280 3463 532 3521 felicitati
582 3465 803 3531 dicitur,
853 3466 1097 3521 nascitur
1150 3467 1353 3531 odium,
1400 3471 1726 3534 susurratio,
1772 3470 1865 3523 de-

279 3554 499 3618 tractio,
531 3554 824 3608 exsultatio
851 3555 905 3610 in
951 3556 1193 3611 adversis
1230 3557 1486 3625 proximi,
1523 3557 1743 3614 atllictio
1769 3575 1867 3612 au-

285 3653 397 3699 tem
421 3644 480 3699 in
529 3644 824 3713 prosperis.
868 3643 950 3701 De
998 3646 1101 3700 hac
1139 3644 1431 3717 Apostolus
1482 3650 1863 3713 comminatur,

289 3736 477 3791 dicens
506 3752 520 3788 :
551 3734 654 3800 Qui
680 3735 787 3789 odit
815 3736 1030 3805 fratrem
1063 3755 1234 3802 suum,
1260 3740 1521 3793 homicida
1548 3750 1624 3794 est
1654 3755 1673 3793 :
1704 3751 1751 3795 et
1776 3742 1868 3812 qui

282 3827 502 3891 invidet,
532 3827 587 3880 in
610 3827 834 3881 tenebris
854 3836 948 3893 est,
978 3838 1026 3883 et
1048 3830 1103 3882 in
1129 3830 1351 3883 tenebris
1378 3829 1681 3901 ambulat“
1700 3830 1864 3885 Joan.

284 3935 369 3983 ιιι,
399 3918 499 3986 15;
529 3935 591 3984 ιι,
621 3917 731 3988 11).
761 3918 919 3974 Unde
948 3920 1082 3974 nihil
1127 3920 1394 3976 infelicius
1434 3929 1614 3991 potest
1635 3936 1756 3978 esse
1782 3922 1868 3977 in-

285 4014 431 4077 vido,
462 4012 555 4082 qui
588 4012 783 4066 alienis
810 4019 1094 4081 torquetur
1117 4013 1275 4067 bonis
1304 4031 1319 4067 :
1348 4014 1544 4067 invidia
1572 4014 1715 4068 enim
1741 4030 1868 4069 sen-

288 4121 412 4160 sum
437 4106 667 4171 mordet,
689 4110 880 4176 pectus
898 4106 1025 4172 urit,
1055 4114 1292 4162 mentem
1315 4104 1508 4173 allicit;
1533 4115 1588 4163 et
1614 4109 1703 4177 qui
1735 4108 1873 4163 invi-

283 4196 402 4263 det,
430 4197 623 4252 similis
650 4203 736 4250 est
763 4195 1003 4262 diabolo,
1033 4197 1127 4266 qui
1175 4212 1275 4269 per
1308 4197 1564 4251 invidiam
1595 4198 1869 4253 hominem

289 4288 357 4344 de
383 4288 636 4358 paradiso
665 4287 846 4357 eiecit.

361 4380 545 4437 Deira
570 4378 753 4450 longa,
802 4393 924 4449 quae
944 4380 1020 4434 ab
1048 4378 1417 4449 indignatione
1458 4381 1676 4446 dicitur,
1709 4396 1740 4435 a
1765 4397 1870 4451 qua

288 4480 346 4527 et
374 4471 670 4533 iracundia,
704 4486 771 4527 eo
797 4470 941 4541 quod
968 4485 1200 4527 accenso
1238 4474 1516 4542 sanguine,
1549 4472 1601 4526 in
1636 4473 1871 4527 furorem

287 4560 654 4631 compellitur,
685 4567 987 4617 nascuntur
1019 4560 1173 4625 rixas,
1206 4568 1385 4615 tumor
1425 4562 1645 4628 mentis,
1678 4569 1869 4615 contu-

1956 2018 2025 2073 Et
2047 2020 2190 2073 idem
2225 2038 2236 2073 :
2268 2020 2440 2073 Auaro
2475 2029 2647 2073 autem
2674 2020 2808 2074 nihil
2842 2028 2918 2074 est
2960 2019 3264 2076 scelestius:
3310 2022 3542 2092 nihilque

1957 2107 2187 2178 iniquius
2214 2125 2371 2178 quam
2393 2125 2572 2164 amare
2606 2124 2880 2177 pecuniam
2914 2109 3105 2181 (Eccli.
3150 2127 3208 2177 ιι,
3238 2110 3314 2183 9).
3343 2110 3412 2166 Et
3436 2113 3541 2167 ite-

1958 2213 2077 2252 rum
2111 2217 2125 2252 :
2157 2196 2291 2253 Cum
2314 2200 2452 2253 enim
2475 2204 2727 2272 morietur
2746 2199 2924 2265 homo,
2955 2200 3287 2255 Icareditaoit
3325 2218 3542 2272 serpen-

1959 2296 2033 2341 tes
2054 2296 2101 2341 et
2133 2288 2323 2342 bestias
2349 2298 2398 2341 et
2420 2305 2611 2343 remes
2635 2267 2823 2359 (.lbid”
2846 2306 2894 2342 υ.
2926 2289 3033 2360 13).
3066 2288 3180 2346 Hoc
3200 2306 3329 2346 vero
3349 2267 3542 2346 vitium

1959 2377 2194 2431 vincitur
2219 2376 2275 2432 iu
2294 2376 2580 2448 largitione
2599 2393 2920 2450 pauperum,
2965 2380 3020 2433 in
3047 2379 3355 2436 visitatione
3394 2381 3544 2437 inﬁr-

1961 2481 2199 2534 morum,
2218 2467 2273 2523 in
2303 2476 2616 2538 tegumenta
2631 2468 2919 2537 nudorum,
2943 2477 3001 2524 et
3028 2469 3086 2525 in
3113 2471 3386 2526 reddendo
3403 2474 3547 2543 quod

1966 2558 2162 2628 mjuste
2191 2557 2431 2614 ablatum
2460 2566 2561 2615 est.
2591 2568 2647 2614 et
2665 2560 2719 2615 in
2749 2558 2876 2614 ﬂetu
2905 2576 2971 2616 ac
2994 2560 3248 2632 lacrymis
3269 2578 3392 2619 cum
3418 2579 3547 2618 con-

1964 2650 2186 2706 tritione
2214 2650 2419 2715 cordis,
2448 2650 2588 2705 sicut
2611 2651 2870 2707 Dominus
2894 2651 3027 2707 dicit
3061 2670 3075 2706 :
3106 2652 3169 2707 Si
3191 2653 3261 2707 vis
3284 2653 3545 2725 perfectus

1963 2756 2095 2806 esse,
2127 2739 2256 2795 vade
2279 2750 2328 2795 et
2361 2740 2521 2796 vende
2567 2742 2744 2795 omnia
2773 2758 2891 2814 qua
2916 2743 3093 2810 habes,
3128 2753 3177 2797 et
3199 2742 3271 2797 da
3299 2745 3547 2816 pauperi-

1959 2831 2061 2885 bus
2084 2830 2299 2902 (Matth.
2333 2846 2445 2897 χιιι,
2477 2831 2589 2902 2i).

2040 2924 2116 2979 De
2143 2925 2349 2979 ventris
2373 2924 2623 2995 ingluvie,
2648 2940 2767 2993 quae
2791 2924 2979 2981 Graece
3006 2925 3201 2982 dicitur
3226 2927 3545 2997 gastrimar-

1969 3014 2075 3085 gia,
2110 3014 2163 3069 id
2191 3020 2292 3077 est,
2322 3015 2539 3070 horrida
2565 3015 2833 3071 voracitas
2854 3025 3016 3086 atque
3053 3017 3333 3088 gulositas,
3372 3033 3492 3088 qua:
3514 3034 3545 3072 a

1960 3103 2092 3177 gula
2122 3103 2337 3169 dicitur,
2367 3106 2610 3160 nascitur
2635 3104 2813 3176 inepta
2842 3106 3052 3173 lzetitia,
3090 3107 3409 3174 scurrilitas,
3440 3109 3545 3163 im-

1971 3195 2260 3259 munditia,
2315 3195 2730 3265 stultiloquium,
2796 3197 3213 3267 multiloquium,
3279 3198 3547 3254 hebetudo

1886 3274 1935 3337 C
1967 3301 2159 3343 sensus
2189 3286 2333 3341 circa
2364 3285 2795 3355 intelligentiam,
2834 3294 2889 3342 et
2912 3296 2998 3343 est
3040 3287 3232 3342 vitium
3280 3288 3543 3358 spiritale.

1962 3375 2045 3432 De
2093 3377 2197 3431 hoc
2226 3376 2499 3455 scriptum
2529 3384 2613 3432 est
2641 3392 2655 3429 :
2687 3376 2791 3442 Qui
2835 3378 3061 3432 continet
3108 3387 3333 3432 ventrem
3371 3395 3544 3442 suum,

1966 3469 2155 3523 minuit
2186 3468 2313 3522 uitia
2336 3480 2356 3518 :
2393 3467 2717 3521 abundantia
2748 3476 2921 3523 autem
2942 3485 3196 3533 escarum,
3228 3472 3392 3524 nutrit
3412 3470 3551 3524 desi-

1966 3556 2113 3609 deria
2148 3557 2311 3611 mala.
2345 3554 2529 3610 Hultre
2558 3572 2689 3611 escae
2721 3560 2956 3611 nutriunt
2990 3569 3215 3612 vetarent
3238 3559 3547 3628 fornicatio-

1964 3647 2068 3699 m’s.
2094 3646 2163 3700 Et
2187 3646 2475 3715 Apostolus
2500 3662 2514 3699 :
2543 3644 2666 3699 Non
2689 3645 2742 3698 in
2771 3647 3233 3701 comessationibus
3261 3658 3311 3701 et
3331 3649 3550 3703 ebrieta-

1966 3736 2105 3791 tibus
2132 3736 2310 3805 (Rom.
2332 3752 2451 3800 xui,
2467 3735 2575 3805 15).
2604 3734 2670 3789 Et
2697 3736 2821 3804 quia
2839 3736 3048 3805 primus
3070 3736 3234 3791 homo
3252 3738 3385 3795 vitio
3408 3739 3547 3808 gulae

1968 3826 2183 3890 cecidit,
2203 3840 2425 3882 necesse
2444 3832 2547 3891 est,
2573 3832 2633 3879 ut
2649 3840 2749 3894 per
2769 3824 3150 3879 abstinentiam
3171 3841 3543 3900 resurgamus.

1967 3917 2117 3973 Laeta
2162 3933 2292 3973 caro
2334 3917 2500 3973 traxit
2548 3931 2648 3973 nos
2673 3917 2740 3973 ad
2766 3923 3065 3987 peccatum,
3093 3916 3291 3975 amicta
3320 3917 3549 3974 reducat

1967 4009 2036 4063 ad
2057 4009 2292 4063 veniam.

2043 4097 2119 4152 De
2149 4097 2386 4162 luxuria,
2409 4112 2530 4167 quae
2549 4111 2581 4151 a
2603 4096 2735 4151 luxu
2776 4111 2972 4153 nomen
2998 4096 3224 4168 accepit,
3255 4105 3311 4153 et
3339 4106 3425 4154 est
3446 4098 3548 4154 im-

1971 4191 2237 4245 munditia
2267 4189 2582 4260 corporalis,
2612 4189 2756 4243 unde
2783 4196 2837 4242 et
2862 4188 3193 4252 luxuriosus,
3224 4187 3377 4257 quasi
3404 4188 3546 4244 solu—

1972 4289 2060 4336 tus
2105 4289 2162 4337 et
2197 4289 2492 4351 corruptor
2534 4280 2750 4344 dicitur,
2796 4280 3036 4335 nascitur
3063 4280 3283 4335 cmcitas
3326 4280 3541 4345 mentis,

1972 4373 2413 4439 inconsideratio,
2443 4374 2825 4437 inconstantia,
2860 4375 3234 4444 praecipitatio,
3266 4390 3420 4429 amor
3442 4375 3546 4437 sui,

1971 4466 2154 4520 odium
2195 4464 2315 4531 Dei,
2341 4464 2548 4519 alllatus
2585 4464 2866 4535 praesentis
2895 4464 3100 4530 seculi,
3146 4464 3341 4523 horror
3369 4472 3550 4519 autem
3600 4516 3621 4530 ,

1972 4557 2056 4610 vel
2082 4557 2390 4626 desperatio
2413 4556 2741 4610 futurorum.
2788 4556 2884 4610 Est
2922 4563 3101 4611 autem
3144 4556 3335 4611 vitium
3358 4572 3554 4627 corpo-

292 4653 484 4716 meliae,
509 4652 737 4717 clamor,
760 4650 1465 4723 indignatio,blasphemim.
1490 4653 1564 4706 De
1590 4654 1702 4722 ipsa
1726 4654 1869 4707 enim
1899 4632 1945 4688 ί)
1974 4647 2105 4699 tale.
2132 4645 2210 4700 De
2251 4647 2371 4715 ipso
2409 4647 2539 4701 dicit
2570 4644 2860 4715 Apostolus
2886 4664 2901 4701 :
2932 4645 3123 4716 Fugite
3148 4646 3550 4716 fornicationem

289 4745 424 4801 dicit
437 4743 718 4813 Scriptura
740 4741 799 4797 τι
805 4759 864 4797 ra
882 4745 939 4798 in
959 4744 1080 4798 sinu
1108 4742 1256 4797 stulti
1281 4744 1551 4814 requiescit
1583 4742 1751 4814 (Eccl.
1773 4760 1867 4807 vn,

292 4835 403 4905 10).
435 4834 501 4889 Ει
530 4834 657 4888 alibi
682 4852 695 4886 :
724 4831 817 4886 Ira
843 4833 980 4887 enirn
1004 4832 1104 4888 uiri
1129 4831 1398 4902 justitiam
1423 4831 1519 4885 Dei
1551 4849 1656 4885 non
1683 4848 1870 4902 opera-

290 4936 381 4978 tur
409 4921 548 4994 (Jac.
603 4938 641 4987 ι,
684 4920 799 4994 20).
832 4920 901 4975 Et
926 4920 979 4974 in
1008 4920 1221 4991 psalmo
1270 4921 1337 4976 de
1383 4922 1693 4990 quotidiana
1744 4922 1867 4974 ira:

293 5014 616 5073 Irascimini,
643 5021 692 5065 et
721 5010 880 5066 nolite
905 5027 1116 5080 peccare
1153 5008 1328 5084 (Psal.
1373 5028 1447 5075 tv,
1493 5012 1571 5083 5).
1620 5013 1687 5066 Et
1733 5013 1873 5083 Apo-

290 5102 461 5157 stolus
491 5119 504 5153 :
540 5100 635 5156 Sol
662 5117 768 5155 non
818 5099 1023 5155 occidat
1066 5117 1225 5171 super
1269 5101 1601 5157 iracundiam
1647 5116 1869 5156 vestrum

292 5195 508 5267 (Ephes.
540 5210 614 5259 IV,
639 5192 754 5265 26),
778 5200 834 5248 et
853 5192 981 5247 alibi
1014 5211 1027 5246 :
1056 5192 1163 5247 Illa
1191 5193 1329 5247 enim
1351 5194 1434 5247 ira
1472 5194 1613 5249 mala
1636 5206 1731 5257 est,
1754 5213 1871 5264 qum

292 5294 513 5338 mentem
541 5282 737 5348 turbat,
762 5292 818 5336 ut
844 5292 1040 5337 rectum
1069 5282 1347 5337 consilium
1372 5285 1575 5355 perdat.

363 5377 441 5431 De
483 5375 724 5439 tristitia,
777 5390 900 5444 qum
946 5375 1121 5430 oritur
1147 5389 1216 5430 ex
1245 5375 1343 5435 ira.
1377 5377 1615 5432 nascitur
1642 5377 1867 5441 malitia,

296 5482 511 5531 rancor,
533 5463 970 5536 pusillanimitas,
994 5463 1326 5532 desperatio,
1348 5471 1537 5535 torpor
1559 5465 1705 5520 circa
1733 5480 1871 5534 prte-

296 5572 469 5633 ccpta,
492 5562 706 5631 vagatio
726 5559 925 5614 mentis
949 5573 1076 5629 erga
1100 5558 1307 5614 illicita.
1353 5559 1418 5614 Et
1439 5560 1716 5617 sciendum
1743 5562 1870 5630 quia

299 5655 440 5709 inter
470 5651 746 5706 tristitiam
776 5658 832 5704 et
873 5649 1187 5705 maestitiam
1216 5650 1319 5705 hoc
1366 5649 1591 5705 interest
1622 5670 1635 5704 :
1668 5651 1875 5705 moesti-

299 5746 393 5809 tia,
424 5743 602 5798 cordis
627 5746 739 5805 est;
772 5739 1011 5803 tristitia,
1056 5738 1241 5795 vultus
1268 5758 1280 5791 :
1332 5748 1585 5795 mmstum
1614 5742 1759 5795 enim
1790 5740 1875 5794 vel

300 5836 531 5890 inertem
581 5830 809 5887 dicimus
858 5828 1127 5892 animum;
1177 5828 1348 5883 tristis
1398 5829 1541 5883 enim
1592 5828 1744 5887 facie.
1803 5829 1875 5883 ita

662 5921 936 5981 Psruon.
983 5917 1080 5980 Cl.

1972 4737 2025 4809 (I
2051 4736 2172 4791 Cor.
2210 4753 2289 4802 v1,
2315 4738 2422 4809 18).
2466 4738 2534 4792 Et
2559 4738 2699 4792 idem
2729 4754 2742 4789 :
2778 4736 3149 4792 Fornicatorcs
3186 4748 3235 4792 et
3281 4738 3549 4794 adulteros

1960 4826 2225 4896 judicabit
2247 4826 2502 4881 Dominus
2530 4825 2715 4895 (Hebr.
2738 4843 2857 4889 xm,
2890 4827 2965 4897 l).
2991 4827 3347 4899 Hieronymus
3373 4846 3387 4881 :
3416 4847 3434 4878 ι
3457 4828 3549 4884 Va:

1971 4919 2047 4972 illi
2079 4918 2168 4988 qui
2201 4926 2330 4972 tunc
2374 4918 2626 4972 habuerit
2674 4918 2961 4972 terminum
3004 4918 3228 4973 luxuriat
3255 4920 3468 4987 quando
3495 4929 3554 4976 et

1973 5010 2114 5064 vitae.
2142 5029 2159 5061 ι
2179 5008 2434 5063 Diabolus
2456 5025 2551 5075 per
2579 5007 2883 5077 Sllpm‘lliam
2907 5016 2961 5063 et
2975 5007 3380 5063 fornicationem
3402 5010 3549 5064 omni

1976 5103 2253 5156 hominum
2281 5102 2460 5171 generi
2486 5101 2815 5154 tlutlllllttlur.
2840 5099 3103 5155 Omnibus
3124 5101 3360 5170 peccatis
3384 5099 3553 5155 fomi-

1976 5195 2119 5248 eatio
2145 5192 2317 5260 major
2346 5200 2467 5256 est;
2494 5192 2685 5244 melius
2712 5193 2848 5245 mori
2873 5207 3030 5261 quam
3054 5191 3306 5247 fornicari
3339 5210 3350 5243 :
3382 5191 3550 5247 libido

1979 5284 2032 5338 in
2080 5283 2354 5337 infernum
2397 5282 2672 5337 hominem
2722 5282 2916 5352 mergit
2953 5290 3051 5336 :et
3094 5281 3395 5344 sciendum,
3424 5281 3552 5351 quia

1980 5373 2354 5433 fornicatores,
2410 5369 2716 5432 libidinosi,
2774 5368 3095 5434 Sodomitas,
3154 5368 3413 5431 adulteri.
3469 5370 3554 5423 in-

1978 5465 2233 5526 cestuosi,
2265 5470 2731 5531 constupratores,
2756 5468 3018 5528 raptores,
3056 5459 3261 5525 molles,
3288 5460 3548 5516 masculo-

1978 5572 2099 5611 rum
2136 5555 2535 5617 concubitores,
2593 5551 2872 5616 immundi,
2911 5551 3226 5622 pollutores,
3274 5552 3548 5622 impudici.

1978 5647 2303 5717 generaliter
2341 5644 2606 5698 luxuriosi
2650 5643 3015 5697 nominantur.
3074 5643 3224 5699 [inde
3270 5641 3553 5697 fornicatiu

1979 5736 2178 5791 dicitur
2210 5748 2362 5789 auter
2390 5732 2629 5802 legitimo
2657 5731 2928 5787 connubio
2967 5729 3194 5795 solutus,
3220 5737 3276 5785 et
3297 5744 3433 5801 vaga
3453 5744 3551 5785 ex—

1981 5825 2188 5897 plendae
2217 5823 2454 5880 libidinis
2481 5821 2854 5876 consectanda:
2878 5820 3110 5875 licentia.
3161 5818 3237 5872 De
3264 5833 3367 5888 qua
3412 5818 3547 5878 scri-

3075 5906 3154 5970 38
