4092 6496
540 380 678 439 “95
1379 383 1441 438 Β.
1483 380 1544 437 F.
1586 380 1814 436 ALBlNl
1851 379 1986 436 SEU
2024 379 2156 435 ALC

2211 379 2303 435 [Nl
2337 379 2626 439 OPERUM
2662 380 2845 437 PARS
2880 380 2973 437 IX.
3682 380 3824 436 H96

533 508 689 569 ptum
703 502 789 551 est
815 492 953 561 :Qui
974 494 1291 565 fornicatur,
1317 494 1376 549 in
1399 509 1559 549 carne
1580 510 1678 548 sua
1697 501 1876 565 peccat
1903 498 1991 544 :et
2011 504 2125 543 πω-
2150 507 2199 564 Α
2234 500 2553 547 veneratur.
2601 490 2859 557 Susum,
2891 492 2959 547 de
3006 503 3141 547 sono
3184 488 3476 547 locutionis
3515 486 3830 559 appellatur

538 586 667 649 ioris
689 597 765 641 est
789 585 1043 649 criminis,
1070 585 1198 656 quia
1236 583 1370 638 tollit
1391 583 1625 637 membra
1660 581 1878 648 Christi,
1913 591 1961 635 et
1991 580 2118 649 facit
2221 584 2277 639 id
2305 592 2409 653 est,
2439 585 2533 655 qui
2562 584 2799 640 libenter
2820 582 3031 637 inutilia
3058 579 3230 637 audit.
3271 581 3427 638 Unde
3476 578 3763 649 Scriptura
3804 596 3820 632 :

537 677 768 732 umbra
790 674 990 729 diaboli
1024 674 1078 747 (I
1113 673 1238 730 Cor.
1274 690 1358 740 tu,
1384 674 1494 746 18).
1524 673 1819 728 Libidinosi
1842 672 2116 737 dicuntur,
2226 675 2350 731 Non
2398 677 2475 731 eis
2519 691 2741 730 susurro
2792 672 2984 746 (Eccli.
3015 687 3072 739 v,
3104 672 3217 745 16).
3249 670 3477 726 Malefiei
3502 678 3561 725 et
3588 669 3825 725 venefici

535 766 629 836 qni
653 765 859 820 faciunt
874 764 1019 835 quod
1038 766 1122 820 eis
1141 765 1274 820 libet
1301 782 1315 819 :
1343 774 1472 819 sunt
1494 764 1638 819 enim
1668 763 1851 833 cupidi
1880 761 2117 831 volupta-
2224 768 2502 835 dicuntur,
2526 769 2619 839 qui
2645 782 2812 823 causa
2841 767 3032 823 mortis
3063 781 3328 821 venenum
3353 773 3571 835 parant,
3601 770 3658 819 et
3680 763 3827 817 arti-

538 858 627 910 tis.
674 853 967 910 Sodomitas
1014 854 1445 924 interpretantur
1489 854 1806 909 exclusores
1858 854 2119 921 ipsorum.
2225 859 2410 917 ficiose
2451 862 2623 916 multa
2672 860 2817 915 mala
2854 866 3206 928 componunt.
3247 857 3516 921 Maledici,
3562 855 3822 927 linguosi,

537 944 778 999 Adulteri
801 943 1078 1009 dicuntur,
1111 944 1238 1013 quia
1294 943 1523 999 alterius
1556 952 1734 997 torum
1765 942 1986 1005 violant,
2010 940 2126 995 sive

2223 950 2339 1005 sive
2382 950 2629 1020 litigiosi,
2678 949 2941 1020 sortilegi,
2966 957 3023 1003 et
3051 948 3223 1003 divini
3266 948 3382 1002 sive
3430 946 3656 1001 fanatici
3684 960 3826 999 con-

539 1033 801 1103 pollutmt.
847 1033 1095 1088 Incestus
1120 1033 1340 1099 dicitur,
1384 1032 1543 1103 quasi
1592 1034 1853 1096 incastus,
1904 1037 2126 1101 propter

2219 1038 2477 1109 jectores,
2495 1039 2586 1109 qui
2611 1040 2711 1095 sub
2725 1052 2922 1094 nomen
2949 1036 3091 1092 fictae
3110 1036 3409 1108 religionis,
3430 1051 3527 1108 per
3551 1034 3822 1106 quasdam

541 1126 788 1185 illicilam
817 1124 1276 1189 εοωιηὶειὶοηϐων
1320 1124 1375 1179 id
1409 1132 1517 1190 εει,
1544 1123 1857 1194 quicunque
1880 1136 2004 1176 cum
2030 1135 2129 1190 Pa-
2228 1128 2389 1202 (quas
2404 1139 2583 1185 sortes
2610 1138 2924 1185 sanctorum
2952 1126 3169 1199 vocant)
3198 1128 3556 1183 divinationes
3572 1137 3628 1181 et
3645 1126 3827 1181 scien-

540 1225 694 1271 rente
714 1216 952 1286 propria,
985 1222 1081 1268 aut
1104 1228 1309 1279 sorore,
1362 1214 1450 1269 vel
1491 1214 1677 1278 vidua,
1709 1213 1823 1268 sive
1870 1226 2128 1276 noverca,
2231 1219 2361 1272 tiam
2382 1217 2727 1288 profitentur.
2760 1216 2931 1272 Arioli
2982 1216 3099 1271 sive
3128 1216 3405 1286 aruspices
3432 1215 3648 1286 proprie
3671 1222 3823 1279 sunt,

541 1304 1051 1375 filia,velcognata,
1078 1311 1239 1373 atque
1269 1302 1498 1358 Domino
1513 1311 2127 1373 sacrata,praesumpse-
2228 1307 2324 1379 qui
2352 1307 2501 1363 circa
2550 1323 2677 1363 aras
2719 1307 2987 1363 idolorum
3031 1306 3270 1362 nefarias
3321 1321 3513 1376 preces
3544 1307 3823 1360 emittunt.

541 1401 614 1455 rit
662 1398 940 1456 fornicari.
990 1397 1342 1469 Stupratores
1371 1397 1647 1462 dicuntur,
1686 1397 1957 1468 virginum
2002 1412 2129 1451 cor-
2229 1396 2499 1469 Augures,
2521 1398 2614 1469 qui
2644 1398 2871 1468 auguria
2910 1407 2966 1452 et
3003 1396 3216 1452 volatus
3259 1404 3422 1466 atque
3451 1412 3612 1452 voces
3640 1396 3826 1451 avium

540 1497 811 1559 ruptores.
861 1488 1128 1559 Raptores
1184 1502 1216 1542 a
1273 1487 1555 1558 rapiendo,
1599 1488 1691 1558 qui
1742 1496 1899 1557 rapto
1945 1495 2131 1557 stupro
2233 1488 2538 1545 intendunt.
2563 1486 2819 1558 Auspicia
2848 1488 2993 1542 enim
3036 1488 3180 1544 ultro
3209 1489 3451 1544 veniunt.
3477 1488 3684 1543 Fatuus
3717 1495 3825 1552 est,

542 1577 814 1633 fruuntur.
841 1574 998 1633 Unde
1027 1584 1083 1632 et
1109 1576 1252 1632 inter
1298 1585 1567 1648 stuprum,
1619 1576 1942 1631 adulterium
1967 1584 2023 1632 et
2051 1576 2132 1630 in-
2232 1579 2327 1650 qui
2355 1582 2501 1651 quod
2524 1580 2672 1636 fatur
2698 1595 2805 1636 non
2834 1580 3104 1652 intelligit,
3132 1596 3309 1651 neque
3331 1582 3474 1651 quod
3499 1581 3589 1636 alii
3615 1580 3824 1643 dicunt,

539 1678 752 1727 cestum
801 1668 877 1724 ita
924 1667 1106 1724 differt
1135 1686 1149 1722 :
1179 1676 1428 1738 stuprum
1454 1668 1513 1723 in
1539 1667 1767 1737 virgine,
1808 1666 2134 1723 adulterium
2234 1680 2291 1725 et
2310 1671 2509 1726 dicitur
2534 1685 2747 1726 excors.
2798 1671 2874 1726 De
2897 1686 3005 1741 quo
3032 1672 3089 1726 in
3144 1672 3435 1743 Evangelia
3460 1689 3476 1726 :
3503 1671 3607 1737 Qui
3631 1670 3826 1725 dixerit

542 1769 598 1824 in
624 1776 812 1841 nupta,
844 1768 1086 1825 incestus
1114 1766 1169 1822 iu
1195 1763 1535 1838 parentibus.
1565 1765 1751 1822 Molles
1778 1772 1906 1821 sunt
1926 1762 2134 1821 efl‘emi-
2168 1793 2203 1841 η
2240 1764 2385 1835 fatue
2403 1763 2617 1836 (Matth.
2646 1781 2698 1831 v,
2723 1764 2839 1835 22).
2859 1763 3044 1821 Genus
3067 1767 3212 1821 enim
3241 1767 3468 1822 convicii
3498 1775 3599 1821 est.
3620 1766 3825 1829 Racha,

542 1861 681 1927 nati,
701 1860 789 1917 vel
812 1861 907 1930 qui
929 1859 1129 1916 barbas
1149 1874 1259 1915 non
1281 1858 1499 1923 habent,
1526 1858 1641 1914 sive
1661 1858 1754 1929 qui
1775 1857 1999 1913 alterius
2019 1855 2130 1912 for-
2160 1840 2204 1900 Β
2234 1857 2396 1930 473
2413 1857 2593 1912 inanis
2608 1865 2665 1913 et
2691 1873 2912 1922 vacuus,
2932 1859 3048 1913 sive
3070 1859 3274 1930 absque
3298 1858 3544 1913 cerebro.
3565 1856 3659 1912 Est
3678 1857 3826 1911 enim

542 1951 871 2008 nicationem
920 1950 1208 2007 sustinent.
1238 1947 1317 2004 De
1358 1950 1555 2019 quibus
1584 1947 1874 2018 Apostolus
1898 1965 1912 2001 :
1947 1946 2131 2018 Neque
2234 1964 2405 2021 genus
2427 1949 2790 2019 despectionis
2812 1950 2926 2005 sive
2946 1951 3061 2005 ine.
3096 1950 3250 2007 Unde
3277 1950 3333 2005 in
3361 1950 3651 2020 Evangelia
3675 1964 3690 2003 :
3719 1948 3824 2015 Qut

541 2039 725 2096 molles
751 2056 967 2110 regnum
987 2038 1085 2094 Dei
1106 2038 1463 2111 possidebunt,
1504 2038 1861 2094 masculorum
1886 2037 2132 2093 concubi-
2236 2040 2428 2095 dixerit
2452 2040 2611 2112 fratri
2621 2057 2719 2094 suo
2742 2042 2903 2095 racha
2934 2041 3151 2111 (Matth.
3177 2040 3359 2114 v,22).
3379 2041 3494 2097 Hoc
3509 2051 3594 2096 est
3604 2056 3826 2111 prover-

543 2141 703 2197 tores,
747 2131 960 2185 comites
1001 2129 1400 2201 fornicantium,
1428 2129 1708 2193 immundi,
1737 2128 1945 2200 polluti,
1988 2129 2133 2183 coin-
2234 2134 2382 2190 bium
2404 2135 2759 2204 provinciale.
2774 2136 2916 2191 Ecce
2930 2136 3063 2192 vitia
3078 2137 3319 2193 breviter
3332 2137 3567 2209 digesta,
3591 2150 3689 2207 per
3705 2149 3823 2206 quas

542 2222 748 2293 quinati
777 2219 831 2293 (Ι
856 2220 979 2277 Cor.
1006 2236 1081 2287 vt,
1122 2219 1232 2293 l0),
1282 2221 1425 2277 socii
1457 2220 1771 2286 luxuriosis,
1814 2220 2129 2292 pollutores,
2236 2224 2531 2279 humanum
2553 2240 2772 2296 genusa
2792 2226 3009 2282 diabolo
3037 2228 3279 2297 quotidie
3310 2228 3680 2299 impugnatur.

546 2310 841 2376 deformes,
871 2311 1268 2376 commaculati,
1300 2312 1389 2368 vel
1416 2312 1508 2382 qui
1539 2312 1775 2384 propriis
1801 2311 2053 2368 manibus
2074 2327 2134 2368 se
2306 2313 2382 2367 De
2402 2321 2600 2369 caetero
2624 2315 2800 2370 sciant
2824 2316 3134 2373 sacerdotes
3158 2317 3388 2383 Christi,
3425 2319 3553 2388 quia
3586 2316 3827 2387 quoties-

544 2400 842 2458 sordidant.
896 2402 1155 2473 lmpudici
1182 2401 1429 2474 apodice
1471 2411 1497 2439 ⁸
1551 2412 1836 2468 vocantur,
1882 2412 2131 2473 putorem
2237 2417 2450 2474 cunque
2501 2404 2569 2459 ad
2609 2405 2983 2474 pcenitentiam
3036 2407 3333 2464 Christiani
3369 2409 3656 2473 accedunt,
3685 2406 3818 2479 jeju-

542 2493 689 2549 enim
710 2491 936 2547 fetorem
966 2493 1236 2548 dicimus:
1269 2495 1383 2549 sive
1418 2493 1744 2565 impudicus,
1774 2494 1868 2564 qui
1894 2495 2130 2565 lurpitu-
2238 2496 2475 2551 nandum
2514 2505 2596 2551 est
2623 2497 2777 2567 prius
2820 2512 2944 2553 cum
2970 2498 3072 2564 eis,
3100 2515 3201 2569 pro
3227 2514 3416 2555 eorum
3446 2500 3739 2562 erratibus,
3764 2506 3826 2552 ut

544 2584 730 2641 dinem
758 2581 960 2656 flagitio
980 2583 1163 2639 infert.
2238 2601 2347 2641 non
2373 2586 2585 2642 dicatur
2611 2588 2691 2642 eis
2716 2589 2860 2657 quod
2886 2591 3260 2645 sacerdotibus
3284 2588 3596 2645 Judreorum
3622 2588 3823 2643 dictum

616 2673 724 2731 Sed
746 2683 802 2730 et
825 2675 927 2730 alia
954 2676 1081 2730 vitia
1106 2689 1226 2745 qua:
1263 2673 1391 2730 licet
1441 2691 1507 2731 ex
1538 2677 1912 2747 superioribus
1953 2678 2136 2735 orian-
2239 2687 2323 2733 est
2344 2694 2375 2732 a
2402 2678 2630 2733 Domino
2659 2697 2672 2732 :
2702 2678 2793 2734 Va:
2820 2680 2962 2735 vobis
2989 2678 3117 2750 legis
3146 2681 3348 2750 petitis,
3368 2680 3496 2751 quia
3524 2678 3823 2750 aggravatis

545 2774 656 2831 tur,
702 2764 826 2821 aliis
856 2774 1038 2819 tamen
1067 2764 1204 2822 locis
1244 2776 1559 2833 censentur,
1593 2768 1736 2822 sicut
1765 2768 2131 2841 sacrilegium,
2238 2771 2509 2835 homines,
2560 2772 2883 2841 imponent“
2929 2789 3087 2839 super
3126 2773 3373 2828 humeros
3426 2789 3611 2828 eorum
3658 2787 3823 2825 onera

547 2857 694 2929 quod
718 2855 1055 2928 Augustinus
1081 2860 1222 2913 inter
1243 2867 1452 2929 septem
1477 2860 1605 2914 vitia
1637 2869 1868 2930 reputat.
1894 2861 2135 2918 Saerile-
2239 2864 2442 2934 gravia,
2481 2865 2583 2934 ipsi
2613 2873 2791 2933 autem
2814 2865 2980 2935 digito
3004 2875 3175 2920 vestro
3206 2882 3311 2920 non
3334 2866 3551 2936 tangitis
3582 2864 3824 2919 sarcinas

546 2967 694 3024 gnum
724 2961 809 3007 est
831 2966 1111 3007 sacrarum
1132 2968 1315 3009 rerum
1338 2938 1562 3019 furtum,
1582 2970 1709 3025 qua:
1724 2963 1914 3026 postea
1939 2956 1992 3009 in
2022 2955 2136 3012 ido-
2239 2971 2421 3008 eorum
2458 2954 2613 3025 (Luc.
2645 2970 2725 3021 ιι,
2772 2954 2886 3027 46).
2932 2955 3103 3011 Nemo
3151 2956 3298 3011 enim
3349 2964 3528 3027 potest
3549 2955 3826 3026 iacentem

546 3042 721 3098 lorum
746 3041 951 3097 cultum
983 3042 1200 3096 cedunt.
1234 3042 1387 3098 Unde
1414 3043 1713 3114 sacrilegus
1761 3043 1956 3107 dictus,
1984 3044 2051 3099 ab
2070 3058 2138 3099 eo
2240 3043 2341 3097 sub
2372 3057 2537 3097 onere
2560 3042 2861 3107 sublevare,
2892 3044 2998 3098 nisi
3025 3044 3363 3099 inclinaverit
3385 3060 3463 3109 se,
3497 3053 3555 3099 et
3577 3044 3822 3114 porrigat

541 3131 689 3203 quod
718 3146 872 3187 sacra
892 3130 1047 3201 legit,
1077 3142 1132 3187 et
1153 3130 1367 3186 furatur
1396 3141 1585 3188 contra
1611 3133 1759 3205 leges
1792 3152 1804 3186 :
1835 3133 1921 3188 vel
1968 3135 2139 3189 sacri-
2165 3190 2207 3205 _
2244 3134 2296 3190 ei
2325 3149 2564 3188 manum.
2613 3132 2797 3204 Neque
2830 3133 2970 3189 ullus
3020 3135 3353 3190 medicorum
3403 3134 3627 3190 vulnera
3676 3133 3837 3188 infir-

542 3190 719 3297 legus,
751 3239 908 3280 sacra
937 3224 1055 3280 loca
1075 3224 1300 3279 violans.
1334 3224 1563 3280 Faciunt
1588 3190 1693 3280 hoc
1730 3226 1974 3282 ecclesiae
2000 3242 2139 3298 prm-
2160 3190 2208 3254 ς
2243 3224 2508 3278 manuum
2537 3190 2956 3293 potest-curare,
2982 3225 3085 3278 nisi
3116 3223 3376 3281 fetoribus
3408 3224 3684 3296 particeps
3704 3221 3829 3278 fue-

543 3317 733 3372 dones.
762 3317 935 3373 Fures
956 3332 987 3371 a
1007 3316 1166 3372 furuo
1192 3317 1323 3371 dicti
1351 3324 1501 3382 sunt,
1526 3318 1579 3372 id
1603 3325 1710 3381 est,
1739 3334 1769 3373 a
1792 3316 1946 3373 fusco
1972 3337 1984 3373 :
2010 3335 2137 3375 nam
2243 3316 2332 3370 rit.
2362 3315 2441 3370 lta
2474 3331 2688 3385 quoque
2706 3317 2961 3371 sacerdos
2988 3316 3071 3370 vel
3102 3315 3347 3386 pontifex
3373 3330 3572 3371 curare
3599 3314 3832 3370 vulnera

546 3408 725 3463 noctis
747 3407 947 3464 adeunt
972 3418 1205 3477 tempus.
1240 3407 1392 3463 Unde
1420 3408 1564 3462 inter
1592 3407 1764 3461 furem
1789 3416 1845 3463 et
1872 3408 2138 3465 latronem
2242 3422 2350 3461 non
2374 3414 2581 3477 potest,
2609 3407 2714 3461 nisi
2744 3416 3034 3476 prmstante
3072 3407 3431 3462 sollicitudine
3452 3414 3508 3461 et
3530 3405 3781 3462 oratione
3811 3422 3829 3459 :

547 3499 652 3554 hoc
676 3497 856 3553 differt
880 3517 894 3553 ε
919 3500 1010 3569 qui
1034 3496 1268 3553 alienum
1295 3500 1589 3563 subtrahit,
1620 3498 1709 3552 fur
1733 3508 1847 3564 est;
1875 3502 1965 3569 qui
1991 3500 2139 3556 fura-
2242 3508 2299 3553 et
2323 3497 2537 3567 quoties
2561 3497 2775 3552 dederis
2798 3498 3083 3552 consilium
3113 3497 3378 3567 peccauti,
3417 3496 3579 3553 simul
3605 3510 3833 3567 quoque

547 3600 637 3645 tur
659 3598 715 3645 et
736 3590 957 3654 occidit,
991 3590 1128 3645 latro
1147 3598 1251 3653 est,
1278 3606 1308 3644 a
1339 3590 1555 3645 latendo
1584 3592 1727 3645 enim
1749 3591 1948 3645 dicitur
1973 3592 2133 3648 latro.
2240 3593 2308 3649 da
2330 3592 2406 3648 illi
2428 3592 2805 3663 paenitentiam
2826 3593 3033 3658 statim,
3057 3601 3319 3663 quantum
3346 3592 3542 3647 debeat
3552 3590 3829 3662 jejunare,

547 3682 758 3753 Perjuri
786 3684 1059 3748 dicuntur,
1089 3683 1182 3753 qui
1212 3698 1499 3754 perperam
1520 3682 1727 3753 jurant,
1763 3684 1814 3739 id
1841 3693 1946 3749 est,
1974 3685 2132 3739 male.
2239 3693 2296 3739 et
2326 3683 2594 3739 redimere
2622 3693 2841 3754 peccata
2868 3700 2985 3749 sua,
3009 3700 3077 3739 ne
3112 3683 3252 3740 forte
3280 3684 3833 3753 obliviscaris,quan-

550 3771 829 3839 Falsidici,
855 3774 947 3843 qui
976 3773 1120 3828 aliud
1148 3773 1332 3827 fantur
1360 3789 1522 3845 quam
1545 3789 1750 3828 verum.
1782 3775 1976 3830 Ebrius
2003 3777 2137 3832 dici-
2242 3788 2354 3834 tum
2381 3794 2507 3834 eum
2531 3788 2777 3848 oporteat
2813 3781 3116 3845 abstinere;
3150 3781 3245 3836 tibi
3274 3781 3419 3835 enim
3442 3794 3666 3835 necesse
3697 3789 3786 3834 est
3812 3820 3830 3842 ,

546 3873 659 3930 tur,
688 3865 782 3934 qui
810 3864 878 3919 ad
908 3872 1120 3933 tempus
1149 3866 1289 3920 bibit
1321 3883 1333 3917 :
1375 3866 1644 3929 ebriosus,
1674 3866 1764 3933 qui
1795 3880 2028 3935 semper.
2059 3868 2135 3922 De
2240 3878 2302 3925 ut
2330 3870 2529 3924 iterum
2559 3871 2628 3925 ab
2650 3886 2715 3926 eo
2739 3872 2998 3941 exquiras
3026 3882 3250 3942 peccata
3270 3911 3283 3935 ,
3313 3871 3440 3941 quia
3476 3870 3565 3925 ille
3591 3869 3829 3925 forsitan

545 3971 654 4024 quo
672 3954 952 4026 Scriptura
982 3954 1222 4009 :Ebriosi
1248 3972 1464 4025 regnum
1492 3955 1587 4008 Dei
1619 3972 1721 4009 non
1750 3968 2135 4025 consequentur
2239 3962 2510 4016 erubescit
2543 3962 2737 4016 iterum
2766 3971 2991 4032 peccata
3039 3978 3135 4018 sua
3185 3962 3451 4018 conﬁteri.
3507 3960 3625 4016 Non
3674 3963 3829 4017 enim

546 4043 757 4116 (fbid.).
785 4044 1083 4099 Acediosus
1112 4046 1178 4099 ab
1202 4045 1389 4100 acedia
1419 4045 1639 4109 dicitur,
1670 4046 1760 4115 qui
1804 4046 2134 4101 anxietatem
2237 4068 2429 4110 omnes
2451 4052 2636 4109 clerici
2667 4062 2761 4107 aut
2794 4054 2935 4109 ullus
2955 4054 3128 4109 laicus
3152 4056 3295 4109 hanc
3314 4054 3641 4125 scripturam
3667 4069 3833 4110 usur—

546 4136 658 4192 sive
682 4136 898 4190 taedium
920 4136 1103 4192 cordis
1132 4136 1357 4205 patitur,
1384 4136 1476 4205 qui
1505 4144 1558 4191 et
1589 4136 1899 4192 inconstans
1926 4138 2008 4191 vel
2042 4155 2137 4193 va-
2237 4160 2370 4217 pare
2397 4152 2493 4201 aut
2536 4145 2714 4215 legere
2748 4145 2965 4209 debent,
2995 4146 3098 4200 nisi
3125 4144 3224 4201 soli
3257 4144 3335 4199 illi
3375 4144 3571 4214 quibus
3599 4159 3830 4199 necesse

544 4244 645 4297 gus
674 4228 876 4282 dicitur
900 4245 913 4281 :
940 4228 1008 4281 ab
1036 4227 1307 4297 aliquibus
1336 4228 1479 4281 enim
1503 4228 1644 4281 inter
1667 4237 1792 4283 octo
1818 4230 1947 4283 vitia
1977 4247 2129 4301 repn-
2238 4245 2351 4302 est;
2386 4237 2489 4291 hoc
2517 4245 2643 4292 sunt
2667 4237 2903 4307 episcopi
2940 4235 3024 4290 vel
3064 4236 3389 4307 presbyteri,
3418 4235 3614 4305 quibus
3638 4232 3831 4289 claves

544 4326 710 4371 tatur.
742 4318 1017 4373 Patricida
1070 4327 1125 4373 et
1166 4319 1437 4389 parricida
1488 4320 1591 4373 hoc
1616 4319 1797 4374 differt
1825 4340 1837 4374 :
1868 4324 2134 4391 patricida
2238 4326 2393 4396 regni
2431 4327 2669 4382 ctelestis
2690 4328 2904 4382 traditas
2945 4336 3091 4392 sunt,
3120 4327 3166 4382 si
3190 4342 3292 4382 nec
3312 4325 3517 4395 judicia
3548 4326 3650 4380 ista
3674 4325 3820 4380 alius

543 4416 649 4472 est,
675 4408 767 4477 qui
804 4418 1086 4478 parentem
1136 4409 1358 4475 occidit,
1384 4411 1681 4479 parricida,
1712 4413 1803 4482 qui
1834 4428 2019 4481 parem
2042 4424 2135 4468 aut
2200 4460 2205 4465 .
2239 4430 2503 4485 usurpare
2554 4415 2733 4471 debet.
2785 4415 2843 4471 Si
2885 4425 3063 4472 autem
3105 4416 3402 4471 necessitas
3444 4414 3712 4480 evenerit,
3767 4423 3827 4471 et

497 4492 517 4506 ⁵
545 4498 775 4554 socium.
806 4496 1236 4568 Fratricida,qui
1258 4498 1481 4554 fratrem
1502 4500 1720 4555 occidit.
1748 4500 2129 4568 Homicidium,
2159 4542 2210 4601 D
2238 4511 2523 4580 presbyter
2568 4524 2676 4563 non
2706 4509 2869 4564 fuerit
2895 4524 3166 4579 prmus,
3211 4510 3470 4565 diaconus
3501 4509 3529 4549 ι)
3562 4508 3831 4579 suscipiat

544 4588 903 4657 compositum
932 4604 997 4643 ex
1028 4589 1245 4643 homine
1267 4598 1322 4643 et
1353 4590 1519 4654 crede,
1551 4592 1692 4645 unde
1740 4601 1795 4647 et
1837 4591 2127 4648 homicida.
2159 4588 2206 4601 ⁸’
2237 4602 2633 4670 ρωηίιεῃιίςιιη,
2661 4616 2724 4655 ac
2750 4601 2839 4655 det
2866 4611 3107 4657 sanciam
3148 4603 3603 4658 communionem.

544 4677 903 4749 Stultiloquus
928 4687 1034 4745 est,
1068 4679 1162 4749 qui
1199 4680 1375 4749 turpia
1404 4687 1461 4734 et
1490 4681 1655 4734 risum
1687 4684 1959 4737 moventia
2005 4700 2133 4737 nar—
2311 4703 2334 4731 c
2378 4692 2619 4761 Denique
2664 4694 2917 4748 sacerdos
2946 4695 3049 4748 hac
3088 4695 3412 4749 auctoritate
3442 4694 3681 4748 imbutus
3708 4694 3827 4749 sive

544 4778 650 4825 rat.
682 4770 835 4826 Unde
863 4780 919 4826 et
940 4770 1334 4842 stultiloquium
1361 4773 1494 4826 nihil
1521 4773 1573 4827 in
1601 4789 1660 4827 se
1688 4774 1903 4843 sapiens
1943 4777 2128 4831 habet.
2236 4794 2607 4856 compunctus,
2641 4788 2941 4858 suscipiens
2990 4789 3368 4859 ptenitentem,
3417 4790 3462 4844 si
3516 4764 3687 4843 laicu’s
3713 4798 3823 4851 est.

544 4862 863 4917 Scurrilitas
887 4870 942 4916 et
979 4863 1316 4934 jocularitas,
1349 4878 1469 4933 quin
1498 4864 1828 4919 conveniunt
1858 4878 1924 4919 ex
1947 4866 2128 4936 aliqua
2236 4877 2459 4932 dimisso
2480 4878 2673 4933 baculo
2703 4897 2714 4932 ε
2749 4880 2992 4951 quisquis
3034 4897 3163 4937 γει-ο
3210 4882 3299 4935 ine
3342 4888 3447 4945 ρει,
3490 4882 3603 4936 sive
3630 4881 3822 4946 laicus,

541 4952 849 5023 prudentia,
880 4952 1047 5006 risum
1080 4960 1303 5009 movent
1341 4954 1705 5019 audientibus,
1732 4956 1930 5023 quibus
1960 4957 2131 5027 magis

2234 4968 2350 5023 sive
2380 4968 2630 5033 clericus,
2658 4969 2773 5025 sive
2804 4971 3121 5036 monachus,
3156 4970 3471 5041 suppliciter
3513 4984 3571 5025 se
3600 4971 3822 5027 inclinet

544 5045 799 5099 convenit
832 5043 1039 5114 lugere.
1089 5043 1390 5115 Turpitudo
1438 5053 1543 5111 cst,
1578 5061 1699 5100 cum
1730 5044 2133 5101 inflammantur

2233 5067 2360 5113 ante
2407 5060 2763 5114 sacerdotem.
2795 5061 2946 5115 Tunc
2970 5063 3226 5118 sacerdos
3276 5064 3410 5117 dicit
3437 5062 3579 5117 hanc
3624 5064 3818 5118 oratio

544 5150 737 5191 sensus
764 5135 934 5190 nostri
967 5136 1033 5190 ad
1078 5136 1354 5191 libidinem
1408 5145 1461 5192 et
1517 5139 1697 5191 carnis
1746 5136 2128 5194 titillationem.
2234 5166 2358 5205 nem
2392 5168 2405 5203 ε
2432 5151 2654 5204 nomine
2678 5150 2820 5205 De“;
2865 5154 3210 5221 omnipoiem,
3246 5154 3505 5224 ρνορίιίαε
3538 5164 3648 5207 “io
3688 5156 3823 5208 mihi

543 5224 737 5279 Anima
756 5225 934 5315 ignita
963 5227 1330 5288 succenditur,
1364 5237 1417 5279 t‘l
1448 5228 1580 5281 lliilii
1747 5228 1942 5283 timore
1965 5228 2134 5283 rcfre-
2201 5240 2511 5315 lpeccafori,
2541 5249 2595 5293 ut
2625 5242 2881 5311 condigne
2905 5245 3101 5313 ροιεὶγη
3122 5244 3216 5297 (ibi
3240 5245 3440 5314 gratias
3466 5261 3637 5315 agere.
3665 5253 3721 5299 et
3739 5262 3826 5301 re-

545 5323 725 5369 natur.
753 5314 1038 5369 ldololatra
1072 5318 1397 5385 dicitur,qui
1432 5318 1588 5372 idolis
1611 5321 1779 5372 servit
1806 5337 1818 5372 :
1850 5327 1909 5374 et
1935 5320 1987 5375 in
2008 5336 2133 5389 pro-
2201 5304 2397 5398 .liqua.
2425 5330 2628 5386 Deinde
2646 5304 2837 5398 iubeat
2865 5304 2987 5389 eum
3016 5304 3273 5391 sacerdos
3303 5304 3707 5391 sedelevcontra
3738 5353 3823 5399 se,

544 5405 705 5475 pheta
732 5405 1092 5497 idololatriam
1150 5423 1294 5477 saepe
1347 5407 1759 5465 fornicationem
1805 5412 2128 5481 appellatam
2236 5428 2292 5473 et
2315 5421 2545 5492 colloqui
2577 5438 2699 5477 cum
2729 5438 2795 5477 eo
2830 5424 2896 5478 de
2932 5425 3260 5495 supradictis
3282 5426 3450 5486 vitiis.
3481 5425 3594 5480 sive
3614 5426 3822 5479 exhor-

548 5497 848 5552 invenimus
879 5517 892 5550 :
923 5506 979 5553 et
1010 5500 1101 5568 qui
1134 5499 1253 5568 plus
1283 5516 1562 5553 nummum
1610 5516 1771 5569 quam
1806 5502 1971 5556 Deum
2002 5502 2126 5558 dili-
2235 5510 2531 5565 tationibus
2552 5511 2767 5572 divinis.
2796 5528 2862 5567 ne
2892 5512 3030 5567 forte
3069 5530 3168 5583 pro
3191 5514 3512 5569 verecundia
3543 5523 3635 5568 aut
3665 5515 3821 5583 igna-

546 5587 643 5659 git,
672 5587 1003 5658 sculpturam
1034 5590 1238 5643 nmnmi
1270 5589 1417 5653 colit,
1445 5601 1499 5645 et
1548 5590 1687 5644 idola
1740 5592 1792 5645 in
1839 5594 1919 5648 eis
1942 5594 2125 5648 czelata
2233 5601 2344 5667 via,
2370 5602 2484 5657 sive
2525 5603 2794 5659 oblivione
2823 5604 3026 5675 aliquid
3052 5604 3325 5676 putridum
3369 5606 3424 5659 in
3451 5606 3613 5661 corde
3644 5620 3818 5659 rema-

618 5710 644 5783 ξ
679 5695 934 5783 Ιέῃριιιιίιᾱ
962 5702 1222 5783 a_po_tfic_c_.
1251 5699 1701 5783 [frorsusuinepte
1754 5773 1767 5783 ⁸
1855 5775 1865 5783 _
1978 5774 2014 5783 μ
2086 5778 2095 5783 _
2236 5711 2469 5783 llitibus,
2498 5729 2615 5783 cap.
2642 5711 2696 5776 6,
2728 5724 2829 5767 art.
2864 5714 2918 5776 6.
2947 5731 2999 5768 n.
3034 5716 3081 5769 7.

616 5767 644 5807 δ
680 5765 963 5823 Diaconut.
998 5765 1129 5825 Vide
1164 5771 1425 5836 Martcnc,
1458 5774 1548 5827 lib.
1590 5765 1701 5829 ide
1739 5773 1901 5843 Aniiq
1976 5774 2097 5829 lic-tx‘
2307 5794 2328 5818 ε
2365 5765 2524 5848 lbid.,
2553 5765 2662 5837 :irrt.
