4092 6524
225 414 359 476 1197

1034 425 1188 482 ΟΡΡ.
1228 424 1632 483 SUPPOSITA.
1664 452 1734 462 —
1770 421 1899 477 LIB.
1942 423 2029 479 DE
2068 424 2317 482 DlVlNlS
2354 428 2661 486 OFFICllS.

3344 435 3479 491 H93

217 536 365 597 neat,
391 546 492 603 per
530 535 675 605 quod
712 538 908 594 iterum
949 537 1196 597 diabolus
1239 553 1365 594 eum
1413 538 1484 593 ad
1530 538 1794 594 vomitum
1824 541 1868 600 Α
1897 541 2079 588 menta
2118 534 2563 607 multiplicentur,
2593 554 2718 595 cum
2763 538 3044 611 Scriptura
3077 542 3259 599 dicat:
3299 542 3483 611 Quod-

214 621 425 689 peccati
451 622 698 683 reducat.
745 629 1066 689 Consideret
1108 636 1276 690 etiam
1307 652 1516 701 sexum,
1553 650 1791 712 aetatem,

212 711 598 778 conditionem.
638 727 859 788 statum,
898 738 1208 794 personam,
1240 736 1296 784 et
1342 734 1637 788 secundum
1667 735 1793 803 hoc,

210 806 279 896 ut
294 800 400 859 sibi
424 805 599 896 visum
626 807 808 876 fuerit,
832 813 1041 886 singula
1062 832 1289 887 quaeque
1311 819 1584 890 dijudicet,
1613 827 1666 880 id
1689 800 1792 896 est,

208 887 421 958 aliquos
448 908 481 947 a
505 894 639 951 cibis
660 898 1001 967 abstinendo,
1026 903 1158 959 alios
1186 887 1790 984 eleemosynas’dando,

207 982 496 1041 nonnullos
533 988 729 1056 saepius
784 988 1049 1049 ﬂectendo
1081 1009 1252 1066 genua
1272 1036 1286 1057 ,
1348 999 1466 1055 sive
1521 1002 1574 1055 in
1632 982 1794 1064 cruce

206 1072 421 1137 stando,
445 1083 540 1129 aut
566 1076 769 1147 aliquid
806 1080 952 1136 aliud
990 1082 1317 1151 huiusmodi,
1338 1090 1482 1157 quod
1510 1092 1578 1147 ad
1598 1096 1793 1152 animm

200 1160 431 1219 salutem
455 1166 708 1237 pertinet.
732 1167 849 1225 Non
880 1174 1132 1230 omnibus
1166 1191 1293 1232 vero
1338 1195 1446 1234 una
1495 1184 1793 1256 eademque

196 1254 460 1313 discretio
484 1258 578 1325 sit,
617 1262 909 1334 unicuique
951 1265 1165 1331 horum,
1196 1270 1302 1326 hoc
1339 1281 1445 1336 est,
1487 1275 1629 1330 inter
1652 1254 1787 1334 divi-

200 1355 314 1402 tem
341 1359 397 1403 et
416 1364 729 1422 pauperem,
752 1353 982 1412 liberum
1006 1366 1060 1413 et
1080 1374 1317 1427 servum,
1354 1363 1496 1418 inter
1526 1366 1785 1425 infantem

190 1446 255 1493 et
287 1443 814 1514 puerum,juvenem
843 1456 900 1503 et
931 1449 1350 1519 adolescentem,
1378 1462 1538 1512 atate
1574 1473 1781 1527 senem,

190 1530 449 1588 hebetem
481 1543 538 1589 et
562 1535 1095 1604 stultum,-scientem
1131 1549 1186 1596 et
1213 1543 1481 1613 ignarum,
1508 1546 1704 1606 laicum
1730 1563 1788 1609 et

183 1620 456 1678 clericum
478 1664 495 1690 ,
542 1629 871 1683 monachum
907 1640 962 1686 et
998 1632 1311 1703 episcopum
1334 1676 1349 1700 ,
1402 1640 1784 1713 presbyterum

188 1720 249 1765 et
282 1712 593 1783 diaconum,
634 1718 1023 1775 subdiaconum
1069 1729 1126 1777 et
1167 1722 1449 1793 lectorem,
1484 1729 1539 1782 in
1586 1733 1779 1802 gradu,

186 1800 249 1856 in
297 1802 548 1876 conjugio
597 1807 678 1863 vel
725 1808 843 1864 sine
889 1811 1180 1884 coniugio,
1227 1815 1370 1871 inter
1401 1800 1666 1890 virginem
1727 1836 1781 1882 et

1898 640 2101 696 cunque
2139 638 2306 697 potest
2354 646 2545 684 manus
2577 640 2671 685 tua
2704 631 2899 702 facere,
2936 634 3195 690 instanter
3219 652 3436 707 operare
3459 650 3481 691 :

1896 717 2021 785 quia
2044 732 2137 770 nec
2156 734 2308 788 opus,
2338 736 2430 774 nec
2458 721 2615 786 ratio,
2642 737 2738 776 nec
2761 722 3019 792 sapientia
3040 724 3137 778 erit
3163 726 3303 794 apud
3345 727 3481 797 infe-

1897 821 2004 870 ras,
2050 821 2154 876 quo
2183 815 2242 860 tu
2289 824 2539 879 properas
2588 808 2787 881 (Eccle.
2838 826 2930 879 is,
2980 812 3091 885 10).
3138 812 3335 868 Contra
3374 815 3478 871 ista

1898 896 2081 950 omnia
2105 900 2509 969 suscipiendum
2536 910 2620 957 est
2639 902 2861 968 bellum,
2878 912 2933 956 ct
2948 905 3145 973 acriter
3160 908 3476 975 gerentum,

1896 998 1965 1039 ne
2003 987 2072 1042 ad
2114 990 2440 1046 damnabilia
2481 1003 2704 1063 peccata
2749 993 3131 1065 perducemur.

1963 1073 2095 1131 Post
2138 1077 2241 1132 ista
2265 1081 2447 1136 omnia
2473 1092 2714 1138 scrutata
2743 1093 2798 1139 et
2842 1087 3196 1157 paenitentem
3222 1088 3480 1144 corrobo-

1895 1174 2098 1233 ratum,
2122 1168 2424 1243 interrogat
2446 1189 2569 1230 eum
2606 1177 2883 1245 sacerdos,
2916 1178 3103 1235 dicens
3134 1198 3150 1235 :
3193 1178 3376 1235 Credis
3419 1182 3477 1237 in

1889 1250 2060 1306 Deum
2094 1253 2309 1313 Patrem
2351 1270 2400 1314 et
2428 1259 2630 1317 Filium
2669 1274 2717 1319 et
2747 1264 3007 1337 Spiritum
3046 1271 3325 1325 sanctum?
3360 1270 3469 1325 Re-

1890 1344 2157 1410 spondeat
2187 1350 2480 1418 puznitcns,
2512 1352 2700 1411 Credo.
2747 1387 2819 1396 —
2851 1358 3033 1414 Credis
3059 1362 3184 1430 quia
3225 1362 3340 1416 ista
3368 1371 3474 1417 tres

1886 1446 2147 1502 personae,
2175 1452 2310 1508 quas
2332 1442 2486 1497 modo
2513 1445 2626 1498 dixi
2647 1485 2663 1512 ,
2698 1445 2865 1502 Pater
2887 1458 2936 1503 et
2977 1449 3149 1505 Filius
3171 1462 3220 1507 et
3242 1453 3468 1523 Spiritus

1886 1531 2122 1590 sanctus,
2156 1542 2292 1582 unus
2316 1527 2451 1584 Deus
2477 1533 2541 1587 sit
2562 1534 2587 1587 2’
2609 1533 2966 1606 Respondeat,
2998 1538 3469 1599 Credo.-—-Credis

1883 1612 2008 1678 quia
2031 1611 2084 1666 in
2103 1614 2203 1667 hac
2229 1616 2344 1687 ipsa
2363 1635 2539 1687 came,
2560 1624 2615 1676 in
2641 1641 2745 1695 qua
2781 1628 2938 1681 modo
2973 1647 3050 1698 es,
3081 1647 3347 1703 resurgere
3372 1637 3470 1688 lia-

1885 1698 2003 1765 bes,
2036 1712 2085 1757 et
2116 1706 2342 1776 recipere
2363 1710 2470 1763 sive
2502 1712 2694 1767 bonum
2716 1716 2823 1771 sive
2850 1717 3071 1789 malum,
3100 1733 3254 1794 prout
3290 1742 3465 1796 gesse-

1884 1791 1958 1845 ris
1976 1791 2002 1845 7
2021 1821 2097 1833 —
2122 1792 2313 1853 Credo.
2339 1829 2411 1839 —
2448 1799 2535 1857 Vis
2563 1806 2823 1863 dimittere
2854 1809 2963 1864 illis
2983 1814 3075 1883 qui
3101 1791 3171 1869 vin
3198 1826 3249 1871 te
3281 1791 3467 1888 pecca-

187 1889 470 1961 feminam’
507 1897 650 1952 inm,
701 1901 1019 1957 canonicam
1068 1911 1125 1960 οι
1167 1889 1660 1977 ﬂammma“,
1691 1913 1778 1967 in-
1815 1894 1859 1952 Β
1883 1895 2069 1977 perunt
2101 1890 2299 1958 omnia,
2330 1902 2386 1947 ut
2426 1903 2474 1948 et
2518 1896 2613 1951 tibi
2650 1898 2793 1953 Deus
2836 1901 3063 1957 dimittat
3088 1917 3301 1975 peccata
3348 1919 3463 1977 tua,

183 1994 277 2042 ter
314 1988 519 2046 debiles
568 2000 625 2047 et
671 1993 947 2061 infirmos,
978 1995 1122 2053 inter
1166 2014 1331 2055 sanos
1377 2010 1435 2057 et
1474 2018 1669 2073 aegros.
1702 2006 1779 2060 De

182 2079 451 2149 qualitate
496 2082 660 2137 etiam
704 2096 1054 2155 peccatorum
1091 2088 1393 2157 hominum,
1427 2094 1571 2149 inter
1603 2096 1778 2151 conti-

184 2178 405 2227 nentetn
430 2183 488 2229 et
516 2174 964 2245 incontinentem,
1003 2190 1187 2237 utrum
1213 2184 1491 2242 voluntate
1512 2188 1596 2242 vel
1621 2204 1771 2257 casu,

183 2260 272 2317 vel
297 2261 349 2315 in
371 2264 687 2321 abscondito
717 2286 730 2322 :
769 2268 915 2339 quali
937 2274 1354 2343 compunctione
1376 2278 1652 2346 emendet,
1678 2296 1777 2337 ne—

180 2353 444 2410 cessitate
477 2364 533 2411 et
574 2358 884 2427 voluntate;
936 2361 1054 2418 loca
1101 2373 1158 2420 et
1199 2372 1445 2435 tempora
1474 2368 1769 2426 discernat.

179 2444 447 2501 Attendat
469 2448 632 2503 etiam
657 2453 927 2517 sacerdos,
954 2460 1016 2509 ut
1040 2454 1174 2511 salvi
1200 2457 1310 2511 sint
1337 2473 1554 2524 omnes,
1579 2470 1637 2517 et
1662 2478 1769 2519 non

180 2535 574 2607 pusillanimes,
614 2541 740 2609 quia
773 2551 1021 2613 potentes
1053 2553 1305 2617 potenter
1346 2557 1615 2607 tormenta
1669 2569 1769 2624 pa-

180 2629 405 2684 tientur.
440 2629 574 2685 Item
611 2630 770 2688 iesus
797 2634 936 2692 ﬁlius
962 2635 1157 2695 Sirach
1190 2657 1203 2694 :
1245 2639 1312 2694 In
1332 2641 1631 2711 judicando
1660 2656 1768 2703 esto

179 2721 503 2787 misericors,
523 2722 736 2794 pupillis
770 2735 826 2779 ut
847 2736 1018 2797 pater,
1040 2738 1089 2783 et
1106 2747 1202 2802 pro
1232 2732 1341 2786 viro
1370 2735 1526 2789 matri
1552 2734 1767 2792 illorum

178 2810 373 2881 (Eccli.
403 2828 477 2879 iv,
505 2814 615 2884 10).
646 2815 713 2870 Et
744 2814 976 2875 lacubus
1000 2838 1012 2873 :
1041 2819 1314 2876 Iudicium
1335 2824 1447 2879 sine
1472 2827 1766 2883 misericoro

174 2903 272 2957 dia
310 2905 409 2958 erit
446 2904 529 2959 illi
557 2907 648 2976 qui
682 2924 787 2962 non
837 2908 960 2979 fecit
1014 2912 1437 2968 misericordiam
1482 2914 1638 2987 (Jac.
1682 2934 1763 2983 ιι,

180 2998 303 3069 l3).
337 2998 715 3069 Superexaltct
757 3010 937 3058 autem
984 3004 1352 3061 misericordia
1378 3007 1673 3078 judicium,
1704 3019 1766 3065 ut

176 3090 324 3145 idem
350 3101 729 3162 consequatur,
757 3102 817 3147 ut
841 3103 1059 3150 sanctus
1084 3094 1425 3152 Benedictus.
1453 3097 1555 3166 Qui
1580 3115 1764 3156 veram

172 3182 552 3251 panitentiam
589 3182 811 3248 iaciunt,
866 3194 1031 3255 agant
1075 3186 1129 3241 in
1172 3188 1380 3259 jejunio
1425 3199 1481 3244 et
1515 3190 1670 3256 ﬂetu,
1705 3193 1760 3249 in

1876 1972 1988 2043 ipso
2027 1976 2229 2034 dicente
2256 1993 2276 2033 :
2325 1982 2517 2039 Sinon
2558 1988 2866 2047 dimiseritis
2910 1972 3209 2051 hominibus
3247 1972 3464 2065 peccata

1871 2078 2075 2133 eorum,
2090 2083 2185 2124 nec
2211 2070 2378 2129 Pater
2402 2088 2566 2133 vester
2587 2080 2806 2138 ctelestis
2835 2082 3059 2140 dimittet
3084 2088 3225 2142 vobis
3248 2100 3463 2160 peccata

1872 2166 2040 2253 vestra
2066 2159 2287 2231 (Matth.
2317 2182 2367 2221 vr
2391 2208 2406 2233 ,
2450 2170 2576 2242 l5)?
2606 2171 2663 2227 Si
2710 2176 2824 2230 vult
2872 2178 3165 2249 dimittere,
3198 2159 3463 2253 suscipias

1872 2248 1990 2320 ejus
2010 2253 2424 2327 confessionem,
2450 2270 2503 2317 et
2526 2264 2732 2322 indices
2760 2267 2811 2323 ei
2841 2270 3217 2338 pmnitentiam
3245 2290 3259 2327 :
3287 2274 3333 2330 si
3345 2248 3462 2331 non

1869 2339 2005 2407 vult,
2051 2358 2161 2399 non
2184 2349 2451 2420 suscipias
2486 2352 2606 2421 ejus
2660 2354 3077 2414 confessionem.
3108 2361 3305 2418 Volens
3331 2377 3463 2420 vero

1870 2432 2147 2492 dimittere
2192 2442 2377 2496 omnia
2403 2443 2491 2499 bis
2538 2447 2629 2515 qui
2678 2447 2735 2501 in
2778 2462 2837 2502 se
2869 2461 3254 2520 peccaverunt,
3292 2456 3462 2511 conti-

1870 2531 2049 2577 teatur
2101 2530 2283 2584 omnia
2322 2542 2543 2601 peccata
2596 2552 2694 2591 sua
2741 2552 2862 2608 qum
2913 2543 3193 2596 recordari
3258 2555 3457 2615 potest.

1868 2611 2291 2675 Przecavendum
2342 2630 2639 2681 esttamen
2691 2629 2962 2686 sacerdoti
3016 2632 3083 2689 de
3133 2611 3464 2705 supradictis

1867 2709 2032 2777 vitiis,
2067 2712 2232 2789 474
2251 2724 2310 2774 ut
2334 2720 2385 2776 ei
2412 2723 2810 2783 exhortationis
2842 2730 3019 2799 gratia
3043 2732 3112 2786 ad
3140 2735 3459 2791 memoriam

1868 2800 2117 2869 reducat,
2147 2822 2214 2861 ne
2256 2809 2387 2879 quid
2423 2813 2751 2873 adversante
2802 2819 3035 2888 diabolo,
3070 2825 3339 2880 occultum
3375 2842 3460 2882 re-

1866 2905 2105 2950 maneat.
2130 2896 2248 2965 Quo
2273 2899 2439 2970 facto,
2476 2905 2596 2963 lixis
2618 2910 2847 2979 genibus
2875 2913 2927 2967 in
2953 2924 3176 2981 terram,
3208 2926 3263 2971 ct
3294 2934 3459 2988 super

1867 2982 1983 3052 ipsa
2036 2986 2255 3045 innixus
2310 3002 2499 3063 stans,
2561 2999 2879 3069 suppliciter
2934 3006 3104 3060 tensis
3165 3009 3456 3077 manibus,

1864 3078 2061 3137 blando
2103 3100 2166 3140 ac
2204 3086 2366 3144 ﬂebili
2403 3091 2552 3147 vultu
2588 3097 2885 3166 respiciens
2913 3102 3270 3169 sacerdotem,
3310 3106 3457 3161 dicat

1866 3170 1954 3226 his
1980 3177 2163 3231 verbis
2191 3195 2202 3229 :
2236 3178 2400 3235 Multa
2426 3185 2644 3252 quidem
2683 3197 2740 3241 et
2760 3188 3173 3246 innumerabilia
3202 3205 3328 3250 sunt
3348 3197 3453 3251 alia

174 3274 539 3347 eleemosynis
594 3286 649 3332 et
700 3279 1061 3347 orationibus,
1105 3287 1159 3335 et
1208 3290 1519 3352 perpetrata
1563 3285 1759 3341 iterum

1866 3278 2088 3335 peccata
2133 3285 2272 3335 mea,
2306 3288 2425 3343 qua:
2477 3278 2749 3336 recordari
2799 3298 3030 3352 nequeo,
3076 3285 3129 3339 in
3172 3286 3351 3356 factis,
3398 3291 3452 3346 in

178 3385 288 3425 non
316 3368 520 3426 faciant
562 3387 577 3425 :
612 3381 668 3427 et
695 3373 740 3428 si
768 3372 990 3440 faciant,
1032 3382 1211 3430 tamen
1258 3391 1365 3430 non
1413 3387 1763 3446 perseverent

171 3462 231 3517 in
253 3462 355 3527 eis,
387 3464 511 3534 quia
536 3464 793 3521 Dominus
821 3466 956 3521 dixit
990 3485 1003 3519 :
1048 3466 1250 3522 Malum
1275 3468 1574 3538 cogitastis,
1612 3470 1764 3541 igno-

173 3570 229 3607 vi
252 3595 266 3618 ,
299 3555 501 3626 malum
532 3556 769 3622 dixistis,
809 3558 1020 3629 ignovn;
1057 3559 1261 3615 malum
1294 3559 1521 3629 fecistis,
1548 3564 1757 3632 ignovi;

170 3660 527 3716 perseverare
548 3648 604 3701 in
636 3647 778 3703 malo
803 3664 908 3703 non
935 3648 1175 3719 ignosco.
1206 3649 1348 3719 Ergo
1372 3651 1463 3720 qui
1502 3667 1756 3721 perseve-

171 3749 300 3797 rant
321 3743 377 3796 in
406 3743 570 3807 malo,
594 3758 698 3796 non
724 3743 983 3814 ignoscet,
1002 3753 1059 3799 et
1082 3745 1160 3799 sic
1179 3745 1361 3815 jutlica
1388 3745 1596 3815 justum
1618 3747 1759 3815 judi-

167 3836 318 3891 cium
349 3836 646 3891 secundum
672 3850 947 3903 canones,
984 3846 1043 3891 ut
1087 3837 1177 3892 alii
1208 3839 1460 3893 timorem
1495 3839 1753 3896 habeant.

245 3927 430 3997 Neque
481 3929 584 3983 hoc
632 3928 993 3983 omittendum
1038 3938 1155 3993 est,
1198 3930 1326 3999 quia
1378 3938 1600 4000 propter
1655 3932 1758 3986 ista

169 4031 394 4091 peccata
428 4020 707 4089 afﬂigimur
738 4020 963 4089 ﬂagellis
988 4022 1409 4091 temporalibus:
1435 4022 1560 4076 inde
1584 4025 1759 4078 susci-

171 4120 360 4166 tantur
394 4112 553 4175 bella,
597 4111 934 4165 incursiones
982 4126 1351 4181 paganorum,
1390 4114 1753 4181 captivitates,

166 4201 511 4271 pestilentiae,
542 4199 732 4265 fames,
762 4200 1146 4271 aegritudines,
1193 4202 1552 4258 mortalitates
1584 4204 1756 4259 homi-

170 4311 301 4351 num
348 4303 511 4366 atque
561 4294 910 4359 animalium,
971 4294 1182 4359 morbi,
1242 4296 1753 4364 incommoditates,

170 4388 315 4443 aeris
348 4387 639 4451 siccitates,
677 4385 1072 4447 inundationes,
1112 4384 1421 4455 pluviarum
1469 4394 1757 4456 tempesta-

171 4489 274 4545 tes,
309 4479 545 4533 tonitrua
570 4485 732 4547 atque
757 4476 968 4545 fulgura
1002 4476 1185 4539 noxia,
1217 4476 1561 4531 inclementia
1594 4477 1757 4549 frigo-

169 4570 271 4636 ris,
296 4568 638 4626 vehementia
684 4568 915 4629 ardoris,
952 4582 1106 4638 reges
1138 4568 1333 4637 iniqui,
1360 4575 1610 4637 potentes
1656 4584 1751 4623 seu

164 4664 379 4735 judices
417 4662 670 4732 pessimi,
704 4662 888 4717 bestia:
944 4674 1131 4715 necum
1178 4668 1235 4714 et
1285 4659 1479 4714 horum
1529 4658 1749 4713 similia.

169 4756 399 4825 Propter
420 4755 526 4809 ista
552 4754 717 4808 etiam
763 4751 1119 4814 emendanda,
1152 4750 1562 4821 promulgantur
1585 4750 1753 4819 leges,

169 4848 469 4902 decernunt
498 4842 668 4911 justa,
702 4850 1007 4913 proponunt
1052 4842 1336 4910 supplicia,
1366 4839 1604 4904 vincula,
1638 4848 1754 4894 tor-

167 4948 344 5003 turas,
389 4934 620 5007 ﬂagella,
668 4933 889 4997 exsilia,
920 4932 1319 4999 amputationcs
1360 4930 1751 4994 membrorum,

169 5028 493 5084 amissiones
515 5039 717 5087 rerum,
751 5031 954 5077 mortes
983 5022 1181 5076 diversi
1205 5019 1441 5090 generis,
1469 5029 1523 5073 et
1551 5018 1754 5073 auferri

171 5127 448 5189 nequeunt
479 5118 545 5171 de
575 5115 794 5169 mundo.
825 5113 911 5167 Fit
943 5113 1110 5167 etiam
1151 5111 1553 5165 ecclesiasticus
1579 5112 1752 5179 vigor,

170 5210 482 5282 correptio,
529 5206 1037 5266 excommunicatio,
1089 5206 1156 5258 de
1204 5202 1432 5258 ecclesia
1483 5203 1753 5266 exelusio,

173 5303 318 5373 leges
362 5298 724 5369 penitentite,
782 5295 1257 5351 anathematizatio
1300 5309 1315 5346 :
1352 5294 1757 5347 constituuntur

164 5390 399 5460 iudices,
426 5389 680 5444 insistunt
726 5387 899 5441 oliicia
920 5429 935 5452 ,
982 5388 1271 5441 mittuntur
1302 5387 1525 5450 ultores,
1554 5394 1610 5438 nt
1642 5387 1757 5441 haec

174 5484 539 5554 corrigantur,
571 5489 628 5535 et
656 5478 856 5534 auferri
881 5496 986 5533 non
1018 5486 1244 5548 possunt
1270 5478 1337 5531 de
1363 5476 1627 5530 Ecclesia.
1661 5476 1757 5532 His

175 5591 305 5631 vero
328 5575 565 5644 peccatis
600 5586 813 5642 semper
846 5572 1209 5634 manentibus,
1233 5572 1356 5632 heu,
1397 5572 1531 5640 proh
1568 5570 1751 5623 dolor!

178 5678 284 5723 tam
314 5666 494 5722 securi
535 5665 809 5735 pergimus
844 5663 912 5717 ad
958 5665 1212 5718 tenebras
1249 5664 1568 5726 exteriores,
1603 5662 1757 5732 quasi

179 5761 251 5815 ibi
274 5759 430 5815 nobis
464 5756 712 5813 cubicula
740 5764 1113 5819 esstruantnr,
1142 5755 1349 5809 delicia:
1370 5762 1758 5823 pncparentur,

180 5850 416 5907 ministri
464 5858 849 5917 procurentur,
907 5847 1145 5902 thesauri
1186 5852 1565 5916 congerantur,
1602 5857 1760 5897 orna-

1862 3355 2021 3412 dictis
2061 3367 2115 3414 et
2143 3364 2582 3432 cogitationibus,
2610 3384 2711 3437 pro
2743 3372 2939 3440 quibus
2964 3379 3217 3434 omnibus
3246 3355 3446 3440 misera

1861 3464 2017 3504 mens
2043 3467 2161 3507 mea
2193 3459 2590 3529 compungitur,
2608 3470 2663 3516 et
2689 3467 2799 3518 acri
2836 3466 3103 3523 interdum
3126 3473 3447 3539 pmnitcntia

1858 3542 2158 3610 cruciatur,
2198 3544 2428 3616 ideoque
2472 3553 2791 3617 consilium.
2824 3558 2931 3610 imo
2960 3558 3227 3625 judicium
3272 3573 3443 3628 tuum,

1858 3632 1951 3702 qui
1993 3645 2276 3705 sequester
2319 3655 2384 3695 ac
2410 3643 2620 3699 medius
2643 3646 2783 3701 inter
2806 3648 2973 3704 Deum
3014 3661 3071 3705 et
3102 3666 3442 3722 peccatorcm

1860 3722 2130 3780 hominem
2167 3730 2449 3788 ordinatus
2481 3749 2560 3800 es,
2595 3741 2818 3808 supplex
2850 3742 3130 3811 deprecor,
3178 3755 3233 3801 et
3264 3758 3320 3801 ut
3348 3764 3447 3818 pro

1856 3814 2060 3871 eisdem
2091 3822 2328 3887 peccatis
2368 3826 2502 3879 meis
2550 3827 2881 3887 intercessor
2913 3835 3138 3903 existas,
3174 3839 3450 3896 humiliter

1844 3903 2107 3975 imploro.
2135 3909 2255 3977 Quo
2285 3916 2528 3982 perdicto
2562 3928 2732 3974 totum
2776 3938 2836 3978 se
2876 3925 2930 3980 in
2967 3933 3166 3982 terram
3206 3940 3447 4000 proster-

1858 4006 1971 4065 nat,
2028 4003 2261 4069 gemitus
2316 4016 2481 4075 atque
2532 4011 2764 4081 suspiria
2800 4014 2885 4070 vel
2938 4016 3228 4088 lacrymas,
3286 4032 3449 4090 prout

1858 4089 2002 4144 Deus
2028 4092 2256 4160 dederit,
2289 4096 2359 4151 ab
2411 4098 2604 4156 intimo
2638 4103 2819 4159 cordis
2847 4107 3130 4177 producat.
3174 4089 3447 4167 Sacerdos

1857 4197 1989 4238 vero
2015 4185 2257 4256 patiatur
2285 4206 2411 4245 eum
2451 4195 2841 4269 aliquantisper
2863 4200 3047 4271 jacere
3086 4214 3442 4274 prostratum.

1848 4272 2006 4343 juxta
2054 4283 2198 4350 quod
2249 4283 2445 4339 viderit
2481 4301 2605 4342 eum
2658 4289 2836 4344 divina
2886 4272 3238 4362 inspiratione
3287 4312 3441 4351 com—

1854 4376 2137 4437 punctum.
2185 4372 2388 4429 Deinde
2415 4376 2605 4446 jubeat
2647 4394 2772 4434 eum
2819 4385 3072 4438 sacerdos
3121 4400 3362 4455 surgere,
3390 4397 3447 4442 et

1854 4471 1982 4513 cum
2011 4465 2226 4517 steterit
2257 4481 2420 4535 super
2449 4467 2615 4537 pedes
2657 4486 2806 4537 suos,
2833 4488 2956 4528 cum
2995 4483 3233 4532 tremore
3263 4487 3318 4532 et
3344 4479 3445 4534 hu-

1857 4552 2086 4608 militate
2114 4558 2458 4624 prmstoletur
2499 4561 2765 4632 judicium
2798 4567 3114 4632 sacerdotis,
3158 4578 3212 4624 et
3242 4572 3445 4627 indicat

1784 4626 1835 4687 υ
1855 4641 1907 4696 ei
1930 4644 2182 4699 sacerdos
2210 4626 2597 4705 abstinentiam
2624 4650 2739 4708 sive
2764 4654 3189 4722 observantiam,
3217 4673 3445 4728 perpen-

1857 4734 1990 4790 dens
2019 4738 2289 4794 subtiliter
2316 4757 2561 4811 persona:
2602 4746 2954 4816 qualitatem,
2992 4753 3211 4807 modum
3249 4753 3441 4826 culpae,

1855 4824 2213 4883 intentionem
2260 4833 2448 4897 animi,
2477 4842 2532 4889 ct
2565 4838 2812 4911 corporis
2840 4840 3200 4898 valetudinem
3226 4844 3309 4898 vel
3337 4824 3443 4899 im-

1856 4916 2227 4974 becillitatem.
2279 4920 2540 4994 Perccpta
2596 4935 2778 4981 autem
2825 4930 3091 4985 sententia
3122 4932 3439 5000 sarculatis,

1857 5004 2053 5060 iterum
2072 5020 2381 5076 prosternet
2408 5029 2467 5068 se
2492 5016 2792 5072 sacerdotis
2831 5020 3077 5087 pedibus,
3109 5026 3225 5092 ejus
3254 5035 3440 5092 petens

1855 5115 1956 5170 pro
1979 5116 2039 5155 se
2068 5103 2370 5159 orationem
2397 5106 2532 5171 ﬁeri,
2554 5116 2613 5162 ut
2640 5120 2893 5179 suggerat
2919 5112 2970 5166 ei
2996 5112 3177 5167 divina
3202 5115 3442 5169 visitatio

1854 5192 2111 5247 virtutem
2158 5204 2473 5251 constanter
2517 5197 2840 5256 observandi
2906 5218 3027 5271 quae
3066 5203 3142 5259 illi
3201 5206 3436 5277 injuncta

1854 5292 2001 5350 sunt,
2025 5293 2083 5340 et
2106 5285 2180 5340 ita
2222 5298 2538 5344 reverenter
2586 5294 2886 5349 sacerdotis
2927 5293 3135 5362 judicio
3164 5299 3440 5370 obtempe-

1857 5388 2000 5435 rare,
2039 5376 2151 5430 acsi
2186 5378 2253 5431 ab
2299 5379 2415 5448 ipso
2442 5382 2636 5436 divinae
2675 5384 2975 5453 majestatis
3001 5402 3099 5444 ore
3137 5401 3436 5459 opportuna

1859 5463 2051 5519 salutis
2089 5482 2199 5520 suae
2233 5471 2623 5529 medicamenta
2658 5480 3001 5547 suscepisset.

1931 5555 2269 5630 Quapropter
2294 5574 2510 5633 oportet
2540 5569 2607 5621 ad
2630 5571 3006 5639 paenitentiam
3036 5574 3295 5631 accedere
3319 5590 3441 5629 cum

1860 5659 2007 5712 omni
2040 5657 2255 5721 fiducia,
2284 5666 2339 5710 et
2373 5673 2439 5713 ex
2470 5656 2574 5711 ﬁde
2601 5660 2827 5715 credere
2849 5661 3235 5725 indubitanter,
3266 5665 3442 5733 pleni—

1863 5748 2031 5803 tentia
2078 5748 2280 5803 aboleri
2308 5762 2471 5817 posse
2492 5737 2739 5819 peccata,
2763 5750 2979 5805 etiamsi
3020 5751 3073 5805 in
3103 5749 3298 5805 ultimo
3322 5750 3444 5801 vice

1864 5840 2057 5910 spiritu
2089 5838 2381 5893 commissa
2425 5839 2703 5908 pmnitdt,
2734 5849 2786 5895 et
2804 5839 3016 5910 publica
3060 5840 3444 5905 lamentatione
