4092 6534
691 387 826 440 1199
1539 391 1594 446 Β.
1633 391 1695 446 F.
1736 390 1961 448 ALBlNI
2003 391 2138 450 SEU
2169 389 2448 447 ALCUINI
2483 390 2769 452 OPERUM
2810 395 2987 453 PARS
3024 397 3116 454 lx.
3821 403 3962 460 {£00

681 514 904 578 peccata
925 506 1244 577 prodantur,
1271 507 1399 579 quia
1431 523 1538 564 non
1565 509 1680 564 vult
1709 509 1851 566 Deus
1886 518 2116 566 mortem
2142 523 2270 579 pec-
2293 509 2345 568 Δ
2371 513 2938 570 mmmemoratiouem
2969 516 3182 570 illarum
3209 532 3390 572 rerum
3429 532 3548 586 qum
3587 532 3688 573 suo
3731 519 3787 572 in
3823 529 3963 575 tem-

679 599 903 665 catoris,
929 599 1025 654 sed
1050 607 1112 653 ut
1135 599 1373 654 salvatus
1405 599 1755 657 miseratione
1785 601 1879 656 Dei
1907 601 2056 656 vivat
2089 619 2102 654 :
2140 614 2268 657 nam
2371 615 2502 670 pore
2523 612 2910 673 peractaesunt,
2939 608 3192 677 agimus:
3231 617 3293 662 ut
3332 606 3500 663 illud:
3533 609 3963 682 Quotiescunque

677 701 888 749 secreta
909 692 1282 749 satisfactione
1314 691 1449 748 solvi
1489 694 1738 748 mortalia
1774 693 2006 750 crimina
2037 709 2145 748 non
2174 707 2268 747 ne
2367 691 2621 762 feceritis,
2646 703 2750 752 etc.
2780 695 3056 754 Habemus
3080 714 3216 770 opus
3241 700 3554 769 praecedens
3591 701 3961 773 eleemosyna:

675 803 890 858 gamus,
914 787 1228 858 quotidiana
1257 801 1389 842 vero
1431 785 1678 856 levisque
1716 795 1966 856 peccata,
2001 786 2118 841 sine
2147 784 2265 854 qui-
2365 787 2651 854 praesentis
2674 788 2906 856 sabbati,
2930 791 3074 859 quod
3113 791 3407 854 imitemur,
3436 800 3490 846 et
3514 792 3582 847 ad
3625 795 3958 848 memoriam

673 877 777 933 bus
826 878 1065 933 hominis
1089 878 1202 932 vita
1251 893 1358 933 non
1413 877 1648 941 ducitur,
1685 877 1964 932 Dominica
2005 875 2264 931 Oratione
2363 877 2535 930 nostri
2588 877 2926 935 reducamus.
2981 880 3092 936 Cur
3133 883 3277 937 enim
3323 884 3427 937 isto
3472 883 3559 938 die
3599 883 3956 956 elecmosyna

671 978 993 1040 purgantur,
1025 987 1256 1042 quorum
1298 978 1382 1026 est
1399 970 1584 1026 dicere
1622 988 1635 1025 :
1671 970 1887 1024 Dimitte
1915 969 2084 1034 nobis,
2124 969 2261 1023 sicut
2361 963 2646 1033 specialius
2669 967 2737 1021 ab
2755 969 3050 1038 apostolico
3077 971 3367 1037 tribuatur,
3384 987 3508 1026 cum
3527 974 3674 1026 omni
3703 984 3956 1044 tempore

668 1073 714 1113 et
745 1078 838 1114 nos
861 1061 1192 1114 dimittimus.
1219 1059 1353 1114 Nam
1401 1061 1516 1130 ipsa
1555 1061 1896 1130 eleemosyna
1931 1067 2018 1114 est
2045 1061 2258 1113 veniam
2358 1052 2536 1108 danda
2586 1055 2690 1110 sit?
2742 1055 2979 1113 Joannes
3017 1059 3346 1130 evangelista
3395 1061 3614 1132 inquit:
3665 1062 3802 1118 Ante
3856 1080 3956 1119 seu

668 1151 872 1205 homini
919 1152 1205 1221 ρωηίιεηιί
1251 1152 1550 1222 ignoscere,
1586 1151 1744 1208 unde
1777 1150 2037 1205 Dominus
2069 1169 2082 1204 τ
2121 1149 2257 1205 Date
2357 1142 2469 1197 dies
2497 1143 2720 1201 Pascha:
2746 1149 2881 1202 venit
2910 1149 3066 1205 Iesus
3107 1153 3164 1205 in
3191 1150 3503 1207 Bethaniam
3529 1155 3584 1207 in
3612 1154 3830 1208 domum
3861 1155 3954 1209 Si-

664 1241 1068 1312 cleemosynam,
1111 1252 1159 1296 et
1190 1245 1370 1297 omnia
1393 1243 1596 1298 munda
1643 1252 1763 1297 sunt
1795 1242 1935 1296 vobis
1962 1239 2114 1312 (Luc.
2157 1256 2211 1295 ιι
2237 1281 2252 1305 ,

663 1333 776 1403 ll).
809 1318 1116 1388 Mensuram
1148 1349 1279 1389 vero
1313 1335 1574 1405 temporis
1600 1335 1655 1388 in
1675 1333 1883 1402 agenda
1907 1332 2250 1402 pmnitentia,

664 1426 866 1482 idcirco
890 1442 998 1482 non
1026 1427 1161 1482 satis
1187 1435 1393 1482 attente
1418 1426 1704 1498 prmligunt
1729 1440 1966 1481 canones
1992 1440 2091 1496 pro
2117 1440 2250 1480 uno-

660 1531 878 1588 quoque
903 1518 1154 1584 crimine,
1168 1519 1262 1574 sed
1280 1518 1451 1588 magis
1476 1518 1532 1572 in
1546 1517 1774 1572 arbitrio
1791 1516 2050 1570 antistitis
2079 1515 2246 1570 relin-

659 1619 854 1680 quunt,
901 1612 1028 1681 quia
1050 1613 1194 1683 apud
1228 1611 1393 1665 Deum
1428 1625 1535 1664 non
1563 1617 1783 1664 tantum
1818 1607 1963 1663 valet
1989 1623 2246 1662 mensura

657 1702 921 1773 temporis
975 1717 1140 1773 quam
1195 1703 1421 1769 doloris,
1471 1719 1573 1758 nec
1626 1703 1952 1758 abstinentia
1999 1703 2244 1758 ciborum

652 1811 820 1868 quam
845 1797 1194 1853 mortiﬁcatio
1233 1798 1508 1852 vitiorum.
1541 1795 1649 1853 Sed
1697 1805 1754 1852 et
1803 1798 1910 1852 hoc
1960 1795 2241 1852 sciendum

2353 1237 2524 1290 monis
2552 1236 2766 1310 leprosi,
2795 1241 2969 1311 ibique
2985 1242 3249 1298 Lazarum
3271 1246 3683 1316 quatriduanum
3717 1249 3954 1301 resusci-

2351 1329 2502 1392 tavit,
2534 1329 2869 1402 feceruntque
2915 1334 2964 1387 ei
2993 1351 3194 1388 caenam
3221 1335 3314 1389 ibi.
3368 1335 3545 1390 Maria
3587 1353 3710 1407 ergo
3741 1340 3953 1408 accepit

2350 1417 2540 1472 libram
2585 1425 2857 1491 unguenti,
2886 1433 2935 1477 et
2961 1426 3112 1480 unxit
3158 1427 3314 1497 pedes
3339 1426 3554 1482 Domini
3585 1427 3771 1499 (Ioan.
3814 1431 3947 1502 ιιι).

2346 1507 2660 1579 lndignante
2681 1527 2780 1580 pro
2805 1514 2908 1570 hoc
2936 1513 3071 1571 Iuda
3100 1518 3401 1587 proditore,
3437 1516 3598 1574 Iesus
3636 1521 3691 1575 in
3715 1520 3945 1578 laudern

2346 1599 2590 1656 mulieris
2616 1601 2690 1656 ita
2731 1606 3048 1675 respondit:
3081 1604 3228 1678 Opus
3281 1612 3473 1662 bonum
3509 1619 3726 1679 operata
3771 1623 3849 1666 est
3885 1613 3948 1667 in

2344 1706 2444 1744 me.
2496 1691 2804 1766 Ubicunque
2843 1696 2981 1750 enim
3012 1698 3360 1768 pradicatum
3407 1699 3587 1769 fuerit,
3631 1709 3684 1758 et
3725 1701 3946 1774 reliqua

2345 1779 2560 1849 (Matth.
2580 1800 2729 1850 xxvr,
2758 1785 2965 1858 40-15).
2990 1787 3094 1856 Qui
3121 1789 3266 1844 enim
3287 1790 3428 1845 bene
3453 1791 3608 1856 vivit,
3635 1794 3802 1862 pedes
3829 1794 3946 1849 Do—

652 1896 738 1943 est
760 1895 956 1942 utcum
967 1888 1220 1943 venerint
1235 1887 1379 1942 servi
1398 1887 1484 1942 vel
1513 1887 1720 1942 ancilla:
1745 1888 1813 1940 ad
1839 1886 2213 1957 ptnnitentiam

2344 1868 2474 1922 mini
2497 1881 2770 1942 unguento
2793 1875 2966 1946 ungit.
2999 1875 3344 1947 Unguentum
3375 1881 3520 1934 enim
3560 1880 3690 1936 illud
3713 1880 3939 1951 justitia

650 1992 759 2034 non
805 1992 900 2033 eos
928 1979 1135 2049 cogatis
1181 1986 1386 2034 tantum
1429 1977 1676 2048 jejunare
1721 1987 1980 2048 quantum
2021 1974 2238 2040 divites,

649 2068 780 2139 quia
807 2083 914 2123 non
941 2074 1068 2123 sunt
1123 2069 1178 2124 in
1215 2083 1313 2124 sua
1359 2074 1668 2138 potestate:
1706 2067 1938 2137 ideoque
1976 2064 2237 2120 medieta-

649 2167 761 2215 tem
797 2161 1130 2231 pcenitentire
1166 2161 1246 2216 eis
1289 2159 1568 2231 imponite.
1614 2158 1743 2215 Post
1784 2160 1906 2215 haec
1932 2173 2066 2213 vero
2092 2156 2239 2212 dicat

647 2251 906 2306 sacerdos
927 2264 1091 2322 super
1112 2266 1237 2307 eum
1258 2251 1358 2307 has
1383 2250 1662 2306 orationes
1704 2268 1716 2303 :
1757 2247 1972 2304 Exaudi
1992 2289 2008 2314 ,
2051 2247 2236 2301 Domi—

648 2360 711 2398 ne
728 2385 744 2409 ,
763 2360 940 2414 preces
965 2352 1193 2410 nostras,
1222 2351 1273 2396 et
1301 2341 1394 2397 tibi
1414 2342 1772 2411 confitentium
1799 2356 1954 2411 parce
1982 2338 2228 2410 peccatis.

643 2436 763 2490 Alia
806 2455 819 2488 :
864 2434 1159 2490 Prwveniat
1211 2435 1349 2488 hunc
1395 2433 1655 2504 famulum
1707 2442 1855 2487 tuum
1889 2447 2188 2504 quwsumus
2214 2470 2229 2496 ,

644 2527 1269 2592 Domine,misericordia
1299 2535 1410 2580 tua.
1429 2524 1544 2580 Alia
1566 2525 1811 2588 :Adesto,
1837 2523 2078 2586 Domine,
2100 2538 2229 2594 sup-

642 2619 1017 2692 plicationibus
1047 2619 1370 2684 nostris,nec
1397 2619 1463 2672 sit
1497 2619 1562 2672 ab
1588 2619 1686 2672 hoc
1710 2615 1913 2688 famulo
1939 2624 2051 2670 tuo.
2071 2614 2224 2668 Alia:

644 2712 870 2766 Domine
898 2711 1037 2765 Deus
1079 2720 1275 2774 noster,
1305 2711 1394 2781 qui
1421 2710 1710 2779 offensione
1753 2716 1934 2762 nostra
1978 2722 2086 2761 non
2111 2706 2226 2760 vin-

639 2804 795 2857 ceris.
843 2801 964 2856 Alia
998 2820 1010 2855 :
1045 2801 1203 2857 Adsis
1235 2817 1561 2871 quwsumus,
1585 2800 1846 2864 Domine,
1876 2798 1999 2852 huic
2025 2794 2228 2867 famulo

637 2904 748 2948 tuo.
775 2892 895 2947 Alia
928 2892 1052 2946 :Da
1078 2908 1398 2962 quassamus,
1431 2890 1673 2954 Domine,
1717 2891 1840 2944 huic
1867 2886 2067 2958 famulo
2104 2895 2222 2954 tuo.

637 2984 756 3039 Alia
806 2999 823 3037 :
872 2983 1088 3050 Precor,
1144 2983 1369 3038 Domine
1392 3024 1408 3048 ,
1455 2983 1783 3037 clementiam
1825 2990 1930 3036 tua
1975 2979 2228 3050 majesta-

636 3075 704 3128 tis
736 3088 786 3140 α,
816 3082 872 3129 et
901 3074 1129 3143 reliqua.
1178 3073 1386 3139 Quibus
1417 3073 1577 3128 dictis
1599 3070 1789 3140 iubeat
1833 3070 2089 3126 sacerdos
2112 3081 2228 3139 pte—

636 3166 899 3220 nitentem
946 3177 1169 3235 surgere
1203 3164 1268 3219 de
1317 3173 1460 3218 terra
1493 3182 1504 3216 :
1539 3163 1634 3219 sed
1682 3171 1738 3217 et
1779 3162 1896 3233 ipse
1946 3168 2134 3229 surgat
2161 3158 2228 3213 de

2341 1957 2460 2048 iuit,
2489 1961 2718 2034 ideoque
2754 1964 2891 2022 libra
2941 1967 3060 2023 fuit.
3093 1969 3195 2036 Qui
3227 1972 3495 2041 superﬂua
3539 1973 3634 2030 dat
3678 1979 3943 2048 pauperi-

2337 2047 2456 2112 bus,
2494 2053 2660 2122 pedes
2705 2053 2919 2111 Domini
2951 2057 3159 2128 capillis
3203 2061 3317 2116 suis
3347 2069 3528 2133 tergtt.
3579 2047 3800 2122 Domus,
3828 2066 3941 2122 im-

2337 2139 2479 2208 pleta
2525 2152 2610 2197 est
2656 2145 2826 2201 odore
2873 2150 3166 2218 unguenti;
3204 2158 3260 2205 et
3298 2152 3531 2208 mundus
3579 2155 3818 2226 repletus
3837 2170 3940 2215 est

2333 2230 2478 2288 fama
2531 2236 2672 2291 bona
2707 2237 2973 2295 mulieris.
3004 2240 3156 2297 Unde
3202 2244 3532 2313 apostolicus
3574 2248 3658 2302 vir
3700 2249 3755 2303 in
3793 2265 3934 2310 me—

2331 2325 2562 2382 moriam
2615 2327 2978 2387 devotissimus
3039 2333 3282 2390 mulieris
3306 2377 3322 2401 ,
3387 2338 3647 2395 membris
3721 2337 3933 2398 Christi

2330 2414 2494 2471 hodie
2524 2415 2676 2485 facit,
2698 2421 2842 2490 quod
2861 2421 2979 2493 ipsa
3005 2420 3143 2479 fecit.
3165 2427 3352 2495 capiti,
3395 2437 3449 2481 et
3475 2427 3595 2484 ideo
3627 2445 3658 2483 a
3687 2431 3936 2488 statione

2329 2507 2542 2577 publica
2571 2519 2746 2575 vacat,
2771 2527 2876 2567 non
2905 2521 3085 2568 tamen
3113 2529 3144 2568 a
3171 2516 3536 2573 celebratione
3565 2519 3764 2583 missm,
3794 2523 3933 2590 quin

2327 2598 2456 2654 huic
2482 2601 2701 2672 negotio
2730 2604 2950 2660 insistit.
2978 2606 3046 2662 Et
3089 2609 3215 2677 quia
3261 2611 3328 2664 de
3366 2612 3468 2666 hac
3506 2611 3641 2668 feria
3683 2614 3931 2671 oﬂicium

2325 2692 2608 2761 proprium
2652 2708 2759 2750 non
2803 2695 3050 2762 habetur,
3100 2698 3166 2754 de
3190 2699 3398 2755 eisdem
3437 2699 3590 2758 feriis
3633 2706 3931 2775 repetitur,

2329 2780 2382 2835 id
2426 2791 2532 2847 est,
2579 2783 2645 2838 de
2687 2795 2882 2856 quarta
2909 2787 3046 2842 feria
3074 2790 3371 2861 antiphona
3402 2810 3415 2846 :
3449 2791 3724 2850 Liberator
3749 2813 3926 2852 meus.

2326 2872 2515 2930 Lectio
2562 2875 2839 2933 Zachariae
2886 2881 3164 2950 propheta:
3202 2897 3215 2934 :
3254 2881 3383 2938 "tuo
3431 2885 3559 2938 dicit
3608 2886 3932 2958 Dominus;

2326 2970 2558 3027 Exsulta
2585 2976 2741 3040 satis,
2763 2975 2883 3044 ﬁlia
2912 2976 3266 3042 Hierusalem,
3301 2996 3416 3034 ecce
3455 2979 3568 3035 Rea:
3595 2991 3719 3036 tuus
3751 2985 3932 3040 veniet

2325 3063 2419 3118 tibi
2434 3064 2618 3134 justus
2641 3075 2690 3120 et
2711 3067 2982 3133 salvator;
3009 3069 3119 3142 ipse
3140 3087 3339 3142 pauper
3359 3082 3408 3128 et
3431 3072 3723 3128 ascendens
3760 3089 3937 3146 super

2326 3155 2555 3221 asinam,
2581 3166 2628 3210 et
2677 3175 2837 3229 super
2872 3159 3076 3229 pullum
3123 3161 3296 3229 [ilium
3347 3163 3536 3230 asintr,
3580 3174 3636 3221 et
3681 3167 3930 3238 reliqua.

635 3257 788 3312 sedili
821 3272 938 3318 suo,
969 3263 1024 3310 et
1044 3227 1099 3310 si
1126 3255 1243 3311 loco
1272 3255 1356 3310 vel
1403 3255 1636 3325 tempori
1676 3227 1959 3323 congruit,
1993 3227 2222 3322 ingressi
2257 3227 2303 3292 (ἶ
2332 3245 2683 3318 Evangelium
2711 3227 3005 3306 secundum
3031 3227 3234 3308 Lucam
3274 3269 3288 3307 :
3331 3251 3465 3310 Cum
3503 3227 3928 3330 appropinquas-

632 3347 944 3411 ecclesiam,
975 3354 1032 3401 et
1078 3361 1242 3416 super
1273 3361 1446 3417 genua
1478 3345 1561 3401 vel
1611 3345 1825 3401 cubitos
1871 3353 2100 3414 uterque
2139 3342 2223 3396 in-

632 3441 813 3507 nixus,
839 3440 1128 3494 decantent
1150 3439 1387 3509 psalmos
1420 3455 1434 3491 :
1461 3438 1705 3502 Domine,
1726 3454 1789 3492 ne
1817 3440 1874 3491 in
1900 3437 2080 3508 furore
2105 3445 2215 3502 tuo,

630 3532 715 3587 11.
756 3532 987 3587 Benedic
1039 3533 1220 3586 anima
1272 3549 1391 3586 mea
1424 3531 1728 3596 Dominum,
1756 3530 1805 3584 I.
1837 3529 2090 3585 Miserere
2118 3531 2220 3584 mei

630 3626 791 3680 Deus.
839 3623 982 3679 Deus
1011 3625 1066 3678 in
1094 3624 1303 3678 nomine
1342 3633 1452 3678 tuo.
1485 3622 1626 3689 Quid
1654 3622 1947 3694 gloriaris?
1991 3621 2216 3686 Deinde,

631 3715 794 3786 Hyrie
820 3714 1036 3770 eleison.
1069 3713 1233 3768 Pater
1257 3724 1448 3770 noster.
1471 3711 1685 3768 Salvum
1705 3713 1792 3783 {ac
1814 3728 2020 3766 servum
2043 3721 2211 3765 tuum.

627 3810 849 3866 Illustra
892 3809 1082 3880 {aciem
1131 3819 1295 3864 tuam.
1342 3807 1494 3864 Mitte
1546 3810 1660 3872 eis,
1715 3809 1956 3864 Domine.
2005 3807 2214 3864 Oratio.

626 3903 790 3969 Deus,
819 3903 972 3974 cujus
1023 3901 1352 3971 indulgentia
1402 3918 1552 3956 nemo
1599 3919 1704 3956 non
1748 3901 1968 3972 indiget.
2022 3900 2209 3955 Missa.

624 3991 932 4059 Antiphona
969 4009 981 4044 :
1012 3988 1088 4043 Dc
1128 3989 1538 4044 necessitatibus.
1569 3987 1720 4044 Orat.
1765 3988 1909 4043 Deus
1942 3989 2032 4060 qui
2051 3989 2213 4059 justi-

624 4081 754 4150 ﬁcas
803 4081 1041 4152 impium.
1095 4080 1338 4149 Epistula
1380 4097 1394 4132 τ
1433 4079 1707 4134 Lavamini
1733 4120 1748 4145 ,
1787 4079 1990 4133 mundi.
2044 4077 2210 4134 Grad.

624 4170 842 4229 Salvum
865 4172 952 4242 fac
965 4188 1188 4225 servum.
1206 4171 1558 4240 Evangelium
1575 4190 1587 4223 :
1607 4171 1725 4225 Duo
1752 4171 2008 4224 homines.
2041 4169 2213 4226 Offer-

625 4279 729 4322 tor.
754 4264 1004 4319 Miserere
1037 4265 1189 4330 mihi,
1220 4264 1460 4318 Domine.
1479 4263 1653 4333 Super
1679 4264 1850 4319 oblat.
1869 4263 2068 4334 Hujus,
2098 4264 2212 4320 Do-

622 4360 780 4421 mine,
807 4359 998 4412 virtute
1020 4357 1272 4427 mysterii.
1293 4354 1445 4411 Com.
1477 4355 1618 4409 Deus
1643 4358 1920 4426 propitius.
1947 4357 2030 4411 Ad
2051 4356 2214 4411 Com—

621 4449 800 4520 plend.
832 4447 1122 4518 Puriﬁcent
1150 4464 1266 4514 nos,
1300 4446 1542 4501 Domine.
1575 4447 1772 4502 Eodem
1795 4450 1881 4502 die
1907 4449 1965 4502 ﬁt
1987 4449 2210 4503 collecta

622 4543 690 4595 ad
733 4547 975 4597 sanctam
1015 4538 1376 4594 Anastasiam.
1427 4537 1737 4609 Antiphona
1773 4558 1784 4591 :
1841 4540 2054 4594 Exaudi
2090 4557 2205 4605 nos,

627 4637 865 4699 Domine,
907 4636 1154 4706 quoniam
1183 4634 1423 4703 benigna.
1445 4632 1710 4688 Psalmus.
1746 4631 1962 4688 Salvum
1989 4649 2070 4686 me
2095 4633 2204 4702 fac,

623 4727 782 4780 Deus.
830 4724 1050 4779 interim
1086 4723 1318 4794 ponendi
1370 4731 1498 4778 sunt
1544 4723 1758 4777 cineres
1809 4737 1974 4792 super
2005 4725 2201 4792 capita,

619 4818 762 4872 sicut
826 4815 1121 4885 antiphona
1178 4821 1428 4868 testatur.
1488 4813 1694 4868 Oratio.
1731 4811 1969 4867 Concede
2031 4814 2202 4878 nobis,

618 4908 860 4962 Domine.
883 4906 1190 4976 Antiphona
1222 4903 1291 4958 ad
1320 4904 1719 4974 processiouem
1751 4921 1762 4956 :
1793 4903 1957 4957 quta
1982 4907 2204 4958 restibu-

619 4998 747 5051 lum.
774 4996 908 5050 Item
932 5014 943 5048 :
973 4995 1336 5048 Immutemur.
1353 4993 1500 5047 Alia:
1521 4993 1688 5048 Parce
1711 4993 1950 5048 Domine.
1978 4993 2074 5049 His
2090 4995 2207 5048 lini-

617 5091 704 5153 tis,
739 5087 984 5156 sequitur
1008 5085 1213 5139 litania.
1258 5083 1464 5137 Dehinc
1493 5085 1655 5137 statio
1684 5085 1752 5137 ad
1784 5082 1841 5137 S.
1888 5083 2167 5138 Sabinam.

690 5180 717 5218 ιι
751 5176 1046 5231 Sahbatum
1092 5184 1219 5228 ante
1255 5173 1489 5234 Pulmas.
1516 5175 1590 5226 ita
1621 5175 1982 5246 praetitulatur
2023 5176 2074 5228 in
2106 5175 2204 5228 Sa-

615 5267 979 5323 cramentario
997 5283 1009 5318 :
1027 5263 1315 5318 Sabbatum
1340 5274 1508 5316 vacat.
1535 5263 1790 5316 Dominus
1821 5282 1956 5333 papa
1986 5265 2205 5317 eleemo-

615 5374 800 5429 synam
823 5356 934 5409 dat.
976 5354 1225 5424 Cogitare
1274 5361 1489 5420 oportet
1513 5353 1744 5420 qualiter
1773 5353 1960 5408 eadem
1993 5354 2081 5408 die
2111 5371 2205 5424 po-

617 5445 884 5498 tissimum
925 5442 1266 5510 eleemosyna
1308 5441 1565 5493 tradenda
1617 5441 1708 5493 sit.
1761 5439 1858 5494 Ubi
1906 5443 2201 5495 notandum

616 5537 758 5604 quod
803 5551 867 5590 ea
900 5550 1022 5605 qua:
1057 5534 1286 5588 colimus
1329 5533 1471 5584 circa
1530 5531 1842 5586 Passionem
1895 5533 2105 5588 Domini
2151 5543 2208 5588 et

617 5624 1087 5680 llcsurrectionem
1134 5630 1300 5690 atque
1356 5620 1746 5676 Ascensionem
1797 5623 1851 5676 in
1897 5623 2120 5691 caelum,
2146 5623 2201 5677 in

687 5746 710 5772 η
747 5732 842 5801 llis
860 5727 1333 5801 concordatLiber
1353 5724 1549 5801 Pontif.
1577 5726 1792 5801 Egberti
1825 5729 2182 5801 Eboracensis

617 5804 757 5874 apud
793 5800 1032 5858 Slartene
1061 5799 1096 5853 l.
1123 5799 1214 5855 cit.
1245 5812 1365 5867 cap.
1401 5795 1451 5860 7,
1485 5810 1604 5866 pag.
1645 5799 1731 5850 41.

2319 3348 2398 3392 set
2442 3337 2622 3405 Iesus,
2649 3351 2697 3394 et
2725 3344 2943 3397 venisset
2987 3343 3288 3417 Bethphagc
3313 3347 3384 3405 ad
3414 3358 3642 3403 montem
3696 3348 3928 3407 Oliueti.

2813 3447 2978 3521 475
3007 3450 3236 3507 CAPUT
3276 3451 3414 3509 xxv.

2750 3540 2816 3580 DF.
2867 3542 3120 3582 DOIIINICA
3171 3545 3225 3582 IN
3274 3545 3484 3586 PALIIS.

2389 3611 2652 3670 Hesterna
2687 3615 2774 3672 die
2799 3617 3057 3673 Dominus
3079 3619 3135 3675 in
3163 3620 3425 3676 Bethania
3452 3624 3508 3678 in
3538 3600 3928 3688 domOOSimo-

2317 3703 2405 3758 nis
2447 3705 2714 3773 recubuit,
2765 3707 2868 3764 hoc
2914 3719 3018 3776 est,
3065 3720 3218 3767 sexto
3264 3713 3353 3770 die
3390 3725 3514 3771 ante
3554 3721 3875 3790 passionem
3905 3768 3920 3780 .

2317 3794 2479 3850 hodie
2502 3811 2654 3863 vero,
2689 3799 2833 3869 quod
2859 3809 2944 3856 est
2967 3803 3155 3872 quinto
3187 3805 3275 3860 die
3300 3815 3426 3862 ante
3459 3807 3687 3877 Pascha,
3721 3815 3925 3873 exiens

2316 3888 2383 3946 de
2411 3887 2698 3960 Bethania,
2746 3895 2896 3951 misit
2940 3895 3076 3953 duos
3123 3899 3416 3971 discipulos
3451 3903 3507 3958 in
3549 3904 3919 3978 Hierusalem,

2314 3983 2505 4038 dicens
2532 3983 2613 4039 eis
2641 4001 2655 4038 :
2684 3983 2769 4040 Ite
2807 3987 2864 4040 in
2902 3988 3178 4044 castellum
3218 3993 3358 4064 quod
3393 4005 3574 4050 contra
3605 4014 3693 4053 vos
3733 4011 3837 4064 est,
3865 4014 3922 4058 es

2313 4071 2585 4128 invenietis
2615 4074 2822 4130 asinam
2848 4085 2896 4131 et
2925 4077 3130 4149 pullum
3159 4097 3178 4134 :
3208 4080 3391 4136 soluite
3409 4093 3459 4139 et
3482 4085 3729 4143 adducite
3755 4093 3914 4147 mihi.

2316 4162 2423 4229 Qui
2455 4163 2706 4221 solventes
2749 4166 3083 4224 adduxerunt
3118 4172 3189 4224 ad
3221 4171 3426 4240 Iesum,
3464 4185 3513 4230 et
3547 4177 3920 4250 imposuerunt

2313 4256 2617 4312 vestimenta
2641 4274 2762 4323 sua,
2796 4267 2844 4314 et
2870 4275 2989 4314 eum
3021 4261 3244 4334 desuper
3283 4266 3461 4320 sedere
3485 4267 3737 4337 fecerunt.
3773 4274 3919 4330 Cum

2313 4360 2489 4403 autem
2513 4350 2747 4406 audisset
2775 4353 2947 4418 turba,
2983 4372 3101 4425 qua:
3143 4370 3353 4414 venerat
3397 4362 3469 4415 ad
3507 4363 3646 4418 diem
3689 4367 3917 4437 festum,

2312 4441 2451 4511 quod
2494 4441 2650 4498 Iesus
2690 4455 2923 4514 pergeret
2969 4445 3325 4515 Hierusalem,
3371 4467 3682 4525 acceperunt
3727 4477 3922 4519 ramos

2311 4532 2646 4600 palmarum,
2686 4548 3034 4608 reneruntque
3073 4540 3120 4593 ei
3161 4543 3397 4609 obviam,
3442 4554 3492 4599 et
3546 4546 3850 4607 clamabant
3891 4572 3917 4611 :

2315 4622 2555 4690 Osanna,
2579 4626 2875 4683 benedictus
2910 4631 3000 4700 qui
3029 4633 3186 4696 venit,
3211 4643 3265 4686 et
3296 4633 3499 4706 reliqua
3537 4638 3753 4710 (Matth.
3786 4659 3915 4714 nt,

2314 4715 2378 4770 21
2411 4717 2566 4790 seq.).
2614 4718 2688 4773 De
2719 4719 2818 4775 hac
2844 4720 2930 4774 die
2956 4722 3234 4778 sciendum
3268 4735 3349 4780 est
3375 4729 3518 4795 quod
3546 4731 3774 4788 diversis
3803 4751 3918 4792 νο·-

2313 4807 2519 4863 cabulis
2547 4810 2912 4882 distinguitur,
2940 4813 2993 4868 id
3027 4824 3128 4879 est,
3157 4817 3270 4871 dies
3298 4817 3627 4888 Palinurum,
3660 4825 3777 4882 sive
3808 4827 3919 4886 llo-

2313 4912 2457 4958 rum,
2488 4897 2600 4952 sive
2635 4915 2934 4966 ramorum,
2973 4902 3213 4971 Osanna,
3267 4905 3473 4962 Pascha
3510 4914 3747 4981 petitum,
3788 4919 3918 4976 sive

2311 4989 2752 5057 contpetcntium,
2793 5000 2847 5045 et
2884 4994 3056 5062 capita
3085 4993 3393 5051 lavantium.
3437 4999 3565 5057 Dies
3594 5001 3912 5064 Palmam!!!

2310 5076 2430 5130 ideo
2457 5078 2780 5145 celebratur,
2811 5082 2936 5151 quia
2987 5083 3041 5136 in
3067 5098 3132 5138 eo
3165 5083 3426 5143 Dominus
3454 5091 3678 5150 tendens
3708 5095 3914 5155 Hiero-

2309 5169 2594 5239 solymam,
2626 5174 2863 5228 occurrit
2895 5175 2942 5229 ei
2975 5176 3130 5230 turba
3160 5179 3412 5246 plurima,
3458 5183 3582 5240 hinc
3627 5187 3750 5243 inde
3789 5191 3910 5247 cla-

2309 5262 2528 5324 mando,
2568 5261 2804 5330 Osanna,
2857 5267 2998 5334 quod
3036 5267 3426 5337 interpretatur
3476 5275 3734 5344 salvi/ica,
3785 5282 3911 5340 sive

2306 5351 2601 5445 salt-osum
2629 5353 2732 5445 fac.
2774 5355 2872 5409 Est
2909 5359 3054 5412 enim
3099 5360 3356 5417 Hebrmus
3391 5380 3587 5430 sermo,
3624 5372 3716 5438 qui
3757 5378 3908 5445 apud

2308 5441 2429 5496 illos
2454 5442 2657 5497 dicitur
2684 5443 2922 5501 Osanna.
2954 5448 3011 5502 In
3043 5453 3211 5507 ramis
3235 5454 3532 5521 palmarum
3563 5441 3910 5532 signiﬁcatur

2308 5534 2556 5598 victoria,
2595 5550 2701 5603 qua
2734 5549 2853 5593 erat
2881 5539 3139 5596 Dominus
3167 5553 3396 5600 mortem
3431 5551 3714 5607 moriendo
3743 5571 3909 5626 supe-

2310 5634 2545 5688 raturus,
2577 5634 2737 5694 atque
2761 5643 2858 5696 per
2886 5638 3142 5700 tropazuin
3169 5638 3346 5691 crucis
3373 5638 3440 5694 de
3465 5639 3681 5696 diabolo
3710 5651 3908 5704 mortis

2382 5733 2410 5772 δ
2439 5733 2769 5812 A_Inalariu_s,
2799 5738 2890 5812 lib.
2924 5757 2962 5812 tW
2975 5741 3046 5796 de
3084 5743 3426 5812 Eecl.0llic.,
3449 5764 3498 5805 c.
3525 5752 3576 5807 9.
3597 5753 3737 5808 Vide
3759 5757 3906 5810 Mar-

2311 5811 2434 5860 tene
2460 5803 2527 5860 de
2553 5807 2676 5860 Ant.
2705 5805 2912 5864 Eccles.
2941 5811 3252 5886 Disciplina,
3283 5833 3332 5873 c.
3365 5803 3740 5892 Ιόίήιίεάξῖ.
