4092 6522
177 401 303 455 l20l

983 401 1133 458 OPP.
1173 391 1574 457 S‘UPPOSITA.
1612 422 1682 433 ——
1716 390 1846 444 LIB.
1890 391 1978 446 DE
2016 392 2265 447 DlV'lNlS
2301 390 2605 447 OFFlCllS.

3281 391 3301 442 l
3314 388 3419 442 E02

174 515 411 582 principe
457 512 905 583 triumphaturus.
956 515 1014 568 In
1057 513 1221 570 ramis
1256 512 1509 567 arborum
1554 504 1748 561 intelli-
1776 502 1826 561 Α
1851 502 1945 568 tis,
1970 503 2155 574 incipit
2183 484 2365 560 schola
2388 502 2718 572 cumbajulis
2738 500 3421 571 antiph.:PueriHebrwo-

176 611 372 673 guutur
424 602 568 659 dicta
613 602 839 658 Patrum
881 611 937 659 et
988 604 1250 675 exempla.
1300 602 1479 657 Turba
1515 596 1744 669 plurima

176 691 441 761 signiﬁcat
480 691 923 747 innumerabilem
956 701 1254 763 martyrum
1288 690 1605 753 exercitum,
1653 684 1745 754 qui

179 798 399 852 corpora
448 798 545 839 sua
596 798 695 853 pro
738 783 964 838 Domino
1009 783 1364 839 tradiderunt.
1414 779 1748 836 Vestimenta

181 872 551 943 Apostolorum
578 887 741 941 opera
768 881 894 928 sunt
914 872 1153 941 justitize.
1203 871 1355 927 Unde
1400 870 1456 924 in
1495 867 1743 939 psalmo:

179 961 486 1019 Sacerdotes
535 962 614 1016 tui
652 961 943 1017 induantur
978 960 1187 1031 justitia
1230 958 1403 1032 (Psal.
1439 972 1623 1022 cxxxr,
1667 954 1746 1027 9).

174 1052 233 1106 In
257 1050 422 1106 asello
451 1064 557 1120 quo
581 1049 821 1115 sedebat,
852 1048 1121 1104 indicabat
1148 1047 1413 1117 simplicia
1434 1046 1597 1101 corda
1621 1058 1754 1115 gen.-

178 1140 405 1205 tilitatis,
426 1154 588 1209 quam
614 1138 951 1209 praesidendo
977 1146 1139 1207 atque
1164 1137 1401 1207 regendo
1425 1134 1755 1206 perducebat

175 1230 247 1286 ad
285 1230 548 1284 visionem
588 1228 739 1298 pacis
792 1235 1028 1282 :eternm.
1080 1226 1290 1281 Pascha
1328 1226 1590 1296 petitum,
1639 1223 1757 1279 sive

176 1321 591 1392 competentium
621 1321 834 1385 dicitur,
866 1320 991 1389 quia
1019 1320 1179 1374 hodie
1206 1316 1507 1389 symbolum
1533 1330 1752 1384 compe-

180 1414 425 1468 tentibus
470 1411 812 1475 tradebatur,
859 1416 1081 1480 propter
1138 1406 1405 1463 conﬁnem
1463 1402 1756 1460 Dominicze

182 1504 399 1558 Pascha:
428 1500 850 1566 solemnitatem,
895 1508 955 1554 ut
998 1500 1093 1569 qui
1130 1496 1244 1566 jam
1284 1498 1351 1552 ad
1395 1496 1490 1552 Dei
1527 1495 1755 1566 patiam

184 1589 575 1661 percipiendam
625 1589 919 1653 festinant,
974 1587 1134 1643 ﬁdem
1192 1601 1355 1655 quam
1407 1584 1756 1652 conﬁtentur,

187 1686 506 1753 cognoscant
530 1698 543 1733 :
565 1686 931 1748 competentes
951 1678 1114 1739 enim,
1138 1675 1293 1747 quasi
1316 1674 1475 1731 simul
1494 1681 1753 1745 petentes,

196 1770 452 1833 licuntur,
495 1767 552 1823 id
593 1774 695 1832 est,
747 1766 977 1837 gratiam
1020 1763 1223 1820 Christi
1268 1771 1534 1836 petentes.
1567 1762 1763 1832 Capita»

1843 609 1980 648 rum.
2010 594 2079 648 Et
2099 603 2227 650 tunc
2248 594 2543 663 prosternit
2564 594 2741 648 omnis
2772 592 2925 664 plebs
2953 593 3081 648 hinc
3113 592 3239 648 inde
3274 589 3422 646 fron-

1844 683 1939 738 des
1987 699 2084 738 seu
2134 683 2297 739 liores
2341 684 2691 739 decantantes
2739 683 2947 752 antiph.
2988 700 3001 736 :
3047 680 3262 737 Osanna
3307 681 3419 751 ﬁlio

1843 774 2037 840 David,
2081 791 2251 845 usque
2297 776 2365 831 ad
2396 776 2585 831 altare.
2634 774 2704 829 Et
2743 774 2822 830 sic
2860 776 3066 831 intrant
3103 773 3171 829 ad
3205 773 3418 828 missas.

1846 870 2075 926 Ministri
2117 885 2246 927 vero
2291 877 2478 926 tenent
2518 871 2729 940 palmas
2765 871 2819 925 in
2856 870 3103 925 manibus
3142 884 3311 939 usque
3354 867 3423 923 ad

1847 963 2259 1033 completionem
2301 962 2500 1019 missa.
2545 962 2911 1017 lntermittunt
2951 964 3113 1033 aliqui
3147 963 3425 1018 salutatio-

1846 1069 1972 1109 nem
1989 1053 2039 1107 in
2056 1054 2327 1124 passione,
2357 1055 2412 1109 id
2431 1062 2536 1120 est,
2553 1054 2809 1109 Dominus
2834 1054 3127 1109 vobiscum:
3153 1055 3295 1122 quod
3318 1070 3423 1107 non

1849 1141 2041 1213 legitur
2064 1142 2117 1197 in
2141 1143 2440 1209 ordinibus,
2464 1144 2559 1199 sed
2577 1144 2629 1198 in
2653 1143 2949 1199 Parasceve
2974 1152 3201 1207 tantum,
3226 1144 3316 1199 ubi
3347 1160 3428 1198 re-

1850 1232 2049 1288 ticetur
2060 1230 2295 1288 ollicium
2307 1235 2660 1291 sacerdotale.
2677 1234 2800 1290 ideo
2813 1243 2993 1290 autem
3007 1237 3122 1289 haec
3140 1235 3428 1290 hebdoma-

1852 1324 1922 1378 da
1938 1323 2111 1393 major
2151 1325 2366 1391 dicitur,
2394 1327 2520 1397 quia
2558 1327 2611 1381 in
2649 1342 2714 1381 ea
2754 1326 2984 1382 maxima
3009 1335 3092 1382 est
3122 1327 3424 1383 adhibenda

1853 1404 2207 1483 parcimonia,
2237 1416 2358 1472 sive
2371 1418 2514 1486 quod
2539 1416 2714 1487 majus
2736 1417 2967 1474 ofﬁcium
2986 1418 3243 1474 recolitur
3258 1419 3311 1472 in
3337 1431 3421 1471 ea.

2441 1565 2671 1623 CAPUT
2717 1567 2829 1623 XV.

2140 1669 2206 1709 DE
2244 1670 2400 1710 ΙἘΙΙΔ
2438 1671 2493 1710 ιν
2529 1673 2859 1716 ΗΕΒῺΟΙΙΛΒΒ
2899 1674 3138 1715 κλισίης.

1926 1750 2083 1807 Feria
2110 1761 2301 1822 quarta
2327 1755 2675 1811 hebdomadas
2694 1757 2932 1827 majoris,
2964 1760 3096 1821 hora
3122 1760 3283 1815 tertia
3307 1776 3431 1829 pro-

188 1826 468 1912 nuntiem
494 1856 613 1911 ideo
802 1855 942 1911 diem
982 1854 1217 1925 appellat
1238 1826 1448 1925 vulgus,
1480 1853 1603 1922 quia
1627 1826 1756 1908 tunc
1784 1826 1832 1887 Β
1855 1839 1997 1897 οεάῖῑ
2034 1842 2360 1913 ψοεῐοίὶοιιε
2387 1859 2511 1900 cum
2548 1847 2694 1901 omni
2722 1826 2868 1903 clero
2899 1864 2994 1904 seu
3028 1849 3223 1919 populo
3252 1826 3319 1905 ad
3343 1868 3432 1905 ec-

191 1963 298 2003 nos
316 1956 401 2004 est
438 1945 606 2000 lavari
634 1946 813 2016 capita
859 1944 1162 2011 infantium,
1207 1944 1301 2014 qui
1354 1942 1587 2013 ungendi
1631 1948 1762 1997 sunt

197 2036 416 2091 Sabbato
441 2044 651 2102 sancto,
676 2053 744 2092 ne
763 2034 903 2091 forte
924 2036 1301 2091 observatione
1322 2033 1760 2104 Quadragesim

200 2126 441 2182 ordidati
469 2126 537 2180 ad
570 2127 879 2180 unctionem
908 2124 1248 2181 accederent.

252 2214 465 2281 Quanta
492 2228 620 2269 vero
644 2213 945 2268 reverentia
971 2211 1089 2268 haec
1115 2210 1447 2267 consuetudo
1469 2224 1499 2265 a
1528 2209 1764 2265 devotis-

182 2301 337 2356 simis
369 2302 517 2357 viris.
536 2301 820 2366 excolitur,
855 2300 1013 2354 libuit
1055 2300 1146 2354 hic
1184 2313 1473 2370 parumper
1499 2297 1764 2353 inserere.

188 2392 356 2447 Hodie
395 2399 730 2463 prazparatur
774 2390 1050 2461 quoddam
1086 2390 1447 2461 portatorium
1493 2385 1765 2442 honestis-

192 2485 340 2549 sime,
392 2484 447 2538 in
499 2498 608 2552 quo
664 2482 1044 2537 intromittitur
1094 2490 1342 2536 sanctum
1392 2477 1767 2546 Evangelium,

204 2574 329 2645 [und
374 2573 687 2645 intelligitur
737 2571 1007 2638 Christus,
1035 2578 1091 2627 et
1137 2570 1396 2626 statuitur
1439 2570 1494 2623 in
1535 2566 1765 2622 ecclesia

202 2672 312 2719 ante
343 2677 523 2727 aram,
544 2662 686 2716 unde
707 2661 884 2716 clerus
921 2673 1275 2730 processurus
1308 2665 1412 2713 est.
1446 2656 1649 2711 Deinde
1673 2655 1768 2710 ad-

206 2761 420 2809 luantur
442 2752 635 2823 palmae
661 2760 716 2807 et
744 2750 922 2815 liores,
954 2758 1115 2821 atque
1158 2749 1368 2805 diversa
1396 2760 1592 2818 genera
1622 2744 1768 2799 fron-

210 2849 356 2913 lium,
381 2863 477 2902 seu
500 2846 782 2909 olivarum,
811 2860 973 2915 super
998 2860 1118 2915 qua:
1147 2843 1343 2905 dicitur
1378 2843 1493 2896 haec
1533 2839 1707 2895 oratio
1735 2854 1767 2893 a

191 2939 467 2995 sacerdote
498 2951 514 2992 :
550 2936 888 3007 Omnipotens
925 2935 1234 3005 sempiterne
1281 2932 1445 3003 Deus,
1491 2931 1579 3002 qui
1622 2938 1772 2984 ante-

190 3046 345 3099 quam
376 3026 573 3081 Filium
594 3035 742 3081 tuum
767 3024 1053 3081 Dominum
1074 3032 1313 3078 nostrum
1339 3037 1433 3091 pro
1453 3018 1602 3073 nobis
1627 3033 1769 3071 mar-

194 3134 291 3174 tem
321 3118 517 3190 perpeti
559 3117 776 3173 sineres.
822 3114 1079 3184 Sequitur
1110 3111 1416 3168 benedictio
1462 3108 1765 3180 palmarum

206 3209 305 3263 sive
329 3204 597 3262 frondium
625 3225 638 3260 :
673 3204 1011 3275 Omnipotens
1036 3204 1178 3259 Deus
1207 3202 1431 3258 Christe.
1455 3201 1552 3256 His
1580 3200 1766 3265 ﬁnitis,

200 3301 391 3353 lantur
439 3312 471 3351 a
514 3296 823 3352 custodibus
865 3294 1085 3365 palmae;
1128 3293 1533 3364 accipienteque
1574 3289 1770 3361 populo

199 3403 375 3442 ramos
427 3386 702 3451 arborum,
739 3383 1022 3449 olivarum,
1072 3383 1187 3438 sive
1228 3380 1440 3448 ﬂorum,
1488 3381 1772 3435 inchoatur

202 3478 491 3547 mtiphona
531 3494 544 3530 :
600 3473 765 3529 Pueri
817 3472 1179 3529 Hebraeum.
1232 3472 1437 3529 Deinde
1472 3473 1774 3540 suscipiunt

217 3568 408 3624 liaconi
438 3567 858 3637 suprascriptum
901 3563 1256 3635 portatorium
1297 3579 1421 3618 cum
1459 3561 1772 3632 Evangelia,

204 3657 497 3726 ‘iajulantes
535 3671 659 3711 cum
705 3654 908 3726 ingenti
949 3654 1307 3709 exsultatione
1340 3652 1527 3723 jngum
1574 3651 1775 3708 Christi

218 3764 363 3804 suave
390 3754 446 3803 et
471 3762 607 3802 onus
635 3748 753 3817 ejus
776 3746 913 3810 leve,
954 3743 1288 3813 pmcedente
1328 3759 1469 3814 aqua
1495 3744 1774 3798 benedicta

221 3857 321 3895 ‘um
352 3838 689 3895 candelabris
716 3849 877 3907 atque
903 3836 1357 3908 thymiamatcriis
1376 3851 1498 3889 cum
1524 3834 1649 3889 aliis
1689 3851 1777 3889 or-

206 3931 489 3987 namentis.
518 3929 738 4000 Insuper
760 3930 923 3983 etiam
945 3929 1203 3983 laicorum
1227 3926 1407 3982 schola
1427 3942 1550 3980 cum
1570 3926 1779 3982 vexillis

220 4029 363 4089 'tque
407 4018 692 4073 fanonibus
736 4034 767 4072 a
813 4017 968 4089 longe
1017 4025 1308 4087 praeeunte.
1354 4017 1594 4072 Exeunte
1633 4019 1777 4071 enim

226 4112 347 4166 lere
383 4124 478 4166 seu
510 4109 705 4178 populo
731 4107 801 4163 ab
825 4107 1072 4173 ecclesia,
1117 4107 1403 4162 inchoatur
1444 4107 1734 4177 antipliona
1763 4125 1776 4160 :

1792 3157 1838 3219 C

1855 1929 2099 1997 clesiam,
2129 1938 2186 1986 et
2212 1932 2342 1987 dicit
2364 1936 2638 1991 orationes
2664 1936 2938 1993 solemnes
2951 1939 2999 2004 ι’,
3030 1940 3173 1995 sicut
3204 1940 3258 1995 in
3281 1951 3434 1995 sexta

1857 2016 2013 2075 feria.
2047 2018 2146 2076 His
2168 2021 2415 2092 expletis,
2452 2024 2695 2080 osculato
2737 2026 2917 2091 altari,
2945 2028 3240 2098 egreditur.
3268 2027 3432 2083 Pres-

1856 2108 2034 2181 byteri
2054 2124 2183 2165 vero
2204 2111 2573 2181 ecclesiarum,
2599 2124 2707 2168 tam
2729 2115 2916 2170 urbani
2938 2130 3100 2186 quam
3118 2116 3430 2182 suburbani,

1860 2206 2205 2254 revertuntur
2248 2200 2315 2255 ad
2371 2202 2554 2257 titulos
2604 2218 2752 2268 suos,
2806 2212 2867 2259 ut
2912 2206 3016 2260 hoc
3063 2205 3253 2261 ordine
3299 2206 3436 2261 feria

1858 2295 2013 2344 sexta
2041 2289 2363 2359 compleant,
2400 2292 2503 2346 hoc
2540 2292 2772 2349 scientes
2799 2302 2853 2348 ut
2892 2295 3035 2365 quod
3066 2294 3306 2364 pontifex
3338 2310 3435 2365 pro

1861 2383 2267 2453 seintermittit,
2302 2384 2375 2439 ibi
2420 2385 2568 2439 illum
2606 2394 3049 2443 commemorent.
3087 2387 3282 2443 Postea
3307 2401 3438 2442 vero

1861 2474 1995 2531 hora
2031 2482 2218 2530 octava
2249 2476 2623 2546 ingrediuntur
2646 2478 2716 2533 ad
2740 2478 2936 2533 missas
2960 2492 3111 2533 more
3144 2477 3322 2533 solito.
3350 2476 3438 2531 ld-

1864 2580 1930 2620 eo
1958 2566 2043 2620 hae
2067 2566 2347 2621 orationes
2367 2566 2525 2621 hodie
2552 2566 2911 2633 celebrantur,
2939 2568 3064 2638 quia
3094 2568 3149 2623 in
3174 2569 3278 2623 hac
3306 2566 3442 2624 feria

1864 2664 2055 2727 quarta
2082 2656 2367 2711 consilium
2402 2655 2648 2712 fecerunt
2684 2655 2878 2723 Judaei,
2905 2665 2966 2712 ut
3000 2657 3311 2713 occiderent
3330 2658 3439 2713 Do-

1866 2747 2091 2801 minum.
2130 2745 2281 2802 Unde
2306 2761 2404 2802 nos
2430 2746 2498 2800 ad
2538 2748 2853 2803 memoriam
2899 2748 3159 2803 reducere
3187 2747 3444 2804 debemus

1865 2837 2081 2894 crudele
2098 2838 2379 2894 consilium
2399 2837 2706 2894 Judzeorum
2724 2847 2782 2895 et
2800 2841 3267 2896 mansuetudinem
3288 2839 3444 2911 Chri-

1866 2928 1956 2991 sti,
1998 2937 2060 2983 ut
2092 2938 2278 2983 contra
2302 2942 2518 2985 omnem
2548 2928 2801 2999 injuriam
2842 2929 3009 3002 476
3044 2944 3318 2985 amemus
3346 2945 3446 2986 nos

1869 3019 2038 3073 armis
2053 3019 2314 3074 orationis
2344 3027 2399 3072 et
2423 3019 2719 3087 patientiae,
2747 3020 2889 3074 sicut
2912 3021 3027 3090 ipse
3053 3018 3201 3085 fecit,
3226 3020 3444 3075 dicens:

1872 3112 2053 3181 Pater,
2090 3116 2295 3185 ignosce
2332 3116 2437 3170 illis
2475 3116 2626 3186 (Luc.
2672 3132 2826 3181 xxut,
2853 3116 2966 3188 34).
2992 3116 3251 3187 Sequitur
3277 3116 3449 3172 mani-

1871 3206 2011 3262 festa
2064 3207 2341 3271 deﬁnitio,
2392 3223 2490 3262 cur
2541 3207 2776 3276 primum
2836 3207 3233 3277 responsorium
3281 3224 3447 3262 unum

1873 3297 2067 3351 habeat
2119 3313 2335 3352 versum
2387 3316 2399 3351 :
2458 3298 2784 3362 secundum,
2842 3299 3077 3369 quinque
3127 3310 3174 3351 ε.
3235 3297 3450 3353 Primus

1873 3390 2035 3443 homo
2055 3387 2227 3442 Adam
2265 3389 2400 3443 duas
2431 3397 2630 3445 mortes
2674 3403 2866 3458 passus
2911 3395 3015 3443 est.
3060 3388 3119 3442 ln
3154 3389 3329 3459 prima
3377 3387 3453 3442 le-

1872 3479 2051 3535 ctione
2074 3486 2131 3533 et
2155 3479 2329 3549 primo
2354 3479 2693 3547 responsorio
2715 3494 2860 3534 mors
2886 3481 3097 3545 animae,
3129 3479 3183 3533 in
3215 3480 3448 3535 secunda

1874 3578 1931 3625 et
1958 3570 2213 3635 secundo,
2242 3585 2387 3625 mors
2409 3570 2651 3639 corporis
2675 3571 2879 3639 signata
2922 3578 3023 3624 est.
3052 3570 3192 3624 Caro
3221 3584 3453 3637 namque

1876 3659 2192 3724 Salvatoris,
2235 3675 2333 3728 pro
2386 3660 2559 3715 saluto
2603 3658 2877 3730 corporis;
2926 3661 3141 3729 sanguis
3181 3674 3309 3719 vero
3354 3674 3453 3729 pro

1876 3757 2055 3810 anima
2085 3763 2268 3809 nostra
2292 3753 2494 3809 effusus
2521 3762 2621 3813 est.
2657 3763 2713 3808 et
2736 3754 2861 3822 quia
2891 3752 3066 3807 omnis
3095 3754 3257 3807 homo
3289 3767 3453 3806 unam

1878 3847 2040 3902 habet
2083 3847 2342 3911 animam,
2377 3844 2576 3900 idcirco
2601 3844 2835 3914 primum
2865 3843 3262 3912 responsorium
3314 3857 3463 3898 unus

1879 3938 2122 4007 sequitur
2160 3952 2368 3991 versus.
2417 3936 2836 4005 RcSponsorium
2878 3934 3173 3994 secundum
3218 3934 3455 4003 quinque

1879 4045 2070 4085 versus
2093 4029 2320 4095 habens,
2352 4029 2587 4099 quinque
2616 4028 2858 4097 corporis
2892 4042 3081 4082 sensus
3108 4025 3370 4097 signiﬁcat
3398 4025 3453 4078 in

1882 4122 2052 4176 Adam
2072 4130 2331 4187 mortuos,
2346 4136 2483 4191 quos
2502 4120 2748 4175 Christus
2762 4120 3111 4176 moriendovet
3131 4120 3457 4188 resurgendo

232 4200 336 4254 Tum
385 4199 823 4269 appropinquaret
874 4197 1151 4253 Dominus.
1206 4197 1321 4265 Qua
1365 4196 1517 4253 ﬁnita
1564 4199 1782 4253 inchoat

1884 4211 2256 4278 revivillcavit,
2295 4220 2351 4265 et
2384 4211 2610 4281 pristino
2642 4210 2871 4266 reddidit
2902 4210 3085 4266 statui.
3128 4209 3316 4264 Passio
3338 4223 3459 4277 qua:

235 4290 386 4345 ""013
409 4288 615 4361 an‘il’h-
643 4306 656 4341 ε
683 4288 956 4359 εωρετηηι
992 4304 1187 4342 οτηηα·
1228 4288 1359 4342 hem
1388 4306 1401 4342 ε
1436 4286 1568 4342 Cum
1603 4289 1782 4343 αυάὶδ-
1883 4302 2105 4373 legitur,
2132 4300 2368 4357 ostendit
2391 4298 2694 4355 Judzeorum
2720 4300 2999 4355 consilium
3027 4298 3366 4369 prazvaluisse
3391 4300 3459 4353 ad

233 4389 335 4435 ent.
365 4380 499 4435 Item
528 4398 541 4434 :
577 4380 1053 4452 Appmpinquante.
1076 4379 1209 4436 Cum
1238 4383 1461 4451 ingressi
1486 4380 1680 4437 fuerint
1709 4383 1786 4437 ci-

1885 4401 2119 4462 tempus,
2150 4398 2205 4445 et
2232 4390 2285 4444 in
2314 4389 2722 4445 mansuetudine
2758 4388 3032 4445 Christum
3062 4403 3455 4459 perseverasse.

244 4470 452 4573 “atem.
494 4467 580 4573 ξεί
609 4467 933 4573 θξωοξήυωι
964 4468 1168 4573 ficitur
1214 4470 1612 4540 τρειιοηεονίιιιιι
1641 4489 1653 4523 ε
1691 4469 1784 4524 Ῑη·
1808 4511 1862 4573 υ
1885 4482 2037 4551 Quod
2062 4488 2243 4535 autem
2270 4480 2387 4536 sine
2412 4480 2731 4535 salutatione
2760 4481 3155 4551 pronuntiatur,
3184 4479 3325 4550 quod
3356 4478 3462 4534 Do—

242 4558 464 4611 rediente
491 4555 737 4611 Domino.
765 4555 899 4612 ltem
922 4574 935 4611 :
960 4555 1286 4629 collegerunt
1315 4560 1603 4631 pontiﬁces.
1637 4560 1783 4617 Urius

244 4657 402 4701 utem.
428 4646 525 4702 His
551 4647 739 4712 ﬁnitis,
769 4656 895 4703 ante
919 4650 1116 4705 atrium
1142 4650 1380 4706 ecclesia:
1419 4653 1539 4707 loco
1563 4669 1782 4724 compe-

247 4737 343 4791 ξηιί
377 4738 623 4793 subsistit
647 4737 830 4793 schola
864 4753 986 4793 cum
1032 4739 1222 4810 hajulis
1246 4750 1304 4796 et
1335 4742 1542 4811 reliquo
1570 4754 1784 4808 ornatu,

246 4828 467 4884 tclerus
511 4842 606 4884 seu
645 4829 875 4899 populus
919 4840 1227 4899 exspectant
1269 4832 1323 4887 in
1369 4832 1488 4888 loco
1519 4834 1664 4901 atrii,
1707 4837 1790 4890 in-

211 4923 470 4976 choantes
487 4919 834 4991 antiphonam
860 4939 873 4975 :
894 4920 1266 4979 Occurrerunt.
1282 4924 1590 4994 Respondet
1606 4927 1789 4982 schola

213 5030 335 5067 έλιιω
364 5012 567 5084 angelis
585 5021 642 5068 et
658 5013 859 5084 pueris.
890 5012 1003 5069 llac
1028 5014 1204 5080 ﬁnita,
1239 5016 1557 5076 inchoantur
1594 5034 1625 5071 a
1652 5017 1789 5071 duo-

219 5110 317 5160 Rus
348 5104 661 5160 cantoribus
703 5106 920 5174 quidam
970 5121 1157 5160 versus
1193 5119 1209 5160 :
1252 5106 1422 5162 Israel
1474 5125 1528 5163 es
1577 5118 1635 5162 tu
1678 5125 1788 5163 rex.

263 5197 520 5266 espondet
542 5197 739 5252 chorus
762 5196 1029 5265 aspiciens
1052 5211 1146 5250 seu
1163 5196 1427 5252 inclinans
1445 5213 1503 5253 se
1524 5199 1590 5253 ad
1606 5215 1793 5269 supra-

263 5285 475 5353 -riptum
494 5292 739 5338 sanctum
768 5286 1112 5354 Evangelium
1144 5304 1157 5338 :
1186 5285 1392 5353 Gloria,
1413 5288 1529 5343 laus
1552 5299 1603 5345 et
1625 5291 1795 5344 honor

262 5374 311 5428 bi
343 5375 409 5428 sit
435 5388 482 5426 ο.
522 5374 602 5429 Eo
642 5375 832 5430 ordine
858 5384 1154 5444 sequuntur
1192 5377 1281 5432 alii
1318 5394 1524 5435 versus.
1554 5380 1648 5435 His
1678 5380 1796 5435 ﬁni—

291 5498 315 5523 ίι
343 5483 574 5539 Carmen
606 5485 771 5539 hocce
803 5486 968 5539 habes
1002 5486 1143 5539 inter

268 5555 535 5627 iliaueusis
567 5564 695 5627 tom.
748 5554 789 5608 ll
833 5555 1126 5627 Sirununli,
1164 5554 1284 5627 pag.
1327 5557 1450 5613 775.
1482 5560 1611 5615 Vide
1635 5565 1798 5618 etiam

278 5633 463 5678 artcue
498 5624 599 5699 loc.
643 5625 764 5699 (νῆις,
815 5640 934 5699 cap.
966 5626 1055 5699 20,
1102 5624 1266 5699 lium;
1292 5628 1399 5699 15,;
1425 5644 1548 5699 pag.
1600 5633 1720 5695 l90',
1750 5645 1805 5686 ut
1910 5638 2028 5693 dem
2058 5634 2315 5696 l‘er.,t.lll

276 5709 500 5766 agonem
524 5694 833 5750 Menardum
862 5695 917 5749 in
946 5697 1087 5749 notis
1110 5697 1162 5749 iu
1190 5696 1336 5753 Libr.
1371 5694 1704 5757 summam.
1741 5704 1797 5759 S.

1889 4569 2085 4624 miuica
2122 4584 2228 4622 non
2252 4568 2426 4638 agitur
2465 4568 2574 4633 die,
2611 4566 2877 4638 signiﬁcat
2903 4565 3206 4623 Judmorum
3236 4583 3460 4638 pravum

1890 4668 2210 4716 conventum
2247 4668 2429 4714 contra
2457 4657 2731 4714 Christum
2761 4659 3119 4727 conspirasse,
3148 4668 3202 4714 et
3231 4660 3464 4729 discipu-

1892 4752 2066 4805 lorum
2109 4748 2403 4812 silentium,
2432 4756 2652 4817 propter
2698 4748 2970 4815 tristitiam
3005 4748 3271 4817 passionis
3299 4748 3460 4812 illius,

1891 4859 2012 4912 qua:
2039 4841 2171 4896 feria
2214 4847 2364 4895 sexta
2396 4855 2565 4910 usque
2609 4851 2823 4895 servata
2847 4850 2951 4905 est,
2993 4854 3099 4908 qua
3135 4840 3223 4895 die
3258 4841 3465 4909 primus

1896 4933 2057 4987 homo
2090 4931 2337 4987 conditus
2356 4938 2441 4986 est
2459 4938 2513 4983 ct
2540 4930 2864 5000 redemptus.
2894 4930 2999 4986 Per
3022 4940 3143 4991 tres
3161 4931 3462 4994 continuos,

1892 5022 1983 5090 qui
2018 5029 2318 5091 sequuntur
2350 5020 2485 5085 dies,
2516 5020 2569 5075 id
2599 5029 2701 5086 est,
2735 5021 2941 5087 quinta,
2972 5030 3122 5076 sexta
3156 5029 3210 5075 et
3239 5021 3463 5089 septima

1894 5113 2054 5178 feria,
2106 5111 2409 5166 triduanum
2464 5109 2790 5179 sepulturam
2850 5109 3063 5164 Domini
3111 5108 3461 5164 celebramus.

1893 5204 1972 5258 Ac
1995 5217 2092 5273 per
2136 5203 2261 5266 hoc,
2290 5209 2350 5255 ut
2385 5200 2823 5269 eompaginemur
2852 5200 3140 5254 humilitati
3181 5199 3469 5268 sepultura:

1895 5294 2032 5363 ejus,
2060 5291 2361 5346 omittimus
2382 5288 2594 5345 excelsa
2617 5297 2822 5353 nostra,
2866 5289 2919 5343 id
2947 5297 3053 5355 est,
3080 5287 3257 5342 Gloria
3292 5287 3467 5355 Patri,

1899 5393 1956 5439 et
1981 5396 2294 5451 campanas,
2316 5381 2368 5435 id
2393 5389 2495 5445 est,
2525 5381 2694 5450 signa.

1169 5485 1643 5566 Operthcodulﬁ
1690 5493 1800 5549 Au—
1904 5498 2061 5566 Grog.
2098 5496 2193 5557 M.,
2220 5503 2332 5550 not.
2371 5493 2495 5566 ﬁdi.

1981 5561 2310 5619 b'Orationes
2345 5563 2618 5619 solemnes.
2669 5564 2786 5616 \‘id.
2819 5562 2913 5619 lib.
2959 5561 3199 5618 Sacram.
3237 5561 3328 5615 rit.
3383 5576 3473 5615 ca-

2249 5634 2315 5715 .lll
2342 5632 2440 5756 Op.
2542 5633 2702 5703 Creg.
2729 5633 2820 5697 Μ..
2849 5642 2902 5688 et
2928 5641 3037 5692 not.
3056 5631 3191 5705 llug.
3211 5630 3470 5686 Menardi.

2249 5720 2351 5756 Ius.
2406 5744 2416 5756 .
2445 5714 2559 5756 c1t..
2588 5718 2706 5756 ean.
2745 5707 2825 5756 ll.

1984 5719 2002 5743 ε
2029 5705 2363 5771 Amalarius,
2383 5705 2416 5757 Ι.
2445 5705 2559 5769 cit.,
2588 5718 2706 5776 cap.
2745 5707 2825 5757 ll.
