4092 6492
565 332 585 383 i
600 329 705 386 '203

1060 439 1256 497 CAPP.
1299 440 1440 504 XVI,
1478 437 1643 493 XVII.

959 546 1027 587 ιιε
1060 543 1218 586 ιειιιλ
1258 544 1291 584 ν
1325 542 1501 583 (ΚΞΝ.εέ
1536 541 1743 582 DOIINI.

591 672 594 676 .
626 624 687 680 In
711 626 817 681 hac
855 636 1013 679 sacra
1054 620 1349 678 festivitate
1377 618 1591 674 diversa
1617 626 1769 687 gesta
1791 623 1939 683 sunt,
1963 624 2019 669 et
2056 629 2150 686 ge-

558 724 771 772 runtur.
808 712 1149 787 Surgendum
1175 718 1262 766 est
1280 711 1425 766 enim
1452 709 1521 764 ad
1549 708 1785 779 vigilias,
1814 706 1947 761 hora
1973 705 2149 762 noctis

556 816 769 871 octava,
798 814 855 860 et
888 813 1019 859 tunc
1057 803 1205 857 omni
1240 801 1445 856 lumine
1471 801 1759 856 decoratur
1784 797 2034 854 ecclesia.
2064 796 2150 852 Ab

556 899 660 953 hac
681 904 842 951 nocte
868 908 1041 964 usque
1069 893 1125 947 in
1148 890 1439 947 Sabbatum
1470 896 1741 953 sanctum,
1768 903 1877 943 non
1906 887 2145 941 dicitur:

556 989 720 1054 Deus,
750 989 808 1043 in
833 986 1182 1058 adjutorium,
1204 999 1354 1039 more
1384 982 1563 1048 solito,
1590 995 1767 1051 neque
1783 976 1966 1033 Gloria
1992 976 2147 1033 Patri

558 1082 611 1137 in
637 1079 877 1151 psalmis,
905 1092 1082 1147 neque
1108 1077 1164 1132 in
1208 1073 1586 1145 responsoriis,
1626 1070 1723 1127 sed
1744 1084 1920 1139 neque
1949 1069 2007 1124 in
2037 1067 2148 1123 ullo

555 1170 693 1225 loco.
718 1168 920 1224 Cantor
940 1181 1071 1222 vero
1097 1180 1225 1220 mox
1256 1164 1477 1219 inchoat
1499 1161 1707 1232 autiph.
1731 1160 1876 1217 sicut
1901 1159 1957 1214 in
1986 1156 2147 1212 Anti-

553 1261 820 1332 phonario
847 1259 1176 1315 continetur.
1210 1256 1409 1313 Lector
1450 1269 1578 1311 vero
1622 1268 1733 1329 non
1776 1259 1930 1324 petat
1981 1251 2147 1307 bene-

556 1352 871 1416 dictionem,
919 1364 1093 1420 neque
1126 1363 1157 1402 a
1202 1345 1487 1403 sacerdote
1526 1344 1860 1415 compleatur
1905 1359 1919 1397 :
1957 1342 2052 1398 sed
2077 1356 2146 1396 ex

555 1443 737 1498 verbis
760 1441 1005 1497 lectionis
1026 1438 1250 1508 iubetur
1294 1438 1459 1493 ﬁnem
1487 1436 1687 1500 facere,
1741 1443 1836 1491 aut
1878 1441 2028 1491 certe
2051 1450 2146 1489 ex—

557 1532 1011 1587 terminationem.
1039 1528 1325 1585 Lectiones
1348 1527 1538 1597 prima:
1556 1526 1625 1581 de
1645 1524 2145 1583 Lamentationibus

553 1624 823 1687 Jcremize,
845 1622 1093 1679 secunda:
1113 1621 1180 1675 de
1204 1627 1437 1675 tractatu
1460 1617 1651 1689 psalmi
1675 1635 1689 1671 :
1713 1615 1953 1681 Exaudi,
1975 1615 2144 1680 Deus,

555 1714 845 1769 orationem
868 1728 1041 1767 meant
1067 1727 1187 1765 cum
1214 1709 1481 1780 deprecor.
1522 1709 1722 1764 Tertia:
1759 1707 1829 1763 de
1853 1706 2100 1777 apostolo
2125 1723 2139 1760 ε

1381 328 1442 382 Β.
1481 326 1544 381 F.
1586 324 1812 381 ALBINI
1855 324 1989 380 SEU
2030 321 2310 380 ALCUINI
2348 322 2638 380 OPERUM
2675 321 2860 381 PARS
2897 324 2995 381 IX.

3704 328 3857 387 ηοξ

2185 439 2227 495 Α
2256 448 2419 504 quam
2450 433 2700 505 iniuriam
2728 452 2921 507 passus
2953 445 3038 493 est
3063 436 3314 495 Christus
3346 455 3379 495 a
3414 455 3517 497 suo
3556 439 3859 513 discipulo,

2248 534 2305 580 et
2359 541 2460 583 nos
2508 528 2743 583 vitemus
2792 530 2980 584 eadem
3024 530 3234 587 ratione
3286 531 3539 603 iniuriam
3582 531 3858 591 fratribus

2248 618 2449 674 facere.
2481 617 2648 691 Signo
2672 621 2816 675 enim
2853 621 3039 677 doloso
3082 623 3316 679 traditus
3340 632 3426 680 est
3453 624 3734 681 Dominus.
3762 626 3858 681 ln-

2246 713 2561 770 vi‘tatorium
2594 730 2701 770 non
2736 724 3009 781 cantatur,
3033 724 3093 772 ut
3116 717 3353 773 sciamus
3378 718 3579 773 malum
3610 735 3860 776 conven-

2250 813 2363 861 tum
2383 806 2585 873 vitare,
2613 808 2791 877 qualis
2823 807 2930 863 fuit
2955 808 3097 878 apud
3123 806 3339 864 Iudaeos
3366 810 3436 865 de
3456 824 3588 866 nece
3618 809 3851 869 Christi.

2318 895 2671 953 Sacerdotale
2712 897 2946 954 ofﬁcium
2975 898 3088 957 Deo
3129 899 3217 955 his
3262 901 3454 958 diebus
3493 917 3601 957 non
3643 904 3854 974 agitur,

2246 989 2372 1058 quia
2393 1004 2682 1058 percussus
2701 999 2784 1045 est
2805 999 3011 1061 pastor,
3038 991 3129 1061 qui
3156 1000 3242 1048 est
3263 992 3533 1060 Christus,
3560 1004 3615 1051 et
3644 998 3858 1053 arietes

2246 1083 2426 1153 gregis
2456 1082 2705 1152 dissipati
2731 1092 2877 1139 sunt.
2923 1084 3034 1141 lsto
3060 1086 3151 1140 die
3182 1087 3512 1155 pamitentes
3538 1088 3607 1142 ad
3645 1088 3852 1144 remis-

2245 1172 2452 1227 sionem
2481 1182 2826 1242 peccatorum
2854 1175 3103 1238 redeunt,
3117 1174 3274 1243 iuxta
3300 1178 3518 1233 decreta
3544 1177 3852 1234 Innocentii

2245 1280 2416 1334 papre,
2467 1267 2559 1335 qui
2612 1267 2741 1320 dicit
2774 1281 2786 1320 :
2824 1267 2899 1321 De
2938 1266 3324 1337 paenitentibus
3352 1278 3533 1323 autem
3576 1271 3692 1339 qui,
3728 1270 3855 1327 sive

2245 1369 2310 1407 ex
2340 1354 2683 1424 gravioribus
2715 1357 3042 1421 commissis,
3084 1357 3200 1413 sive
3226 1374 3292 1414 ex
3327 1358 3624 1415 levioribus
3660 1361 3854 1430 poeni-

2246 1444 2468 1498 tentiam
2498 1453 2711 1515 gerunt,
2740 1445 2787 1501 si
2814 1445 2961 1501 nulla
3004 1446 3333 1503 interveniat
3371 1450 3653 1520 aegritudo,
3702 1450 3851 1506 feria

2244 1533 2431 1601 quinta
2464 1543 2590 1587 ante
2621 1536 2825 1591 Pascha
2852 1535 2932 1590 eis
2974 1536 3355 1592 remittendum
3379 1538 3635 1594 Romana:
3655 1539 3853 1596 Eccle-

2245 1622 2340 1676 siae
2377 1624 2709 1680 consuetudo
2740 1625 3096 1680 demonstrat.
3129 1626 3260 1682 Post
3286 1629 3403 1683 haec
3422 1631 3700 1700 egreditur
3726 1646 3852 1702 pta-

2245 1713 2424 1769 nitens
2469 1729 2628 1769 mane
2676 1715 2891 1773 deloco
2923 1717 3014 1772 ubi
3057 1719 3435 1788 paenitentiam
3475 1721 3664 1793 gessit,
3703 1732 3760 1778 et
3785 1722 3855 1778 in

554 1802 987 1862 Conwnieutibus
1028 1802 1168 1859 nobis
1214 1802 1273 1858 in
1321 1816 1505 1856 unum.
1552 1799 1613 1855 in
1662 1797 1965 1853 Parasceve
2009 1810 2143 1852 vero
2175 1787 2216 1843 8
2245 1804 2461 1872 gremio
2474 1802 2731 1859 Ecclesiae
2750 1787 3132 1875 praesentatur,
3151 1816 3427 1877 prostrato
3441 1787 3592 1864 omni
3613 1787 3851 1882 corpore

552 1898 684 1954 etin
710 1897 947 1952 Sabhato
968 1904 1157 1951 sancto
1177 1893 1245 1950 dc
1272 1892 1605 1966 supradictis
1616 1890 2139 1955 Lamentationibus,

552 2000 609 2046 et
633 1997 868 2046 tractatu
900 1987 1185 2060 Augustini
1212 1986 1269 2041 in
1290 1985 1481 2042 eodem
1504 1983 1734 2055 psalmo,
1765 1980 2057 2036 novissime
2075 1982 2141 2034 de

553 2078 779 2151 epistola
806 2076 957 2134 Pauli
988 2095 1002 2131 :
1038 2075 1369 2131 Festinamus
1404 2074 1610 2147 ingredi
1656 2074 1713 2127 in
1760 2072 1909 2127 illam
1946 2083 1995 2123 α.
2037 2069 2143 2126 Per

553 2168 655 2223 has
674 2182 868 2223 novem
897 2166 1157 2221 lectiones
1181 2180 1279 2221 seu
1307 2163 1545 2236 psalmos
1571 2178 1638 2219 ac
1664 2160 2028 2233 responsoria,
2048 2162 2140 2230 qui

552 2257 869 2314 recoluntur
895 2257 951 2311 in
980 2256 1067 2311 his
1099 2255 1274 2311 tribus
1311 2253 1584 2319 noctibus,
1624 2252 1951 2317 insinuatur,
1997 2251 2141 2321 quod

554 2350 816 2405 Dominus
840 2347 1172 2404 descendens
1211 2345 1276 2401 ad
1312 2343 1607 2411 infernum,
1650 2343 1777 2399 inde
1821 2343 1927 2397 tria
1966 2343 2143 2398 homi-

552 2455 683 2497 num
707 2454 905 2513 genera
933 2438 1113 2509 rapuit
1136 2445 1191 2494 et
1228 2435 1530 2492 transvexit
1558 2436 1626 2490 ad
1653 2435 1839 2499 cmlos,
1874 2434 1942 2489 ad
1968 2434 2142 2489 socio—-

554 2535 719 2586 tatem
759 2527 1011 2584 videlicet
1056 2542 1249 2583 novem
1290 2526 1542 2581 ordinum
1588 2525 1925 2597 angelorum,
1980 2523 2139 2578 sicuti

550 2628 635 2677 est
661 2635 679 2675 :
708 2619 828 2676 Duo
861 2619 916 2675 in
952 2619 1106 2683 lecto,
1141 2617 1263 2672 dum
1296 2614 1575 2682 metentes,
1602 2614 1711 2669 duo
1747 2615 1804 2669 in
1834 2630 1962 2684 agro
1984 2611 2137 2684 (Luc.

552 2727 687 2778 xm,
732 2710 847 2783 54).
890 2708 1276 2767 Accenduntur
1316 2706 1465 2763 enim
1503 2706 1559 2760 in
1608 2704 1711 2761 hac
1757 2711 1915 2759 nocte
1940 2702 2141 2757 lumina

551 2801 742 2871 viginti
771 2807 1023 2871 quatuor,
1052 2808 1110 2854 et
1130 2797 1547 2867 exstinguuntur
1565 2810 1664 2866 per
1689 2792 1929 2863 singulas
1956 2792 2139 2847 lectio-

550 2907 649 2948 nes
674 2898 732 2947 et
757 2890 1118 2962 responsoria.
1152 2887 1283 2955 Quae
1323 2888 1458 2942 ﬁunt
1485 2885 1825 2957 septuaginta
1860 2885 1978 2940 duae
2020 2884 2141 2938 illu-

552 2981 878 3039 minationes
918 2988 971 3035 et
1017 2979 1406 3034 exstinctiones
1449 2994 1464 3032 :
1511 2984 1596 3032 tot
1622 2976 1771 3033 enim
1800 2975 1951 3031 horis
1970 2973 2142 3044 iacuit

552 3077 812 3134 Dominus
837 3076 892 3132 in
916 3075 1182 3145 sepulcro.
1215 3073 1419 3130 Lumen
1454 3082 1511 3129 et
1553 3080 1768 3139 cantus,
1798 3072 2056 3143 gaudium
2083 3084 2141 3128 et

2244 1894 2294 1947 in
2329 1902 2476 1949 terra
2517 1912 2530 1947 :
2566 1903 2693 1949 tunc
2714 1895 3073 1952 decantantur
3103 1899 3159 1953 hi
3187 1898 3404 1968 psalmi,
3434 1899 3683 1956 Miserere
3715 1902 3854 1970 mei,

2244 1984 2405 2051 Deus,
2442 2001 2567 2041 cum
2598 1988 2920 2057 antiphona,
2968 1987 3075 2045 Cor
3113 1992 3403 2057 mundum;
3443 1993 3638 2048 deinde
3672 1993 3847 2064 Κριτία

2239 2077 2453 2143 eleison,
2483 2088 2538 2133 et
2577 2078 2741 2132 Pater
2780 2090 2978 2145 noster,
3008 2089 3067 2136 ct
3094 2082 3340 2152 capitul.,
3364 2090 3421 2136 et
3457 2098 3683 2155 preces:
3715 2083 3854 2139 Sal-

2239 2188 2360 2224 vum
2389 2170 2472 2241 {ac
2512 2156 2716 2225 servum
2745 2181 2914 2237 tuum,
2945 2173 3189 2228 Domine.
3221 2172 3555 2244 Convertere,
3590 2175 3841 2232 Domine.

2241 2260 2421 2314 Mittat
2450 2260 2542 2314 tibi
2584 2260 2862 2315 Dominus.
2891 2260 3115 2315 Illustra
3148 2263 3339 2332 {aciem
3374 2274 3542 2317 tuam.
3589 2263 3845 2330 Domine,

2240 2350 2357 2404 vide
2381 2349 2748 2404 humilitatem.
2779 2349 2992 2405 Exaudi
3028 2367 3133 2417 me,
3176 2351 3421 2418 Domine,
3459 2355 3709 2423 quoniam
3752 2353 3849 2409 be-

2242 2443 2400 2511 nigna
2439 2450 2513 2494 est
2558 2441 2919 2496 misericordia
2969 2450 3082 2495 tua.
3133 2440 3285 2497 Orat.
3324 2442 3540 2508 Adesto,
3588 2441 3846 2510 Domine,

2241 2531 2711 2602 supplicationibus
2744 2532 2955 2598 nostris,
2984 2541 3033 2586 et
3056 2548 3171 2603 Ome,
3205 2535 3293 2606 qui
3337 2534 3497 2587 etiam
3542 2535 3853 2589 misericor-

2240 2625 2331 2678 dia
2365 2634 2458 2678 tua
2488 2625 2691 2694 primus
2722 2624 2954 2695 indigeo,
2992 2635 3047 2680 et
3085 2626 3240 2695 reliq.
3285 2625 3402 2679 Alia
3431 2627 3607 2681 oratio
3636 2645 3649 2680 :
3682 2625 3845 2681 Prte-

2241 2723 2342 2777 sta,
2399 2730 2723 2784 quwsumus,
2770 2714 3015 2781 Domine,
3062 2716 3185 2769 huic
3233 2715 3436 2785 famulo
3481 2725 3572 2771 tuo
3620 2717 3853 2787 dignum

2240 2805 2554 2875 paenitentia:
2588 2806 2838 2875 fructum.
2866 2804 2984 2859 Alia
3022 2823 3037 2859 :
3087 2805 3230 2861 Deus
3270 2807 3490 2860 humani
3523 2808 3729 2877 generis
3752 2808 3852 2862 be—

2243 2893 2546 2962 nignissime
2583 2892 2844 2959 conditor,
2881 2902 2931 2948 et
2966 2893 3453 2949 misericordissime
3497 2894 3843 2964 reformator.

2241 2982 2359 3036 Alia
2388 2997 2403 3037 :
2433 2981 2597 3046 Deus,
2638 2983 2735 3037 sub
2782 2983 2934 3053 cujus
2969 2982 3123 3037 oculo
3167 3000 3319 3037 omne
3353 3001 3445 3038 cor
3471 2985 3698 3057 trepidat
3723 3002 3847 3041 orn.-

2244 3088 2433 3140 nesque
2478 3072 2808 3127 conscientia:
2845 3074 3275 3141 contremiscunt,
3324 3082 3380 3129 et
3430 3075 3658 3145 reliqua.
3711 3076 3857 3138 Post.

550 3168 792 3225 laetitiam
834 3131 1103 3239 signiﬁcat
1146 3184 1161 3222 :
1208 3166 1499 3222 exstinctio
1543 3131 1829 3230 luminum:
1864 3162 2135 3219 defectum
2164 3131 2214 3196 ϐ
2242 3164 2347 3218 hoc
2368 3178 2499 3219 vero
2522 3164 2879 3220 admoneatur
2900 3180 2932 3218 a
2953 3166 3255 3232 sacerdote,
3279 3174 3341 3220 ut
3362 3166 3504 3235 quod
3532 3131 3850 3237 pmnitendo

550 3259 890 3329 septuaginta
935 3258 1165 3314 duorum
1204 3256 1608 3327 discipulorum,
1657 3256 1772 3311 sive
1817 3254 2135 3309 unestitiam

552 3348 939 3420 apostolorum,
962 3362 1122 3419 quam
1144 3346 1482 3418 pertulerunt
1506 3361 1604 3417 per
1631 3345 1971 3417 septuaginta
2000 3344 2140 3401 duas

552 3442 737 3506 horas,
764 3456 884 3511 qua:
910 3448 1241 3496 consecratae
1276 3447 1402 3495 sunt
1438 3437 1640 3494 Christi
1686 3438 1991 3508 sepulturae.
2026 3438 2138 3493 lloc

552 3534 697 3588 enim
735 3533 925 3589 ordine
977 3549 1076 3603 per
1111 3532 1351 3605 singulas
1390 3539 1579 3587 noctes
1616 3530 2050 3601 exstinguuntur.
2079 3531 2138 3585 ln

552 3626 708 3681 initio
753 3625 917 3695 primi
961 3624 1174 3694 psalmi,
1221 3633 1306 3680 est
1341 3632 1525 3679 custos
1564 3631 1785 3693 paratus
1812 3639 1937 3677 cum
1964 3637 2138 3678 canna

554 3715 608 3769 in
641 3715 759 3771 loco
783 3716 1020 3770 dexterae
1042 3715 1213 3784 partis
1252 3714 1515 3779 ecclesiae,
1558 3722 1614 3769 et
1643 3729 1769 3768 mox
1813 3720 1873 3767 ut
1909 3714 2140 3784 primam

551 3806 903 3877 antiphonam
941 3806 1192 3871 audierit,
1239 3805 1536 3876 exstinguit
1574 3806 1807 3876 primam
1840 3805 2135 3859 lucernam.

552 3894 612 3950 in
638 3894 744 3950 ﬁne
766 3909 896 3951 vero
924 3896 1209 3966 sequentis
1240 3895 1431 3965 psalmi
1458 3910 1526 3949 ex
1553 3902 1708 3965 parte
1733 3895 1976 3960 sinistra,
2003 3904 2143 3951 tutat

554 3988 740 4054 aliam,
770 3989 826 4045 in
864 3988 1043 4045 medio
1075 3989 1311 4045 tertiam.
1357 3986 1472 4044 Hoc
1507 3988 1701 4043 ordine
1739 3989 1806 4043 de
1850 3987 1983 4043 aliis.
2017 4004 2144 4059 pro-

554 4080 818 4149 sequitur.
848 4078 944 4135 llis
966 4081 1219 4134 omnibus
1239 4079 1543 4145 exstinctis,
1574 4079 1739 4135 simili
1759 4079 1920 4135 modo
1948 4079 2004 4134 in
2028 4096 2143 4136 ma—

557 4169 746 4224 tutinis
773 4183 869 4238 per
899 4168 1140 4240 singulas
1168 4169 1492 4239 antiphonas
1521 4167 1957 4239 exstinguuntur.
1990 4169 2144 4226 Dicto

554 4260 719 4315 etiam
746 4274 907 4315 versu
932 4264 1060 4315 abte
1086 4260 1461 4331 Evangelium,
1500 4260 1837 4316 subtrahitur
1868 4261 2147 4325 media,et

556 4358 866 4405 reservatur
890 4365 1063 4421 usque
1089 4350 1143 4405 in
1175 4349 1469 4407 Sabbatum
1507 4359 1776 4407 sanctum.
1827 4352 1924 4407 His
1958 4352 2141 4419 ﬁnitis,

557 4442 760 4496 vadunt
805 4457 903 4511 per
947 4442 1213 4508 oratoria,
1266 4443 1507 4512 psalmos
1558 4443 1802 4497 canendo
1838 4456 1961 4498 cum
2005 4446 2147 4500 anti-

556 4533 735 4602 phona
762 4548 777 4584 :
806 4534 1075 4588 omittitur
1101 4533 1267 4587 etiam
1288 4530 1471 4587 Gloria
1501 4533 1666 4598 Patri,
1696 4541 1829 4598 etc.,
1855 4536 1941 4588 ubi
1972 4535 2142 4605 gloria

557 4624 816 4679 recolitnr
846 4631 1046 4679 sanctas
1086 4623 1389 4678 Trinitatis.
1438 4621 1583 4689 Quia
1622 4639 1729 4677 una
1780 4632 1865 4677 est
1913 4640 2142 4694 persona

556 4715 679 4770 Filii
711 4715 804 4769 Dei
830 4722 886 4769 et
908 4714 1002 4772 ﬁlii
1030 4714 1285 4780 hominis,
1315 4716 1405 4784 qui
1433 4714 1547 4784 pati
1566 4722 1808 4779 venerat,
1838 4714 2146 4770 conformat

556 4825 622 4863 se
644 4816 833 4864 sancta
852 4807 1089 4863 Ecclesia
1115 4806 1279 4876 capiti
1303 4821 1419 4870 suo,
1448 4814 1502 4861 et
1530 4806 1594 4860 de
1620 4805 2008 4875 gloriﬁcatione
2027 4806 2143 4877 eius

558 4901 770 4968 reticet,
792 4901 1091 4971 usquedum
1117 4899 1387 4954 exaltetur
1410 4911 1507 4967 per
1528 4897 1857 4968 triumphum
1878 4898 2140 4953 victoriae.

557 4993 695 5059 Quia
737 4992 872 5047 ordo
916 4992 1334 5062 praedicatorum
1381 4998 1621 5059 tempore
1656 4989 1925 5058 passionis
1973 4989 2146 5053 siluit,

557 5083 818 5138 reticetur
852 5097 1016 5137 sonus
1066 5082 1342 5152 signorum
1377 5087 1537 5149 atque
1574 5094 1982 5150 campanarum.
2038 5079 2147 5135 Pro

558 5170 663 5226 hoc
681 5170 825 5224 enim
853 5169 1106 5223 humilior
1126 5183 1291 5223 sonus
1318 5168 1585 5238 lignorum
1615 5167 1681 5221 ad
1709 5169 2145 5239 congregandum

559 5261 816 5333 populum
843 5259 1155 5315 assumitur.
1188 5260 1230 5313 Α
1261 5261 1410 5328 pacis
1449 5258 1637 5314 osculo
1681 5260 1799 5313 sine
1826 5260 2147 5316 salutatione

559 5354 881 5417 abstinetur,
910 5369 1017 5407 non
1058 5353 1201 5421 quod
1250 5353 1450 5405 malum
1489 5351 1578 5418 sit,
1629 5352 1723 5406 ubi
1766 5368 1834 5406 ex
1880 5353 2148 5407 charitatc

559 5444 860 5515 profertur;
888 5444 982 5499 sed
1012 5444 1080 5497 ad
1107 5443 1377 5496 vitandam
1409 5442 1785 5499 salutationem
1808 5443 2144 5513 pestiferam,

562 5536 776 5611 qualem
820 5535 989 5592 ludas
1038 5537 1284 5605 proditor
1324 5535 1586 5599 exercuit,
1637 5544 1697 5589 ut
1745 5536 2147 5591 demonstretur

633 5666 659 5693 ι
690 5652 809 5709 Vid.
834 5651 1161 5723 Amalarium
1190 5652 1313 5723 libr.
1342 5668 1357 5705 ι
1392 5652 1458 5707 de
1486 5650 1631 5707 Eccl.
1662 5650 1878 5716 Olliciis,
1913 5668 2031 5723 cap.
2055 5652 2141 5717 12,

562 5736 615 5781 et
640 5725 761 5779 libr.
799 5741 872 5790 Iv,
902 5738 1021 5794 cup.
1052 5722 1114 5776 21
1150 5729 1206 5777 et
1231 5721 1319 5774 22.

2236 3255 2414 3322 diluit,
2474 3257 2721 3314 iterando
2769 3273 2877 3313 non
2929 3265 3159 3328 repetat.
3213 3258 3394 3324 Missa,
3450 3259 3597 3314 unde
3649 3275 3845 3331 supra.

2235 3346 2543 3417 Antiphona
2590 3366 2605 3401 :
2659 3348 2772 3420 Ego
2815 3358 2988 3403 autem
3028 3350 3086 3404 in
3124 3349 3349 3404 Domino
3387 3352 3611 3421 speravi.
3650 3348 3855 3407 Omni.

2235 3448 2416 3506 potens
2462 3440 2772 3509 sempiterne
2810 3439 2973 3506 Deus,
3016 3440 3383 3509 conﬁtentibus
3437 3442 3559 3496 huic
3609 3442 3843 3512 famulo.

2239 3527 2476 3598 Epistola
2504 3547 2517 3582 :
2553 3528 2788 3595 Quaerite
2814 3531 3104 3586 Dominum
3134 3530 3297 3603 477
3338 3533 3466 3586 dum
3494 3533 3717 3588 inveniri
3743 3551 3847 3605 po-

2239 3629 2356 3674 test.
2408 3618 2577 3675 Grad.
2613 3640 2628 3675 :
2677 3622 2756 3676 De
2805 3624 3220 3679 necessitatibus.
3260 3623 3610 3698 Evangelium
3648 3645 3661 3681 :
3703 3625 3847 3683 Sub-

2239 3710 2421 3767 levatis
2451 3712 2607 3768 Jesus
2646 3713 2814 3769 oculis
2849 3714 2906 3769 in
2943 3713 3147 3769 caelum.
3187 3713 3535 3778 Offertorium
3577 3734 3592 3772 :
3638 3715 3846 3776 Factus

2239 3812 2315 3857 est
2338 3802 2593 3859 Dominus
2622 3805 2939 3874 ﬁrmament.
2964 3805 3173 3862 Secret.
3200 3826 3214 3861 :
3252 3804 3518 3863 Virtutum
3544 3808 3838 3867 celatim

2240 3893 2417 3961 Deus,
2428 3894 2493 3948 de
2518 3896 2672 3966 cujus
2698 3898 2884 3966 gratiae
2912 3914 3031 3952 rore
3052 3898 3335 3954 descendit.
3364 3899 3499 3961 Coll.
3531 3920 3546 3956 :
3575 3900 3841 3958 Illumina

2241 3983 2432 4055 faciem
2454 3995 2619 4039 tuam.
2647 3984 2799 4041 Orat.
2844 3987 2912 4041 ad
2956 3988 3259 4058 eomplend.
3289 4008 3302 4044 :
3336 3987 3592 4057 Concede,
3627 4008 3845 4063 quesit-

2242 4092 2377 4140 mus,
2395 4075 2637 4142 Domine,
2655 4085 2712 4131 ut
2728 4088 3025 4149 perceptum
3041 4081 3161 4134 novi
3175 4083 3491 4137 sacramenti
3506 4085 3837 4154 mysterium.

2312 4166 2515 4220 Eodem
2539 4167 2625 4222 die
2654 4168 2851 4229 altaria
2875 4170 3058 4240 templi
3094 4181 3149 4226 et
3168 4173 3407 4241 parietes
3427 4173 3541 4229 sive
3562 4174 3841 4250 pavimen-

2245 4266 2299 4312 ta
2330 4258 2575 4315 ecclesia:
2600 4261 2878 4330 lavantur,
2918 4273 2974 4319 et
3000 4278 3127 4319 vasa
3168 4264 3396 4319 Domino
3439 4274 3652 4321 sacrata
3681 4266 3839 4338 puri-

2243 4348 2496 4405 ﬁcantur.
2529 4352 2556 4393 ι)
2583 4351 2848 4420 Quamvis
2890 4355 3107 4413 ornatui
3130 4356 3303 4425 possit
3323 4370 3621 4428 congruere
3636 4356 3842 4416 lavatio

2245 4454 2457 4505 eorum,
2487 4450 2666 4497 tamen
2689 4457 2797 4501 non
2824 4443 2975 4500 deest
3009 4444 3210 4513 aliquid
3251 4445 3559 4517 mysticum.
3593 4445 3840 4505 Parietes

2251 4531 2443 4585 domus
2486 4530 2805 4584 vocabulum
2861 4531 3062 4587 habent
3093 4532 3359 4599 ecclesiae,
3388 4534 3517 4604 quia
3557 4537 3842 4594 continent

2249 4619 2555 4684 ecclesiam,
2582 4636 2690 4674 non
2715 4629 2895 4675 tamen
2921 4631 3047 4676 sunt
3076 4622 3175 4692 ipsi
3204 4622 3452 4678 ecclesia.
3488 4624 3568 4680 Ac
3585 4641 3687 4696 per
3730 4627 3841 4684 hoc

2250 4710 2376 4780 quia
2440 4709 2672 4765 ecclesia
2732 4713 3051 4767 convocatio
3105 4713 3527 4785 interpretatur,
3587 4716 3841 4775 homines

2251 4812 2378 4857 sunt
2400 4803 2647 4869 ecclesia,
2676 4820 2784 4859 non
2810 4806 3044 4873 parietes
3071 4805 3282 4862 domus.
3322 4807 3427 4874 Qui
3469 4817 3647 4863 tamen
3674 4827 3841 4882 prop-

2252 4903 2399 4947 terea
2431 4894 2838 4949 sanctiﬁcantur
2860 4895 2929 4949 ab
2960 4896 3235 4966 episcopo,
3281 4906 3343 4952 ut
3376 4898 3432 4953 in
3467 4900 3547 4954 eis
3578 4901 3840 4957 invitetur

2254 4982 2515 5036 adventus
2539 4982 2875 5053 angelorum,
2900 4993 2954 5039 et
2976 4986 3223 5041 homines
3266 4986 3321 5041 in
3352 5001 3417 5044 ea
3453 4988 3717 5045 intrantes
3767 4994 3838 5048 ab

2252 5074 2400 5128 omni
2423 5075 2749 5145 turpiloquio
2778 5084 2833 5131 et
2861 5078 3217 5144 scurrilitate,
3240 5087 3294 5133 et
3322 5080 3449 5135 exili
3483 5083 3651 5138 etiam
3690 5086 3842 5156 cogi-

2254 5168 2475 5234 tatione,
2504 5169 2754 5222 noverint
2779 5184 2839 5223 se
2865 5171 3168 5237 continere,
3194 5182 3252 5225 ut
3271 5172 3492 5227 audiant
3506 5175 3649 5244 quod
3682 5174 3837 5248 Moy-

2251 5275 2340 5314 ses
2363 5259 2597 5325 audivit,
2624 5261 2840 5329 quando
2865 5262 3031 5317 voluit
3066 5264 3249 5319 videre
3279 5265 3474 5321 rubum
3502 5268 3783 5324 ardentem
3818 5288 3833 5325 :

2254 5349 2405 5406 Solve
2430 5351 2841 5409 calceamentum
2870 5354 2936 5409 de
2974 5356 3190 5427 pedibus
3229 5358 3335 5413 tuis
3368 5359 3556 5415 :locus
3593 5364 3733 5416 enim
3778 5365 3837 5419 in

2247 5460 2349 5515 quo
2379 5453 2511 5511 stas,
2538 5454 2678 5499 terra
2698 5457 2881 5505 sancta
2907 5458 2982 5503 est
3010 5448 3208 5521 (Exod.
3244 5465 3327 5516 ιιι,
3361 5449 3438 5523 5).
3474 5450 3835 5511 Calceamen~

2250 5546 2301 5591 ta
2333 5553 2452 5609 quae
2485 5553 2551 5592 ex
2584 5541 2813 5597 mortuis
2836 5541 3161 5599 animalibus
3194 5542 3348 5613 ﬁunt,
3375 5547 3575 5601 veteris
3597 5546 3840 5605 hominis

2322 5655 2347 5692 δ
2371 5653 2681 5710 Amalarius
2702 5654 2830 5711 ibid.
