4092 6522
561 361 697 419 12οἳ
1400 359 1460 414 Β.
1500 358 1561 415 F.
1603 357 1829 413 ALBINI
1868 354 1999 413 SEU
2034 352 2307 409 ALCUlNl
2346 347 2629 406 OPERUM
2667 344 2844 404 PARS
2882 342 2971 401 IX.
3666 334 3805 397 ιεὶοε

552 480 716 535 (litori
736 482 925 548 postea
947 473 1096 531 dedit
1122 492 1134 527 :
1166 481 1283 529 erat
1309 474 1454 529 enim
1475 470 1589 541 jam
1622 487 1751 535 nox,
1777 471 1960 538 utique
1990 482 2124 522 non-
2155 472 2200 527 Α
2230 463 2470 534 elegerit.
2495 461 2747 533 Legimus
2771 459 2913 548 enim
2933 459 2986 511 in
3025 452 3336 548 Evangelio.
3358 449 3810 548 quodrharisal

552 574 680 628 dum
708 540 859 626 ﬁnita
881 568 1176 632 cmua,hoc
1201 573 1303 629 est,
1316 566 1443 619 dum
1471 540 1648 617 adhuc
1668 562 1819 631 panis
1849 562 1902 615 in
1940 572 2129 614 mensa
2226 552 2509 606 voluerunt
2537 563 2658 605 eum
2686 546 3027 617 prmcipitare
3065 545 3132 597 de
3159 550 3339 596 monte
3368 560 3381 594 :
3415 540 3479 594 At
3507 540 3597 632 ille
3628 551 3811 632 transf

551 668 716 718 esset.
783 658 849 711 Et
900 667 1021 725 post
1047 630 1245 726 pauca
1290 652 1370 707 ait
1418 630 1734 720 discipulis:
1792 650 1851 703 Si
1882 664 1979 717 ego
2025 646 2130 700 laci
2228 644 2357 707 iens,
2390 658 2482 712 per
2527 642 2751 694 medium
2797 636 3010 726 illorum
3052 635 3177 726 ibat
3207 632 3359 704 (Luc.
3402 630 3627 726 11,30).
3653 630 3807 683 Alibi

554 761 748 808 uestros
768 724 941 819 pedes,
965 724 1155 816 usque,
1178 753 1227 798 et
1250 760 1336 797 vos
1362 744 1437 795 ita
1469 742 1697 811 faciatis.
1749 739 1931 808 Aliqui
1982 735 2127 789 enim
2229 746 2443 801 quoque
2494 729 2719 801 legimus
2760 728 2903 819 quod
2950 725 3118 819 Judaei
3166 725 3369 819 lapides
3426 724 3701 819 tulerunt,
3748 729 3806 819 ut

554 843 656 896 viri
682 810 1165 908 religiosi'suniunt
1188 834 1341 904 prius
1371 846 1585 902 parum,
1636 840 1689 885 et
1714 836 1906 899 postea
1949 825 2131 879 lavant
2224 822 2470 893 jacerent
2495 820 2549 908 in
2577 833 2698 873 eum
2732 836 2744 871 :
2778 816 2897 886 Ipse
2915 832 3036 908 pero
3065 815 3434 908 aescendit—se,
3462 822 3511 908 et
3538 812 3719 908 e1ivit_

555 932 740 1001 pedes,
765 928 959 983 deinde
991 933 1228 980 coenant.
1262 922 1378 978 Hoc
1423 922 1612 975 imbuti
1659 916 1905 985 exemplo
1949 911 2134 968 ﬁdeles

555 1018 849 1075 Christiani
864 1032 969 1071 non
986 1015 1345 1083 dedignantur
1357 1011 1540 1065 facere
1559 1007 1833 1065 conservis
1846 1004 1976 1070 suis,
1991 1002 2133 1071 quod

556 1108 805 1164 Christus
831 1106 957 1161 fecit
977 1102 1281 1172 discipulis;
1300 1102 1404 1155 hoc
1420 1108 1523 1163 est,
1546 1100 1710 1169 pedes
1735 1093 2135 1151 omniumlava-

559 1217 639 1266 re,
668 1209 781 1257 tam
804 1214 1098 1270 praciperum
1130 1211 1290 1265 quam
1313 1192 1740 1264 peregrinorum,
1763 1196 1819 1243 et
1844 1186 2046 1255 aliquid
2069 1186 2134 1239 de

557 1293 729 1361 copiis
745 1291 855 1347 suis
877 1288 1141 1351 tribuere;
1165 1293 1223 1340 et
1239 1284 1331 1353 qui
1347 1284 1452 1337 hoc
1468 1295 1574 1336 non
1603 1277 1763 1342 valet,
1782 1276 2019 1333 debitum
2032 1273 2134 1327 sibi

557 1380 819 1453 proximis
842 1378 1067 1443 relaxet,
1091 1383 1358 1446 quatenus
1393 1371 1468 1425 illi
1505 1368 1809 1423 remittatur
1855 1364 1911 1419 in
1974 1362 2131 1453 caelo.

558 1452 677 1542 ipse
703 1469 849 1524 enim
873 1466 1028 1522 nobis
1051 1464 1291 1533 quotidie
1315 1462 1462 1516 lavat
1485 1458 1671 1528 pedes,
1701 1456 1794 1526 qui
1830 1452 2137 1522 interpellat

559 1578 658 1633 pro
689 1561 865 1617 nobis.
894 1559 1075 1629 Ipsum
1098 1556 1241 1612 enim
1265 1554 1480 1624 signum
1509 1548 1581 1623 [F
1585 1560 1714 1613 orte,
1741 1546 1939 1618 signat]
1992 1547 2136 1599 lava-

561 1655 639 1708 tio
671 1652 1102 1723 pavimentornm
1132 1646 1406 1701 Ecclesiae.
1436 1642 1497 1697 ln
1526 1641 1794 1696 lavatione
1814 1636 2012 1708 pedum
2042 1635 2140 1690 de»

559 1748 848 1797 cantantur
867 1741 951 1794 lite
988 1738 1293 1805 antiphona:
1325 1754 1339 1789 ;
1368 1731 1657 1802 Postquam
1680 1730 1909 1783 surrexit
1951 1726 2129 1780 Domi-

2231 909 2420 980 ιεσηριο
2480 907 2681 979 (Joan.
2740 922 2866 970 vni,
2911 905 3038 977 59).
3105 902 3282 969 Quare
3329 901 3586 957 Dominus
3626 897 3813 952 noluit

2232 999 2559 1069 praecipitari
2586 1004 2679 1062 aut
2704 995 2949 1067 lapidari,
2981 992 3065 1048 vel
3092 994 3147 1047 in
3168 990 3345 1063 gladio
3371 988 3643 1046 truncari?
3683 987 3811 1044 Uti-

2233 1102 2337 1157 que
2391 1102 2554 1141 causa
2611 1092 2810 1140 nostra:
2856 1082 3045 1139 salutis
3096 1082 3202 1136 hoc
3250 1080 3399 1137 fecit.
3464 1080 3607 1135 Mors
3654 1078 3827 1151 enim;

2234 1177 2434 1233 Christi
2461 1178 2673 1249 signum
2705 1184 2791 1231 est
2823 1185 3025 1231 nostra!
3050 1174 3260 1229 salutis.
3289 1172 3467 1228 Noluit
3506 1186 3633 1242 ergo
3667 1170 3815 1241 lapi—

2234 1269 2373 1333 dari,
2397 1275 2489 1322 aut
2515 1267 2567 1321 in
2601 1266 2779 1338 gladio
2808 1265 3075 1331 truncari,
3095 1264 3235 1334 quod
3270 1264 3519 1319 videlicet
3542 1277 3639 1317 nos
3662 1277 3819 1317 sema

2234 1373 2331 1427 per
2354 1357 2633 1411 nobiscum
2660 1355 2864 1425 lapides
2886 1364 2976 1409 aut
2992 1354 3191 1409 ferrum
3208 1352 3349 1409 ferre
3370 1368 3473 1407 non
3494 1367 3831 1423 possumust

2235 1446 2432 1516 quibus
2457 1445 2827 1501 defendamur.
2876 1444 3050 1513 Elegit
3094 1458 3226 1499 vero
3270 1458 3506 1507 crucem,
3534 1458 3653 1512 qua:
3699 1441 3835 1503 levi.

2234 1552 2426 1595 manus
2454 1544 2603 1593 motu
2628 1535 2970 1605 exprimitur,
2999 1550 3105 1606 qua
3130 1542 3184 1590 et
3217 1543 3408 1590 contra
3447 1534 3650 1590 inimici
3683 1549 3824 1589 vcr-

2235 1626 2407 1679 sutias
2433 1626 2724 1679 munlmur.
2757 1623 2872 1679 Hoc
2899 1624 3045 1679 enim
3074 1624 3229 1694 signo
3256 1624 3433 1679 crucis
3459 1631 3822 1680 consecratur

2240 1728 2435 1783 corpus
2482 1713 2839 1779 Dominicum,
2872 1712 3242 1773 sanctiﬁcatnr
3284 1714 3402 1770 fons
3448 1715 3836 1783 baptismatis,_

561 1852 679 1891 nus.
715 1833 775 1889 Si
795 1850 887 1903 ego
911 1800 1185 1886 Domiti-us.
1214 1828 1470 1881 Dominus
1495 1800 1651 1878 λεῖαι
1687 1821 1995 1876 mandatum
2036 1834 2133 1872 no-

2250 1802 2521 1857 initiantur
2552 1804 2875 1874 presbyteri,
2912 1813 2968 1860 et
2989 1804 3171 1860 caeteri
3201 1805 3399 1876 gradus
3434 1804 3817 1871 ecclesiastici,

561 1943 701 1981 cum.
737 1923 801 1978 In
824 1892 923 1976 lzoc
939 1929 1241 1992 cognoscent
1260 1933 1456 1971 omnes.
1483 1914 1775 1984 Diligamus
1789 1928 1881 1966 nos
1891 1910 2134 1992 invicem.
2238 1900 2293 1992 εξ
2314 1892 2493 1945 omnia
2517 1906 2851 1992 (ξιιτεευηίιιξθ
2871 1893 3306 1992 εειηεξὶίῑοειηξξπις
3339 1895 3442 1992 ξιοε
3459 1895 3611 1992 signo
3629 1893 3837 1950 Domi!

560 2008 629 2063 1η
652 2007 832 2061 diebus
858 1982 1151 2059 illisznte
1187 2001 1325 2054 diem
1352 1999 1541 2069 festum
1566 1982 1808 2050 Paschaa.
1870 1991 2135 2047 Charitas.
2238 1982 2375 2035 Πίοω
2401 1983 2599 2046 ειύυἱε,
2630 1997 2752 2037 cum
2792 1983 3127 2039 invocatione
3165 1982 3367 2039 Christi
3397 1986 3662 2050 nominiS,
3687 2000 3825 2040 co!!-

560 2100 658 2154 llis
686 2096 875 2161 ﬁnitis,
918 2096 1185 2149 nudantur
1213 2091 1403 2145 altaria
1447 2088 1561 2157 jam
1601 2087 1748 2143 circa
1802 2093 2037 2148 noctem,
2085 2090 2142 2135 et

2250 2079 2540 2129 secrantur.
2569 2071 2702 2127 Nam
2733 2073 2850 2145 ipsa
2879 2090 3013 2129 crux
3042 2090 3298 2145 magnum
3329 2076 3386 2130 in
3412 2090 3477 2132 se
3496 2077 3823 2147 mysterium

562 2190 644 2243 sic
666 2192 986 2259 permanent
1012 2199 1183 2254 nsque
1205 2182 1271 2235 ad
1299 2180 1597 2235 Sabbatum
1646 2184 1913 2233 sanctum.
1952 2173 2140 2233 Altare
2239 2162 2677 2259 continettcujus
2700 2165 2898 2259 positio
2919 2165 3044 2259 talis
3069 2167 3634 2259 est,;utsuperiorpars
3646 2167 3845 2227 caelos.

562 2250 837 2333 Christum
859 2250 1148 2345 signiﬁcat,
1188 2271 1281 2341 qui
1311 2278 1440 2325 tunc
1489 2269 1724 2323 nudatus
1773 2272 1858 2319 est
1906 2281 1936 2317 a
1978 2261 2142 2317 vesti-

2250 2258 2410 2322 petat,
2438 2250 2665 2308 inferior
2699 2263 2860 2311 terrae
2886 2256 3143 2311 inhaereat
3166 2256 3293 2323 ﬁxa,
3336 2257 3666 2314 infernorum
3702 2260 3843 2314 ima.

565 2368 781 2432 mentis,
808 2366 913 2421 hoc
948 2372 1053 2430 est,
1080 2378 1112 2418 a
1136 2360 1433 2433 discipulis,
1461 2360 1676 2431 quando
1705 2356 1896 2412 relicto
1923 2370 1988 2410 eo
2020 2369 2139 2409 om-
2241 2347 2519 2418 contingat
2544 2365 2558 2401 :
2601 2346 2829 2405 latitudo
2870 2358 3049 2405 autem
3087 2350 3204 2420 ejus
3230 2359 3412 2421 partes
3450 2353 3633 2408 mundi
3658 2365 3839 2423 appes

565 2473 663 2513 nes
691 2455 956 2526 fugerunt.
981 2452 1043 2508 In
1070 2453 1172 2507 hac
1198 2451 1344 2507 enim
1370 2457 1525 2506 nocte
1552 2447 1801 2504 Christus
1829 2446 1996 2499 veteri
2038 2442 2147 2514 legi
2242 2436 2508 2526 tat.rQuia
2547 2445 2605 2493 et
2643 2438 2892 2494 Christus
2932 2456 3030 2511 per
3064 2442 3368 2513 passionem
3402 2444 3580 2499 crucis
3608 2443 3847 2514 angelis.

565 2546 729 2602 ﬁnem
755 2525 867 2611 dat,
893 2557 1013 2614 quae
1035 2558 1140 2598 non
1167 2541 1409 2597 solvebat
1426 2547 1665 2611 peccata,
1713 2537 1809 2592 sed
1840 2532 2098 2607 puniebat
2123 2548 2139 2588 :
2238 2525 2444 2596 profuit
2468 2528 2523 2581 in
2552 2528 2710 2595 coelo,
2726 2542 2958 2599 quorum
2979 2546 3258 2599 numerus,
3282 2535 3372 2603 qui
3392 2549 3492 2604 per
3515 2542 3848 2604 apostatam.

567 2640 662 2693 dat
706 2636 919 2692 initium
951 2635 1073 2690 novi
1105 2632 1432 2699 testamenti,
1462 2645 1560 2702 per
1586 2628 1728 2700 quod
1774 2638 1991 2699 peccata
2044 2622 2142 2679 ab.

2250 2617 2490 2686 angelum
2530 2618 2844 2675 imminutus
2896 2619 3107 2687 fuerat,
3141 2637 3212 2678 ex
3260 2622 3542 2680 animabus
3579 2621 3849 2686 fidelium

568 2728 868 2784 solvuntur.
924 2725 1009 2779 Ab
1054 2724 1157 2779 hac
1213 2723 1360 2777 enim
1408 2730 1570 2777 nocte
1612 2734 1782 2791 usque
1823 2717 2140 2783 Sabbatum,
2242 2708 2865 2782 quotidieadimpletur;
2903 2714 3166 2781 et'nobis.
3196 2715 3287 2786 qui
3318 2732 3506 2773 sumus
3553 2717 3606 2773 in
3645 2726 3849 2786 terrm.

569 2816 811 2873 nonnulli
836 2814 977 2869 servi
992 2813 1088 2867 Dei
1129 2812 1404 2867 imitantes
1456 2810 1748 2881 apostolos,
1793 2809 1961 2879 jejuni
2017 2823 2143 2878 pcr—
2244 2806 2299 2852 et
2326 2797 2434 2854 illis
2460 2800 2552 2870 qui
2581 2811 2805 2872 propter
2826 2804 3089 2874 originale
3124 2817 3403 2877 peccatum
3442 2809 3840 2867 detinebantur.

569 2916 790 2962 manent
822 2924 833 2959 :
858 2903 1023 2973 aliqui
1046 2917 1178 2957 vero
1202 2901 1440 2956 contenti
1468 2908 1597 2956 sunt
1638 2915 1779 2970 pane
1834 2908 2053 2953 tantum.
2090 2905 2149 2952 et
2246 2889 2387 2959 apud
2413 2889 2648 2961 inferos;
2677 2895 2771 2951 sed
2797 2905 2851 2952 et
2874 2897 3026 2968 ipsis,
3044 2900 3135 2967 qui
3158 2899 3211 2954 in
3239 2899 3467 2957 diversis
3490 2904 3672 2958 mundi
3693 2918 3834 2974 par-

571 2998 773 3064 herbis,
807 3003 969 3066 atque
993 2991 1354 3065 leguminibus
1373 3005 1470 3047 seu
1500 2991 1711 3049 Sicera.
2249 2981 2744 3040 tibushabitabant.
2770 2985 2887 3056 Ipse
2914 2995 2998 3043 est
3020 2989 3164 3043 enim
3192 3004 3285 3043 rex
3310 2990 3628 3058 ccclestium,
3651 3002 3840 3050 terre—

1148 3106 1375 3164 CApUT
1398 3104 1578 3163 xw".
2176 3147 2218 3164 Α
2250 3075 2444 3129 strium
2485 3083 2542 3131 et
2583 3076 2953 3144 infernorum,
2998 3088 3054 3133 ut
3082 3080 3247 3135 omnis
3288 3080 3468 3152 lingua
3510 3082 3843 3152 conﬁteatur-

789 3192 813 3221 ι
837 3195 903 3235 ne
926 3194 1079 3235 rents
1102 3147 1447 3244 sa‘i‘ii,”éu2
1609 3190 1927 3230 ρΑηΑεοι-ινν..
2171 3147 2219 3214 C
2247 3167 2387 3239 quod
2415 3167 2670 3223 Dominus
2689 3169 2845 3225 Iesus
2871 3168 3108 3227 Christus
3130 3172 3183 3225 in
3203 3170 3373 3242 gloria
3400 3182 3474 3227 est
3511 3171 3606 3229 Dei
3642 3171 3833 3231 Patris

583 3256 591 3262 ’
646 3274 944 3328 Parasceve
965 3270 1285 3340 praeparatio
1313 3269 1718 3337 interpretatur,
1753 3280 1874 3334 quae
1896 3272 1952 3320 et
1993 3271 2147 3319 sexta
2249 3258 2417 3330 (Phil.
2446 3275 2506 3325 ιι,
2543 3259 2652 3334 Η).
2684 3260 2879 3317 Jacens
2905 3277 3034 3317 vero
3064 3279 3197 3318 crux
3229 3271 3462 3334 quatuor
3488 3264 3672 3320 mundi
3696 3279 3835 3335 par-

576 3363 800 3418 Sabbati
823 3360 1042 3415 dicitur.
1071 3358 1130 3412 In
1153 3359 1256 3414 hoc
1282 3362 1427 3413 enim
1456 3359 1541 3411 die
1567 3359 1942 3427 praeparabant
1979 3352 2149 3409 Judaei
2249 3358 2331 3405 tes
2364 3349 2590 3420 appetit,
2620 3351 2884 3406 orientem
2909 3349 3181 3417 videlicet,
3204 3360 3261 3406 et
3292 3352 3833 3424 occidentem,.aqui-

576 3466 641 3505 ea
669 3465 789 3520 qua:
819 3450 873 3503 in
898 3449 1120 3502 sabbato
1156 3456 1313 3501 erant
1338 3449 1641 3502 necessaria
1664 3485 1679 3512 ,
1714 3445 1867 3515 juxta
1914 3445 2058 3515 quod
2084 3444 2152 3498 de
2250 3438 2427 3496 lonem
2466 3448 2516 3495 et
2549 3440 2851 3507 meridiem,
2881 3442 3009 3513 quia
3039 3451 3095 3499 et
3118 3441 3368 3499 Christus
3393 3458 3492 3515 per
3516 3445 3835 3515 passionem

580 3554 775 3594 manna
811 3544 1135 3606 praeceptum
1159 3542 1243 3590 est
1279 3552 1291 3587 :
1328 3533 1490 3588 Sexta
1517 3535 1602 3589 die
1648 3534 1907 3606 colligetis
1931 3533 2151 3604 duplum
2250 3548 2402 3589 suam
2426 3548 2617 3589 omnes
2644 3542 2831 3607 gentes
2852 3536 2923 3591 ad
2948 3549 3007 3591 se
3044 3536 3214 3591 trahit
3239 3554 3253 3590 :
3285 3544 3344 3593 et
3371 3536 3553 3592 omnia
3575 3537 3682 3612 sibi
3700 3540 3837 3595 sub-

581 3626 780 3699 (Exod.
819 3642 932 3692 xvi,
958 3625 1013 3697 5)
1043 3643 1057 3679 :
1084 3636 1141 3679 et
1171 3625 1292 3679 ideo
1321 3626 1374 3678 in
1388 3624 1724 3679 solemnitate
1748 3622 1995 3690 habetur,
2021 3624 2150 3694 quia
2244 3624 2472 3694 jugavit,
2489 3623 2646 3695 juxta
2684 3625 2828 3694 quod
2871 3625 2985 3695 ipse
3028 3640 3257 3696 surgens
3295 3641 3328 3681 a
3374 3627 3621 3693 mortuis,
3651 3627 3831 3685 dicit:

579 3733 646 3771 eo
669 3718 754 3771 die
779 3715 1030 3771 Christus
1067 3716 1384 3785 mysterium
1430 3714 1609 3770 crucis
1633 3714 1885 3786 explevit,
1932 3720 2154 3785 propter

581 3808 725 3875 quod
756 3806 810 3859 in
857 3806 1002 3859 hunc
1046 3805 1307 3859 mundum
1344 3813 1585 3870 venerat,
1612 3813 1675 3860 ut
1698 3805 1789 3875 qui
1836 3804 1981 3877 ligno
2028 3819 2155 3876 per—

580 3896 728 3952 cussi
755 3894 1037 3949 fueramus
1052 3894 1106 3947 in
1132 3893 1325 3960 Adam,
1385 3910 1598 3951 rursum
1644 3910 1743 3966 per
1786 3894 1913 3967 ligni
1961 3904 2157 3971 myste-

582 3989 721 4043 rium
749 4001 1081 4043 sanaremur.
1111 3985 1280 4055 Hujus
1305 3987 1450 4041 enim
1479 4002 1642 4042 causa
1666 3987 1924 4058 triumphi
1961 3987 2154 4042 huma-

586 4093 654 4131 na
677 4076 1006 4147 possibilitas
1022 4074 1241 4131 Christo
1260 4090 1357 4145 per
1378 4090 1592 4131 omnem
1629 4076 1887 4131 mundum
1930 4077 2156 4131 celebri-

585 4177 753 4223 tatem
782 4182 1017 4221 annuam
1060 4168 1283 4237 praebet,
1323 4182 1422 4238 pro
1477 4181 1546 4223 eo
1598 4168 1746 4239 quod
1789 4169 2038 4239 dignatus
2073 4180 2158 4225 est

584 4258 847 4330 sanguine
872 4258 1138 4327 passionis
1159 4272 1268 4311 sua:
1289 4257 1554 4313 redimere
1610 4268 1895 4328 peccatum
1946 4260 2154 4325 mundi,

583 4359 640 4401 et
666 4363 763 4417 per
799 4363 1018 4403 crucem
1040 4356 1212 4403 morte
1237 4347 1447 4402 devicta
1471 4346 1769 4405 absolvere.

655 4438 947 4508 'l‘ripartita
975 4448 1153 4493 autem
1176 4437 1317 4493 ratio
1342 4438 1631 4494 Dominicae
1668 4440 1939 4508 passionis
1984 4450 2160 4495 osten-

585 4528 748 4583 ditur.
788 4526 987 4593 Prima,
1018 4536 1079 4581 ut
1102 4529 1351 4585 Christus
1387 4545 1487 4600 pro
1536 4540 1690 4583 reatu
1716 4532 1899 4585 mundi
1945 4531 2159 4585 redem-

583 4619 699 4690 ptio
717 4617 959 4685 daretur,
988 4626 1046 4673 et
1081 4619 1250 4674 hostis
1274 4621 1529 4690 antiquus
1580 4620 1728 4675 velut
1772 4623 1933 4676 hamo
1981 4623 2161 4678 crucis

586 4714 895 4775 caperetur,
937 4707 1145 4761 scilicet
1169 4717 1232 4762 ut
1271 4723 1409 4778 quos
1461 4709 1815 4766 absorbuerat
1860 4720 2157 4777 evomeret,

586 4809 695 4848 non
716 4796 954 4865 potentia
980 4797 1177 4863 victus,
1201 4799 1297 4853 sed
1317 4797 1550 4869 justitia.
1586 4799 1832 4855 Secunda
1858 4817 2022 4857 causa
2054 4812 2156 4867 est,

583 4895 643 4939 nt
668 4887 1005 4943 secutoribus
1017 4889 1328 4945 hominibus
1351 4889 1473 4946 vita:
1484 4891 1847 4961 magisterium
1861 4892 2123 4961 prmberet
2143 4908 2157 4945 :

580 4975 649 5029 ad
673 4975 778 5030 hoc
797 4976 940 5030 enim
968 4980 1213 5032 ascendit
1237 4979 1292 5033 in
1314 4993 1552 5046 crucem,
1584 4988 1643 5035 ut
1691 4981 1845 5036 nobis
1890 4980 2158 5051 passionis

578 5074 635 5118 et
665 5065 1080 5121 resurrectionis
1104 5067 1369 5136 praeberet
1407 5068 1731 5140 exemplum.
1762 5070 1941 5125 Tertia
1993 5085 2155 5127 causa

579 5163 664 5208 est
691 5164 957 5226 susceptae
987 5157 1186 5223 crucis,
1210 5167 1269 5212 ut
1296 5160 1547 5229 superbia
1576 5162 1753 5215 szeculi
1792 5174 1847 5215 et
1868 5160 2049 5217 inﬂata
2076 5180 2161 5217 sa-

581 5245 805 5313 pientia,
824 5261 923 5316 per
947 5248 1126 5302 crucis
1146 5249 1363 5304 stultam
1380 5290 1393 5313 ,
1420 5259 1482 5305 ut
1535 5258 1774 5321 putatur,
1824 5252 2159 5323 praedicatio-

584 5349 708 5387 nem
732 5336 1014 5392 humiliata
1041 5348 1337 5405 corrueret,
1368 5350 1429 5394 ut
1472 5350 1702 5411 pateret,
1739 5344 1883 5414 quod
1935 5344 2157 5398 stultum

570 5418 681 5479 ‘Dei
712 5435 815 5487 est,
839 5436 1041 5496 quanto
1079 5430 1151 5484 sit
1170 5431 1467 5499 sapientius
1493 5431 1818 5488 hominibus.
1852 5432 1958 5489 Sed
1986 5435 2161 5490 adhuc

586 5516 876 5572 videndum
904 5527 1009 5583 est,
1058 5534 1229 5590 quare
1288 5522 1549 5578 Dominus
1596 5524 1703 5579 tale
1746 5542 1915 5596 genus
1970 5528 2163 5584 mortis

658 5640 680 5701 ξ
710 5629 909 5701 ᾼηιςιὶ.,
932 5646 1050 5701 cap.
1088 5632 1173 5688 l3.

664 5699 691 5741 ι’
718 5698 908 5756 Annal.
935 5698 1041 5756 loc.
1069 5704 1161 5757 cit.
1191 5718 1312 5775 cap.
1347 5706 1432 5760 l5.
1465 5706 1593 5777 Leg.
1629 5708 1826 5763 Mabill.
1856 5710 2155 5767 Connnent.

2252 3714 2393 3769 Data
2445 3724 2521 3769 est
2571 3716 2701 3771 mihi
2760 3716 2930 3772 omnis
2980 3726 3206 3787 potestas
3265 3718 3322 3772 in
3354 3717 3481 3773 calo
3516 3728 3566 3774 et
3606 3720 3837 3776 interra

2254 3802 2468 3875 (Matth.
2507 3821 2701 3873 xamn,
2731 3806 2839 3881 18).

2326 3895 2353 3935 ι)
2382 3895 2492 3950 Cur
2517 3904 2698 3951 autem
2722 3896 2885 3953 hodie
2909 3898 3073 3953 missa
3098 3913 3203 3954 non
3229 3907 3497 3965 cantatur,
3525 3897 3620 3955 sed
3651 3914 3839 3970 neque

2256 3988 2309 4041 in
2350 3984 2588 4043 Sabbato
2633 3999 2842 4056 sancto,
2865 3989 3037 4045 donec
3063 3990 3131 4044 ad
3154 3990 3367 4060 vigilias
3391 3990 3583 4053 noctis,
3610 3998 3839 4045 sanctus

2254 4076 2773 4148 Innocentiuspapa
2819 4079 2875 4133 in
2910 4077 3279 4135 Decretalibus
3311 4078 3444 4135 dicit
3478 4098 3492 4132 :
3533 4079 3642 4134 lsto
3668 4077 3840 4150 479

2256 4166 2420 4223 biduo
2468 4177 2809 4225 sacramenta
2846 4170 3065 4241 penitus
3104 4185 3212 4225 non
3247 4166 3534 4234 celebrari,
3557 4169 3684 4239 quia
3710 4182 3839 4237 per-

2257 4272 2449 4313 cussus
2475 4266 2561 4314 est
2580 4268 2788 4331 pastor,
2801 4268 2855 4313 et
2874 4274 3003 4314 oves
3024 4258 3143 4329 ejus
3167 4260 3343 4331 gregis
3368 4259 3643 4328 dissipatae
3671 4264 3835 4324 sunt;

2258 4361 2353 4402 seu
2381 4348 2526 4417 quod
2554 4348 2844 4417 apostolos,
2861 4363 2996 4418 quos
3018 4349 3216 4408 imitari
3244 4349 3524 4415 debemus,
3536 4348 3642 4409 isto
3669 4348 3840 4403 biduo

2260 4441 2315 4494 in
2350 4438 2568 4494 tristitia
2613 4446 2668 4492 et
2711 4454 2947 4497 maerore
2995 4438 3183 4504 fuisse,
3226 4449 3282 4495 et
3319 4439 3534 4511 jejunos
3570 4454 3739 4509 usque
3780 4440 3839 4493 in

2263 4530 2716 4585 resurrectionem
2744 4531 3105 4600 permansisse
3139 4531 3431 4586 credimus.
3469 4530 3527 4585 ln
3554 4530 3641 4584 die
3670 4528 3843 4583 Pais.-

2265 4635 2421 4677 sceve
2442 4622 2563 4676 ideo
2585 4636 2692 4676 non
2714 4622 3126 4692 cantatur,quia
3149 4624 3264 4693 ipsa
3290 4623 3379 4680 die
3407 4621 3564 4679 Jesns
3591 4621 3842 4679 Christus

2263 4716 2502 4785 seipsum
2529 4716 2763 4770 hostiam
2791 4715 2986 4770 obtulit
3008 4715 3117 4771 Deo
3144 4715 3291 4770 Patri
3324 4732 3422 4786 pro
3445 4717 3621 4784 nobis,
3644 4727 3700 4771 et
3720 4716 3840 4787 ipsa

2261 4807 2464 4862 oblatio
2497 4805 2692 4862 sutlicit
2718 4806 2787 4861 ad
2820 4807 3044 4862 salutem
3067 4806 3421 4863 credentium.

2332 4894 2390 4950 lu
2419 4896 2536 4966 ipso
2564 4904 2743 4951 autem
2785 4898 2871 4953 die
2902 4900 3033 4953 hora
3072 4899 3260 4967 quinta
3284 4898 3597 4968 deportatur
3629 4896 3841 4963 lumen,

2262 4994 2323 5041 ut
2366 5001 2552 5057 supra,
2590 4989 2657 5043 ab
2692 4989 3071 5045 archidiacono
3099 5003 3195 5044 seu
3226 4989 3535 5060 praeposito,
3558 4996 3614 5043 et
3642 4989 3843 5043 illumi-

2264 5088 2462 5134 nantur
2489 5079 2765 5148 lampades
2794 5090 2998 5151 septem
3026 5100 3037 5133 :
3061 5079 3303 5151 pontifex
3335 5088 3519 5133 autem
3538 5093 3634 5133 seu
3660 5078 3842 5133 clerus

2262 5178 2425 5237 atque
2448 5167 2676 5237 populus
2712 5169 3015 5237 procedunt
3036 5168 3105 5222 ad
3128 5167 3431 5221 ecclesiam.
3464 5165 3685 5223 [nterim
3709 5179 3842 5220 vero

2262 5257 2538 5328 egreditur
2571 5257 2982 5312 archidiaconus
3016 5272 3140 5311 cum
3175 5255 3297 5313 aliis
3320 5254 3636 5313 diaconibus
3660 5254 3727 5308 de
3751 5270 3843 5308 sa-

2260 5349 2465 5416 crario,
2495 5347 2668 5404 induti
2704 5348 2910 5413 scilicet
2935 5349 3167 5420 planetis
3209 5348 3393 5413 fuscis,
3422 5357 3479 5402 et
3504 5347 3611 5403 duo
3649 5362 3843 5403 cereo-

2259 5449 2428 5498 strata
2457 5447 2582 5497 ante
2624 5440 2771 5512 ipsos
2813 5456 2939 5497 cum
2980 5443 3155 5496 cereis
3196 5442 3439 5496 accensis
3483 5439 3845 5510 procedentes

2263 5550 2432 5606 usque
2459 5536 2527 5590 ad
2555 5535 2725 5589 altare
2754 5549 2876 5589 cum
2920 5531 3166 5599 silentio,
3194 5539 3249 5588 et
3273 5533 3519 5589 oratione
3551 5530 3845 5601 completa,

2263 5648 2317 5701 in
2339 5646 2584 5703 ordinem
2616 5646 2845 5703 Roman.
2878 5661 3002 5718 pag.
3031 5659 3259 5709 LXXXIII,
3284 5642 3413 5699 edit.
3444 5640 3645 5709 Paris,
3678 5640 3822 5696 ΓΙΞό
