4092 6520
295 357 434 413 9209

1105 352 1254 409 OPP.
1294 347 1694 408 SUPPOSITA.
1732 376 1803 386 ——-
1838 342 1964 400 LIB.
2005 344 2095 400 DE
2130 343 2381 401 DlV'lNlS
2414 344 2716 402 OFFlCllS.

3403 344 3567 398 ’121ον

292 480 454 540 atque
489 466 728 524 osculato
768 464 965 531 altari,
1007 465 1211 519 vadunt
1251 464 1319 518 ad
1366 463 1549 518 sedem
1591 457 1861 531 pontiﬁcis
1889 460 1933 518 Α
1961 457 2217 527 periculis
2260 459 2422 529 hujus
2451 460 2597 526 vitae,
2623 471 2680 516 et
2703 476 2803 530 pro
2843 459 3111 515 haereticis
3132 468 3189 515 et
3214 461 3452 530 paganis,
3485 470 3540 513 ct

292 573 442 621 more
458 558 613 612 solito
629 575 644 611 :
658 555 849 611 deinde
870 556 1057 609 annuit
1078 554 1486 608 archidiaconus
1507 549 1858 612 subdiacono,

293 664 353 707 ut
378 653 586 722 legatur
613 650 774 705 lectio
800 649 994 719 prima.
1018 647 1274 716 Sequitur
1301 645 1726 716 responsorium,
1752 640 1862 695 Do-

292 745 461 809 mine,
493 742 689 795 audivi.
734 739 883 793 Istud
910 736 1309 809 responsorium
1339 750 1461 791 cum
1486 742 1717 804 quatuor
1740 745 1863 784 ver-

292 831 441 885 sibus
466 828 733 900 signiﬁcat
772 828 1081 890 Christum,
1110 827 1201 895 qui
1246 833 1475 893 quatuor
1503 824 1766 877 elementa
1804 820 1862 883 in

291 919 463 987 eiligie
510 919 743 974 hominis
786 916 1093 985 assumpsit.
1137 914 1230 977 illa
1270 912 1578 983 pendebant
1616 911 1671 965 in
1698 923 1862 967 cruce

292 1010 433 1071 inter
460 1009 565 1065 duo
592 1007 865 1073 animalia,
893 1007 997 1061 hoc
1022 1013 1107 1059 est
1139 1005 1281 1059 inter
1305 1004 1439 1058 duos
1465 1002 1723 1056 latrones.
1755 997 1860 1056 Se-

292 1104 473 1173 quitur
514 1104 683 1157 altera
716 1101 902 1166 lectio;
930 1097 1121 1153 deinde
1163 1110 1314 1153 more
1340 1095 1593 1151 Romano
1618 1091 1863 1161 sequitur

292 1199 519 1257 tractus,
549 1190 899 1257 Quihabitat.
939 1186 1046 1243 lste
1089 1192 1295 1246 tractus
1321 1182 1489 1238 trahit
1524 1195 1623 1236 nos
1650 1181 1718 1236 ad
1745 1178 1864 1235 lon-

290 1284 585 1360 gitudinem
607 1282 733 1336 vitae
754 1277 1080 1346 asternre,,in
1096 1291 1201 1347 qna
1235 1273 1471 1330 salutare
1495 1271 1613 1337 Dei,
1636 1272 1741 1326 hoc
1777 1278 1863 1326 est

289 1377 562 1433 Christum
585 1389 741 1445 quem
771 1369 1141 1428 nefandissimi
1161 1367 1331 1425 Judaei
1360 1367 1418 1423 in
1442 1380 1603 1425 cruce
1624 1366 1861 1437 positum

290 1468 451 1523 hodie
475 1467 747 1530 viderunt,
771 1471 827 1518 et
848 1477 946 1517 nos
971 1461 1247 1525 credimus
1272 1458 1483 1513 visuros
1518 1456 1653 1513 facie
1676 1457 1745 1510 ad
1780 1456 1862 1509 fa-

290 1558 428 1616 ciem
452 1556 506 1611 iu
535 1555 839 1611 aeternitate
860 1568 981 1607 sua.
1028 1550 1243 1609 Canunt
1285 1550 1373 1606 hic
1417 1547 1583 1618 aliqui
1628 1554 1860 1602 tractum

289 1650 599 1718 nuperrime
639 1644 981 1717 compilatum
1007 1657 1023 1698 :
1048 1642 1209 1714 Eripe
1245 1658 1354 1704 me,
1387 1639 1628 1706 Domine,
1664 1639 1728 1693 ab
1767 1639 1862 1693 ho—

289 1738 447 1802 mine,
482 1744 610 1801 etc.;
637 1740 882 1805 sequitur
915 1733 1118 1802 absque
1146 1731 1509 1789 salutatione:
1541 1725 1728 1783 Passio
1753 1728 1862 1782 Do-

1958 564 2059 620 per
2100 566 2290 615 omnes
2333 554 2469 608 alias
2513 556 2789 610 orationes
2836 569 2972 622 genu
3027 553 3313 616 ﬂectimus,
3361 564 3418 607 ut
3445 570 3541 622 prr

1958 642 2104 699 hunc
2127 644 2370 699 habitum
2395 646 2639 714 corporis
2666 646 2865 700 mentis
2890 645 3252 699 humilitatem
3294 646 3542 699 attenda-

1958 748 2080 787 mus
2105 731 2326 805 [Amal.,
2349 734 2742 805 ostendamus],
2787 745 3016 805 excepto
3037 737 3254 804 quando
3282 751 3381 803 pro
3411 748 3540 802 per-

1958 822 2083 881 ﬁdis
2118 821 2319 879 Iudaeis
2358 838 2613 878 oramus:
2643 824 2716 878 illi
2755 827 2899 879 enim
2941 838 3079 893 genu
3118 824 3405 880 flectebant
3435 826 3541 879 Do-

1958 912 2133 978 mino,
2159 927 2295 982 opus
2338 914 2541 968 bonum
2590 913 2729 969 male
2770 922 3081 982 operantcs,
3110 916 3236 985 quia
3268 916 3540 972 illudendo

1958 1002 2077 1066 haec
2108 1001 2402 1063 faciebant.
2434 1002 2546 1057 Nos
2580 1004 2647 1058 ad
2676 1003 3168 1065 demtmstrandum,
3199 1006 3324 1075 quia
3354 1006 3541 1077 fugere

1958 1094 2251 1151 debeamus
2277 1109 2440 1163 opera
2470 1095 2916 1164 quaesimulando
2943 1096 3101 1162 ﬁunt,
3136 1098 3369 1153 vitamus
3398 1115 3564 1168 genu-

1957 1186 2243 1244 ﬂexionem
2262 1202 2361 1258 pro
2383 1185 2606 1243 Iudaeis.
2637 1189 2873 1258 Denique
2894 1188 3133 1259 pontifex
3163 1192 3386 1248 veniens
3412 1202 3539 1246 ante

1958 1280 2152 1345 altare,
2180 1281 2295 1335 sive
2322 1277 2405 1353 (ut
2449 1279 2505 1334 in
2548 1279 2655 1334 alio
2698 1280 2887 1334 ordine
2929 1279 3144 1351 legitur)
3184 1283 3453 1337 transiens
3484 1283 3539 1337 in

1958 1371 2235 1426 dexteram
2290 1378 2504 1439 partem
2548 1368 2789 1425 ecclesiae
2836 1369 2975 1424 infra
3022 1370 3273 1426 thronum
3300 1412 3315 1436 ,
3366 1374 3536 1430 dicit:

1960 1460 2182 1515 Oremus
2197 1477 2216 1524 ;
2229 1459 2572 1524 etdiaconus,
2596 1459 2895 1514 Flectamus
2909 1476 3097 1530 genua.
3115 1461 3246 1516 ltem
3262 1463 3539 1529 diaconus,

1958 1549 2167 1617 Leonte,
2200 1560 2255 1607 et
2274 1549 2515 1621 pontifex
2539 1551 2630 1605 dat
2644 1550 2964 1615 orationem,
2986 1550 3129 1605 sicut
3150 1552 3204 1605 in
3222 1551 3543 1609 Sacramen—

1958 1643 2098 1697 tario
2110 1642 2435 1700 continetur.
2456 1640 2554 1697 llis
2572 1640 2971 1709 ﬁnitishomnes
2996 1652 3197 1700 exeunt
3217 1644 3381 1701 foras.
3396 1646 3542 1718 Apo-

1960 1732 2152 1789 stolico
2173 1731 2278 1787 hoc
2300 1740 2512 1802 agente,
2542 1746 2641 1787 nos
2666 1731 2797 1786 hora
2823 1748 2963 1786 nona
2990 1733 3324 1788 inchoamus.

290 1826 418 1879 mini
438 1827 622 1881 nostri.
651 1836 677 1864 ι
700 1804 813 1878 Hac
832 1820 1270 1893 expleta,tstatim
1292 1818 1401 1875 duo
1421 1818 1633 1879 diaconi
1656 1818 1864 1871 nudant
1894 1804 1939 1863 Β
2037 1833 2061 1861 ο
2089 1820 2250 1878 Circa
2276 1835 2563 1892 vesperum
2597 1834 2724 1875 vero
2755 1820 2809 1882 in
2847 1821 3099 1876 omnibus
3125 1820 3370 1877 ccclesiis
3392 1837 3544 1891 pres-

291 1916 460 1970 altare
487 1917 731 1981 sindone,
761 1928 882 1984 quae
902 1914 1055 1984 prius
1084 1910 1262 1966 fuerat
1306 1910 1406 1967 sub
1447 1908 1736 1979 Evangelio
1763 1924 1860 1979 po-

291 2008 419 2071 sita,
447 2006 502 2060 in
529 2004 745 2061 modum
773 2002 1022 2058 iurantis.
1052 2000 1231 2070 Aliqui
1252 2016 1381 2056 vero
1405 2009 1692 2068 antequam
1719 1998 1864 2070 legas

293 2106 381 2151 tur
425 2096 628 2161 Passio,
658 2099 964 2166 praeparant
1009 2092 1263 2147 sindones
1308 2090 1441 2146 duas
1487 2089 1591 2143 sibi
1633 2088 1864 2150 invicem

293 2202 580 2257 parumper
619 2185 969 2249 cohaerentes,
994 2190 1052 2238 et
1091 2182 1147 2236 in
1175 2197 1241 2237 eo
1282 2196 1441 2235 versu
1488 2179 1581 2233 ubi
1625 2178 1865 2249 legitur;

296 2277 489 2332 Partiti
516 2285 636 2332 sunt
663 2277 966 2337 uestimenta
1006 2290 1122 2326 mea
1162 2271 1282 2336 sibi,
1314 2271 1563 2326 scindunt
1591 2269 1718 2324 hinc
1742 2269 1867 2323 inde

292 2369 442 2439 ipsas
493 2368 745 2423 sindones
795 2365 1026 2434 desuper
1083 2361 1242 2422 altari
1293 2360 1349 2415 in
1405 2358 1623 2414 modum
1675 2357 1863 2411 furan-

295 2461 384 2524 tis,
411 2466 467 2512 et
493 2472 675 2512 secum
700 2454 971 2511 auferunt.
1015 2452 1155 2521 Quia
1189 2450 1357 2512 altare
1400 2447 1674 2506 Christum
1702 2447 1867 2520 signi-

295 2550 441 2614 ﬁcat,
488 2557 544 2603 et
584 2546 855 2617 apostolos
901 2545 1221 2601 vestimenta
1272 2542 1471 2612 ipsius;
1520 2541 1771 2596 convenit
1808 2547 1868 2595 ut

294 2642 485 2705 subtus
530 2638 874 2710 Evangelium
922 2636 1122 2705 aliquid
1160 2633 1342 2704 jaceat
1384 2635 1454 2688 ob
1500 2633 1865 2699 honestatem,

293 2745 402 2801 quo
423 2729 654 2795 sublato,
678 2729 883 2784 raditur
904 2726 1126 2800 [Amat.,
1147 2724 1376 2797 rapitur]
1398 2724 1540 2795 quod
1562 2724 1864 2793 subjectum

295 2819 582 2890 fuitzquia
630 2819 810 2875 dedito
856 2818 1073 2874 Christo
1113 2817 1258 2872 inter
1298 2832 1491 2872 manus
1536 2816 1863 2886 iniquorum,

295 2912 520 2982 apostoli
546 2911 813 2983 fugerunt.
845 2909 949 2965 Per
977 2910 1257 2966 sindonem
1280 2923 1411 2964 vero
1434 2916 1616 2978 potest
1640 2908 1864 2978 intelligi

292 3001 546 3068 Joannes,
592 3003 685 3071 qui
733 3002 1097 3071 perseveravit
1145 3014 1269 3056 cum
1310 2999 1540 3056 Domino
1582 3015 1754 3070 usque
1796 3000 1866 3055 ad

292 3107 539 3158 crucem,
563 3100 618 3148 et
654 3102 841 3163 postea
882 3106 941 3146 se
982 3090 1239 3148 occuluit.
1282 3089 1436 3157 Quod
1475 3105 1604 3146 vero
1633 3090 1749 3161 ipso
1775 3090 1862 3145 die

293 3199 506 3254 pannus
532 3183 815 3247 scinditur,
858 3182 963 3243 hoc
986 3181 1307 3251 portendere
1332 3179 1574 3245 videtur,
1607 3179 1753 3249 quod
1778 3179 1865 3250 pi-

294 3286 450 3335 ctura
470 3276 524 3329 in
546 3273 840 3346 parietibus
861 3286 1139 3344 expressa,
1162 3271 1433 3337 videlicet,
1460 3278 1521 3325 ut
1543 3283 1757 3340 semper
1780 3283 1867 3324 re—

297 3367 539 3424 colamus
582 3364 868 3418 Dominum
894 3377 993 3433 pro
1020 3360 1178 3417 nobis
1200 3375 1437 3431 passum,
1462 3368 1519 3414 et
1546 3361 1865 3414 vestimenta

294 3458 414 3528 ejus
459 3455 621 3511 fuisse
659 3455 848 3510 divisa.
895 3453 1155 3509 Tenebrze
1197 3451 1458 3506 luminum
1503 3451 1624 3506 ideo
1664 3452 1869 3506 exstin-

296 3548 477 3605 ctione
500 3547 818 3616 ﬁgurantur,
834 3545 961 3615 quia
986 3550 1111 3604 tum
1127 3557 1256 3603 vera
1276 3543 1369 3598 lux
1387 3543 1572 3597 mundi
1592 3542 1864 3608 occubuit,

296 3649 353 3703 et
390 3640 627 3696 tenebrae
656 3646 824 3697 totum
865 3635 1122 3692 mundum
1168 3642 1515 3706 operuerunt.
1561 3634 1865 3690 Notandum

294 3741 379 3789 est
402 3732 566 3796 enim,
587 3730 788 3799 quiain
812 3728 1054 3785 Romana
1073 3726 1311 3782 Ecclesia
1340 3724 1701 3796 exstinguitur
1721 3732 1868 3780 totus

296 3824 437 3895 ignis
479 3824 533 3875 in
581 3827 735 3875 sexta
777 3817 946 3883 feria,
971 3826 1029 3872 et
1072 3814 1560 3872 reaccenditurzin
1590 3816 1697 3873 hoc
1723 3814 1868 3871 facto

297 3918 573 3973 imitamur
608 3912 956 3984 principalem
1001 3913 1204 3982 ignem,
1233 3910 1286 3964 id
1329 3917 1413 3965 est
1460 3910 1630 3965 solem
1674 3925 1869 3980 corpo-

296 4023 447 4069 reum
464 4049 480 4071 ,
507 4007 601 4077 qui
625 4006 694 4060 ab
720 4003 975 4060 humanis
1013 3999 1290 4057 obtutibus
1313 4015 1373 4058 se
1398 3999 1682 4055 abscondit
1723 4007 1867 4056 tem-

296 4114 426 4171 pore
453 4094 718 4167 passionis
746 4110 777 4148 a
802 4099 954 4148 sexta
984 4091 1118 4147 hora
1146 4105 1317 4160 usque
1342 4090 1410 4143 ad
1431 4102 1653 4155 nouam,
1675 4104 1742 4143 ne
1769 4104 1868 4145 suo

297 4190 497 4247 lumine
522 4187 831 4243 fruerentur
856 4185 947 4255 qui
978 4183 1117 4237 male
1142 4183 1447 4251 gaudebant
1477 4181 1543 4237 de
1570 4182 1867 4253 ignominia

297 4280 509 4343 Domini
535 4280 637 4337 sui.
666 4277 779 4334 Hac
798 4291 963 4332 causa
986 4276 1342 4346 exstinguitur
1361 4276 1416 4331 in
1435 4290 1490 4331 v1
1514 4275 1670 4341 feria,
1691 4292 1745 4331 vr
1769 4278 1869 4332 bo-e

297 4389 382 4440 ra,
408 4383 464 4429 et
488 4379 780 4428 renovatur
802 4370 948 4427 circa
970 4370 1159 4425 horam
1187 4384 1407 4435 nonam,
1429 4370 1572 4425 inter
1598 4385 1718 4438 quae
1738 4385 1869 4425 oon-

296 4464 469 4532 venit,
486 4472 547 4518 ut
561 4463 647 4518 bis
667 4462 816 4517 horis
839 4461 956 4517 haec
975 4462 1299 4525 recolantur,
1321 4461 1516 4528 quibus
1537 4469 1686 4530 gesta
1717 4470 1863 4517 sunt.

367 4556 492 4612 Mox
512 4560 809 4625 sequuntur
825 4554 1100 4608 orationes
1116 4552 1384 4607 solemnes
1410 4552 1477 4606 ad
1504 4552 1862 4609 Hierusalem.

297 4648 578 4706 Solemnes
612 4646 863 4699 dicuntur
880 4684 896 4708 ,
926 4643 1051 4712 quia
1076 4643 1144 4698 ab
1166 4642 1416 4698 omnibus
1444 4642 1756 4699 solemniter
1774 4645 1869 4700 de.

296 4739 427 4793 bent
452 4734 732 4792 celebrari.
760 4733 849 4788 Fit
868 4733 924 4788 in
950 4733 1030 4789 eis
1055 4732 1260 4787 mentio
1281 4734 1521 4787 omnium
1551 4733 1785 4789 ﬁdelium
1814 4742 1872 4791 et

298 4828 616 4883 inﬁdelium.
644 4825 765 4882 Nec
782 4825 851 4880 ab
880 4839 937 4880 re
968 4832 1075 4890 est,
1099 4824 1242 4894 quod
1268 4825 1538 4894 pendente
1561 4826 1788 4884 Domino
1814 4829 1870 4884 in

299 4932 483 4982 cruce,
505 4922 561 4970 et
581 4914 780 4971 Iudaeis
804 4914 879 4969 illi
901 4915 1303 4979 insultantibus,
1326 4930 1424 4984 pro
1449 4915 1581 4985 ipsis
1607 4918 1865 4972 oraverit.

301 5008 383 5063 Ex
403 5006 505 5062 hoc
525 5012 580 5061 et
600 5020 699 5060 nos
714 5004 779 5061 ad
797 5005 1113 5059 memoriam
1136 5004 1479 5069 reducamus,
1494 5006 1637 5073 quod
1652 5007 1869 5076 quando

300 5097 502 5168 aliquid
538 5096 765 5151 moleste
810 5094 1063 5165 patimur,
1095 5101 1191 5148 aut
1219 5092 1289 5149 ab
1316 5094 1549 5149 inimicis
1587 5097 1870 5166 persequi-

302 5204 446 5254 mur,
474 5189 541 5243 ad
568 5186 863 5244 orationem
889 5185 1031 5241 illico
1055 5184 1344 5257 confugere
1373 5183 1684 5241 debeamus.
1714 5186 1742 5228 h
1764 5186 1870 5245 Pro

373 5311 399 5339 α
438 5298 639 5362 Amal.,
668 5296 771 5351 loc.
797 5295 890 5350 cit.

376 5370 404 5409 b
441 5368 637 5429 Amal.,
666 5366 768 5421 loc.
793 5367 886 5420 cit.

378 5452 400 5476 α
440 5438 781 5504 Amal.,cap.
816 5436 898 5489 Η.

372 5507 400 5547 ἀ
443 5506 655 5560 Orario.
697 5503 944 5561 Orarium
974 5503 1122 5560 varia
1164 5503 1556 5575 signiﬁcatione
1583 5503 1864 5575 accipitur,

306 5579 372 5632 de
408 5592 515 5648 quo
546 5576 652 5630 vid.
686 5576 944 5643 Cangium
965 5616 979 5639 ,
1013 5589 1131 5648 voc.
1173 5572 1440 5648 orarium.
1483 5573 1598 5648 Hoc
1631 5572 1749 5629 loco
1784 5583 1868 5630 est

302 5644 573 5719 oblongus,
592 5656 739 5715 tapes
762 5647 931 5719 instar
952 5644 1137 5719 orarii,
1156 5644 1246 5712 qui
1270 5644 1630 5719 substernitur
1650 5659 1864 5719 crucem

307 5713 976 5798 adoraiurisfpcrtingens
1020 5731 1051 5769 a
1089 5714 1209 5770 loco
1248 5713 1337 5770 ubi
1382 5729 1514 5771 crux
1553 5713 1727 5784 posita
1757 5723 1863 5781 est,

1964 1915 2289 1984 byterorutn,
2335 1926 2430 1969 seu
2476 1911 2853 1983 episcoporum
2878 1952 2895 1979 ,
2956 1921 3118 1982 atque
3173 1912 3543 1969 coenobiorum

1964 2011 2297 2075 praeparatur
2336 2017 2473 2059 crux
2516 2010 2641 2059 ante
2684 2000 2889 2068 altare,
2926 2009 2982 2057 et
3034 2008 3371 2059 sustentatur
3414 2005 3544 2060 hinc

1965 2096 2090 2149 inde
2114 2111 2145 2149 a
2178 2093 2386 2152 duobus
2429 2094 2675 2166 acolytis,
2705 2095 2882 2164 posito
2932 2104 3058 2150 ante
3109 2110 3231 2151 eam
3278 2096 3460 2151 orario
3486 2095 3540 2161 ἀ,

1964 2185 2113 2241 venit
2139 2183 2395 2256 pontifex
2420 2183 2589 2250 solus,
2618 2193 2673 2238 et
2719 2185 2999 2239 adoratam
3044 2186 3388 2242 deosculatur
3422 2202 3543 2244 cru-

1965 2291 2105 2335 cem.
2148 2276 2351 2331 Deinde
2380 2276 2682 2348 presbyteri
2713 2285 2769 2333 et
2796 2277 3004 2333 diaconi
3027 2286 3083 2334 et
3106 2282 3287 2336 caeteri
3319 2295 3417 2350 per
3453 2297 3560 2337 ομ

1965 2368 2169 2434 dinem,
2196 2368 2385 2423 deinde
2416 2366 2664 2439 populus.
2697 2368 2944 2425 Pontifex
2974 2386 3105 2426 vero
3145 2372 3294 2427 sedet
3336 2373 3388 2427 in
3415 2374 3543 2430 sede

1964 2458 2136 2517 donec
2157 2473 2347 2514 omnes
2372 2458 2627 2514 salutent.
2655 2470 2678 2497 ο
2700 2458 3007 2531 Presbyteri
3035 2478 3163 2517 vero
3184 2462 3289 2518 duo
3308 2464 3539 2533 priores,

1966 2549 2198 2604 salutata
2248 2562 2431 2615 cruce,
2476 2550 2680 2604 intrant
2735 2552 2790 2604 in
2834 2552 3157 2618 sacrarium,
3188 2560 3242 2609 et
3293 2552 3543 2610 deferunt

1965 2656 2165 2712 corpus
2182 2639 2421 2705 Domini,
2451 2640 2592 2710 quod
2620 2641 2797 2713 pridie
2818 2643 3100 2709 remansit,
3127 2654 3389 2713 ponentes
3413 2645 3542 2702 illud

1964 2733 2021 2795 in
2050 2740 2269 2804 patens,
2297 2740 2353 2788 et
2380 2731 2740 2788 subdiaconus
2778 2740 2927 2789 tenet
2969 2745 3096 2793 ante
3142 2736 3288 2806 ipsos
3319 2737 3541 2793 calicem

1964 2839 2092 2879 cum
2134 2824 2260 2877 vino
2298 2836 2407 2877 non
2450 2823 2787 2886 consecrato;
2815 2831 2870 2883 et
2892 2821 3028 2879 alter
3057 2825 3420 2881 subdiaconus
3448 2842 3543 2896 pa-

1964 2920 2147 2977 tenam
2197 2927 2321 2968 cum
2372 2912 2682 2982 supradicto
2724 2926 2953 2982 corpore
2997 2912 3235 2980 Domini,
3265 2932 3297 2971 a
3347 2917 3544 2987 quibus

1965 3004 2237 3073 accipiunt
2281 3002 2583 3073 presbyteri
2631 3010 2883 3072 patenam
2933 3011 2990 3057 et
3036 3003 3297 3071 calicem,
3341 3014 3398 3062 et
3448 3023 3543 3077 po-

1964 3100 2101 3148 nunt
2122 3107 2284 3162 super
2303 3091 2474 3147 altare
2499 3092 2777 3147 nudatum.
2801 3090 3048 3147 Pontifex
3067 3107 3195 3149 vero
3221 3095 3387 3156 sedet.
3414 3096 3540 3151 dum

1965 3185 2166 3240 salutat
2204 3183 2434 3255 populus
2477 3197 2715 3244 crucem.
2750 3181 3029 3238 Salutante
3062 3184 3205 3243 enim
3235 3186 3385 3256 prius
3409 3203 3541 3258 pon-

1968 3276 2110 3330 tiﬁce
2140 3290 2233 3329 seu
2279 3273 2505 3344 pepulo,
2530 3281 2783 3334 cantatur
2804 3272 3096 3351 antipbona
3122 3288 3137 3327 :
3167 3273 3301 3330 Ecce
3342 3275 3543 3347 lignum

1965 3367 2154 3421 crucis.
2202 3364 2348 3419 Psal.
2388 3362 2537 3417 Beati
2564 3363 2912 3421 immaculati.
2948 3362 3081 3419 Item
3119 3363 3544 3421 :Crucemtumn

1964 3458 2247 3511 adoramus
2268 3496 2284 3522 ,
2340 3464 2445 3510 etc.
2492 3454 2636 3509 Psal.
2680 3453 2822 3509 Deus
2849 3455 3179 3513 misereatur.
3218 3455 3335 3519 Alia
3363 3476 3381 3512 z
3402 3457 3544 3513 Dum

1964 3549 2271 3621 fabricator.
2322 3544 2547 3615 Quando
2593 3548 2735 3603 hanc
2780 3560 2996 3603 crucem
3048 3550 3355 3616 adoramus,
3384 3566 3545 3609 omne

1965 3656 2164 3713 corpus
2190 3648 2433 3696 nostrum
2474 3640 2678 3695 mereat
2706 3647 2898 3705 terrai,
2934 3647 2991 3694 et
3019 3638 3195 3710 ipsum
3220 3657 3381 3712 quem
3409 3643 3543 3698 ado-

1967 3749 2171 3800 ramus,
2193 3735 2349 3805 quasi
2373 3735 2696 3805 pendentem
2722 3735 2778 3789 in
2803 3750 2865 3789 ea
2891 3743 3073 3790 mente
3102 3751 3409 3805 cernamus,
3436 3738 3545 3792 vin-

1968 3833 2243 3896 tutemque
2286 3841 2450 3896 quam
2478 3827 2690 3896 accepit
2730 3841 2798 3880 ex
2828 3825 2921 3881 Dei
2946 3825 3105 3893 Filio,
3136 3826 3308 3897 ipsam
3351 3826 3545 3883 adora-

1967 3932 2106 3972 mus.
2141 3914 2543 3972 Prosternimur
2577 3915 2597 3955 ί
2627 3929 2850 3985 corpore
2895 3922 3019 3972 ante
3063 3932 3279 3972 crucem
3300 3958 3317 3983 ,
3362 3925 3544 3974 mente

1968 4017 2094 4064 ante
2133 4007 2419 4064 Dominum
2444 4024 2458 4060 :
2483 4021 2807 4062 veneramur
2848 4021 3065 4063 crucem
3109 4022 3207 4077 per
3246 3992 3410 4078 quam
3457 4021 3544 4062 re-

1967 4098 2169 4171 dempti
2194 4112 2402 4161 sumus,
2428 4105 2483 4152 et
2502 4096 2652 4151 illum
2673 4095 3027 4167 deprecamur
3045 4098 3135 4167 qui
3157 4097 3406 4154 redemit.
3438 4096 3543 4165 Qui

1967 4206 2099 4245 vero
2125 4203 2232 4244 non
2259 4196 2483 4260 possunt
2511 4188 2715 4244 habere
2738 4187 2806 4243 de
2827 4186 2974 4259 ligno
3000 4186 3233 4255 Domini,
3260 4189 3409 4245 salva
3437 4188 3542 4245 ﬁde
3611 4204 3617 4209 ’

1971 4282 2197 4345 adorant
2224 4278 2368 4334 illam
2412 4294 2577 4348 quam
2608 4279 2827 4346 habent,
2856 4279 2924 4333 de
2947 4278 3142 4349 quibus
3184 4280 3542 4335 venerationi-

1967 4371 2070 4426 bus
2097 4385 2218 4440 quae
2243 4369 2587 4434 conveniunt,
2611 4382 2709 4438 per
2737 4367 2975 4438 singulas
3000 4368 3276 4424 orationes
3300 4369 3544 4439 superio-

1971 4478 2057 4519 res
2075 4504 2089 4527 ,
2118 4462 2309 4518 beatus
2355 4459 2592 4517 Joannes
2633 4459 3049 4531 Chrysostomus
3076 4461 3217 4516 inter
3242 4469 3435 4517 cetera
3462 4462 3543 4518 sic

1969 4552 2104 4607 dicit
2131 4553 2178 4605 ε.
2208 4568 2229 4602 ι
2256 4550 2403 4605 Crux
2425 4551 2452 4591 ιι
2474 4549 2641 4625 480
2658 4549 2911 4605 Ecclesiae
2934 4550 3360 4618 fundamentum,
3381 4560 3543 4622 atque

1965 4644 2116 4701 orbis
2148 4647 2308 4697 terrae
2334 4641 2565 4695 cautela.
2610 4639 2757 4697 Crux
2785 4640 3125 4697 annuntiatio
3152 4641 3538 4711 apostolorum,

1968 4732 2218 4803 gloriatio
2244 4740 2564 4802 martyrum,
2596 4746 2720 4801 spes
2746 4730 3199 4787 Christianorum.
3228 4730 3369 4787 Crux
3405 4749 3540 4805 gau-

1967 4823 2117 4878 dium
2162 4822 2518 4885 sacerdotum,
2560 4822 2829 4892 virginum
2872 4823 3125 4889 castitas,
3154 4824 3542 4881 monachorum

1969 4911 2315 4967 abstinentia.
2358 4909 2501 4966 Crux
2553 4912 2937 4982 imperatorum
2981 4911 3334 4983 philosophia,
3364 4924 3419 4968 et
3449 4929 3538 4970 re-

1970 5016 2097 5072 gum
2125 5000 2548 5071 magniﬁcentia,
2568 5008 2622 5055 et
2650 5001 2946 5056 destructio
2972 5002 3347 5071 superborum.
3395 5003 3542 5061 Crux

1969 5090 2347 5161 aegrotandum
2376 5091 2641 5155 medicus,
2685 5090 3050 5161 navigantium
3081 5091 3417 5160 gubernatio,
3453 5102 3539 5146 at-

1971 5196 2075 5253 que
2118 5180 2534 5251 periclitantium
2578 5190 2787 5253 portus.
2837 5181 2984 5237 Crux
3030 5182 3426 5237 insensatorum
3457 5200 3543 5238 sa-

1972 5309 2143 5364 usque
2171 5294 2240 5349 ad
2267 5292 2502 5364 medium
2530 5294 2755 5364 chorum
2792 5294 3011 5349 circiter
3034 5311 3047 5347 :
3071 5293 3212 5362 quod
3241 5295 3405 5348 etiam
3440 5290 3542 5351 hoc

1974 5362 2358 5441 temporgﬁeri
2388 5362 2522 5441 solet
2556 5362 2617 5441 in
2634 5364 2956 5441 quibusdam
2980 5363 3223 5441 ecclesiis
3238 5372 3347 5441 ._et
3365 5365 3418 5417 in
3446 5379 3537 5419 uo-

1972 5432 2166 5491 stra‘S.
2198 5434 2541 5487 Emmerami.
2573 5432 2724 5490 Ηυὸο
2752 5433 2997 5494 Menas».
3026 5434 3084 5489 in
3107 5442 3219 5490 not.
3247 5434 3372 5489 288.

2048 5518 2072 5542 σε
2110 5504 2309 5567 Amal.,
2340 5518 2457 5573 cap.
2495 5501 2582 5556 15.

2048 5575 2066 5613 τ
2109 5574 2305 5638 Amat.,
2331 5573 2431 5628 loc.
2455 5573 2546 5626 cit.

2043 5648 2068 5685 ε
2108 5642 2165 5715 S.
2196 5641 2712 5715 Chry_sost.,_llomil.
2730 5644 2784 5699 in
2811 5651 3056 5699 sanctam
3080 5643 3309 5700 Crucem
3329 5643 3532 5715 Spuria.

2041 5716 2065 5756 δ
2106 5713 2303 5781 Amal.,
2335 5713 2439 5769 loc.
2468 5713 2559 5767 cit.
