4092 6490
533 339 662 394 12H

1386 340 1448 396 Β.
1488 340 1554 396 F.
1595 339 1826 398 ALBlNl
1863 340 1996 398 SEU
2035 337 2317 396 ALCUINI
2351 339 2641 400 OPERUM
2678 342 2859 399 PARS
2891 342 2984 398 ιχ.

3669 319 3821 398 ista

525 456 753 527 pientia,
796 464 958 525 atque
997 454 1221 512 libertas
1261 472 1563 512 servorum.
1609 456 1757 512 Crux
1799 455 2116 512 scandalum
2143 457 2191 514 Δ
2223 467 2333 513 tam
2378 461 2578 516 audivi.
2611 459 2766 516 Unde
2815 463 2976 516 toties
3026 469 3078 516 te
3122 470 3405 532 rogantem
3453 461 3655 527 distuli,
3682 465 3818 533 quia

527 544 835 600 Judaorum
879 555 1043 615 atque
1083 546 1314 617 perditio
1343 547 1655 616 impiorum.
1701 547 1852 602 Crux
1891 547 2120 618 templo-

528 655 650 694 rum
680 640 983 695 destructio
1007 647 1063 694 et
1092 640 1329 711 repulsio
1359 641 1647 696 idolorum.
1672 660 1690 694 ι

603 733 721 801 Qua
749 733 983 790 salutata
1026 744 1084 789 et
1109 735 1350 805 reposita
1376 735 1432 790 in
1460 736 1581 792 loco
1607 751 1705 791 suo
1723 775 1736 799 ,
1765 721 1915 789 venit
1943 743 2118 805 ponti-

530 824 619 880 fex
651 834 778 882 ante
814 827 988 882 altare
1031 834 1088 882 et
1114 827 1289 882 dicit:
1317 826 1601 900 Praeceptis
1647 826 1970 882 salutaribus
1999 810 2123 880 'mo-

530 917 648 971 niti.
699 915 862 971 Pater
909 927 1103 971 noster.
1153 914 1345 972 Libera
1374 935 1490 982 nos,
1522 935 1845 990 quantumue,
1873 917 2116 971 Domine.

529 1006 667 1063 Cum
693 1023 822 1062 vero
861 1007 1122 1073 dixerint,
1153 1007 1342 1074 Amen,
1371 1009 1537 1063 sumit
1558 1009 1624 1064 de
1652 1024 1793 1079 pane
1825 1017 2035 1073 sancto,
2067 1017 2122 1063 et

529 1103 682 1171 ponit
710 1101 763 1155 in
790 1101 1013 1157 calicem
1037 1100 1263 1157 silendo.
1296 1100 1416 1155 Pax
1434 1099 1652 1156 Domini
1674 1117 1782 1156 non
1815 1101 1967 1166 dicit,
1994 1101 2121 1170 quia

533 1211 641 1249 non
667 1203 970 1264 sequuntur
1001 1192 1186 1248 oscula
1213 1192 1706 1248 circumstantium.
1738 1190 2123 1247 Sanctiﬁcatur

533 1293 716 1340 autem
766 1286 950 1339 vinum
993 1299 1102 1340 non
1149 1295 1522 1340 consecratum
1573 1300 1673 1355 per
1727 1283 2124 1339 sanctiﬁcatum

534 1392 730 1446 panem
761 1389 809 1430 ιι.
859 1376 1011 1430 Tunc
1053 1375 1457 1431 communicant
1487 1390 1678 1430 omnes
1716 1391 1838 1431 cum
1884 1373 2121 1438 silentio,

533 1475 588 1521 ct
618 1466 830 1536 expleta
859 1475 986 1520 sunt
1011 1466 1287 1522 universa.
1316 1466 1394 1523 De
1421 1467 1525 1523 hac
1553 1475 1731 1522 autem
1762 1466 2127 1522 communica-

537 1559 683 1613 tione
707 1567 890 1613 utrum
913 1558 1106 1614 debeat
1133 1557 1271 1621 ﬁeri,
1297 1573 1465 1628 supra
1491 1559 1724 1614 relatum
1746 1565 1849 1614 est.
1884 1559 2126 1630 Denique

537 1659 757 1721 petente
775 1651 935 1705 hodie
949 1666 1145 1719 corpus
1159 1649 1373 1705 Domini
1395 1648 1594 1718 Ioseph
1614 1665 1758 1716 sero,
1785 1658 1842 1705 et
1854 1650 2124 1721 aspicien-

539 1744 687 1799 tibus
721 1741 1039 1798 mulieribus
1060 1757 1252 1812 usquc,
1279 1741 1504 1811 sepulto,
1523 1750 1854 1796 revertentes
1874 1751 2125 1796 emerunt

2220 566 2322 606 nec
2348 552 2465 617 tibi,
2496 568 2596 608 nec
2619 551 2915 622 quidquam
2947 551 3248 625 [cuiquam]
3282 552 3484 623 aliquid
3511 553 3693 610 dicere
3719 572 3818 609 vo-

2220 640 2329 706 lui,
2360 641 2504 711 quod
2551 657 2656 695 non
2704 641 2942 697 evidenti
2993 643 3233 704 ratione,
3265 651 3360 698 aut
3405 643 3818 714 Scriptor-arum

2221 732 2546 788 auctoritate
2571 746 2785 803 possem
2805 733 3058 802 probare.
3087 732 3226 802 Quid
3248 744 3430 791 autem
3457 738 3586 793 mihi
3611 739 3816 794 exinde

2218 824 2488 890 videatur,
2523 824 2648 880 viva
2675 840 2808 881 voce
2849 833 3122 895 utcunque
3148 827 3244 882 tibi
3287 828 3440 883 nisus
3467 845 3586 884 sum
3611 830 3815 901 expla—

2220 930 2370 979 nare,
2398 922 2458 969 ut
2485 915 2564 970 sic
2592 931 2678 970 me
2722 916 3079 972 subducerem
3105 919 3175 974 ab
3219 919 3325 976 hac
3370 922 3811 992 scrupulositate.

2220 1003 2355 1059 Cum
2402 1006 2547 1059 enim
2583 1005 2730 1061 dicat
2773 1005 3052 1071 Salomon,
3093 1007 3298 1062 Altiora
3351 1020 3405 1065 te
3453 1028 3517 1066 ne
3559 1012 3816 1066 scrutaris

2223 1093 2414 1165 (Ecctt'.
2446 1111 2529 1162 ιιι,
2557 1095 2674 1167 22),
2721 1111 2917 1151 vereor
2944 1096 3037 1152 illa
3063 1107 3316 1170 appetere
3341 1101 3410 1157 ad
3432 1117 3554 1171 quae
3573 1103 3820 1158 tenuitas

2222 1185 2476 1254 ingenioli
2520 1186 2626 1241 mei
2668 1202 2776 1242 non
2806 1187 2986 1242 valeat
3021 1205 3329 1261 assurgere.
3363 1188 3631 1249 Modulum
3660 1196 3816 1250 enim

2223 1292 2380 1331 suum
2405 1292 2846 1349 unumquemque
2872 1281 3219 1336 considerare
3250 1282 3550 1354 prudenter
3580 1299 3680 1342 nos
3708 1285 3818 1341 ad-

2225 1377 2409 1424 monet
2435 1369 2653 1441 lyricus,
2686 1370 2872 1426 dicens
2899 1389 2915 1425 :

2379 1459 2467 1511 Est
2488 1462 2726 1525 quoddam
2751 1464 2946 1524 prodire
2967 1472 3133 1525 tenus,
3160 1466 3201 1513 sl
3229 1478 3324 1515 non
3345 1465 3490 1516 datur
3510 1465 3652 1517 ultra.

2226 1543 2360 1598 Cum
2389 1559 2520 1614 ergo
2563 1544 2722 1615 hujus
2752 1545 2830 1600 rei
2869 1545 3200 1601 audientiam
3246 1547 3343 1602 tibi
3372 1546 3614 1604 sulﬁcere
3644 1549 3823 1605 dixis-

2228 1649 2366 1699 sem,
2392 1642 2645 1689 causatus
2669 1650 2729 1690 es
2755 1633 3003 1707 fragilem
3041 1651 3163 1691 esse
3191 1637 3442 1692 humanae
3465 1640 3662 1694 mentis
3692 1655 3819 1696 me-

2229 1726 2481 1791 moriam,
2509 1741 2612 1781 nec
2635 1726 2821 1781 audita
2860 1726 2951 1781 diu
2980 1727 3233 1792 retinere,
3261 1737 3316 1784 et
3352 1730 3422 1786 ob
3457 1731 3562 1787 hoc
3601 1732 3823 1787 litteras

539 1844 808 1902 aromata,
839 1844 895 1892 et
939 1803 1578 1907 unguenta,vet'sabbato
1625 1837 1873 1904 sequenti
1899 1844 2121 1906 propter
2155 1803 2200 1864 Β
2226 1830 2347 1871 esse
2386 1826 2658 1886 repertas,
2703 1817 2900 1907 Ψιίῧιιδ
2941 1817 3105 1872 Oblita
3151 1833 3250 1889 Per
3293 1819 3578 1886 incuriam:
3603 1822 3823 1892 Ροεείηῑ

544 1927 859 1982 mandatum
907 1927 1194 1992 siluerunt,
1239 1936 1600 1996 parantesque
1631 1936 1898 1993 aromata,
1945 1943 2136 1993 mane,

541 2029 603 2072 ut
623 2025 888 2088 ungerent
912 2033 1109 2087 corpus
1135 2017 1371 2082 Domini,
1404 2027 1694 2072 venerunt.

613 2107 853 2175 Quaestio
878 2126 893 2162 :
919 2108 1100 2176 Quare
1128 2110 1345 2165 dicatur
1369 2109 1632 2166 Dominus
1660 2110 1835 2167 tribus
1862 2110 2056 2167 diebus
2074 2121 2132 2166 et

545 2200 719 2256 tribus
768 2195 1019 2256 noctibus
1065 2198 1233 2255 fuisse
1274 2201 1329 2255 in
1377 2201 1541 2256 corde
1584 2209 1764 2263 teme,
1808 2218 1962 2265 cum,
1990 2203 2135 2257 sicut

543 2291 878 2362 evangelista
925 2290 1114 2356 refert,
1143 2289 1446 2345 Parascevc
1493 2292 1628 2346 hora
1677 2299 1830 2346 sexta
1857 2292 1930 2346 sit
1957 2292 2134 2347 cruci-

547 2384 706 2450 ﬁxus,
737 2391 795 2438 et
839 2383 1058 2438 circiter
1097 2385 1233 2438 hora
1263 2397 1425 2446 nona,
1457 2383 1712 2438 inclinato
1741 2384 1940 2454 capite,
1967 2384 2132 2456 spiri-

545 2486 658 2532 tum
687 2474 950 2541 emiserit,
974 2476 1201 2530 sabbato
1221 2475 1276 2529 in
1299 2476 1545 2545 sepulcro
1568 2476 1854 2545 quieverit,
1877 2483 1934 2530 et
1956 2475 2133 2546 prima

547 2566 764 2622 sabbati
790 2565 946 2622 valde
967 2565 1202 2621 diluculo
1225 2580 1258 2619 a
1277 2571 1507 2621 mortuis
1534 2567 1866 2622 surrexerit?
1896 2565 2006 2623 Sed
2030 2567 2134 2622 hoc

547 2655 974 2729 synecdochicos
1026 2657 1399 2725 accipiendum
1449 2668 1571 2724 est,
1603 2671 1635 2712 a
1682 2666 1837 2728 parte
1882 2658 2136 2714 videlicet

548 2755 740 2802 totum.
792 2745 926 2801 Nam
966 2747 1013 2802 si
1055 2756 1264 2816 partem
1308 2746 1639 2803 Parasceves
1683 2765 1807 2803 cum
1857 2749 2134 2820 praeterita

547 2844 706 2892 nocte
736 2852 842 2906 qua
873 2838 1299 2907 comprehensus
1322 2845 1425 2903 est,
1455 2839 1709 2909 accipias,
1739 2840 1976 2909 itemque
2005 2841 2133 2895 sab-

546 2928 730 2982 batum
760 2943 884 2981 cum
913 2942 1010 3007 sua
1038 2927 1393 2983 nihilominus
1419 2939 1596 2996 nocte,
1621 2938 1676 2984 et
1705 2946 1894 2984 rursus
1919 2939 2134 2987 noctem

548 3018 883 3072 Dominicam
925 3033 1049 3073 cum
1097 3019 1290 3074 eodem
1335 3019 1446 3086 die,
1471 3036 1579 3092 quo
1625 3021 1971 3078 illucescente
2014 3038 2136 3078 sur-

2229 1907 2537 1977 rccuperari
2567 1921 2665 1976 per
2691 1906 3047 1978 diligentiam,
3073 1917 3130 1963 et
3167 1909 3292 1965 ideo
3327 1911 3509 1967 acrius
3547 1911 3820 1976 institisti,

2227 2005 2290 2051 ut
2315 1997 2432 2052 haec
2462 1997 2558 2051 tibi
2587 1997 2947 2067 qualicunque
2976 1997 3116 2069 style
3153 1999 3350 2057 litteris
3392 2001 3648 2056 mandata
3690 2017 3825 2057 con-

2231 2088 2520 2143 traderem.
2570 2087 2628 2143 Si
2670 2088 2802 2158 quid
2847 2103 2977 2159 ergo
3025 2090 3268 2159 ineptum
3315 2092 3662 2161 processerit,
3707 2107 3822 2146 non

2229 2194 2363 2235 meat
2394 2179 2709 2245 temeritati,
2738 2179 2835 2235 sed
2858 2188 2964 2234 tuae
2981 2181 3182 2250 justius
3223 2181 3575 2251 imputabitur
3609 2181 3830 2253 impor—

2231 2273 2469 2328 tunitati.
2499 2271 2817 2342 Quanquam
2841 2273 2988 2327 haud
3016 2273 3150 2340 scio,
3180 2280 3494 2328 utrumnam
3521 2272 3665 2343 quod
3695 2288 3831 2328 sene

2230 2367 2327 2434 tio,
2352 2368 2534 2422 verbis
2555 2367 2763 2422 valeam
2790 2367 3086 2437 explicare.

2302 2456 2512 2524 Quaeris
2541 2456 2707 2526 igitur
2747 2471 2872 2510 cum
2897 2465 3209 2512 sanctorum
3236 2456 3369 2522 dies,
3396 2456 3593 2527 quibus
3618 2454 3685 2511 de
3712 2455 3830 2513 hoc

2232 2548 2430 2603 saeculo
2458 2548 2851 2618 migraverunt,
2891 2549 3204 2603 solemniter
3230 2556 3287 2603 et
3320 2562 3444 2603 cum
3491 2562 3686 2618 magna
3724 2561 3829 2603 ex-

2232 2638 2524 2693 sultatione
2568 2638 2929 2703 celebremus,
2955 2639 3091 2694 adeo
3115 2646 3174 2693 ut
3205 2639 3257 2694 in
3289 2638 3444 2710 ipsis,
3473 2637 3829 2694 abstinentiae

2233 2729 2623 2798 aliquantulum
2671 2729 2850 2801 rigore
2879 2728 3088 2794 laxato,
3123 2729 3396 2800 paululum
3433 2729 3714 2786 remissius
3740 2728 3826 2783 vi-

2234 2836 2446 2886 vamus,
2463 2835 2564 2873 cur
2581 2818 2725 2874 diem
2748 2820 3015 2890 passionis
3035 2819 3258 2886 Christi,
3276 2834 3384 2890 quo
3403 2819 3472 2874 de
3494 2821 3598 2875 hoc
3617 2820 3829 2875 mundo

2233 2926 2333 2981 per
2373 2919 2603 2964 mortem
2641 2909 2873 2974 transiit,
2908 2911 3047 2966 sicut
3084 2908 3438 2981 Evangelium
3477 2917 3732 2975 testatur,
3761 2907 3829 2964 in

2234 3017 2428 3073 magna
2458 2999 2748 3056 afﬂictione
2789 3010 2844 3054 et
2888 3000 3072 3056 carnis
3115 3000 3485 3056 maceratione
3530 3000 3829 3070 cordisque

547 3112 713 3176 rexit,
751 3111 993 3166 invenies
1039 3110 1282 3180 profecto
1326 3087 1597 3182 integrum
1632 3114 1868 3169 triduum
1917 3122 1973 3168 et
2022 3123 2133 3170 tres

2235 3093 2561 3146 contritione
2578 3089 2869 3159 jubeamur
2894 3090 3204 3156 celebrare,
3230 3104 3394 3160 quam
3421 3088 3503 3161 (ut
3531 3087 3633 3161 ais)
3658 3102 3830 3159 opor-

2238 3192 2413 3206 .--Α-Αι
2445 3190 2591 3206 ...η-Α
2625 3182 2906 3206 ---ιιι-Α---
2969 3190 3227 3206 ι--.--..-
3265 3181 3508 3206 ι’..-ιΞ-Δ..-
3559 3181 3668 3206 2.-,ι
3710 3180 3791 3206 -1-

548 3208 758 3256 noctes.
811 3199 1104 3256 Scicndum
1135 3201 1321 3268 etiam,
1349 3202 1492 3270 quod
1521 3202 1680 3273 dupla
1707 3214 1824 3258 erat
1853 3220 2001 3259 mors
2038 3220 2134 3260 no-

549 3303 686 3359 stra,
714 3293 768 3346 in
800 3294 983 3347 anima
1014 3293 1264 3348 videlicet
1307 3301 1362 3347 et
1399 3293 1452 3347 in
1483 3310 1732 3364 corpore.
1760 3295 1960 3351 Christi
2005 3312 2135 3352 vero

549 3402 700 3442 mors
726 3387 916 3457 simpla
943 3387 1065 3453 fuit,
1090 3388 1216 3457 quia
1238 3398 1543 3459 peccatum,
1571 3391 1713 3460 quod
1735 3401 1816 3446 est
1843 3407 1990 3448 mors
2019 3393 2136 3447 ani—

549 3494 672 3544 mze,
704 3496 811 3534 non
839 3480 1092 3547 admisit;
1124 3479 1266 3535 sicut
1295 3480 1411 3550 ejus
1441 3485 1768 3538 resurrectio
1794 3485 1985 3554 simpla
2014 3484 2133 3539 fuit.

549 3569 812 3625 Dominus
835 3580 1019 3625 autem
1047 3571 1269 3642 triginta
1297 3588 1392 3627 sex
1422 3573 1572 3628 horis
1587 3571 1760 3642 jacuit
1783 3574 1837 3628 in
1862 3575 2135 3644 sepulcro,

550 3675 660 3715 uno
689 3659 941 3714 videlicet
962 3660 1052 3715 die
1079 3668 1136 3714 et
1162 3661 1370 3716 duabus
1395 3663 1665 3722 noctibus.
1695 3662 1987 3718 Duodecim
2011 3678 2138 3718 vero

553 3751 700 3805 hora:
715 3750 843 3815 diei,
867 3751 933 3804 ad
955 3751 1143 3820 viginti
1169 3760 1400 3820 quatuor
1427 3753 1592 3807 horas
1613 3753 1842 3808 duarum
1873 3754 2134 3819 noctium,

552 3843 804 3915 simplum
855 3845 924 3900 ad
965 3843 1205 3914 duplum.
1259 3843 1327 3898 Et
1378 3846 1662 3900 duodecim
1723 3846 1940 3915 quidem
1991 3846 2140 3901 horae

554 3937 784 3998 diurnm,
799 3936 1006 4004 simpla:
1026 3937 1187 3990 morti
1214 3939 1384 3991 nostri
1410 3939 1765 4008 redemptoris
1787 3941 2136 3995 conveniunt:

552 4029 742 4100 viginti
771 4039 1004 4098 quatuor
1030 4037 1208 4083 autem
1231 4037 1527 4096 nocturnzc,
1558 4032 1626 4086 ad
1650 4031 1867 4102 duplam
1894 4044 2145 4089 nostram

553 4121 901 4176 consentiunt
928 4130 1180 4176 mortem.
1220 4118 1411 4190 Magno
1456 4122 1623 4192 igitur
1667 4133 2008 4180 sacramento
2034 4140 2140 4179 una

551 4215 641 4270 die
665 4223 720 4268 et
745 4214 954 4270 duabus
978 4215 1228 4270 noctibus
1246 4212 1421 4282 jacuit
1441 4215 1495 4269 in
1519 4216 1788 4285 sepulcro,
1813 4216 1938 4285 quia
1963 4215 2140 4272 lucem

553 4305 762 4376 simpla:
811 4305 1001 4360 mortis
1051 4321 1180 4368 sum,
1211 4305 1450 4359 tenebris
1502 4306 1673 4377 dupla:
1717 4307 1916 4362 mortis
1942 4317 2143 4363 nostra:

553 4394 817 4462 adjunxit.
862 4395 1098 4450 Veniens
1130 4395 1275 4449 enim
1305 4395 1372 4449 ad
1405 4409 1523 4458 nos,
1552 4396 1644 4465 qui
1676 4395 1729 4448 in
1759 4405 1934 4451 morte
1963 4398 2143 4452 carnis

554 4487 726 4556 pressi
775 4502 1016 4549 eramus,
1061 4503 1224 4539 unam
1277 4501 1456 4550 suam,
1486 4486 1538 4541 id
1569 4495 1654 4541 est
1687 4487 1867 4542 carnis

553 4579 784 4644 detulit,
833 4586 889 4632 et
934 4578 1069 4634 duas
1121 4586 1338 4634 nostras
1390 4577 1655 4633 absolvit:
1686 4578 1934 4647 simplam
1986 4595 2143 4633 suam

555 4671 731 4741 dupla:
779 4679 979 4725 nostrae
1032 4669 1280 4737 contulit,
1309 4678 1366 4726 et
1394 4670 1614 4741 duplam
1645 4681 1888 4725 nostram
1905 4671 2139 4742 subegit.

559 4781 970 4855 erstio:Cur
1014 4782 1262 4855 natalitia
1312 4793 1614 4855 sanctorum
1657 4783 1980 4855 inrlqgtitia,
2033 4780 2145 4836 Pa-

628 4871 833 4910 rascere
856 4871 973 4908 vero
995 4854 1048 4906 in
1074 4851 1661 4919 tristitia'telebremus;
1693 4854 1758 4909 ab
1788 4853 2005 4924 Elprico
2033 4870 2147 4906 mo-

629 4926 797 4979 nacho
817 4926 844 4965 ι’
874 4926 1015 4979 edita
1039 4935 1087 4977 ο.

626 5019 990 5086 Qumstionem
1021 5033 1049 5070 a
1086 5026 1173 5072 tua
1205 5018 1495 5072 dilectione
1525 5017 1657 5070 mihi
1699 5016 2053 5085 propositam,
2080 5029 2147 5069 eo

558 5109 824 5167 ditlicilius
870 5109 1156 5179 aggredior
1202 5109 1596 5172 elucidandam,
1628 5124 1736 5178 quo
1781 5107 1920 5162 hanc
1949 5123 2050 5162 nec
2090 5108 2147 5162 in

559 5204 777 5257 Patrum
807 5201 1027 5271 scriptis
1056 5202 1359 5270 expositam
1387 5201 1648 5254 hactenus
1677 5199 1875 5269 reperi,
1905 5215 2004 5254 nec
2035 5215 2150 5254 ma-

558 5293 852 5366 gistrorum
887 5289 1176 5344 traditione
1205 5290 1445 5360 percepi,
1471 5290 1565 5344 sed
1597 5304 1696 5343 nec
1721 5290 1790 5342 ab
1819 5289 1928 5343 ullo
1955 5290 2150 5358 quaesi-

635 5422 658 5450 ιι
697 5408 822 5462 ﬂare
859 5422 966 5463 non
1007 5414 1079 5461 ita
1128 5408 1463 5477 accupienda,
1493 5421 1645 5475 quas:
1673 5405 1856 5459 vinum
1885 5421 1991 5459 non
2021 5421 2151 5459 con-

563 5489 830 5535 seCratum
859 5493 956 5546 per
979 5477 1242 5546 ejusmodi
1269 5477 1647 5531 admislionem
1678 5485 1917 5539 transeat
1944 5477 1995 5529 in
2025 5491 2152 5529 san—

563 5552 776 5621 guinem
802 5548 1033 5621 Christi;
1055 5549 1157 5621 sed
1182 5550 1325 5621 quod
1348 5547 1828 5621 sanctiﬁcationem
1858 5547 2149 5621 quamdam

564 5617 888 5678 Exteriorcm
920 5619 973 5672 in
1018 5619 1284 5688 ejusmodi
1315 5619 1691 5672 commistione
1735 5618 2014 5687 percipiat.
2068 5617 2148 5688 Ex

564 5709 669 5762 quo
698 5689 945 5762 notanda,
965 5687 1058 5762 est
1085 5688 1691 5762 antiquaconsuetudo,
1720 5688 2042 5762 qua:_adhuc
2070 5687 2151 5740 vi-

565 5757 674 5836 get,
706 5761 849 5834 quod
897 5759 1151 5815 nimirum
1197 5758 1476 5814 celebrans
1523 5760 1574 5813 in
1613 5767 1799 5813 sancta
1847 5757 2149 5812 Parasccve

2237 3192 2416 3238 tuerat
2445 3190 2596 3238 tanto
2624 3182 2940 3248 sublimius,
2969 3190 3228 3251 tantoque
3263 3181 3530 3246 festivius,
3559 3181 3672 3236 imo
3707 3180 3827 3235 ala-

2232 3275 2378 3330 crius
2419 3274 2690 3337 excolere.
2717 3281 2920 3345 quanto
2950 3280 3166 3328 constat
3190 3271 3468 3329 Christum
3505 3279 3833 3330 sanctorum

2231 3366 2475 3422 omnium
2521 3366 2774 3421 meritum
2830 3365 3231 3420 transcendere.
3279 3361 3455 3431 Quod,
3486 3372 3546 3418 ut
3574 3371 3829 3430 autumo,

2235 3465 2385 3511 recte
2409 3456 2703 3522 diceretur,
2725 3452 2980 3525 justeque
3005 3455 3122 3510 dies
3165 3453 3255 3508 illa
3282 3455 3494 3509 cunctis
3519 3450 3831 3512 festivitati-

2235 3548 2338 3602 bus
2358 3547 2654 3602 solemnior
2681 3546 2996 3612 haberetur,
3023 3559 3087 3600 ac
3111 3542 3406 3613 jucundius
3433 3544 3828 3612 celebraretur.

2235 3639 2282 3694 si
2314 3637 2586 3702 Christus,
2611 3646 2672 3691 ut
2693 3652 2863 3708 purus
2890 3637 3074 3702 homo,
3095 3651 3195 3707 per
3219 3635 3571 3705 temporalem
3592 3643 3834 3690 mortem

2237 3731 2307 3787 ad
2346 3744 2468 3784 eam
2518 3729 2744 3800 gloriam
2794 3728 3101 3793 transisset,
3130 3743 3294 3797 quam
3340 3734 3500 3782 antea
3545 3741 3830 3796 nunquam

2238 3821 2556 3891 habuisset.’
2581 3817 2710 3875 Jure
2753 3820 2899 3875 enim
2949 3820 3066 3889 ejus
3114 3819 3297 3890 gloriae
3339 3818 3826 3888 congauderemus,

2237 3926 2404 3981 quam
2431 3925 2554 3964 eum
2582 3925 2680 3980 per
2705 3918 2937 3965 mortem
2966 3916 3317 3964 consecutum
3343 3908 3509 3964 fuisse
3537 3909 3827 3964 sciremus.

2239 4000 2310 4054 At
2337 4013 2468 4053 vero
2488 4013 2611 4052 cum
2635 3999 2873 4054 sciamus
2900 3997 3177 4053 Christum
3206 3998 3302 4053 Dei
3333 3997 3531 4052 Filium
3557 4007 3686 4053 ante
3712 4011 3831 4052 om-

2241 4091 2330 4146 nia
2381 4089 2576 4145 saacula
2605 4104 2820 4161 semper
2846 4089 3083 4144 existere
3122 4087 3433 4160 gloriosum,
3461 4087 3689 4158 ejusque
3719 4088 3833 4161 glo-

2241 4183 2398 4249 riam,
2437 4183 2596 4238 sicuti
2638 4197 2739 4237 nec
2781 4183 2978 4247 minui,
3008 4182 3084 4236 ita
3113 4196 3215 4238 nec
3243 4182 3429 4253 augeri
3453 4195 3644 4252 posse;
3675 4196 3833 4236 eum-

2241 4277 2365 4330 dem
2408 4285 2588 4331 tamen
2625 4291 2725 4346 pro
2762 4283 2950 4331 nostra
2991 4275 3364 4345 redemptione
3403 4282 3612 4330 tantum
3641 4290 3702 4330 se
3729 4274 3832 4330 bu-

2243 4369 2504 4434 miiiasse,
2549 4377 2609 4422 ut
2639 4384 2745 4423 non
2786 4368 2959 4423 solum
3005 4374 3204 4422 nostra:
3232 4365 3415 4422 carnis
3457 4365 3831 4421 morticinium

1912 4497 2140 4543 mortem
2173 4485 2224 4545 Β
2247 4461 2561 4532 dignaretur
2587 4475 2885 4527 assumere,
2915 4474 3105 4514 verum
3139 4459 3305 4513 etiam
3328 4458 3421 4528 qui
3456 4468 3576 4512 erat
3603 4457 3832 4514 immor-

2249 4554 2374 4608 talis
2399 4554 2453 4607 in
2475 4568 2570 4607 sua
2593 4562 2804 4616 natura,
2826 4551 2962 4606 mori
2987 4550 3305 4621 dignaretur
3326 4550 3379 4603 in
3403 4556 3589 4602 nostra
3611 4556 3829 4615 natura,

2246 4645 2302 4700 in
2331 4661 2435 4714 qua
2466 4653 2642 4699 morte
2676 4643 2800 4713 plus
2834 4641 3146 4697 humiliatus
3178 4641 3393 4696 videtur
3429 4655 3592 4711 quam
3619 4640 3832 4695 exalta-

2247 4747 2364 4804 tus;
2393 4747 2450 4793 et
2473 4737 2616 4791 nulla
2642 4737 2725 4791 sui
2751 4737 3078 4792 necessitate
3094 4775 3110 4800 ,
3137 4734 3232 4799 sed
3266 4733 3503 4804 benigna
3527 4741 3582 4788 et
3607 4741 3837 4803 sponta-

2246 4847 2348 4884 nca
2393 4829 2688 4894 voluntate,
2718 4843 2820 4882 nec
2846 4842 2947 4898 pro
2985 4843 3065 4890 se,
3090 4832 3277 4896 utpote
3305 4823 3399 4894 qui
3428 4824 3590 4878 morti
3621 4823 3698 4878 nil
3737 4825 3836 4880 de-

2247 4921 2383 4986 buit,
2434 4919 2530 4975 sed
2580 4935 2680 4990 pro
2727 4919 2910 4983 nobis,
2964 4919 3056 4987 qui
3104 4916 3266 4971 morti
3315 4929 3537 4970 eramus
3589 4915 3832 4981 obnoxii,

2247 5013 2503 5068 sustinuit
2538 5012 2773 5082 :justum
2808 5019 2892 5067 est
2911 5020 2971 5065 ut
2996 5011 3074 5074 hi,
3097 5008 3259 5083 581
3287 5024 3388 5080 pro
3412 5008 3610 5077 quibus
3635 5023 3837 5077 passus

2248 5120 2332 5161 est
2379 5104 2745 5175 impassibilis,
2773 5117 2896 5158 cum
2937 5101 3087 5156 omni
3129 5098 3291 5168 hujus
3332 5099 3514 5155 saeculi
3560 5107 3833 5167 tempore,

2251 5208 2364 5253 tum
2393 5196 2662 5267 praecipue
2688 5197 2740 5249 in
2787 5195 2874 5250 die
2904 5210 3015 5249 suae
3042 5193 3313 5263 passionis
3333 5193 3382 5247 ei
3411 5191 3837 5262 compatiantur,

2249 5305 2348 5360 pro
2390 5303 2450 5342 se
2492 5287 2691 5342 dolenti
2726 5285 3070 5350 condoleant,
3099 5301 3198 5355 pro
3241 5300 3299 5338 se
3328 5283 3566 5338 tristanti
3599 5282 3840 5336 tristitia:

2251 5403 2353 5456 sub
2372 5402 2526 5454 unica
2553 5401 2814 5453 duntaxat
2835 5399 3013 5466 specie
3034 5397 3416 5452 communicet.
3446 5394 3597 5450 Huco
3621 5393 3839 5448 Mann-

2252 5489 2350 5527 DL'S
2376 5480 2495 5526 not.
2527 5471 2635 5524 293
2662 5471 2714 5523 in
2748 5469 2838 5522 lib.
2872 5469 3117 5523 Sacram.
3151 5467 3210 5521 S.
3241 5466 3509 5536 Gregorii.

2324 5545 2351 5583 δ
2392 5543 2467 5595 Ab
2513 5541 2756 5612 Elperico
2797 5540 3074 5612 monacho,
3104 5538 3198 5612 qui
3246 5534 3383 5612 vixi].
3428 5551 3552 5590 szec.
3585 5551 3642 5588 Χ.
3695 5534 3840 5612 Vide

2253 5614 2509 5669 Monitum
2540 5604 2817 5680 praevium.
2855 5608 3053 5680 Mabnl.
3080 5604 3282 5680 Annal.
3309 5607 3399 5680 lib.
3432 5621 3624 5680 xtytn,
3657 5622 3712 5659 ιι.
3741 5604 3840 5672 95,

2251 5696 2306 5742 et
2331 5675 2574 5737 Analect.
2605 5697 2724 5752 pag.
2747 5680 2872 5744 451,
2897 5679 3046 5752 Edit.
3067 5678 3396 5752 Parisxanni
3425 5675 3581 5731 i725.

2329 5767 2351 5794 ι
2393 5747 2722 5808 Titulus-hic
2746 5752 2796 5805 in
2829 5767 2930 5805 ms.
2963 5750 3211 5804 habetur.
3243 5747 3521 5816 Quanam.
