4092 6510
268 412 401 467 1‘113

1076 407 1227 465 OPP.
1270 404 1667 463 SUPPOSITA.
1706 435 1777 445 —
1815 401 1943 457 [ΑΒ.
1987 401 2074 456 DE
2112 398 2362 456 DlVlNlS
2398 396 2703 455 OFFICIIS.

3387 394 3524 451 ηιι

266 524 435 575 vicem
486 519 804 588 rependant,
833 532 1017 571 amore
1060 532 1158 587 pro
1206 532 1264 571 se
1313 514 1594 569 morientis
1638 513 1693 567 in
1739 512 1842 566 hac
1870 513 1916 567 Α
1946 508 2011 562 de
2053 522 2278 563 carcere
2307 508 2374 561 ad
2418 506 2750 572 libertatem,
2781 506 2849 560 de
2892 504 3148 561 servitute
3182 504 3249 558 ad
3280 519 3521 575 regnum.

264 612 603 684 potissimum
643 610 730 665 die
758 610 827 665 ab
853 607 999 663 omni
1039 607 1218 663 carnis
1261 606 1617 662 delectatione
1646 610 1846 659 semet-

264 705 409 771 ipsos
432 698 898 756 commortiflcent.
925 696 983 751 Si
1009 697 1172 759 enim,
1192 696 1348 766 juxta
1372 694 1707 765 Apostolum,
1739 707 1845 746 uno

264 795 446 863 aliquo
494 791 708 848 dolente
753 790 1017 855 membro,
1051 787 1340 843 condoleut
1386 788 1613 856 reliqua,
1640 793 1845 855 quanto

268 884 440 955 magis
480 897 693 938 summo
733 882 973 952 patiente
1020 879 1285 943 membro,
1316 878 1369 932 id
1397 886 1483 933 est
1520 877 1695 947 capite
1737 892 1846 944 quo

268 980 526 1044 reguntur
550 972 732 1028 omnia
760 969 1020 1033 membra,
1042 968 1281 1038 compati
1307 968 1501 1023 debent
1526 967 1613 1021 illa
1635 981 1755 1035 quae
1777 966 1847 1021 ab

267 1078 333 1117 co
376 1069 634 1133 reguntur
670 1059 948 1115 membra?
976 1057 1177 1113 Christi
1213 1064 1395 1112 autem
1435 1070 1559 1110 esse
1601 1054 1847 1109 membra

267 1154 551 1209 credentes
598 1152 652 1208 in
693 1166 849 1215 eum,
879 1150 1162 1220 ipsumque
1207 1154 1370 1217 caput
1410 1145 1651 1202 omnium
1695 1146 1748 1199 in
1790 1159 1848 1199 se

268 1242 623 1307 credentium,
654 1240 833 1295 nullus
874 1240 1089 1308 ignorat
1118 1236 1372 1291 fidelium.
1418 1233 1571 1290 Sicut
1598 1249 1628 1288 e
1657 1243 1847 1287 contra

270 1334 437 1405 iniqui
481 1332 722 1388 membra
767 1339 894 1387 sunt
922 1327 1141 1393 diaboli,
1189 1328 1332 1382 inter
1358 1341 1478 1397 qua:
1518 1325 1848 1396 praecipuum

269 1416 447 1481 locum
479 1431 662 1478 tenent
690 1420 858 1477 Judmi
894 1426 1270 1489 persecutores
1299 1416 1536 1482 Christi,
1560 1430 1696 1485 quos
1730 1414 1850 1468 luce

270 1516 467 1571 clarius
489 1522 703 1569 constat
724 1512 984 1566 invidiose
1008 1510 1219 1580 gavisos
1243 1508 1407 1562 fuisse
1431 1509 1483 1561 in
1503 1514 1678 1561 morte
1698 1504 1852 1560 Chri-

270 1605 340 1661 sti
385 1623 398 1659 ε
440 1605 580 1659 sicut
613 1620 644 1659 e
690 1609 876 1657 contra
926 1599 1229 1671 apostolus,
1258 1598 1350 1668 qui
1398 1604 1525 1652 sunt
1578 1596 1849 1667 praecipua

271 1696 512 1751 membra
537 1694 758 1757 Christi,
785 1690 1174 1747 admirabiliter
1192 1689 1541 1745 contristatos
1560 1686 1628 1741 de
1649 1685 1849 1755 injusta

272 1805 405 1845 nece
429 1788 653 1844 Christi.
684 1786 839 1854 Quod
866 1785 912 1840 si
944 1799 1041 1838 nos
1070 1782 1211 1837 inter
1234 1780 1474 1836 membra
1522 1778 1723 1834 Christi
1765 1777 1848 1832 vel

1949 595 2100 653 Unde
2135 604 2191 651 et
2218 612 2335 651 mos
2375 595 2775 651 ecclesiasticus
2813 594 3065 657 obtinuit,
3113 594 3229 649 dies
3260 592 3380 648 illos
3418 608 3524 648 non

1945 685 2218 753 funebres,
2258 686 2353 742 sed
2387 686 2658 741 natalitios
2704 684 2995 755 appellare.
3031 683 3161 740 Jure
3201 684 3345 740 enim
3377 683 3528 738 nasci

1944 778 2221 843 dicuntur,
2249 779 2340 849 qui
2378 779 2445 834 de
2484 778 2754 848 pressuris
2781 775 2940 845 hujus
2966 776 3150 831 mundi
3182 784 3436 845 tanquam
3460 774 3531 829 de

1944 869 2207 940 angustiis
2242 867 2517 937 cujusdam
2548 868 2838 924 arctissimi
2869 868 3097 933 ventris,
3133 868 3200 922 ad
3230 865 3375 921 illam
3406 882 3532 936 spa-

1944 956 2294 1011 tiosissimam
2344 963 2400 1011 et
2444 955 2833 1011 lucidissimam
2884 955 3124 1010 caelestis
3178 954 3531 1011 habitationis

1945 1047 2265 1103 emittuntur
2308 1046 2664 1100 latitudinem.
2706 1045 2764 1100 Si
2800 1060 2930 1116 ergo
2963 1061 3062 1100 nos
3099 1060 3287 1100 eorum
3333 1044 3533 1103 fratres

1946 1151 2068 1191 esse
2104 1135 2512 1207 pricsumimus,
2548 1151 2684 1205 quos
2725 1136 2801 1189 ita
2846 1134 3171 1207 glorificatos
3215 1136 3529 1206 aspicimus,

1947 1228 2168 1298 dignum
2194 1236 2277 1281 est
2303 1241 2492 1281 eorum
2516 1225 2760 1281 felicitati
2788 1224 3245 1297 congratulemur,
3268 1235 3533 1280 eteorum

1948 1315 2146 1371 laetitia:
2180 1316 2526 1380 collactemur,
2560 1315 2787 1370 fratrum
2822 1324 3131 1370 nostrorum
3176 1314 3359 1384 gloria:
3404 1330 3533 1370 con-

1949 1407 2299 1478 gaudeamus,
2320 1420 2616 1476 eorumque
2635 1407 2939 1477 triumphis,
2963 1406 3157 1475 quibus
3176 1420 3273 1477 per
3293 1405 3534 1461 divinum

1951 1496 2210 1551 auxilium
2241 1495 2512 1551 diabolum
2543 1499 2787 1552 vicerunt
2812 1507 2868 1552 et
2893 1497 3171 1563 steculum,
3209 1498 3385 1569 dignis
3420 1497 3536 1552 lau-

1951 1587 2111 1642 dibus
2151 1587 2404 1642 ctelcstcs
2434 1589 2626 1642 eorum‘
2672 1586 2882 1642 natales
2924 1586 3101 1643 debita
3143 1585 3425 1642 alacritate
3449 1601 3539 1641 vc.

1953 1691 2226 1731 ueremur.
2276 1674 2414 1730 Nam
2462 1677 2507 1730 si
2542 1692 2638 1731 eos
2685 1676 2981 1747 lugubriter
3023 1683 3117 1730 aut
3153 1662 3276 1731 cum
3304 1689 3539 1731 maerore

1956 1768 2347 1837 transigamus,
2384 1766 2582 1837 duplici
2634 1767 3021 1838 redarguemur
3063 1782 3271 1834 errore,
3297 1767 3424 1837 quia
3464 1768 3541 1823 vi.

271 1844 491 1934 ultimos
516 1844 837 1933 confidimus
859 1872 1126 1944 deputari,
1153 1872 1411 1928 debemus
1429 1884 1554 1926 cum
1577 1868 1853 1924 sublimio—
1885 1844 1928 1904 Β
1955 1862 2145 1915 demur
2170 1866 2264 1917 aut
2289 1873 2397 1913 non
2425 1859 2646 1914 credere
2677 1873 2771 1914 eos
2807 1859 2877 1914 ad
2914 1858 3140 1931 gloriam
3168 1860 3451 1925 transisse.
3480 1869 3538 1915 et

274 1969 424 2024 ribus
453 1966 714 2032 membris
755 1965 898 2019 illius
940 1964 993 2017 in
1030 1963 1280 2034 passione
1306 1960 1497 2032 capitis
1527 1959 1695 2015 nostri
1725 1974 1856 2014 con-

273 2060 498 2125 tristari,
526 2074 613 2125 ne,
647 2059 693 2115 si
722 2058 778 2113 in
808 2058 913 2113 hac
940 2057 1029 2112 die
1053 2054 1383 2110 voluerimus
1421 2053 1689 2124 corporali
1721 2052 1856 2107 lasti-

274 2153 364 2209 tiae
391 2168 604 2217 vacare,
634 2166 742 2207 non
776 2165 900 2206 cum
943 2147 1201 2220 apostolis
1227 2145 1503 2203 Christum
1530 2160 1734 2211 amare,
1760 2142 1856 2200 sed

274 2259 397 2299 cum
439 2241 641 2297 Judazis
685 2242 968 2296 videamur
1004 2237 1122 2307 ejus
1162 2238 1323 2293 morti
1367 2234 1659 2299 insultare;
1684 2242 1856 2304 atque

277 2331 571 2400 ideo,quod
587 2344 924 2399 consequens
944 2336 1050 2394 est,
1074 2342 1181 2382 non
1201 2328 1344 2382 inter
1366 2326 1608 2380 membra
1628 2324 1853 2386 Christi,

276 2442 397 2501 quae
411 2426 660 2481 nolumus
675 2423 895 2489 imitari,
910 2424 1002 2479 sed
1023 2422 1359 2497 potiusintcr
1373 2421 1612 2475 membra
1637 2419 1855 2485 diaboli,

276 2519 473 2591 quibus
517 2517 760 2572 videmur
792 2515 1080 2580 collzetarl,
1128 2529 1438 2570 mercamur
1482 2511 1645 2585 (quod
1691 2508 1857 2583 absit)

273 2607 396 2678 jure
413 2607 734 2679 computari.
764 2606 1066 2662 Tristemur
1084 2622 1211 2676 ergo
1236 2605 1290 2660 in
1319 2614 1493 2660 morte
1512 2603 1709 2660 Christi
1734 2618 1859 2658 cum

280 2698 559 2770 apostolis,
592 2696 695 2771 [ut]
726 2710 1032 2752 mereamur
1059 2698 1113 2751 in
1148 2696 1543 2751 resurrectione
1579 2694 1695 2765 ejus
1728 2710 1858 2766 gau-

280 2791 409 2848 dere
457 2806 580 2847 cum
632 2790 762 2846 illis.
803 2790 1088 2845 Doleamus
1121 2789 1518 2845 exsultantibus
1556 2789 1775 2859 iniquis,
1803 2795 1863 2843 ut

281 2880 620 2955 postmodum
649 2882 975 2950 gaudeamus
1002 2880 1309 2950 lugentibus
1345 2879 1469 2935 illis.
1507 2877 1674 2934 Judaei
1714 2893 1864 2933 nam-

280 2988 410 3043 que,
437 2972 580 3027 sicut
608 2972 662 3026 in
686 2980 859 3027 morte
884 2969 1000 3039 ejus
1028 2971 1221 3041 gavisi,
1244 2971 1317 3025 ita
1346 2969 1642 3040 probantur
1665 2968 1721 3022 in
1745 2966 1863 3038 ejus

283 3062 679 3118 resurrectione
725 3061 944 3116 tristati.
982 3060 1145 3126 Ecce,
1172 3067 1235 3115 ut
1279 3059 1447 3131 potui,
1496 3058 1683 3129 paucis
1722 3073 1861 3114 euu-

1954 1951 2076 2005 ideo
2099 1949 2255 2019 quasi
2287 1957 2532 2005 mortuos
2558 1949 2778 2020 lugere:
2815 1957 2907 2003 aut
2948 1951 2995 2004 si
3022 1950 3224 2005 scimus
3258 1964 3351 2005 eos
3374 1947 3541 2006 felici-

1955 2040 2051 2093 tati
2080 2040 2326 2106 donatos,
2370 2048 2427 2095 et
2472 2056 2577 2093 non
2607 2039 3063 2110 congratulcmur,
3099 2039 3281 2111 gloriae
3327 2040 3538 2095 illorum

1954 2128 2198 2184 invidere
2217 2128 2608 2184 convincimur.
2636 2130 2702 2183 Et
2729 2144 2852 2183 cum
2875 2129 3125 2199 antiquos
3153 2130 3394 2186 natalitia
3420 2147 3540 2196 sua,

1960 2222 2041 2277 vel
2071 2236 2293 2276 suorum
2318 2220 2579 2288 amnium,
2606 2222 2803 2291 quibus
2846 2222 2899 2277 in
2929 2223 3072 2278 hanc
3100 2223 3354 2279 miseram
3385 2222 3541 2279 effusi

1957 2320 2084 2367 sunt
2108 2313 2297 2379 vitam,
2323 2319 2475 2367 tanta
2500 2312 2783 2367 alacritate
2804 2313 3107 2369 invenimus
3134 2313 3461 2378 celebrasse,
3486 2324 3546 2369 ut

1958 2403 2013 2457 in
2050 2401 2133 2456 his
2175 2402 2338 2456 etiam
2368 2402 2516 2456 omni
2549 2416 2824 2473 corporea:
2866 2403 3128 2473 voluptati
3164 2404 3390 2460 licenter
3416 2421 3545 2477 ope-

1959 2509 2076 2548 ram
2112 2495 2341 2549 darent:
2370 2504 2573 2565 quanto
2601 2510 2700 2551 nos
2735 2497 3002 2566 spirituali
3026 2498 3300 2553 hilaritate
3325 2510 3545 2556 sancto-

1958 2599 2080 2638 rum
2103 2584 2325 2639 Patrum
2346 2584 2591 2640 natalitia
2615 2587 2867 2642 convenit
2891 2587 3188 2655 celebrare,
3218 2588 3414 2659 quibus
3438 2605 3547 2645 non

1960 2676 2029 2730 ad
2068 2676 2322 2732 miserias
2372 2686 2692 2745 nascuntur,
2719 2679 2815 2735 sed
2862 2680 2932 2735 de
2966 2680 3201 2737 miseriis
3245 2682 3314 2737 ad
3352 2682 3547 2754 gaudia

1962 2771 2293 2826 transiemnt
2322 2771 2441 2827 sine
2476 2769 2584 2827 fine
2626 2771 2982 2842 possidenda;
3016 2788 3124 2829 non
3160 2788 3259 2830 nos
3296 2789 3552 2846 corpora-

1961 2861 2103 2918 libus
2125 2862 2392 2919 illecebris
2421 2862 2779 2931 resolventes,
2809 2872 2871 2920 ut
2903 2864 3175 2921 faciebant
3208 2866 3434 2938 pagani;
3462 2882 3552 2923 ve-

1964 2975 2085 3014 rum
2121 2959 2349 3015 canticis
2376 2958 2769 3030 Spiritualibus,
2803 2961 3123 3032 hymnisque
3153 2963 3465 3021 cmlestibus
3490 2964 3547 3019 in

1964 3051 2182 3108 Christo
2228 3052 2614 3124 tripudiantes,
2670 3061 2732 3108 ut
2773 3053 3090 3109 Christiani.
3136 3054 3391 3123 Quamvis
3438 3074 3549 3115 non

282 3153 476 3219 cleavi,
500 3169 599 3208 cur
619 3152 706 3209 die
725 3152 1000 3208 Passionis
1032 3151 1233 3207 Christi
1265 3152 1319 3206 in
1344 3150 1634 3206 afflictione
1661 3150 1860 3214 carnis,
1891 3182 1940 3246 C
1968 3143 2326 3217 denegemus,
2360 3145 2523 3200 etiam
2559 3145 2917 3215 corporaliter
2950 3146 3339 3217 aliquantulum
3365 3152 3552 3208 remis-

283 3254 338 3299 ct
362 3241 688 3298 contritione
721 3241 943 3311 spiritus
970 3240 1259 3295 conveniat
1290 3238 1575 3304 celebrari,
1618 3238 1865 3309 quamvis

286 3335 447 3389 verba
493 3347 599 3387 non
645 3330 1124 3401 suppeditaverint,
1158 3330 1355 3400 quibus
1379 3328 1522 3400 quod
1552 3330 1733 3385 sentio
1768 3343 1865 3384 ex-

285 3423 523 3495 primere
546 3437 653 3477 non
688 3421 859 3476 valeo.

358 3514 544 3570 Restat
586 3528 750 3579 nunc,
776 3519 936 3583 prout
978 3511 1223 3567 facundia
1250 3510 1464 3583 linguze,
1496 3510 1724 3566 Domino
1750 3509 1869 3565 lar-

288 3606 489 3679 giente,
516 3602 813 3668 suffecerit,
839 3601 1024 3657 itidem
1053 3602 1291 3656 breviter
1316 3600 1591 3671 expedire,
1616 3616 1715 3655 cur
1740 3615 1869 3655 san-

288 3704 497 3751 ctorum
524 3694 658 3757 dies,
684 3692 881 3762 quibus
903 3690 973 3745 ab
1000 3690 1103 3747 hoc
1123 3690 1319 3746 sreculo
1348 3689 1695 3753 transierunt,
1719 3703 1868 3743 sum-

290 3784 394 3839 mis
432 3781 680 3837 laudibus
709 3788 766 3836 et
809 3794 1005 3851 magna
1049 3777 1353 3835 recolamus
1398 3778 1714 3834 alacritate?
1762 3775 1864 3834 Ubi

290 3876 470 3949 primo
515 3873 861 3931 recolendum
913 3884 1142 3937 censeo,
1187 3885 1375 3927 omnes
1426 3868 1763 3925 Christianos
1811 3868 1867 3923 in

290 3968 509 4025 Christo
534 3964 731 4022 fratres
756 3979 900 4029 esse,
925 3964 1043 4034 ipso
1075 3964 1302 4019 Domino
1345 3963 1553 4019 cunctis
1578 3963 1631 4018 in
1657 3977 1717 4018 se
1751 3975 1871 4017 cre-

293 4057 543 4115 dentibus
573 4056 653 4113 sic
674 4062 1012 4127 protestante
1036 4072 1050 4108 :
1088 4051 1304 4108 Patrem
1333 4052 1491 4107 nolite
1520 4053 1658 4107 vobis
1687 4058 1870 4106 vocare

290 4167 447 4222 super
470 4159 683 4205 terram.
730 4146 876 4202 Unus
900 4155 976 4201 est
999 4148 1137 4201 enim
1166 4144 1327 4199 Pater
1365 4154 1546 4209 uester,
1574 4160 1751 4199 omnes
1781 4160 1869 4199 vos

293 4244 484 4316 fratres
526 4242 648 4297 estis
679 4240 895 4312 (Matth.
920 4254 1073 4304 nux,
1097 4238 1173 4309 9).
1201 4237 1402 4293 Omnes
1440 4238 1621 4307 itaque
1643 4238 1734 4307 qui
1754 4234 1869 4306 jam

292 4335 361 4392 de
385 4335 489 4390 hoc
516 4332 716 4389 mundo
743 4337 1103 4395 recesserunt,
1131 4330 1246 4386 sive
1270 4330 1362 4399 qui
1391 4330 1568 4386 adhuc
1584 4338 1873 4386 versantur

296 4426 351 4483 in
375 4423 593 4489 mundo,
624 4423 737 4478 sive
756 4422 848 4494 qui
876 4420 1041 4476 futuri
1062 4428 1188 4476 sunt
1212 4435 1379 4490 usque
1406 4421 1473 4473 ad
1500 4420 1661 4476 flnem
1684 4420 1870 4476 saeculi

293 4515 577 4572 credentes
608 4513 664 4568 in
692 4512 931 4577 Christo,
956 4510 1151 4566 fratres
1176 4524 1296 4566 esse
1329 4513 1596 4565 veraciter
1634 4518 1867 4576 constat,

295 4614 356 4660 ut
394 4611 521 4675 pote
571 4619 678 4658 una
726 4602 1065 4673 baptismatis
1108 4605 1514 4672 regeneratione
1560 4601 1616 4657 in
1657 4602 1874 4658 Christo

297 4704 535 4761 renatos,
575 4696 735 4749 unius
770 4693 960 4748 matris
1005 4692 1258 4749 Ecclesia!
1295 4692 1551 4746 uberibus
1593 4691 1873 4758 educatos,

298 4786 460 4842 unius
492 4783 613 4841 ﬁdei
646 4784 858 4840 vinculo
889 4795 1143 4854 tanquam
1170 4782 1496 4837 dulcissima:
1523 4779 1877 4837 fraternitatis

308 4876 555 4931 illittitatc
595 4887 889 4939 connexos,
934 4874 1001 4926 ad
1038 4887 1203 4926 unam
1247 4870 1599 4939 eamdemque
1641 4869 1877 4925 cmlestis

300 4968 449 5039 regni
490 4966 856 5021 haereditatcm
885 4963 953 5018 ab
978 4965 1167 5018 eodem
1193 4962 1436 5032 piissimo
1464 4961 1623 5016 Patre
1650 4960 1760 5016 Deo
1788 4963 1876 5032 pia

298 5058 585 5128 adoptione
603 5064 841 5111 vocatos.
867 5053 1133 5108 Debemus
1154 5054 1335 5122 itaque
1359 5052 1561 5117 omnia,
1586 5068 1705 5122 qua:
1724 5054 1880 5107 nobis

298 5147 578 5213 accidunt,
608 5145 847 5201 fraterno
882 5142 1077 5198 alfectu
1118 5142 1346 5197 invicem
1377 5142 1801 5209 communicare,
1826 5143 1879 5197 id

299 5249 405 5304 est,
433 5246 490 5293 et
512 5238 567 5293 in
591 5236 832 5291 adversis
858 5233 1060 5303 pariter
1084 5232 1413 5297 contristari,
1438 5242 1493 5286 et
1520 5232 1573 5285 in
1607 5231 1882 5302 prosperis

299 5330 661 5386 communiter
699 5324 1079 5396 congratulari.
1111 5322 1306 5378 Notum
1348 5333 1528 5378 autem
1555 5323 1721 5378 habet
1762 5338 1882 5378 om-

301 5423 408 5486 nis,
445 5419 537 5491 qui
583 5431 710 5474 vere
742 5415 1078 5471 Christianus
1106 5420 1207 5479 est,
1240 5420 1477 5478 sanctos,
1507 5427 1631 5467 cum
1668 5413 1738 5467 ab
1778 5412 1882 5469 hac

303 5508 639 5581 corruptibili
684 5507 792 5561 vita
821 5504 1106 5571 decedunt,
1146 5502 1214 5558 ad
1239 5502 1539 5568 meliorem,
1571 5503 1622 5557 id
1657 5512 1762 5568 est,
1793 5503 1880 5558 in-

304 5598 727 5671 eorruptibilcm,
752 5604 807 5651 et
834 5593 1228 5650 interminalem
1252 5593 1657 5664 transmigrare,
1679 5593 1886 5649 scilicet

306 5697 375 5753 de
404 5693 635 5751 tenebris
657 5690 723 5746 ad
748 5689 924 5745 lucem
945 5696 1281 5760 perpetuam,
1310 5688 1376 5742 de
1404 5700 1640 5743 maerore
1662 5687 1729 5743 ad
1753 5703 1885 5759 gau-

307 5789 454 5849 dium
484 5784 887 5863 sempiternum,
912 5781 979 5839 de
1004 5780 1185 5837 labore
1211 5780 1276 5833 ad
1298 5778 1537 5848 requiem
1565 5792 1879 5851 perennem,

1970 3236 2083 3291 sius
2119 3250 2280 3305 quam
2303 3238 2516 3293 cmteris
2543 3252 2666 3293 esse
2685 3237 2971 3294 vivendum
2988 3281 3004 3306 ,
3043 3250 3265 3312 propter
3291 3244 3553 3313 quosdam

1967 3326 2049 3399 (ut
2075 3327 2218 3399 reor)
2244 3328 2571 3393 hebetiores,
2601 3329 2693 3399 qui
2717 3328 2851 3384 nihil
2879 3338 3071 3401 putant
3113 3345 3236 3387 esse
3275 3331 3552 3400 festivum,

1963 3420 2069 3477 nisi
2090 3420 2235 3490 quod
2264 3420 2497 3475 viderint
2517 3421 2786 3491 corporali
2812 3421 3169 3479 delectatione
3196 3423 3476 3480 mellitum.

2037 3508 2179 3565 Sane
2206 3508 2332 3580 quia
2360 3516 2578 3565 sanctos
2604 3509 2824 3567 eosdem
2855 3511 2924 3566 ad
2959 3511 3099 3568 hanc
3127 3527 3292 3584 quam
3320 3513 3554 3569 diximus

1963 3599 2297 3666 felicitatem,
2332 3613 2429 3669 per
2470 3598 2813 3655 afllictionem
2860 3616 2967 3657 non
3004 3602 3318 3673 ignoramus
3359 3618 3555 3673 perve—

1965 3692 2113 3746 nisse
2154 3690 2537 3759 temporalem,
2569 3704 2795 3746 necesse
2826 3700 3013 3757 estut,
3041 3693 3182 3749 sicut
3209 3703 3426 3748 aeterna:
3464 3709 3558 3750 eo-

1966 3798 2087 3836 rum
2111 3780 2512 3852 congaudemus
2540 3780 2760 3848 Iustitiae,
2788 3781 2866 3837 sic
2889 3782 3170 3854 temporali
3195 3796 3409 3853 quoque
3438 3783 3557 3839 illo-

1970 3890 2089 3928 rum
2118 3872 2511 3943 compatiamur
2534 3872 2815 3943 angustias,
2843 3880 3109 3944 quatenus
3138 3887 3235 3944 per
3260 3874 3442 3927 omnia
3468 3888 3557 3928 eo-

1968 3981 2088 4019 rum
2130 3972 2420 4035 sequentcs
2466 3963 2722 4035 vestigia,
2756 3964 2825 4018 ad
2858 3962 3050 4020 eadem
3081 3963 3187 4019 illis
3220 3963 3558 4019 interceden-

1970 4056 2114 4111 tibus
2143 4068 2450 4109 mereamur
2476 4054 2786 4125 pertingere
2813 4053 3025 4126 gaudia.
3052 4052 3133 4108 Ad
3167 4054 3310 4124 quod
3338 4054 3559 4125 signau-

1971 4146 2100 4201 dum
2150 4144 2580 4215 praecedentibus
2636 4143 2826 4198 eadem
2882 4143 3126 4198 natalitia
3172 4143 3385 4208 diebus,
3420 4159 3560 4213 quas

1972 4238 2129 4310 vulgo
2161 4234 2380 4307 Vigilias
2408 4250 2595 4290 eorum
2632 4234 2981 4305 appellamus,
3006 4234 3166 4289 solito
3205 4235 3423 4305 parcius
3463 4250 3560 4292 ve-

1973 4336 2186 4386 scentes
2210 4327 2399 4382 eadem
2424 4326 2681 4382 solemnia
2708 4326 2904 4381 debitis
2921 4324 3249 4397 jcjuniorum
3281 4326 3558 4397 obsequiis

1974 4428 2030 4475 et
2070 4417 2434 4473 maceratione
2472 4416 2653 4470 carnis
2690 4416 2883 4471 devote
2932 4417 3314 4486 przevenimus,
3359 4426 3420 4473 ut
3458 4434 3557 4489 per

1903 4509 2277 4600 Dpridianam
2314 4504 2584 4576 puriticati
2625 4504 3029 4573 abstinentiam,
3066 4507 3280 4578 dignius
3316 4508 3560 4565 celebre-

1974 4614 2095 4654 mus
2116 4601 2391 4670 sequentis
2413 4599 2535 4656 festi
2562 4600 2823 4657 laetitiam.
2850 4601 3000 4658 Unde
3024 4611 3080 4657 et
3106 4604 3158 4658 in
3180 4602 3355 4660 officio
3376 4605 3561 4665 missa:

1973 4692 2284 4747 earumdem
2332 4691 2637 4763 vigiliarum
2704 4690 3107 4748 festivissimum
3173 4692 3563 4750 alleluiaticunt

1975 4782 2144 4839 melos
2178 4784 2600 4850 intermitlimus,
2637 4784 2777 4838 sicut
2818 4783 2939 4840 aliis
2971 4782 3300 4852 jejuniorum
3345 4785 3556 4851 diebus,

1976 4876 2080 4930 nisi
2107 4873 2249 4930 forte
2282 4875 2557 4930 Dominica
2586 4876 2702 4932 dies
2731 4874 2911 4943 fuerit,
2940 4892 3101 4946 quam
3132 4876 3278 4932 nullo
3311 4885 3555 4948 tempore

1972 4964 2238 5036 jejunare,
2263 4965 2357 5021 sed
2390 4979 2604 5037 semper
2631 4965 2880 5021 festivam
2907 4981 3027 5022 esse
3053 4966 3345 5024 Dominica:
3380 4984 3560 5024 resur-

1982 5054 2233 5110 rectionis
2257 5056 2550 5110 auctoritas
2575 5056 2737 5128 cogit.
2763 5057 2915 5125 Quod
2941 5065 3250 5128 utrumque,
3277 5066 3333 5113 et
3358 5074 3561 5129 praece-

1979 5148 2194 5202 dentem
2240 5148 2405 5203 totius
2444 5147 2696 5203 Ecclesia!
2732 5158 3039 5205 sanctorum
3080 5150 3355 5206 aliiictioni
3407 5168 3561 5207 com-

1979 5238 2307 5308 passionem,
2335 5248 2391 5293 ct
2416 5238 2483 5293 de
2512 5252 2699 5293 eorum
2722 5239 2888 5310 gloria
2912 5250 3226 5310 sequentem
3252 5241 3563 5297 exsultatio-

1981 5344 2107 5383 nem
2138 5328 2399 5384 Dominus
2423 5330 2475 5383 in
2499 5329 2791 5401 Evangelia
2811 5330 2911 5385 sub
2933 5333 3113 5400 specie
3140 5331 3381 5388 mulieris
3409 5347 3562 5404 para-

1984 5418 2157 5475 bolice
2183 5418 2452 5490 designat,
2488 5434 2610 5474 cum
2651 5435 2774 5475 eam
2809 5422 3200 5491 parturientem
3229 5426 3424 5479 asserit
3461 5425 3561 5478 tri-

1982 5510 2158 5566 stari:
2197 5525 2321 5566 cum
2360 5518 2538 5564 autem
2572 5511 2809 5581 peperit,
2852 5511 2907 5565 in
2939 5511 3260 5568 immensum
3302 5514 3561 5586 gratulari

1988 5597 2168 5669 (loan.
2192 5614 2313 5663 va,
2337 5598 2449 5669 2|).
2485 5597 2620 5664 Quia
2666 5598 2811 5654 enim
2841 5600 3115 5671 parturire
3153 5601 3403 5666 dicimus,
3435 5609 3561 5657 ante

1988 5698 2199 5760 partum
2233 5690 2472 5755 anxiari;
2507 5705 2701 5759 parere
2734 5699 2945 5754 autem,
2992 5702 3211 5761 partum
3246 5692 3558 5750 effundere:

1980 5777 2102 5848 jure
2124 5778 2337 5846 mulier,
2360 5792 2458 5849 per
2477 5793 2639 5849 quam
2662 5787 2845 5834 sancta
2871 5778 3134 5849 figuratur
3154 5780 3412 5844 Ecclesia,
3438 5796 3563 5837 cum
