  <div class='ocr_page' id='page_1' title='image "/cluster/home/n/w/nwhite01/storage/ocr_20150623/101/umn.31951002477394h/621.png"; bbox 0 0 4092 6560; ppageno 0'>
   <div class='ocr_carea' id='block_1_1' title="bbox 458 427 597 485">
    <p class='ocr_par' dir='ltr' id='par_1_1' title="bbox 458 427 597 485">
     <span class='ocr_line' id='line_1_1' title="bbox 458 427 597 485; baseline 0 0"><span class='ocrx_word' id='word_1_1' title='bbox 458 427 597 485; x_wconf 73' lang='grc'><strong>1215</strong></span> 
     </span>
    </p>
   </div>
   <div class='ocr_carea' id='block_1_2' title="bbox 1299 437 2886 496">
    <p class='ocr_par' dir='ltr' id='par_1_2' title="bbox 1299 437 2886 496">
     <span class='ocr_line' id='line_1_2' title="bbox 1299 437 2886 496; baseline -0.001 -3"><span class='ocrx_word' id='word_1_2' title='bbox 1299 438 1361 493; x_wconf 87' lang='grc' dir='ltr'><strong>Β.</strong></span> <span class='ocrx_word' id='word_1_3' title='bbox 1403 439 1464 494; x_wconf 89' lang='lat' dir='ltr'><strong>F.</strong></span> <span class='ocrx_word' id='word_1_4' title='bbox 1497 439 1726 495; x_wconf 75' lang='lat' dir='ltr'><strong>ALBINI</strong></span> <span class='ocrx_word' id='word_1_5' title='bbox 1760 439 1893 495; x_wconf 85' lang='lat' dir='ltr'><strong>SEU</strong></span> <span class='ocrx_word' id='word_1_6' title='bbox 1932 438 2213 495; x_wconf 77' lang='lat' dir='ltr'><strong>ALCUlNl</strong></span> <span class='ocrx_word' id='word_1_7' title='bbox 2251 437 2537 495; x_wconf 76' lang='lat' dir='ltr'><strong>OPERUM</strong></span> <span class='ocrx_word' id='word_1_8' title='bbox 2576 437 2757 496; x_wconf 82' lang='lat' dir='ltr'><strong>PARS</strong></span> <span class='ocrx_word' id='word_1_9' title='bbox 2793 439 2886 495; x_wconf 80' lang='lat' dir='ltr'><strong>IX.</strong></span> 
     </span>
    </p>
   </div>
   <div class='ocr_carea' id='block_1_3' title="bbox 3593 451 3733 506">
    <p class='ocr_par' dir='ltr' id='par_1_3' title="bbox 3593 451 3733 506">
     <span class='ocr_line' id='line_1_3' title="bbox 3593 451 3733 506; baseline 0.021 -3"><span class='ocrx_word' id='word_1_10' title='bbox 3593 451 3733 506; x_wconf 65' lang='lat' dir='ltr'><strong>lilii</strong></span> 
     </span>
    </p>
   </div>
   <div class='ocr_carea' id='block_1_4' title="bbox 457 542 3730 633">
    <p class='ocr_par' dir='ltr' id='par_1_4' title="bbox 457 542 3730 633">
     <span class='ocr_line' id='line_1_4' title="bbox 457 542 3730 633; baseline 0.004 -35"><span class='ocrx_word' id='word_1_11' title='bbox 457 542 715 633; x_wconf 78' lang='lat' dir='ltr'><strong>parturit,</strong></span> <span class='ocrx_word' id='word_1_12' title='bbox 744 544 930 603; x_wconf 81' lang='lat' dir='ltr'><strong>dolere</strong></span> <span class='ocrx_word' id='word_1_13' title='bbox 962 546 1180 614; x_wconf 90' lang='lat' dir='ltr'><strong>dicitur,</strong></span> <span class='ocrx_word' id='word_1_14' title='bbox 1207 549 1336 618; x_wconf 86' lang='lat' dir='ltr'><strong>quia</strong></span> <span class='ocrx_word' id='word_1_15' title='bbox 1383 564 1507 605; x_wconf 91' lang='lat' dir='ltr'><strong>cum</strong></span> <span class='ocrx_word' id='word_1_16' title='bbox 1537 550 1679 605; x_wconf 88' lang='lat' dir='ltr'><strong>ﬁlios</strong></span> <span class='ocrx_word' id='word_1_17' title='bbox 1717 565 1867 616; x_wconf 86' lang='lat' dir='ltr'><strong>suos,</strong></span> <span class='ocrx_word' id='word_1_18' title='bbox 1907 563 2044 619; x_wconf 89' lang='lat' dir='ltr'><strong>quos</strong></span> <span class='ocrx_word' id='word_1_19' title='bbox 2070 558 2118 611; x_wconf 75' lang='grc' dir='ltr'><strong>Α</strong></span> <span class='ocrx_word' id='word_1_20' title='bbox 2145 549 2267 613; x_wconf 87' lang='lat' dir='ltr'><strong>bus,</strong></span> <span class='ocrx_word' id='word_1_21' title='bbox 2296 556 2514 607; x_wconf 87' lang='lat' dir='ltr'><strong>sanctus</strong></span> <span class='ocrx_word' id='word_1_22' title='bbox 2537 547 2851 620; x_wconf 83' lang='lat' dir='ltr'><strong>Gregorius,</strong></span> <span class='ocrx_word' id='word_1_23' title='bbox 2879 551 3059 606; x_wconf 88' lang='lat' dir='ltr'><strong>oleum</strong></span> <span class='ocrx_word' id='word_1_24' title='bbox 3084 552 3339 621; x_wconf 72' lang='lat' dir='ltr'><strong>instituit,</strong></span> <span class='ocrx_word' id='word_1_25' title='bbox 3372 559 3587 627; x_wconf 86' lang='lat' dir='ltr'><strong>quando</strong></span> <span class='ocrx_word' id='word_1_26' title='bbox 3613 576 3730 633; x_wconf 74' lang='lat' dir='ltr'><strong>my—</strong></span> 
     </span>
    </p>
   </div>
   <div class='ocr_carea' id='block_1_5' title="bbox 458 632 2040 710">
    <p class='ocr_par' dir='ltr' id='par_1_5' title="bbox 458 632 2040 710">
     <span class='ocr_line' id='line_1_5' title="bbox 458 632 2040 710; baseline 0.006 -25"><span class='ocrx_word' id='word_1_27' title='bbox 458 632 563 686; x_wconf 90' lang='lat' dir='ltr'><strong>ﬁde</strong></span> <span class='ocrx_word' id='word_1_28' title='bbox 592 638 925 706; x_wconf 79' lang='lat' dir='ltr'><strong>conceperit,</strong></span> <span class='ocrx_word' id='word_1_29' title='bbox 951 646 1242 708; x_wconf 72' lang='lat' dir='ltr'><strong>antequam</strong></span> <span class='ocrx_word' id='word_1_30' title='bbox 1270 639 1323 693; x_wconf 88' lang='lat' dir='ltr'><strong>in</strong></span> <span class='ocrx_word' id='word_1_31' title='bbox 1361 648 1619 696; x_wconf 67' lang='lat' dir='ltr'><strong>arternam</strong></span> <span class='ocrx_word' id='word_1_32' title='bbox 1648 640 1828 710; x_wconf 88' lang='lat' dir='ltr'><strong>pariat</strong></span> <span class='ocrx_word' id='word_1_33' title='bbox 1851 639 2040 702; x_wconf 81' lang='lat' dir='ltr'><strong>vitam,</strong></span> 
     </span>
    </p>
   </div>
   <div class='ocr_carea' id='block_1_6' title="bbox 457 720 2041 798">
    <p class='ocr_par' dir='ltr' id='par_1_6' title="bbox 457 720 2041 798">
     <span class='ocr_line' id='line_1_6' title="bbox 457 720 2041 798; baseline 0.004 -25"><span class='ocrx_word' id='word_1_34' title='bbox 457 720 687 778; x_wconf 84' lang='lat' dir='ltr'><strong>diversis</strong></span> <span class='ocrx_word' id='word_1_35' title='bbox 712 725 1149 783; x_wconf 81' lang='lat' dir='ltr'><strong>tribulationibus</strong></span> <span class='ocrx_word' id='word_1_36' title='bbox 1179 728 1247 782; x_wconf 90' lang='lat' dir='ltr'><strong>ab</strong></span> <span class='ocrx_word' id='word_1_37' title='bbox 1275 728 1455 798; x_wconf 79' lang='lat' dir='ltr'><strong>impiis</strong></span> <span class='ocrx_word' id='word_1_38' title='bbox 1483 729 1729 797; x_wconf 82' lang='lat' dir='ltr'><strong>impediri</strong></span> <span class='ocrx_word' id='word_1_39' title='bbox 1757 729 2041 798; x_wconf 84' lang='lat' dir='ltr'><strong>conspicit,</strong></span> 
     </span>
    </p>
   </div>
   <div class='ocr_carea' id='block_1_7' title="bbox 457 815 2044 889">
    <p class='ocr_par' dir='ltr' id='par_1_7' title="bbox 457 815 2044 889">
     <span class='ocr_line' id='line_1_7' title="bbox 457 815 2044 889; baseline 0.004 -25"><span class='ocrx_word' id='word_1_40' title='bbox 457 821 713 882; x_wconf 82' lang='lat' dir='ltr'><strong>tanquam</strong></span> <span class='ocrx_word' id='word_1_41' title='bbox 743 815 1057 875; x_wconf 73' lang='lat' dir='ltr'><strong>difﬁcultate</strong></span> <span class='ocrx_word' id='word_1_42' title='bbox 1085 819 1329 887; x_wconf 88' lang='lat' dir='ltr'><strong>pariendi</strong></span> <span class='ocrx_word' id='word_1_43' title='bbox 1356 820 1682 889; x_wconf 77' lang='lat' dir='ltr'><strong>angustiam,</strong></span> <span class='ocrx_word' id='word_1_44' title='bbox 1711 819 1921 889; x_wconf 78' lang='lat' dir='ltr'><strong>magnis</strong></span> <span class='ocrx_word' id='word_1_45' title='bbox 1950 818 2044 872; x_wconf 91' lang='lat' dir='ltr'><strong>do-</strong></span> 
     </span>
    </p>
   </div>
   <div class='ocr_carea' id='block_1_8' title="bbox 456 903 2043 977">
    <p class='ocr_par' dir='ltr' id='par_1_8' title="bbox 456 903 2043 977">
     <span class='ocr_line' id='line_1_8' title="bbox 456 903 2043 977; baseline 0.004 -23"><span class='ocrx_word' id='word_1_46' title='bbox 456 903 660 959; x_wconf 91' lang='lat' dir='ltr'><strong>loribus</strong></span> <span class='ocrx_word' id='word_1_47' title='bbox 698 904 864 977; x_wconf 59' lang='lat'><strong>5.82</strong></span> <span class='ocrx_word' id='word_1_48' title='bbox 910 907 1217 977; x_wconf 87' lang='lat' dir='ltr'><strong>ingemiscit</strong></span> <span class='ocrx_word' id='word_1_49' title='bbox 1247 928 1257 961; x_wconf 93' lang='lat'>:</span> <span class='ocrx_word' id='word_1_50' title='bbox 1291 924 1414 963; x_wconf 87' lang='lat' dir='ltr'><strong>cum</strong></span> <span class='ocrx_word' id='word_1_51' title='bbox 1455 924 1586 962; x_wconf 87' lang='lat' dir='ltr'><strong>vero</strong></span> <span class='ocrx_word' id='word_1_52' title='bbox 1631 923 1744 972; x_wconf 92' lang='lat' dir='ltr'><strong>eos,</strong></span> <span class='ocrx_word' id='word_1_53' title='bbox 1783 923 1919 977; x_wconf 90' lang='lat' dir='ltr'><strong>quos</strong></span> <span class='ocrx_word' id='word_1_54' title='bbox 1967 908 2043 961; x_wconf 90' lang='lat' dir='ltr'><strong>ita</strong></span> 
     </span>
    </p>
   </div>
   <div class='ocr_carea' id='block_1_9' title="bbox 454 995 2043 1069">
    <p class='ocr_par' dir='ltr' id='par_1_9' title="bbox 454 995 2043 1069">
     <span class='ocr_line' id='line_1_9' title="bbox 454 995 2043 1069; baseline 0.003 -21"><span class='ocrx_word' id='word_1_55' title='bbox 454 995 803 1065; x_wconf 70' lang='lat' dir='ltr'><strong>parturiat-at,</strong></span> <span class='ocrx_word' id='word_1_56' title='bbox 832 997 899 1051; x_wconf 90' lang='lat' dir='ltr'><strong>de</strong></span> <span class='ocrx_word' id='word_1_57' title='bbox 924 997 1083 1067; x_wconf 85' lang='lat' dir='ltr'><strong>hujus</strong></span> <span class='ocrx_word' id='word_1_58' title='bbox 1112 1000 1296 1053; x_wconf 88' lang='lat' dir='ltr'><strong>mundi</strong></span> <span class='ocrx_word' id='word_1_59' title='bbox 1326 999 1588 1069; x_wconf 86' lang='lat' dir='ltr'><strong>angustiis</strong></span> <span class='ocrx_word' id='word_1_60' title='bbox 1614 1000 1679 1053; x_wconf 90' lang='lat' dir='ltr'><strong>ad</strong></span> <span class='ocrx_word' id='word_1_61' title='bbox 1702 999 1924 1053; x_wconf 75' lang='lat' dir='ltr'><strong>cmleste</strong></span> <span class='ocrx_word' id='word_1_62' title='bbox 1949 1012 2043 1068; x_wconf 85' lang='lat' dir='ltr'><strong>pe-</strong></span> 
     </span>
    </p>
   </div>
   <div class='ocr_carea' id='block_1_10' title="bbox 452 1087 2043 1163">
    <p class='ocr_par' dir='ltr' id='par_1_10' title="bbox 452 1087 2043 1163">
     <span class='ocr_line' id='line_1_10' title="bbox 452 1087 2043 1163; baseline 0.003 -21"><span class='ocrx_word' id='word_1_63' title='bbox 452 1087 594 1157; x_wconf 91' lang='lat' dir='ltr'><strong>perit</strong></span> <span class='ocrx_word' id='word_1_64' title='bbox 636 1104 882 1160; x_wconf 79' lang='lat' dir='ltr'><strong>regnum,</strong></span> <span class='ocrx_word' id='word_1_65' title='bbox 914 1090 1017 1145; x_wconf 90' lang='lat' dir='ltr'><strong>dici</strong></span> <span class='ocrx_word' id='word_1_66' title='bbox 1064 1107 1172 1146; x_wconf 91' lang='lat' dir='ltr'><strong>non</strong></span> <span class='ocrx_word' id='word_1_67' title='bbox 1206 1101 1386 1163; x_wconf 83' lang='lat' dir='ltr'><strong>potest</strong></span> <span class='ocrx_word' id='word_1_68' title='bbox 1428 1100 1692 1161; x_wconf 90' lang='lat' dir='ltr'><strong>quantum</strong></span> <span class='ocrx_word' id='word_1_69' title='bbox 1730 1092 1798 1146; x_wconf 90' lang='lat' dir='ltr'><strong>de</strong></span> <span class='ocrx_word' id='word_1_70' title='bbox 1843 1090 2043 1146; x_wconf 82' lang='lat' dir='ltr'><strong>felicis-</strong></span> 
     </span>
    </p>
   </div>
   <div class='ocr_carea' id='block_1_11' title="bbox 451 1178 2040 1255">
    <p class='ocr_par' dir='ltr' id='par_1_11' title="bbox 451 1178 2040 1255">
     <span class='ocr_line' id='line_1_11' title="bbox 451 1178 2040 1255; baseline 0.004 -23"><span class='ocrx_word' id='word_1_71' title='bbox 451 1178 591 1234; x_wconf 85' lang='lat' dir='ltr'><strong>simo</strong></span> <span class='ocrx_word' id='word_1_72' title='bbox 636 1179 869 1236; x_wconf 90' lang='lat' dir='ltr'><strong>ﬁliorum</strong></span> <span class='ocrx_word' id='word_1_73' title='bbox 897 1192 1055 1253; x_wconf 88' lang='lat' dir='ltr'><strong>partu</strong></span> <span class='ocrx_word' id='word_1_74' title='bbox 1099 1184 1372 1253; x_wconf 88' lang='lat' dir='ltr'><strong>tripudiat.</strong></span> <span class='ocrx_word' id='word_1_75' title='bbox 1402 1184 1554 1251; x_wconf 88' lang='lat' dir='ltr'><strong>Quod</strong></span> <span class='ocrx_word' id='word_1_76' title='bbox 1598 1184 1876 1254; x_wconf 82' lang='lat' dir='ltr'><strong>primitiva</strong></span> <span class='ocrx_word' id='word_1_77' title='bbox 1918 1187 2040 1255; x_wconf 87' lang='lat' dir='ltr'><strong>qui-</strong></span> 
     </span>
    </p>
   </div>
   <div class='ocr_carea' id='block_1_12' title="bbox 450 1273 2043 1348">
    <p class='ocr_par' dir='ltr' id='par_1_12' title="bbox 450 1273 2043 1348">
     <span class='ocr_line' id='line_1_12' title="bbox 450 1273 2043 1348; baseline 0.003 -21"><span class='ocrx_word' id='word_1_78' title='bbox 450 1273 572 1328; x_wconf 90' lang='lat' dir='ltr'><strong>dem</strong></span> <span class='ocrx_word' id='word_1_79' title='bbox 638 1273 878 1331; x_wconf 85' lang='lat' dir='ltr'><strong>Ecclesia</strong></span> <span class='ocrx_word' id='word_1_80' title='bbox 933 1278 1326 1348; x_wconf 82' lang='lat' dir='ltr'><strong>persecutionis</strong></span> <span class='ocrx_word' id='word_1_81' title='bbox 1376 1287 1617 1348; x_wconf 88' lang='lat' dir='ltr'><strong>tempore</strong></span> <span class='ocrx_word' id='word_1_82' title='bbox 1686 1278 2043 1334; x_wconf 79' lang='lat' dir='ltr'><strong>historialitcr</strong></span> 
     </span>
    </p>
   </div>
   <div class='ocr_carea' id='block_1_13' title="bbox 448 1360 2039 1438">
    <p class='ocr_par' dir='ltr' id='par_1_13' title="bbox 448 1360 2039 1438">
     <span class='ocr_line' id='line_1_13' title="bbox 448 1360 2039 1438; baseline 0.001 -18"><span class='ocrx_word' id='word_1_83' title='bbox 448 1360 643 1434; x_wconf 80' lang='lat' dir='ltr'><strong>agebat</strong></span> <span class='ocrx_word' id='word_1_84' title='bbox 673 1383 687 1422; x_wconf 88' lang='lat'><strong>:</strong></span> <span class='ocrx_word' id='word_1_85' title='bbox 714 1367 810 1421; x_wconf 88' lang='lat' dir='ltr'><strong>sed</strong></span> <span class='ocrx_word' id='word_1_86' title='bbox 848 1381 948 1431; x_wconf 89' lang='lat' dir='ltr'><strong>ea,</strong></span> <span class='ocrx_word' id='word_1_87' title='bbox 988 1382 1110 1438; x_wconf 82' lang='lat' dir='ltr'><strong>quae</strong></span> <span class='ocrx_word' id='word_1_88' title='bbox 1149 1383 1294 1422; x_wconf 90' lang='lat' dir='ltr'><strong>nunc</strong></span> <span class='ocrx_word' id='word_1_89' title='bbox 1331 1375 1415 1421; x_wconf 89' lang='lat' dir='ltr'><strong>est</strong></span> <span class='ocrx_word' id='word_1_90' title='bbox 1443 1366 1706 1434; x_wconf 84' lang='lat' dir='ltr'><strong>Ecclesia,</strong></span> <span class='ocrx_word' id='word_1_91' title='bbox 1750 1383 1781 1421; x_wconf 88' lang='lat' dir='ltr'><strong>a</strong></span> <span class='ocrx_word' id='word_1_92' title='bbox 1823 1366 2039 1423; x_wconf 89' lang='lat' dir='ltr'><strong>Christo</strong></span> 
     </span>
    </p>
   </div>
   <div class='ocr_carea' id='block_1_14' title="bbox 447 1455 2037 1533">
    <p class='ocr_par' dir='ltr' id='par_1_14' title="bbox 447 1455 2037 1533">
     <span class='ocr_line' id='line_1_14' title="bbox 447 1455 2037 1533; baseline 0.001 -22"><span class='ocrx_word' id='word_1_93' title='bbox 447 1472 582 1533; x_wconf 84' lang='lat' dir='ltr'><strong>pace</strong></span> <span class='ocrx_word' id='word_1_94' title='bbox 608 1455 725 1525; x_wconf 79' lang='lat' dir='ltr'><strong>jam</strong></span> <span class='ocrx_word' id='word_1_95' title='bbox 758 1458 987 1523; x_wconf 89' lang='lat' dir='ltr'><strong>reddita,</strong></span> <span class='ocrx_word' id='word_1_96' title='bbox 1015 1459 1103 1529; x_wconf 87' lang='lat' dir='ltr'><strong>pia</strong></span> <span class='ocrx_word' id='word_1_97' title='bbox 1127 1457 1471 1514; x_wconf 70' lang='lat' dir='ltr'><strong>aemulatione</strong></span> <span class='ocrx_word' id='word_1_98' title='bbox 1501 1458 1817 1529; x_wconf 83' lang='lat' dir='ltr'><strong>spiritaliter</strong></span> <span class='ocrx_word' id='word_1_99' title='bbox 1846 1474 2037 1529; x_wconf 71' lang='lat' dir='ltr'><strong>reprae-</strong></span> 
     </span>
    </p>
   </div>
   <div class='ocr_carea' id='block_1_15' title="bbox 445 1546 2036 1624">
    <p class='ocr_par' dir='ltr' id='par_1_15' title="bbox 445 1546 2036 1624">
     <span class='ocr_line' id='line_1_15' title="bbox 445 1546 2036 1624; baseline 0.002 -22"><span class='ocrx_word' id='word_1_100' title='bbox 445 1554 644 1602; x_wconf 82' lang='lat' dir='ltr'><strong>sentat.</strong></span> <span class='ocrx_word' id='word_1_101' title='bbox 687 1546 999 1604; x_wconf 69' lang='lat' dir='ltr'><strong>Prmtcritos</strong></span> <span class='ocrx_word' id='word_1_102' title='bbox 1039 1548 1206 1619; x_wconf 84' lang='lat' dir='ltr'><strong>igitur</strong></span> <span class='ocrx_word' id='word_1_103' title='bbox 1243 1548 1622 1624; x_wconf 76' lang='lat' dir='ltr'><strong>parturitionis</strong></span> <span class='ocrx_word' id='word_1_104' title='bbox 1645 1547 1763 1617; x_wconf 82' lang='lat' dir='ltr'><strong>ejus</strong></span> <span class='ocrx_word' id='word_1_105' title='bbox 1800 1547 2036 1613; x_wconf 80' lang='lat' dir='ltr'><strong>dolores,</strong></span> 
     </span>
    </p>
   </div>
   <div class='ocr_carea' id='block_1_16' title="bbox 445 1635 2039 1709">
    <p class='ocr_par' dir='ltr' id='par_1_16' title="bbox 445 1635 2039 1709">
     <span class='ocr_line' id='line_1_16' title="bbox 445 1635 2039 1709; baseline 0.002 -18"><span class='ocrx_word' id='word_1_106' title='bbox 445 1636 505 1691; x_wconf 89' lang='lat' dir='ltr'><strong>in</strong></span> <span class='ocrx_word' id='word_1_107' title='bbox 548 1636 751 1709; x_wconf 73' lang='lat' dir='ltr'><strong>vigiliis</strong></span> <span class='ocrx_word' id='word_1_108' title='bbox 792 1647 1136 1704; x_wconf 87' lang='lat' dir='ltr'><strong>sanctorum,</strong></span> <span class='ocrx_word' id='word_1_109' title='bbox 1165 1635 1392 1708; x_wconf 77' lang='lat' dir='ltr'><strong>jejuniis</strong></span> <span class='ocrx_word' id='word_1_110' title='bbox 1424 1647 1480 1693; x_wconf 91' lang='lat' dir='ltr'><strong>et</strong></span> <span class='ocrx_word' id='word_1_111' title='bbox 1524 1636 1812 1693; x_wconf 70' lang='lat' dir='ltr'><strong>afﬂictione</strong></span> <span class='ocrx_word' id='word_1_112' title='bbox 1856 1639 2039 1698; x_wconf 76' lang='lat' dir='ltr'><strong>carnis</strong></span> 
     </span>
    </p>
   </div>
   <div class='ocr_carea' id='block_1_17' title="bbox 445 1726 2038 1799">
    <p class='ocr_par' dir='ltr' id='par_1_17' title="bbox 445 1726 2038 1799">
     <span class='ocr_line' id='line_1_17' title="bbox 445 1726 2038 1799; baseline -0.001 -17"><span class='ocrx_word' id='word_1_113' title='bbox 445 1728 761 1784; x_wconf 83' lang='lat' dir='ltr'><strong>imitamur:</strong></span> <span class='ocrx_word' id='word_1_114' title='bbox 789 1736 1104 1799; x_wconf 81' lang='lat' dir='ltr'><strong>sequentem</strong></span> <span class='ocrx_word' id='word_1_115' title='bbox 1129 1744 1260 1785; x_wconf 86' lang='lat' dir='ltr'><strong>vero</strong></span> <span class='ocrx_word' id='word_1_116' title='bbox 1293 1726 1411 1797; x_wconf 83' lang='lat' dir='ltr'><strong>ejus</strong></span> <span class='ocrx_word' id='word_1_117' title='bbox 1434 1728 1548 1798; x_wconf 85' lang='lat' dir='ltr'><strong>jam</strong></span> <span class='ocrx_word' id='word_1_118' title='bbox 1573 1728 1747 1786; x_wconf 73' lang='lat' dir='ltr'><strong>enixa:</strong></span> <span class='ocrx_word' id='word_1_119' title='bbox 1781 1727 2038 1783; x_wconf 82' lang='lat' dir='ltr'><strong>alacrita-</strong></span> 
     </span>
    </p>
   </div>
   <div class='ocr_carea' id='block_1_18' title="bbox 445 1816 2038 1887">
    <p class='ocr_par' dir='ltr' id='par_1_18' title="bbox 445 1816 2038 1887">
     <span class='ocr_line' id='line_1_18' title="bbox 445 1816 2038 1887; baseline -0.001 -15"><span class='ocrx_word' id='word_1_120' title='bbox 445 1826 587 1882; x_wconf 84' lang='lat' dir='ltr'><strong>tem,</strong></span> <span class='ocrx_word' id='word_1_121' title='bbox 620 1818 788 1886; x_wconf 88' lang='lat' dir='ltr'><strong>ipsius</strong></span> <span class='ocrx_word' id='word_1_122' title='bbox 821 1817 1164 1887; x_wconf 75' lang='lat' dir='ltr'><strong>iucunditate</strong></span> <span class='ocrx_word' id='word_1_123' title='bbox 1211 1817 1523 1872; x_wconf 76' lang='lat' dir='ltr'><strong>festivitatis</strong></span> <span class='ocrx_word' id='word_1_124' title='bbox 1562 1816 1899 1871; x_wconf 78' lang='lat' dir='ltr'><strong>acmular‘nur.</strong></span> <span class='ocrx_word' id='word_1_125' title='bbox 1932 1817 2038 1871; x_wconf 90' lang='lat' dir='ltr'><strong>lm-</strong></span> 
     </span>
    </p>
   </div>
   <div class='ocr_carea' id='block_1_19' title="bbox 2144 636 3729 711">
    <p class='ocr_par' dir='ltr' id='par_1_19' title="bbox 2144 636 3729 711">
     <span class='ocr_line' id='line_1_19' title="bbox 2144 636 3729 711; baseline 0.01 -18"><span class='ocrx_word' id='word_1_126' title='bbox 2144 639 2309 694; x_wconf 86' lang='lat' dir='ltr'><strong>steria</strong></span> <span class='ocrx_word' id='word_1_127' title='bbox 2336 636 2613 695; x_wconf 82' lang='lat' dir='ltr'><strong>Paschalis</strong></span> <span class='ocrx_word' id='word_1_128' title='bbox 2642 639 2765 710; x_wconf 84' lang='lat' dir='ltr'><strong>agni</strong></span> <span class='ocrx_word' id='word_1_129' title='bbox 2799 643 3084 697; x_wconf 83' lang='lat' dir='ltr'><strong>reseravit.</strong></span> <span class='ocrx_word' id='word_1_130' title='bbox 3113 643 3267 711; x_wconf 85' lang='lat' dir='ltr'><strong>Quod</strong></span> <span class='ocrx_word' id='word_1_131' title='bbox 3295 646 3323 686; x_wconf 76' lang='grc' dir='ltr'>ά</span> <span class='ocrx_word' id='word_1_132' title='bbox 3344 650 3490 703; x_wconf 90' lang='lat' dir='ltr'><strong>enim</strong></span> <span class='ocrx_word' id='word_1_133' title='bbox 3511 667 3539 704; x_wconf 88' lang='lat' dir='ltr'><strong>a</strong></span> <span class='ocrx_word' id='word_1_134' title='bbox 3570 652 3729 711; x_wconf 82' lang='lat' dir='ltr'><strong>nobis</strong></span> 
     </span>
    </p>
   </div>
   <div class='ocr_carea' id='block_1_20' title="bbox 2143 732 3731 816">
    <p class='ocr_par' dir='ltr' id='par_1_20' title="bbox 2143 732 3731 816">
     <span class='ocr_line' id='line_1_20' title="bbox 2143 732 3731 816; baseline 0.006 -29"><span class='ocrx_word' id='word_1_135' title='bbox 2143 746 2334 787; x_wconf 87' lang='lat' dir='ltr'><strong>cereus</strong></span> <span class='ocrx_word' id='word_1_136' title='bbox 2370 732 2728 799; x_wconf 87' lang='lat' dir='ltr'><strong>benedicitur,</strong></span> <span class='ocrx_word' id='word_1_137' title='bbox 2759 734 3009 791; x_wconf 86' lang='lat' dir='ltr'><strong>Zosimus</strong></span> <span class='ocrx_word' id='word_1_138' title='bbox 3052 752 3191 808; x_wconf 91' lang='lat' dir='ltr'><strong>papa</strong></span> <span class='ocrx_word' id='word_1_139' title='bbox 3219 750 3243 779; x_wconf 75' lang='grc' dir='ltr'><strong><em>ο</em></strong></span> <span class='ocrx_word' id='word_1_140' title='bbox 3270 740 3520 797; x_wconf 86' lang='lat' dir='ltr'><strong>instituit.</strong></span> <span class='ocrx_word' id='word_1_141' title='bbox 3550 743 3731 816; x_wconf 79' lang='lat' dir='ltr'><strong>Signi-</strong></span> 
     </span>
    </p>
   </div>
   <div class='ocr_carea' id='block_1_21' title="bbox 2143 822 3727 894">
    <p class='ocr_par' dir='ltr' id='par_1_21' title="bbox 2143 822 3727 894">
     <span class='ocr_line' id='line_1_21' title="bbox 2143 822 3727 894; baseline 0.009 -18"><span class='ocrx_word' id='word_1_142' title='bbox 2143 822 2271 877; x_wconf 87' lang='lat' dir='ltr'><strong>ﬁcat</strong></span> <span class='ocrx_word' id='word_1_143' title='bbox 2299 823 2443 876; x_wconf 90' lang='lat' dir='ltr'><strong>enim</strong></span> <span class='ocrx_word' id='word_1_144' title='bbox 2472 822 2782 891; x_wconf 88' lang='lat' dir='ltr'><strong>Dominum,</strong></span> <span class='ocrx_word' id='word_1_145' title='bbox 2811 826 2903 893; x_wconf 86' lang='lat' dir='ltr'><strong>qui</strong></span> <span class='ocrx_word' id='word_1_146' title='bbox 2931 827 3271 894; x_wconf 65' lang='lat' dir='ltr'><strong>praecedebat</strong></span> <span class='ocrx_word' id='word_1_147' title='bbox 3304 830 3447 886; x_wconf 89' lang='lat' dir='ltr'><strong>ﬁlios</strong></span> <span class='ocrx_word' id='word_1_148' title='bbox 3471 830 3634 888; x_wconf 82' lang='lat' dir='ltr'><strong>Israel</strong></span> <span class='ocrx_word' id='word_1_149' title='bbox 3669 836 3727 891; x_wconf 90' lang='lat' dir='ltr'><strong>in</strong></span> 
     </span>
    </p>
   </div>
   <div class='ocr_carea' id='block_1_22' title="bbox 2143 913 3724 995">
    <p class='ocr_par' dir='ltr' id='par_1_22' title="bbox 2143 913 3724 995">
     <span class='ocr_line' id='line_1_22' title="bbox 2143 913 3724 995; baseline 0.007 -27"><span class='ocrx_word' id='word_1_150' title='bbox 2143 913 2390 968; x_wconf 90' lang='lat' dir='ltr'><strong>columna</strong></span> <span class='ocrx_word' id='word_1_151' title='bbox 2422 914 2581 983; x_wconf 81' lang='lat' dir='ltr'><strong>ignis.</strong></span> <span class='ocrx_word' id='word_1_152' title='bbox 2620 914 2758 969; x_wconf 91' lang='lat' dir='ltr'><strong>Cera</strong></span> <span class='ocrx_word' id='word_1_153' title='bbox 2788 916 3181 972; x_wconf 88' lang='lat' dir='ltr'><strong>humanitatem</strong></span> <span class='ocrx_word' id='word_1_154' title='bbox 3207 917 3410 975; x_wconf 89' lang='lat' dir='ltr'><strong>Christi</strong></span> <span class='ocrx_word' id='word_1_155' title='bbox 3456 922 3724 995; x_wconf 73' lang='lat' dir='ltr'><strong>designat.</strong></span> 
     </span>
    </p>
   </div>
   <div class='ocr_carea' id='block_1_23' title="bbox 2142 1002 3723 1072">
    <p class='ocr_par' dir='ltr' id='par_1_23' title="bbox 2142 1002 3723 1072">
     <span class='ocr_line' id='line_1_23' title="bbox 2142 1002 3723 1072; baseline 0.008 -16"><span class='ocrx_word' id='word_1_156' title='bbox 2142 1002 2245 1056; x_wconf 83' lang='lat' dir='ltr'><strong>Mel</strong></span> <span class='ocrx_word' id='word_1_157' title='bbox 2299 1003 2498 1072; x_wconf 90' lang='lat' dir='ltr'><strong>quippe</strong></span> <span class='ocrx_word' id='word_1_158' title='bbox 2549 1003 2604 1057; x_wconf 92' lang='lat' dir='ltr'><strong>in</strong></span> <span class='ocrx_word' id='word_1_159' title='bbox 2651 1019 2778 1059; x_wconf 89' lang='lat' dir='ltr'><strong>cera</strong></span> <span class='ocrx_word' id='word_1_160' title='bbox 2830 1016 2914 1060; x_wconf 87' lang='lat' dir='ltr'><strong>est</strong></span> <span class='ocrx_word' id='word_1_161' title='bbox 2955 1006 3213 1064; x_wconf 82' lang='lat' dir='ltr'><strong>divinitas</strong></span> <span class='ocrx_word' id='word_1_162' title='bbox 3260 1008 3316 1064; x_wconf 93' lang='lat' dir='ltr'><strong>in</strong></span> <span class='ocrx_word' id='word_1_163' title='bbox 3368 1010 3723 1069; x_wconf 83' lang='lat' dir='ltr'><strong>humanitate.</strong></span> 
     </span>
    </p>
   </div>
   <div class='ocr_carea' id='block_1_24' title="bbox 2141 1092 3727 1167">
    <p class='ocr_par' dir='ltr' id='par_1_24' title="bbox 2141 1092 3727 1167">
     <span class='ocr_line' id='line_1_24' title="bbox 2141 1092 3727 1167; baseline 0.008 -20"><span class='ocrx_word' id='word_1_164' title='bbox 2141 1092 2446 1147; x_wconf 89' lang='lat' dir='ltr'><strong>Concordat</strong></span> <span class='ocrx_word' id='word_1_165' title='bbox 2473 1109 2665 1149; x_wconf 87' lang='lat' dir='ltr'><strong>cereus</strong></span> <span class='ocrx_word' id='word_1_166' title='bbox 2695 1095 2784 1149; x_wconf 87' lang='lat' dir='ltr'><strong>hic</strong></span> <span class='ocrx_word' id='word_1_167' title='bbox 2813 1096 2867 1149; x_wconf 92' lang='lat' dir='ltr'><strong>in</strong></span> <span class='ocrx_word' id='word_1_168' title='bbox 2899 1097 3293 1167; x_wconf 87' lang='lat' dir='ltr'><strong>signiﬁcatione</strong></span> <span class='ocrx_word' id='word_1_169' title='bbox 3321 1116 3444 1155; x_wconf 91' lang='lat' dir='ltr'><strong>cum</strong></span> <span class='ocrx_word' id='word_1_170' title='bbox 3474 1102 3727 1160; x_wconf 81' lang='lat' dir='ltr'><strong>columna</strong></span> 
     </span>
    </p>
   </div>
   <div class='ocr_carea' id='block_1_25' title="bbox 2141 1180 3729 1260">
    <p class='ocr_par' dir='ltr' id='par_1_25' title="bbox 2141 1180 3729 1260">
     <span class='ocr_line' id='line_1_25' title="bbox 2141 1180 3729 1260; baseline 0.011 -27"><span class='ocrx_word' id='word_1_171' title='bbox 2141 1180 2300 1248; x_wconf 87' lang='lat' dir='ltr'><strong>ignis,</strong></span> <span class='ocrx_word' id='word_1_172' title='bbox 2338 1182 2428 1250; x_wconf 90' lang='lat' dir='ltr'><strong>qui</strong></span> <span class='ocrx_word' id='word_1_173' title='bbox 2481 1182 2819 1239; x_wconf 85' lang='lat' dir='ltr'><strong>illuminabat</strong></span> <span class='ocrx_word' id='word_1_174' title='bbox 2851 1187 3107 1255; x_wconf 89' lang='lat' dir='ltr'><strong>populum</strong></span> <span class='ocrx_word' id='word_1_175' title='bbox 3150 1186 3316 1243; x_wconf 87' lang='lat' dir='ltr'><strong>Israel</strong></span> <span class='ocrx_word' id='word_1_176' title='bbox 3360 1191 3411 1245; x_wconf 91' lang='lat' dir='ltr'><strong>in</strong></span> <span class='ocrx_word' id='word_1_177' title='bbox 3460 1202 3637 1260; x_wconf 89' lang='lat' dir='ltr'><strong>nocte,</strong></span> <span class='ocrx_word' id='word_1_178' title='bbox 3661 1202 3729 1250; x_wconf 85' lang='lat' dir='ltr'><strong>ut</strong></span> 
     </span>
    </p>
   </div>
   <div class='ocr_carea' id='block_1_26' title="bbox 2140 1270 3726 1354">
    <p class='ocr_par' dir='ltr' id='par_1_26' title="bbox 2140 1270 3726 1354">
     <span class='ocr_line' id='line_1_26' title="bbox 2140 1270 3726 1354; baseline 0.009 -30"><span class='ocrx_word' id='word_1_179' title='bbox 2140 1270 2268 1325; x_wconf 92' lang='lat' dir='ltr'><strong>illud</strong></span> <span class='ocrx_word' id='word_1_180' title='bbox 2316 1272 2369 1325; x_wconf 91' lang='lat' dir='ltr'><strong>in</strong></span> <span class='ocrx_word' id='word_1_181' title='bbox 2401 1273 2527 1342; x_wconf 80' lang='lat' dir='ltr'><strong>ipsa</strong></span> <span class='ocrx_word' id='word_1_182' title='bbox 2561 1273 2974 1331; x_wconf 84' lang='lat' dir='ltr'><strong>benedictione:</strong></span> <span class='ocrx_word' id='word_1_183' title='bbox 3004 1275 3108 1330; x_wconf 81' lang='lat' dir='ltr'><strong>Sed</strong></span> <span class='ocrx_word' id='word_1_184' title='bbox 3147 1278 3265 1348; x_wconf 81' lang='lat' dir='ltr'><strong>jam</strong></span> <span class='ocrx_word' id='word_1_185' title='bbox 3304 1280 3563 1337; x_wconf 67' lang='lat' dir='ltr'><strong>columnis</strong></span> <span class='ocrx_word' id='word_1_186' title='bbox 3608 1285 3726 1354; x_wconf 67' lang='lat' dir='ltr'><strong>ejus</strong></span> 
     </span>
    </p>
   </div>
   <div class='ocr_carea' id='block_1_27' title="bbox 2137 1364 3721 1442">
    <p class='ocr_par' dir='ltr' id='par_1_27' title="bbox 2137 1364 3721 1442">
     <span class='ocr_line' id='line_1_27' title="bbox 2137 1364 3721 1442; baseline 0.013 -29"><span class='ocrx_word' id='word_1_187' title='bbox 2137 1364 2401 1431; x_wconf 63' lang='lat' dir='ltr'><strong>praeconia</strong></span> <span class='ocrx_word' id='word_1_188' title='bbox 2430 1365 2684 1420; x_wconf 77' lang='lat' dir='ltr'><strong>novimus.</strong></span> <span class='ocrx_word' id='word_1_189' title='bbox 2710 1365 2970 1424; x_wconf 84' lang='lat' dir='ltr'><strong>Columna</strong></span> <span class='ocrx_word' id='word_1_190' title='bbox 2998 1369 3087 1423; x_wconf 88' lang='lat' dir='ltr'><strong>illa</strong></span> <span class='ocrx_word' id='word_1_191' title='bbox 3127 1369 3406 1428; x_wconf 90' lang='lat' dir='ltr'><strong>Christum</strong></span> <span class='ocrx_word' id='word_1_192' title='bbox 3431 1375 3721 1442; x_wconf 76' lang='lat' dir='ltr'><strong>signiﬁcat.</strong></span> 
     </span>
    </p>
   </div>
   <div class='ocr_carea' id='block_1_28' title="bbox 2145 1451 3725 1526">
    <p class='ocr_par' dir='ltr' id='par_1_28' title="bbox 2145 1451 3725 1526">
     <span class='ocr_line' id='line_1_28' title="bbox 2145 1451 3725 1526; baseline 0.013 -21"><span class='ocrx_word' id='word_1_193' title='bbox 2145 1451 2165 1491; x_wconf 70' lang='grc' dir='ltr'><strong><em>ί</em></strong></span> <span class='ocrx_word' id='word_1_194' title='bbox 2189 1451 2282 1511; x_wconf 90' lang='lat' dir='ltr'><strong>llla</strong></span> <span class='ocrx_word' id='word_1_195' title='bbox 2327 1453 2576 1511; x_wconf 88' lang='lat' dir='ltr'><strong>columna</strong></span> <span class='ocrx_word' id='word_1_196' title='bbox 2614 1458 2954 1526; x_wconf 65' lang='lat' dir='ltr'><strong>praecedebat</strong></span> <span class='ocrx_word' id='word_1_197' title='bbox 2999 1460 3138 1516; x_wconf 90' lang='lat' dir='ltr'><strong>ﬁlios</strong></span> <span class='ocrx_word' id='word_1_198' title='bbox 3178 1462 3377 1519; x_wconf 83' lang='lat' dir='ltr'><strong>Israel:</strong></span> <span class='ocrx_word' id='word_1_199' title='bbox 3411 1476 3596 1525; x_wconf 88' lang='lat' dir='ltr'><strong>nostra</strong></span> <span class='ocrx_word' id='word_1_200' title='bbox 3625 1484 3725 1524; x_wconf 85' lang='lat' dir='ltr'><strong>co—</strong></span> 
     </span>
    </p>
   </div>
   <div class='ocr_carea' id='block_1_29' title="bbox 2137 1542 3729 1619">
    <p class='ocr_par' dir='ltr' id='par_1_29' title="bbox 2137 1542 3729 1619">
     <span class='ocr_line' id='line_1_29' title="bbox 2137 1542 3729 1619; baseline 0.013 -23"><span class='ocrx_word' id='word_1_201' title='bbox 2137 1542 2341 1608; x_wconf 88' lang='lat' dir='ltr'><strong>lumna,</strong></span> <span class='ocrx_word' id='word_1_202' title='bbox 2385 1545 2439 1601; x_wconf 88' lang='lat' dir='ltr'><strong>id</strong></span> <span class='ocrx_word' id='word_1_203' title='bbox 2488 1554 2604 1612; x_wconf 90' lang='lat' dir='ltr'><strong>est,</strong></span> <span class='ocrx_word' id='word_1_204' title='bbox 2640 1562 2830 1603; x_wconf 89' lang='lat' dir='ltr'><strong>cereus</strong></span> <span class='ocrx_word' id='word_1_205' title='bbox 2871 1552 3124 1619; x_wconf 70' lang='lat' dir='ltr'><strong>praecedit</strong></span> <span class='ocrx_word' id='word_1_206' title='bbox 3168 1556 3591 1616; x_wconf 83' lang='lat' dir='ltr'><strong>catechumenos</strong></span> <span class='ocrx_word' id='word_1_207' title='bbox 3626 1575 3729 1617; x_wconf 89' lang='lat' dir='ltr'><strong>no-</strong></span> 
     </span>
    </p>
   </div>
   <div class='ocr_carea' id='block_1_30' title="bbox 2135 1637 3728 1724">
    <p class='ocr_par' dir='ltr' id='par_1_30' title="bbox 2135 1637 3728 1724">
     <span class='ocr_line' id='line_1_30' title="bbox 2135 1637 3728 1724; baseline 0.012 -34"><span class='ocrx_word' id='word_1_208' title='bbox 2135 1644 2299 1691; x_wconf 87' lang='lat' dir='ltr'><strong>stros.</strong></span> <span class='ocrx_word' id='word_1_209' title='bbox 2326 1637 2534 1694; x_wconf 87' lang='lat' dir='ltr'><strong>Lumen</strong></span> <span class='ocrx_word' id='word_1_210' title='bbox 2564 1640 2733 1709; x_wconf 88' lang='lat' dir='ltr'><strong>ipsius</strong></span> <span class='ocrx_word' id='word_1_211' title='bbox 2761 1639 3036 1697; x_wconf 90' lang='lat' dir='ltr'><strong>Christum</strong></span> <span class='ocrx_word' id='word_1_212' title='bbox 3064 1645 3351 1716; x_wconf 84' lang='lat' dir='ltr'><strong>signiﬁcat,</strong></span> <span class='ocrx_word' id='word_1_213' title='bbox 3374 1664 3483 1718; x_wconf 89' lang='lat' dir='ltr'><strong>quo</strong></span> <span class='ocrx_word' id='word_1_214' title='bbox 3507 1659 3562 1706; x_wconf 92' lang='lat' dir='ltr'><strong>et</strong></span> <span class='ocrx_word' id='word_1_215' title='bbox 3585 1669 3728 1724; x_wconf 60' lang='lat' dir='ltr'><strong>prae-</strong></span> 
     </span>
    </p>
   </div>
   <div class='ocr_carea' id='block_1_31' title="bbox 2135 1724 3726 1804">
    <p class='ocr_par' dir='ltr' id='par_1_31' title="bbox 2135 1724 3726 1804">
     <span class='ocr_line' id='line_1_31' title="bbox 2135 1724 3726 1804; baseline 0.012 -25"><span class='ocrx_word' id='word_1_216' title='bbox 2135 1738 2261 1779; x_wconf 86' lang='lat' dir='ltr'><strong>sens</strong></span> <span class='ocrx_word' id='word_1_217' title='bbox 2290 1739 2397 1779; x_wconf 79' lang='lat' dir='ltr'><strong>nox</strong></span> <span class='ocrx_word' id='word_1_218' title='bbox 2410 1724 2737 1793; x_wconf 83' lang='lat' dir='ltr'><strong>illustratur,</strong></span> <span class='ocrx_word' id='word_1_219' title='bbox 2765 1731 2941 1799; x_wconf 85' lang='lat' dir='ltr'><strong>gratia</strong></span> <span class='ocrx_word' id='word_1_220' title='bbox 2970 1733 3179 1788; x_wconf 82' lang='lat' dir='ltr'><strong>scilicet</strong></span> <span class='ocrx_word' id='word_1_221' title='bbox 3205 1740 3637 1804; x_wconf 84' lang='lat' dir='ltr'><strong>resurrectionis,</strong></span> <span class='ocrx_word' id='word_1_222' title='bbox 3665 1751 3726 1798; x_wconf 90' lang='lat' dir='ltr'><strong>et</strong></span> 
     </span>
    </p>
   </div>
   <div class='ocr_carea' id='block_1_32' title="bbox 2137 1816 3724 1892">
    <p class='ocr_par' dir='ltr' id='par_1_32' title="bbox 2137 1816 3724 1892">
     <span class='ocr_line' id='line_1_32' title="bbox 2137 1816 3724 1892; baseline 0.011 -23"><span class='ocrx_word' id='word_1_223' title='bbox 2137 1816 2516 1871; x_wconf 88' lang='lat' dir='ltr'><strong>catechumeni</strong></span> <span class='ocrx_word' id='word_1_224' title='bbox 2546 1819 2615 1873; x_wconf 92' lang='lat' dir='ltr'><strong>ad</strong></span> <span class='ocrx_word' id='word_1_225' title='bbox 2643 1818 2969 1891; x_wconf 85' lang='lat' dir='ltr'><strong>baptismum</strong></span> <span class='ocrx_word' id='word_1_226' title='bbox 2992 1824 3229 1879; x_wconf 89' lang='lat' dir='ltr'><strong>venturi.</strong></span> <span class='ocrx_word' id='word_1_227' title='bbox 3255 1823 3409 1892; x_wconf 86' lang='lat' dir='ltr'><strong>Quod</strong></span> <span class='ocrx_word' id='word_1_228' title='bbox 3434 1843 3466 1883; x_wconf 88' lang='lat' dir='ltr'><strong>a</strong></span> <span class='ocrx_word' id='word_1_229' title='bbox 3494 1829 3724 1887; x_wconf 79' lang='lat' dir='ltr'><strong>diacono</strong></span> 
     </span>
    </p>
   </div>
   <div class='ocr_carea' id='block_1_33' title="bbox 443 1900 2053 1981">
    <p class='ocr_par' dir='ltr' id='par_1_33' title="bbox 443 1903 2030 1978">
     <span class='ocr_line' id='line_1_33' title="bbox 443 1903 2030 1978; baseline -0.001 -18"><span class='ocrx_word' id='word_1_230' title='bbox 443 1905 764 1978; x_wconf 85' lang='lat' dir='ltr'><strong>portunitati</strong></span> <span class='ocrx_word' id='word_1_231' title='bbox 803 1915 925 1973; x_wconf 65' lang='lat' dir='ltr'><strong>tuae,</strong></span> <span class='ocrx_word' id='word_1_232' title='bbox 961 1906 1271 1963; x_wconf 88' lang='lat' dir='ltr'><strong>dulcissime</strong></span> <span class='ocrx_word' id='word_1_233' title='bbox 1299 1906 1396 1971; x_wconf 88' lang='lat' dir='ltr'><strong>ﬁh,</strong></span> <span class='ocrx_word' id='word_1_234' title='bbox 1425 1906 1530 1961; x_wconf 89' lang='lat' dir='ltr'><strong>etsi</strong></span> <span class='ocrx_word' id='word_1_235' title='bbox 1571 1921 1679 1961; x_wconf 84' lang='lat' dir='ltr'><strong>non</strong></span> <span class='ocrx_word' id='word_1_236' title='bbox 1705 1903 1811 1977; x_wconf 70' lang='lat' dir='ltr'><strong>[ut]</strong></span> <span class='ocrx_word' id='word_1_237' title='bbox 1840 1906 2030 1971; x_wconf 90' lang='lat' dir='ltr'><strong>debui,</strong></span> 
     </span>
    </p>
   </div>
   <div class='ocr_carea' id='block_1_34' title="bbox 2135 1900 3720 1981">
    <p class='ocr_par' dir='ltr' id='par_1_34' title="bbox 2136 1908 3720 1981">
     <span class='ocr_line' id='line_1_34' title="bbox 2136 1908 3720 1981; baseline 0.011 -19"><span class='ocrx_word' id='word_1_238' title='bbox 2136 1908 2727 1975; x_wconf 33' lang='lat' dir='ltr'><strong>benedicitur,.morem</strong></span> <span class='ocrx_word' id='word_1_239' title='bbox 2751 1913 3032 1981; x_wconf 89' lang='lat' dir='ltr'><strong>sequimur</strong></span> <span class='ocrx_word' id='word_1_240' title='bbox 3057 1914 3379 1973; x_wconf 82' lang='lat' dir='ltr'><strong>Romanum.</strong></span> <span class='ocrx_word' id='word_1_241' title='bbox 3403 1918 3463 1974; x_wconf 81' lang='lat' dir='ltr'><strong>In</strong></span> <span class='ocrx_word' id='word_1_242' title='bbox 3488 1936 3553 1977; x_wconf 90' lang='lat' dir='ltr'><strong>eo</strong></span> <span class='ocrx_word' id='word_1_243' title='bbox 3575 1925 3720 1979; x_wconf 88' lang='lat' dir='ltr'><strong>enim</strong></span> 
     </span>
    </p>
   </div>
   <div class='ocr_carea' id='block_1_35' title="bbox 444 1999 2036 2071">
    <p class='ocr_par' dir='ltr' id='par_1_35' title="bbox 444 1999 2036 2071">
     <span class='ocr_line' id='line_1_35' title="bbox 444 1999 2036 2071; baseline -0.001 -18"><span class='ocrx_word' id='word_1_244' title='bbox 444 2008 505 2053; x_wconf 85' lang='lat' dir='ltr'><strong>ut</strong></span> <span class='ocrx_word' id='word_1_245' title='bbox 537 2001 689 2071; x_wconf 87' lang='lat' dir='ltr'><strong>potui</strong></span> <span class='ocrx_word' id='word_1_246' title='bbox 737 2009 937 2067; x_wconf 89' lang='lat' dir='ltr'><strong>tamen,</strong></span> <span class='ocrx_word' id='word_1_247' title='bbox 963 1999 1279 2059; x_wconf 81' lang='lat' dir='ltr'><strong>satisfacere</strong></span> <span class='ocrx_word' id='word_1_248' title='bbox 1320 2000 1513 2065; x_wconf 87' lang='lat' dir='ltr'><strong>institi,</strong></span> <span class='ocrx_word' id='word_1_249' title='bbox 1544 2015 1855 2070; x_wconf 87' lang='lat' dir='ltr'><strong>quanquam</strong></span> <span class='ocrx_word' id='word_1_250' title='bbox 1900 1999 2036 2054; x_wconf 80' lang='lat' dir='ltr'><strong>ditii-</strong></span> 
     </span>
    </p>
   </div>
   <div class='ocr_carea' id='block_1_36' title="bbox 445 2090 2035 2163">
    <p class='ocr_par' dir='ltr' id='par_1_36' title="bbox 445 2090 2035 2163">
     <span class='ocr_line' id='line_1_36' title="bbox 445 2090 2035 2163; baseline 0 -18"><span class='ocrx_word' id='word_1_251' title='bbox 445 2090 645 2146; x_wconf 81' lang='lat' dir='ltr'><strong>cultate</strong></span> <span class='ocrx_word' id='word_1_252' title='bbox 659 2091 975 2161; x_wconf 69' lang='lat' dir='ltr'><strong>quaestionis</strong></span> <span class='ocrx_word' id='word_1_253' title='bbox 990 2100 1237 2163; x_wconf 87' lang='lat' dir='ltr'><strong>cogente,</strong></span> <span class='ocrx_word' id='word_1_254' title='bbox 1265 2092 1550 2147; x_wconf 87' lang='lat' dir='ltr'><strong>verbosior</strong></span> <span class='ocrx_word' id='word_1_255' title='bbox 1581 2090 1807 2146; x_wconf 75' lang='lat' dir='ltr'><strong>forsitan</strong></span> <span class='ocrx_word' id='word_1_256' title='bbox 1825 2090 2035 2146; x_wconf 76' lang='lat' dir='ltr'><strong>exstiti.</strong></span> 
     </span>
    </p>
   </div>
   <div class='ocr_carea' id='block_1_37' title="bbox 1037 2181 1447 2240">
    <p class='ocr_par' dir='ltr' id='par_1_37' title="bbox 1037 2181 1447 2240">
     <span class='ocr_line' id='line_1_37' title="bbox 1037 2181 1447 2240; baseline -0.01 0"><span class='ocrx_word' id='word_1_257' title='bbox 1037 2183 1269 2240; x_wconf 83' lang='lat' dir='ltr'><strong>CAPUT</strong></span> <span class='ocrx_word' id='word_1_258' title='bbox 1305 2181 1447 2239; x_wconf 79' lang='lat' dir='ltr'><strong>XIX.</strong></span> 
     </span>
    </p>
   </div>
   <div class='ocr_carea' id='block_1_38' title="bbox 721 2292 1750 2334">
    <p class='ocr_par' dir='ltr' id='par_1_38' title="bbox 721 2292 1750 2334">
     <span class='ocr_line' id='line_1_38' title="bbox 721 2292 1750 2334; baseline 0.001 -1"><span class='ocrx_word' id='word_1_259' title='bbox 721 2294 788 2333; x_wconf 78' lang='lat' dir='ltr'><strong>DE</strong></span> <span class='ocrx_word' id='word_1_260' title='bbox 823 2292 1063 2334; x_wconf 67' lang='lat' dir='ltr'><strong>SABBA&#39;I&#39;O</strong></span> <span class='ocrx_word' id='word_1_261' title='bbox 1089 2292 1293 2333; x_wconf 70' lang='lat' dir='ltr'><strong>SANC‘I’O</strong></span> <span class='ocrx_word' id='word_1_262' title='bbox 1318 2292 1485 2333; x_wconf 75' lang='lat' dir='ltr'><strong>VIGIL.</strong></span> <span class='ocrx_word' id='word_1_263' title='bbox 1516 2292 1750 2334; x_wconf 63' lang='lat' dir='ltr'><strong>PASCBE.</strong></span> 
     </span>
    </p>
   </div>
   <div class='ocr_carea' id='block_1_39' title="bbox 516 2365 2036 2429">
    <p class='ocr_par' dir='ltr' id='par_1_39' title="bbox 516 2365 2036 2429">
     <span class='ocr_line' id='line_1_39' title="bbox 516 2365 2036 2429; baseline -0.005 -2"><span class='ocrx_word' id='word_1_264' title='bbox 516 2370 739 2428; x_wconf 89' lang='lat' dir='ltr'><strong>Sabbati</strong></span> <span class='ocrx_word' id='word_1_265' title='bbox 781 2367 1058 2427; x_wconf 86' lang='lat' dir='ltr'><strong>Paschalis</strong></span> <span class='ocrx_word' id='word_1_266' title='bbox 1103 2367 1382 2423; x_wconf 85' lang='lat' dir='ltr'><strong>veneratio</strong></span> <span class='ocrx_word' id='word_1_267' title='bbox 1424 2366 1551 2421; x_wconf 90' lang='lat' dir='ltr'><strong>hinc</strong></span> <span class='ocrx_word' id='word_1_268' title='bbox 1594 2365 1926 2429; x_wconf 72' lang='lat' dir='ltr'><strong>celebratur,</strong></span> <span class='ocrx_word' id='word_1_269' title='bbox 1969 2380 2036 2419; x_wconf 90' lang='lat' dir='ltr'><strong>eo</strong></span> 
     </span>
    </p>
   </div>
   <div class='ocr_carea' id='block_1_40' title="bbox 443 2459 2035 2539">
    <p class='ocr_par' dir='ltr' id='par_1_40' title="bbox 443 2459 2035 2539">
     <span class='ocr_line' id='line_1_40' title="bbox 443 2459 2035 2539; baseline -0.002 -22"><span class='ocrx_word' id='word_1_270' title='bbox 443 2466 589 2534; x_wconf 66' lang='lat' dir='ltr'><strong>quod</strong></span> <span class='ocrx_word' id='word_1_271' title='bbox 628 2466 742 2535; x_wconf 89' lang='lat' dir='ltr'><strong>ipso</strong></span> <span class='ocrx_word' id='word_1_272' title='bbox 779 2463 865 2518; x_wconf 89' lang='lat' dir='ltr'><strong>die</strong></span> <span class='ocrx_word' id='word_1_273' title='bbox 912 2461 1174 2539; x_wconf 80' lang='lat' dir='ltr'><strong>Dominus</strong></span> <span class='ocrx_word' id='word_1_274' title='bbox 1220 2460 1274 2515; x_wconf 91' lang='lat' dir='ltr'><strong>in</strong></span> <span class='ocrx_word' id='word_1_275' title='bbox 1319 2459 1567 2531; x_wconf 84' lang='lat' dir='ltr'><strong>sepulcro</strong></span> <span class='ocrx_word' id='word_1_276' title='bbox 1611 2460 1837 2531; x_wconf 84' lang='lat' dir='ltr'><strong>quievit.</strong></span> <span class='ocrx_word' id='word_1_277' title='bbox 1881 2460 2035 2515; x_wconf 89' lang='lat' dir='ltr'><strong>Unde</strong></span> 
     </span>
    </p>
   </div>
   <div class='ocr_carea' id='block_1_41' title="bbox 443 2556 2035 2628">
    <p class='ocr_par' dir='ltr' id='par_1_41' title="bbox 443 2556 2035 2628">
     <span class='ocr_line' id='line_1_41' title="bbox 443 2556 2035 2628; baseline -0.001 -16"><span class='ocrx_word' id='word_1_278' title='bbox 443 2558 707 2613; x_wconf 84' lang='lat' dir='ltr'><strong>llebraice</strong></span> <span class='ocrx_word' id='word_1_279' title='bbox 748 2557 985 2627; x_wconf 89' lang='lat' dir='ltr'><strong>requies,</strong></span> <span class='ocrx_word' id='word_1_280' title='bbox 1013 2558 1128 2612; x_wconf 85' lang='lat' dir='ltr'><strong>sive</strong></span> <span class='ocrx_word' id='word_1_281' title='bbox 1154 2558 1296 2628; x_wconf 91' lang='lat' dir='ltr'><strong>quod</strong></span> <span class='ocrx_word' id='word_1_282' title='bbox 1326 2573 1393 2613; x_wconf 91' lang='lat' dir='ltr'><strong>eo</strong></span> <span class='ocrx_word' id='word_1_283' title='bbox 1431 2557 1519 2612; x_wconf 87' lang='lat' dir='ltr'><strong>die</strong></span> <span class='ocrx_word' id='word_1_284' title='bbox 1554 2559 1755 2612; x_wconf 88' lang='lat' dir='ltr'><strong>mundo</strong></span> <span class='ocrx_word' id='word_1_285' title='bbox 1796 2556 2035 2627; x_wconf 81' lang='lat' dir='ltr'><strong>perfecto</strong></span> 
     </span>
    </p>
   </div>
   <div class='ocr_carea' id='block_1_42' title="bbox 443 2646 2036 2718">
    <p class='ocr_par' dir='ltr' id='par_1_42' title="bbox 443 2646 2036 2718">
     <span class='ocr_line' id='line_1_42' title="bbox 443 2646 2036 2718; baseline 0.001 -16"><span class='ocrx_word' id='word_1_286' title='bbox 443 2649 729 2718; x_wconf 89' lang='lat' dir='ltr'><strong>requievit.</strong></span> <span class='ocrx_word' id='word_1_287' title='bbox 747 2647 849 2705; x_wconf 82' lang='lat' dir='ltr'><strong>Hic</strong></span> <span class='ocrx_word' id='word_1_288' title='bbox 866 2656 1048 2703; x_wconf 88' lang='lat' dir='ltr'><strong>autem</strong></span> <span class='ocrx_word' id='word_1_289' title='bbox 1074 2648 1189 2704; x_wconf 89' lang='lat' dir='ltr'><strong>dies</strong></span> <span class='ocrx_word' id='word_1_290' title='bbox 1214 2649 1356 2702; x_wconf 88' lang='lat' dir='ltr'><strong>inter</strong></span> <span class='ocrx_word' id='word_1_291' title='bbox 1381 2658 1610 2703; x_wconf 86' lang='lat' dir='ltr'><strong>mortem</strong></span> <span class='ocrx_word' id='word_1_292' title='bbox 1640 2646 1842 2703; x_wconf 89' lang='lat' dir='ltr'><strong>Christi</strong></span> <span class='ocrx_word' id='word_1_293' title='bbox 1872 2658 1928 2702; x_wconf 90' lang='lat' dir='ltr'><strong>et</strong></span> <span class='ocrx_word' id='word_1_294' title='bbox 1950 2664 2036 2703; x_wconf 82' lang='lat' dir='ltr'><strong>re-</strong></span> 
     </span>
    </p>
   </div>
   <div class='ocr_carea' id='block_1_43' title="bbox 442 2738 2035 2811">
    <p class='ocr_par' dir='ltr' id='par_1_43' title="bbox 442 2738 2035 2811">
     <span class='ocr_line' id='line_1_43' title="bbox 442 2738 2035 2811; baseline 0 -16"><span class='ocrx_word' id='word_1_295' title='bbox 442 2741 840 2796; x_wconf 79' lang='lat' dir='ltr'><strong>sui-rectionem</strong></span> <span class='ocrx_word' id='word_1_296' title='bbox 877 2739 1089 2795; x_wconf 87' lang='lat' dir='ltr'><strong>medius</strong></span> <span class='ocrx_word' id='word_1_297' title='bbox 1113 2747 1217 2806; x_wconf 86' lang='lat' dir='ltr'><strong>est,</strong></span> <span class='ocrx_word' id='word_1_298' title='bbox 1261 2738 1575 2811; x_wconf 77' lang='lat' dir='ltr'><strong>signiﬁcans</strong></span> <span class='ocrx_word' id='word_1_299' title='bbox 1617 2742 1908 2810; x_wconf 82' lang='lat' dir='ltr'><strong>quamdam</strong></span> <span class='ocrx_word' id='word_1_300' title='bbox 1948 2756 2035 2795; x_wconf 84' lang='lat' dir='ltr'><strong>re-</strong></span> 
     </span>
    </p>
   </div>
   <div class='ocr_carea' id='block_1_44' title="bbox 442 2830 2036 2905">
    <p class='ocr_par' dir='ltr' id='par_1_44' title="bbox 442 2830 2036 2905">
     <span class='ocr_line' id='line_1_44' title="bbox 442 2830 2036 2905; baseline 0 -20"><span class='ocrx_word' id='word_1_301' title='bbox 442 2833 625 2905; x_wconf 85' lang='lat' dir='ltr'><strong>quiem</strong></span> <span class='ocrx_word' id='word_1_302' title='bbox 656 2832 961 2887; x_wconf 87' lang='lat' dir='ltr'><strong>animarum</strong></span> <span class='ocrx_word' id='word_1_303' title='bbox 993 2830 1063 2885; x_wconf 87' lang='lat' dir='ltr'><strong>ab</strong></span> <span class='ocrx_word' id='word_1_304' title='bbox 1095 2832 1246 2885; x_wconf 92' lang='lat' dir='ltr'><strong>omni</strong></span> <span class='ocrx_word' id='word_1_305' title='bbox 1278 2830 1464 2886; x_wconf 88' lang='lat' dir='ltr'><strong>labore</strong></span> <span class='ocrx_word' id='word_1_306' title='bbox 1501 2841 1626 2900; x_wconf 90' lang='lat' dir='ltr'><strong>post</strong></span> <span class='ocrx_word' id='word_1_307' title='bbox 1654 2839 1910 2896; x_wconf 89' lang='lat' dir='ltr'><strong>mortem,</strong></span> <span class='ocrx_word' id='word_1_308' title='bbox 1938 2846 2036 2901; x_wconf 84' lang='lat' dir='ltr'><strong>per</strong></span> 
     </span>
    </p>
   </div>
   <div class='ocr_carea' id='block_1_45' title="bbox 441 2921 2032 2992">
    <p class='ocr_par' dir='ltr' id='par_1_45' title="bbox 441 2921 2032 2992">
     <span class='ocr_line' id='line_1_45' title="bbox 441 2921 2032 2992; baseline 0.001 -17"><span class='ocrx_word' id='word_1_309' title='bbox 441 2938 606 2992; x_wconf 85' lang='lat' dir='ltr'><strong>quam</strong></span> <span class='ocrx_word' id='word_1_310' title='bbox 631 2921 690 2975; x_wconf 90' lang='lat' dir='ltr'><strong>ﬁt</strong></span> <span class='ocrx_word' id='word_1_311' title='bbox 714 2922 974 2977; x_wconf 89' lang='lat' dir='ltr'><strong>transitus</strong></span> <span class='ocrx_word' id='word_1_312' title='bbox 996 2937 1095 2992; x_wconf 90' lang='lat' dir='ltr'><strong>per</strong></span> <span class='ocrx_word' id='word_1_313' title='bbox 1118 2922 1569 2976; x_wconf 88' lang='lat' dir='ltr'><strong>resurrectionem</strong></span> <span class='ocrx_word' id='word_1_314' title='bbox 1594 2924 1776 2977; x_wconf 89' lang='lat' dir='ltr'><strong>carnis</strong></span> <span class='ocrx_word' id='word_1_315' title='bbox 1797 2922 1863 2976; x_wconf 92' lang='lat' dir='ltr'><strong>ad</strong></span> <span class='ocrx_word' id='word_1_316' title='bbox 1887 2923 2032 2976; x_wconf 88' lang='lat' dir='ltr'><strong>illam</strong></span> 
     </span>
    </p>
   </div>
   <div class='ocr_carea' id='block_1_46' title="bbox 442 3010 2033 3082">
    <p class='ocr_par' dir='ltr' id='par_1_46' title="bbox 442 3010 2033 3082">
     <span class='ocr_line' id='line_1_46' title="bbox 442 3010 2033 3082; baseline 0 -15"><span class='ocrx_word' id='word_1_317' title='bbox 442 3014 638 3075; x_wconf 78' lang='lat' dir='ltr'><strong>vitam,</strong></span> <span class='ocrx_word' id='word_1_318' title='bbox 686 3027 850 3082; x_wconf 84' lang='lat' dir='ltr'><strong>quam</strong></span> <span class='ocrx_word' id='word_1_319' title='bbox 894 3010 1145 3067; x_wconf 89' lang='lat' dir='ltr'><strong>Christus</strong></span> <span class='ocrx_word' id='word_1_320' title='bbox 1188 3012 1449 3067; x_wconf 90' lang='lat' dir='ltr'><strong>Dominus</strong></span> <span class='ocrx_word' id='word_1_321' title='bbox 1492 3028 1588 3067; x_wconf 91' lang='lat' dir='ltr'><strong>sua</strong></span> <span class='ocrx_word' id='word_1_322' title='bbox 1630 3015 2033 3068; x_wconf 83' lang='lat' dir='ltr'><strong>resurrectione</strong></span> 
     </span>
    </p>
   </div>
   <div class='ocr_carea' id='block_1_47' title="bbox 442 3098 2035 3170">
    <p class='ocr_par' dir='ltr' id='par_1_47' title="bbox 442 3098 2035 3170">
     <span class='ocr_line' id='line_1_47' title="bbox 442 3098 2035 3170; baseline 0.001 -17"><span class='ocrx_word' id='word_1_323' title='bbox 442 3110 862 3170; x_wconf 50' lang='lat' dir='ltr'><strong>praemonstrare</strong></span> <span class='ocrx_word' id='word_1_324' title='bbox 888 3100 1137 3169; x_wconf 85' lang='lat' dir='ltr'><strong>dignatus</strong></span> <span class='ocrx_word' id='word_1_325' title='bbox 1160 3108 1263 3155; x_wconf 89' lang='lat' dir='ltr'><strong>est.</strong></span> <span class='ocrx_word' id='word_1_326' title='bbox 1298 3098 1363 3152; x_wconf 88' lang='lat' dir='ltr'><strong>Et</strong></span> <span class='ocrx_word' id='word_1_327' title='bbox 1387 3099 1512 3169; x_wconf 91' lang='lat' dir='ltr'><strong>quia</strong></span> <span class='ocrx_word' id='word_1_328' title='bbox 1544 3099 1597 3155; x_wconf 89' lang='lat' dir='ltr'><strong>in</strong></span> <span class='ocrx_word' id='word_1_329' title='bbox 1630 3108 1776 3154; x_wconf 89' lang='lat' dir='ltr'><strong>tanta</strong></span> <span class='ocrx_word' id='word_1_330' title='bbox 1804 3116 2035 3156; x_wconf 86' lang='lat' dir='ltr'><strong>venera-</strong></span> 
     </span>
    </p>
   </div>
   <div class='ocr_carea' id='block_1_48' title="bbox 445 3189 2031 3261">
    <p class='ocr_par' dir='ltr' id='par_1_48' title="bbox 445 3189 2031 3261">
     <span class='ocr_line' id='line_1_48' title="bbox 445 3189 2031 3261; baseline 0.003 -17"><span class='ocrx_word' id='word_1_331' title='bbox 445 3191 591 3245; x_wconf 90' lang='lat' dir='ltr'><strong>tione</strong></span> <span class='ocrx_word' id='word_1_332' title='bbox 633 3191 703 3244; x_wconf 84' lang='lat' dir='ltr'><strong>ab</strong></span> <span class='ocrx_word' id='word_1_333' title='bbox 750 3190 1002 3245; x_wconf 89' lang='lat' dir='ltr'><strong>omnibus</strong></span> <span class='ocrx_word' id='word_1_334' title='bbox 1034 3189 1360 3245; x_wconf 85' lang='lat' dir='ltr'><strong>Christianis</strong></span> <span class='ocrx_word' id='word_1_335' title='bbox 1404 3191 1689 3257; x_wconf 75' lang='lat' dir='ltr'><strong>excolitur,</strong></span> <span class='ocrx_word' id='word_1_336' title='bbox 1737 3207 1833 3249; x_wconf 89' lang='lat' dir='ltr'><strong>seu</strong></span> <span class='ocrx_word' id='word_1_337' title='bbox 1886 3190 2031 3261; x_wconf 87' lang='lat' dir='ltr'><strong>quod</strong></span> 
     </span>
    </p>
   </div>
   <div class='ocr_carea' id='block_1_49' title="bbox 2136 1998 3718 2082">
    <p class='ocr_par' dir='ltr' id='par_1_49' title="bbox 2136 1998 3718 2082">
     <span class='ocr_line' id='line_1_49' title="bbox 2136 1998 3718 2082; baseline 0.011 -30"><span class='ocrx_word' id='word_1_338' title='bbox 2136 1998 2549 2055; x_wconf 89' lang='lat' dir='ltr'><strong>archidiaconus</strong></span> <span class='ocrx_word' id='word_1_339' title='bbox 2576 2000 2796 2057; x_wconf 87' lang='lat' dir='ltr'><strong>conﬁcit</strong></span> <span class='ocrx_word' id='word_1_340' title='bbox 2820 2018 3009 2073; x_wconf 80' lang='lat' dir='ltr'><strong>agnos.</strong></span> <span class='ocrx_word' id='word_1_341' title='bbox 3037 2003 3139 2073; x_wconf 85' lang='lat' dir='ltr'><strong>Qui</strong></span> <span class='ocrx_word' id='word_1_342' title='bbox 3166 2021 3360 2081; x_wconf 82' lang='lat' dir='ltr'><strong>cereus</strong></span> <span class='ocrx_word' id='word_1_343' title='bbox 3387 2020 3483 2079; x_wconf 79' lang='lat' dir='ltr'><strong>per</strong></span> <span class='ocrx_word' id='word_1_344' title='bbox 3511 2022 3718 2082; x_wconf 84' lang='lat' dir='ltr'><strong>septem</strong></span> 
     </span>
    </p>
   </div>
   <div class='ocr_carea' id='block_1_50' title="bbox 2134 2089 3724 2172">
    <p class='ocr_par' dir='ltr' id='par_1_50' title="bbox 2134 2089 3724 2172">
     <span class='ocr_line' id='line_1_50' title="bbox 2134 2089 3724 2172; baseline 0.009 -30"><span class='ocrx_word' id='word_1_345' title='bbox 2134 2089 2252 2144; x_wconf 88' lang='lat' dir='ltr'><strong>dies</strong></span> <span class='ocrx_word' id='word_1_346' title='bbox 2277 2090 2671 2162; x_wconf 76' lang='lat' dir='ltr'><strong>neophytorum</strong></span> <span class='ocrx_word' id='word_1_347' title='bbox 2698 2093 2959 2162; x_wconf 82' lang='lat' dir='ltr'><strong>praecedit</strong></span> <span class='ocrx_word' id='word_1_348' title='bbox 2979 2094 3312 2164; x_wconf 87' lang='lat' dir='ltr'><strong>pontiﬁcem,</strong></span> <span class='ocrx_word' id='word_1_349' title='bbox 3338 2100 3430 2169; x_wconf 91' lang='lat' dir='ltr'><strong>qui</strong></span> <span class='ocrx_word' id='word_1_350' title='bbox 3453 2109 3537 2155; x_wconf 88' lang='lat' dir='ltr'><strong>est</strong></span> <span class='ocrx_word' id='word_1_351' title='bbox 3559 2111 3724 2172; x_wconf 84' lang='lat' dir='ltr'><strong>caput</strong></span> 
     </span>
    </p>
   </div>
   <div class='ocr_carea' id='block_1_51' title="bbox 2134 2182 3721 2264">
    <p class='ocr_par' dir='ltr' id='par_1_51' title="bbox 2134 2182 3721 2264">
     <span class='ocr_line' id='line_1_51' title="bbox 2134 2182 3721 2264; baseline 0.008 -28"><span class='ocrx_word' id='word_1_352' title='bbox 2134 2182 2338 2253; x_wconf 86' lang='lat' dir='ltr'><strong>populi,</strong></span> <span class='ocrx_word' id='word_1_353' title='bbox 2364 2184 2493 2253; x_wconf 84' lang='lat' dir='ltr'><strong>quia</strong></span> <span class='ocrx_word' id='word_1_354' title='bbox 2520 2184 2769 2240; x_wconf 84' lang='lat' dir='ltr'><strong>columna</strong></span> <span class='ocrx_word' id='word_1_355' title='bbox 2797 2186 2939 2257; x_wconf 90' lang='lat' dir='ltr'><strong>ignis</strong></span> <span class='ocrx_word' id='word_1_356' title='bbox 2960 2190 3240 2258; x_wconf 64' lang='lat' dir='ltr'><strong>praecessit</strong></span> <span class='ocrx_word' id='word_1_357' title='bbox 3265 2191 3523 2262; x_wconf 90' lang='lat' dir='ltr'><strong>populum</strong></span> <span class='ocrx_word' id='word_1_358' title='bbox 3546 2209 3721 2264; x_wconf 85' lang='lat' dir='ltr'><strong>usque</strong></span> 
     </span>
    </p>
   </div>
   <div class='ocr_carea' id='block_1_52' title="bbox 2135 2266 3659 2347">
    <p class='ocr_par' dir='ltr' id='par_1_52' title="bbox 2135 2266 3659 2347">
     <span class='ocr_line' id='line_1_52' title="bbox 2135 2266 3659 2347; baseline 0.005 -17"><span class='ocrx_word' id='word_1_359' title='bbox 2135 2275 2204 2330; x_wconf 89' lang='lat' dir='ltr'><strong>ad</strong></span> <span class='ocrx_word' id='word_1_360' title='bbox 2235 2283 2435 2330; x_wconf 88' lang='lat' dir='ltr'><strong>terram</strong></span> <span class='ocrx_word' id='word_1_361' title='bbox 2464 2278 2919 2347; x_wconf 73' lang='lat' dir='ltr'><strong>repromissionis.</strong></span> <span class='ocrx_word' id='word_1_362' title='bbox 3656 2266 3659 2267; x_wconf 14' lang='grc' dir='ltr'><em>ν</em></span> 
     </span>
    </p>
   </div>
   <div class='ocr_carea' id='block_1_53' title="bbox 2202 2365 3722 2441">
    <p class='ocr_par' dir='ltr' id='par_1_53' title="bbox 2202 2365 3722 2441">
     <span class='ocr_line' id='line_1_53' title="bbox 2202 2365 3722 2441; baseline 0.012 -21"><span class='ocrx_word' id='word_1_363' title='bbox 2202 2365 2323 2435; x_wconf 82' lang='lat' dir='ltr'><strong>Ipso</strong></span> <span class='ocrx_word' id='word_1_364' title='bbox 2351 2366 2437 2421; x_wconf 79' lang='lat' dir='ltr'><strong>die</strong></span> <span class='ocrx_word' id='word_1_365' title='bbox 2467 2368 2599 2422; x_wconf 91' lang='lat' dir='ltr'><strong>hora</strong></span> <span class='ocrx_word' id='word_1_366' title='bbox 2635 2370 2864 2438; x_wconf 87' lang='lat' dir='ltr'><strong>septima</strong></span> <span class='ocrx_word' id='word_1_367' title='bbox 2893 2373 3196 2441; x_wconf 81' lang='lat' dir='ltr'><strong>procedunt</strong></span> <span class='ocrx_word' id='word_1_368' title='bbox 3228 2389 3427 2431; x_wconf 88' lang='lat' dir='ltr'><strong>omnes</strong></span> <span class='ocrx_word' id='word_1_369' title='bbox 3445 2378 3512 2434; x_wconf 86' lang='lat' dir='ltr'><strong>ad</strong></span> <span class='ocrx_word' id='word_1_370' title='bbox 3542 2379 3722 2438; x_wconf 82' lang='lat' dir='ltr'><strong>eccle-</strong></span> 
     </span>
    </p>
   </div>
   <div class='ocr_carea' id='block_1_54' title="bbox 2134 2456 3733 2537">
    <p class='ocr_par' dir='ltr' id='par_1_54' title="bbox 2134 2456 3733 2537">
     <span class='ocr_line' id='line_1_54' title="bbox 2134 2456 3733 2537; baseline 0.009 -24"><span class='ocrx_word' id='word_1_371' title='bbox 2134 2456 2295 2523; x_wconf 87' lang='lat' dir='ltr'><strong>siam,</strong></span> <span class='ocrx_word' id='word_1_372' title='bbox 2317 2464 2375 2513; x_wconf 88' lang='lat' dir='ltr'><strong>et</strong></span> <span class='ocrx_word' id='word_1_373' title='bbox 2401 2458 2719 2529; x_wconf 87' lang='lat' dir='ltr'><strong>deportatur</strong></span> <span class='ocrx_word' id='word_1_374' title='bbox 2760 2460 2938 2516; x_wconf 89' lang='lat' dir='ltr'><strong>lumen</strong></span> <span class='ocrx_word' id='word_1_375' title='bbox 2971 2465 3039 2519; x_wconf 91' lang='lat' dir='ltr'><strong>ab</strong></span> <span class='ocrx_word' id='word_1_376' title='bbox 3065 2465 3321 2535; x_wconf 88' lang='lat' dir='ltr'><strong>episcopo</strong></span> <span class='ocrx_word' id='word_1_377' title='bbox 3349 2469 3463 2524; x_wconf 82' lang='lat' dir='ltr'><strong>sive</strong></span> <span class='ocrx_word' id='word_1_378' title='bbox 3501 2470 3733 2537; x_wconf 48' lang='lat' dir='ltr'><strong>abbate,</strong></span> 
     </span>
    </p>
   </div>
   <div class='ocr_carea' id='block_1_55' title="bbox 2132 2550 3723 2626">
    <p class='ocr_par' dir='ltr' id='par_1_55' title="bbox 2132 2550 3723 2626">
     <span class='ocr_line' id='line_1_55' title="bbox 2132 2550 3723 2626; baseline 0.01 -26"><span class='ocrx_word' id='word_1_379' title='bbox 2132 2556 2495 2619; x_wconf 84' lang='lat' dir='ltr'><strong>prosequente</strong></span> <span class='ocrx_word' id='word_1_380' title='bbox 2520 2566 2643 2605; x_wconf 89' lang='lat' dir='ltr'><strong>eum</strong></span> <span class='ocrx_word' id='word_1_381' title='bbox 2670 2550 2867 2621; x_wconf 88' lang='lat' dir='ltr'><strong>populo</strong></span> <span class='ocrx_word' id='word_1_382' title='bbox 2886 2554 3032 2608; x_wconf 89' lang='lat' dir='ltr'><strong>sicut</strong></span> <span class='ocrx_word' id='word_1_383' title='bbox 3054 2570 3243 2626; x_wconf 82' lang='lat' dir='ltr'><strong>supra,</strong></span> <span class='ocrx_word' id='word_1_384' title='bbox 3267 2568 3323 2611; x_wconf 88' lang='lat' dir='ltr'><strong>et</strong></span> <span class='ocrx_word' id='word_1_385' title='bbox 3349 2558 3723 2617; x_wconf 89' lang='lat' dir='ltr'><strong>illuminantur</strong></span> 
     </span>
    </p>
   </div>
   <div class='ocr_carea' id='block_1_56' title="bbox 2133 2640 3720 2719">
    <p class='ocr_par' dir='ltr' id='par_1_56' title="bbox 2133 2640 3720 2719">
     <span class='ocr_line' id='line_1_56' title="bbox 2133 2640 3720 2719; baseline 0.008 -23"><span class='ocrx_word' id='word_1_386' title='bbox 2133 2646 2340 2711; x_wconf 87' lang='lat' dir='ltr'><strong>septem</strong></span> <span class='ocrx_word' id='word_1_387' title='bbox 2364 2640 2660 2711; x_wconf 64' lang='lat' dir='ltr'><strong>lampades.</strong></span> <span class='ocrx_word' id='word_1_388' title='bbox 2686 2642 2891 2699; x_wconf 79' lang='lat' dir='ltr'><strong>Cereus</strong></span> <span class='ocrx_word' id='word_1_389' title='bbox 2914 2659 3044 2699; x_wconf 87' lang='lat' dir='ltr'><strong>vero</strong></span> <span class='ocrx_word' id='word_1_390' title='bbox 3065 2647 3157 2716; x_wconf 89' lang='lat' dir='ltr'><strong>qui</strong></span> <span class='ocrx_word' id='word_1_391' title='bbox 3187 2647 3590 2706; x_wconf 86' lang='lat' dir='ltr'><strong>benedicendus</strong></span> <span class='ocrx_word' id='word_1_392' title='bbox 3611 2661 3720 2719; x_wconf 82' lang='lat' dir='ltr'><strong>est,</strong></span> 
     </span>
    </p>
   </div>
   <div class='ocr_carea' id='block_1_57' title="bbox 2125 2730 3721 2805">
    <p class='ocr_par' dir='ltr' id='par_1_57' title="bbox 2125 2730 3721 2805">
     <span class='ocr_line' id='line_1_57' title="bbox 2125 2730 3721 2805; baseline 0.01 -22"><span class='ocrx_word' id='word_1_393' title='bbox 2125 2731 2240 2802; x_wconf 85' lang='lat' dir='ltr'><strong>jam</strong></span> <span class='ocrx_word' id='word_1_394' title='bbox 2265 2730 2427 2786; x_wconf 89' lang='lat' dir='ltr'><strong>debet</strong></span> <span class='ocrx_word' id='word_1_395' title='bbox 2465 2745 2587 2785; x_wconf 88' lang='lat' dir='ltr'><strong>esse</strong></span> <span class='ocrx_word' id='word_1_396' title='bbox 2622 2740 2961 2802; x_wconf 75' lang='lat' dir='ltr'><strong>praeparatus</strong></span> <span class='ocrx_word' id='word_1_397' title='bbox 3002 2735 3055 2789; x_wconf 90' lang='lat' dir='ltr'><strong>in</strong></span> <span class='ocrx_word' id='word_1_398' title='bbox 3086 2735 3263 2793; x_wconf 83' lang='lat' dir='ltr'><strong>medio</strong></span> <span class='ocrx_word' id='word_1_399' title='bbox 3290 2737 3552 2805; x_wconf 68' lang='lat' dir='ltr'><strong>ecclesiae,</strong></span> <span class='ocrx_word' id='word_1_400' title='bbox 3593 2754 3721 2799; x_wconf 57' lang='lat' dir='ltr'><strong>eone</strong></span> 
     </span>
    </p>
   </div>
   <div class='ocr_carea' id='block_1_58' title="bbox 2132 2819 3719 2894">
    <p class='ocr_par' dir='ltr' id='par_1_58' title="bbox 2132 2819 3719 2894">
     <span class='ocr_line' id='line_1_58' title="bbox 2132 2819 3719 2894; baseline 0.01 -24"><span class='ocrx_word' id='word_1_401' title='bbox 2132 2826 2356 2889; x_wconf 85' lang='lat' dir='ltr'><strong>gregato</strong></span> <span class='ocrx_word' id='word_1_402' title='bbox 2386 2819 2510 2872; x_wconf 92' lang='lat' dir='ltr'><strong>hinc</strong></span> <span class='ocrx_word' id='word_1_403' title='bbox 2536 2819 2660 2874; x_wconf 89' lang='lat' dir='ltr'><strong>inde</strong></span> <span class='ocrx_word' id='word_1_404' title='bbox 2687 2821 2832 2875; x_wconf 91' lang='lat' dir='ltr'><strong>omni</strong></span> <span class='ocrx_word' id='word_1_405' title='bbox 2861 2820 3008 2876; x_wconf 90' lang='lat' dir='ltr'><strong>clero</strong></span> <span class='ocrx_word' id='word_1_406' title='bbox 3034 2837 3126 2877; x_wconf 89' lang='lat' dir='ltr'><strong>seu</strong></span> <span class='ocrx_word' id='word_1_407' title='bbox 3154 2825 3386 2894; x_wconf 81' lang='lat' dir='ltr'><strong>populo:</strong></span> <span class='ocrx_word' id='word_1_408' title='bbox 3414 2828 3608 2884; x_wconf 88' lang='lat' dir='ltr'><strong>deinde</strong></span> <span class='ocrx_word' id='word_1_409' title='bbox 3630 2845 3719 2886; x_wconf 83' lang='lat' dir='ltr'><strong>ve-</strong></span> 
     </span>
    </p>
   </div>
   <div class='ocr_carea' id='block_1_59' title="bbox 2134 2911 3722 2982">
    <p class='ocr_par' dir='ltr' id='par_1_59' title="bbox 2134 2911 3722 2982">
     <span class='ocr_line' id='line_1_59' title="bbox 2134 2911 3722 2982; baseline 0.008 -17"><span class='ocrx_word' id='word_1_410' title='bbox 2134 2911 2289 2966; x_wconf 86' lang='lat' dir='ltr'><strong>niens</strong></span> <span class='ocrx_word' id='word_1_411' title='bbox 2317 2912 2731 2967; x_wconf 89' lang='lat' dir='ltr'><strong>archidiaconus</strong></span> <span class='ocrx_word' id='word_1_412' title='bbox 2774 2911 2905 2967; x_wconf 75' lang='lat' dir='ltr'><strong>facit</strong></span> <span class='ocrx_word' id='word_1_413' title='bbox 2933 2927 3150 2970; x_wconf 89' lang='lat' dir='ltr'><strong>crucem</strong></span> <span class='ocrx_word' id='word_1_414' title='bbox 3177 2917 3231 2969; x_wconf 92' lang='lat' dir='ltr'><strong>in</strong></span> <span class='ocrx_word' id='word_1_415' title='bbox 3258 2932 3347 2982; x_wconf 88' lang='lat' dir='ltr'><strong>eo,</strong></span> <span class='ocrx_word' id='word_1_416' title='bbox 3370 2927 3426 2973; x_wconf 92' lang='lat' dir='ltr'><strong>et</strong></span> <span class='ocrx_word' id='word_1_417' title='bbox 3452 2919 3722 2977; x_wconf 88' lang='lat' dir='ltr'><strong>illuminat</strong></span> 
     </span>
    </p>
   </div>
   <div class='ocr_carea' id='block_1_60' title="bbox 2133 2999 3721 3075">
    <p class='ocr_par' dir='ltr' id='par_1_60' title="bbox 2133 2999 3721 3075">
     <span class='ocr_line' id='line_1_60' title="bbox 2133 2999 3721 3075; baseline 0.008 -21"><span class='ocrx_word' id='word_1_418' title='bbox 2133 2999 2282 3055; x_wconf 91' lang='lat' dir='ltr'><strong>illum</strong></span> <span class='ocrx_word' id='word_1_419' title='bbox 2311 3002 2377 3055; x_wconf 92' lang='lat' dir='ltr'><strong>de</strong></span> <span class='ocrx_word' id='word_1_420' title='bbox 2408 3017 2547 3056; x_wconf 76' lang='lat' dir='ltr'><strong>novo</strong></span> <span class='ocrx_word' id='word_1_421' title='bbox 2574 3002 2719 3072; x_wconf 83' lang='lat' dir='ltr'><strong>igne,</strong></span> <span class='ocrx_word' id='word_1_422' title='bbox 2749 3012 2910 3071; x_wconf 88' lang='lat' dir='ltr'><strong>atque</strong></span> <span class='ocrx_word' id='word_1_423' title='bbox 2950 3004 3254 3075; x_wconf 89' lang='lat' dir='ltr'><strong>completur</strong></span> <span class='ocrx_word' id='word_1_424' title='bbox 3294 3008 3363 3062; x_wconf 90' lang='lat' dir='ltr'><strong>ab</strong></span> <span class='ocrx_word' id='word_1_425' title='bbox 3393 3024 3459 3063; x_wconf 87' lang='lat' dir='ltr'><strong>eo</strong></span> <span class='ocrx_word' id='word_1_426' title='bbox 3495 3010 3721 3067; x_wconf 87' lang='lat' dir='ltr'><strong>benedi-</strong></span> 
     </span>
    </p>
   </div>
   <div class='ocr_carea' id='block_1_61' title="bbox 2131 3091 3724 3167">
    <p class='ocr_par' dir='ltr' id='par_1_61' title="bbox 2131 3091 3724 3167">
     <span class='ocr_line' id='line_1_61' title="bbox 2131 3091 3724 3167; baseline 0.006 -21"><span class='ocrx_word' id='word_1_427' title='bbox 2131 3091 2240 3147; x_wconf 89' lang='lat' dir='ltr'><strong>ctio</strong></span> <span class='ocrx_word' id='word_1_428' title='bbox 2274 3091 2437 3146; x_wconf 89' lang='lat' dir='ltr'><strong>cerei.</strong></span> <span class='ocrx_word' id='word_1_429' title='bbox 2478 3091 2657 3148; x_wconf 85' lang='lat' dir='ltr'><strong>Prima</strong></span> <span class='ocrx_word' id='word_1_430' title='bbox 2689 3094 2843 3163; x_wconf 86' lang='lat' dir='ltr'><strong>quasi</strong></span> <span class='ocrx_word' id='word_1_431' title='bbox 2876 3093 2932 3148; x_wconf 93' lang='lat' dir='ltr'><strong>in</strong></span> <span class='ocrx_word' id='word_1_432' title='bbox 2964 3097 3181 3149; x_wconf 65' lang='lat' dir='ltr'><strong>modum</strong></span> <span class='ocrx_word' id='word_1_433' title='bbox 3207 3096 3435 3167; x_wconf 83' lang='lat' dir='ltr'><strong>legentis</strong></span> <span class='ocrx_word' id='word_1_434' title='bbox 3462 3100 3576 3154; x_wconf 85' lang='lat' dir='ltr'><strong>ita:</strong></span> <span class='ocrx_word' id='word_1_435' title='bbox 3609 3102 3724 3155; x_wconf 75' lang='lat' dir='ltr'><strong>Ea:-</strong></span> 
     </span>
    </p>
   </div>
   <div class='ocr_carea' id='block_1_62' title="bbox 2132 3180 3722 3258">
    <p class='ocr_par' dir='ltr' id='par_1_62' title="bbox 2132 3180 3722 3258">
     <span class='ocr_line' id='line_1_62' title="bbox 2132 3180 3722 3258; baseline 0.007 -23"><span class='ocrx_word' id='word_1_436' title='bbox 2132 3180 2288 3236; x_wconf 79' lang='lat' dir='ltr'><strong>sultet</strong></span> <span class='ocrx_word' id='word_1_437' title='bbox 2324 3182 2443 3251; x_wconf 83' lang='lat' dir='ltr'><strong>jam</strong></span> <span class='ocrx_word' id='word_1_438' title='bbox 2478 3182 2718 3252; x_wconf 77' lang='lat' dir='ltr'><strong>angelica</strong></span> <span class='ocrx_word' id='word_1_439' title='bbox 2767 3183 2920 3237; x_wconf 83' lang='lat' dir='ltr'><strong>turba</strong></span> <span class='ocrx_word' id='word_1_440' title='bbox 2951 3184 3228 3249; x_wconf 71' lang='lat' dir='ltr'><strong>caelorum,</strong></span> <span class='ocrx_word' id='word_1_441' title='bbox 3257 3195 3313 3241; x_wconf 88' lang='lat' dir='ltr'><strong>et</strong></span> <span class='ocrx_word' id='word_1_442' title='bbox 3357 3189 3583 3258; x_wconf 88' lang='lat' dir='ltr'><strong>reliqua.</strong></span> <span class='ocrx_word' id='word_1_443' title='bbox 3617 3189 3722 3246; x_wconf 84' lang='lat' dir='ltr'><strong>Se-</strong></span> 
     </span>
    </p>
   </div>
   <div class='ocr_carea' id='block_1_63' title="bbox 442 3261 3725 3352">
    <p class='ocr_par' dir='ltr' id='par_1_63' title="bbox 442 3261 3725 3352">
     <span class='ocr_line' id='line_1_63' title="bbox 442 3261 3725 3352; baseline 0 -17"><span class='ocrx_word' id='word_1_444' title='bbox 442 3296 614 3352; x_wconf 88' lang='lat' dir='ltr'><strong>usque</strong></span> <span class='ocrx_word' id='word_1_445' title='bbox 636 3281 705 3337; x_wconf 93' lang='lat' dir='ltr'><strong>ad</strong></span> <span class='ocrx_word' id='word_1_446' title='bbox 730 3282 965 3337; x_wconf 90' lang='lat' dir='ltr'><strong>medium</strong></span> <span class='ocrx_word' id='word_1_447' title='bbox 991 3281 1165 3339; x_wconf 90' lang='lat' dir='ltr'><strong>noctis</strong></span> <span class='ocrx_word' id='word_1_448' title='bbox 1192 3281 1385 3351; x_wconf 75' lang='lat' dir='ltr'><strong>vigilia:</strong></span> <span class='ocrx_word' id='word_1_449' title='bbox 1406 3283 1789 3348; x_wconf 73' lang='lat' dir='ltr'><strong>extenduntur,</strong></span> <span class='ocrx_word' id='word_1_450' title='bbox 1812 3292 2032 3340; x_wconf 69' lang='lat' dir='ltr'><strong>sanctus</strong></span> <span class='ocrx_word' id='word_1_451' title='bbox 2061 3261 2105 3322; x_wconf 86' lang='lat' dir='ltr'><strong>C</strong></span> <span class='ocrx_word' id='word_1_452' title='bbox 2138 3274 2311 3329; x_wconf 86' lang='lat' dir='ltr'><strong>cunda</strong></span> <span class='ocrx_word' id='word_1_453' title='bbox 2342 3274 2677 3328; x_wconf 86' lang='lat' dir='ltr'><strong>decantanda</strong></span> <span class='ocrx_word' id='word_1_454' title='bbox 2710 3283 2797 3327; x_wconf 91' lang='lat' dir='ltr'><strong>cst</strong></span> <span class='ocrx_word' id='word_1_455' title='bbox 2825 3274 2879 3327; x_wconf 91' lang='lat' dir='ltr'><strong>in</strong></span> <span class='ocrx_word' id='word_1_456' title='bbox 2919 3275 3136 3328; x_wconf 89' lang='lat' dir='ltr'><strong>modum</strong></span> <span class='ocrx_word' id='word_1_457' title='bbox 3166 3276 3519 3344; x_wconf 70' lang='lat' dir='ltr'><strong>pml‘ationis.</strong></span> <span class='ocrx_word' id='word_1_458' title='bbox 3550 3279 3725 3335; x_wconf 89' lang='lat' dir='ltr'><strong>Cereo</strong></span> 
     </span>
    </p>
   </div>
   <div class='ocr_carea' id='block_1_64' title="bbox 444 3371 2034 3445">
    <p class='ocr_par' dir='ltr' id='par_1_64' title="bbox 444 3371 2034 3445">
     <span class='ocr_line' id='line_1_64' title="bbox 444 3371 2034 3445; baseline 0.001 -17"><span class='ocrx_word' id='word_1_459' title='bbox 444 3374 807 3445; x_wconf 82' lang='lat' dir='ltr'><strong>Hieronymus</strong></span> <span class='ocrx_word' id='word_1_460' title='bbox 840 3374 915 3427; x_wconf 89' lang='lat' dir='ltr'><strong>ita</strong></span> <span class='ocrx_word' id='word_1_461' title='bbox 959 3373 1155 3428; x_wconf 91' lang='lat' dir='ltr'><strong>docet:</strong></span> <span class='ocrx_word' id='word_1_462' title='bbox 1187 3385 1211 3413; x_wconf 68' lang='grc' dir='ltr'><strong>ε</strong></span> <span class='ocrx_word' id='word_1_463' title='bbox 1249 3371 1490 3428; x_wconf 90' lang='lat' dir='ltr'><strong>Traditio</strong></span> <span class='ocrx_word' id='word_1_464' title='bbox 1536 3375 1896 3444; x_wconf 85' lang='lat' dir='ltr'><strong>apostolorum</strong></span> <span class='ocrx_word' id='word_1_465' title='bbox 1947 3376 2034 3429; x_wconf 85' lang='lat' dir='ltr'><strong>vel</strong></span> 
     </span>
    </p>
   </div>
   <div class='ocr_carea' id='block_1_65' title="bbox 444 3464 2035 3533">
    <p class='ocr_par' dir='ltr' id='par_1_65' title="bbox 444 3464 2035 3533">
     <span class='ocr_line' id='line_1_65' title="bbox 444 3464 2035 3533; baseline -0.001 -8"><span class='ocrx_word' id='word_1_466' title='bbox 444 3466 754 3531; x_wconf 67' lang='lat' dir='ltr'><strong>Iudaeorum</strong></span> <span class='ocrx_word' id='word_1_467' title='bbox 783 3475 892 3533; x_wconf 90' lang='lat' dir='ltr'><strong>est,</strong></span> <span class='ocrx_word' id='word_1_468' title='bbox 941 3464 1217 3522; x_wconf 88' lang='lat' dir='ltr'><strong>Christum</strong></span> <span class='ocrx_word' id='word_1_469' title='bbox 1253 3467 1428 3522; x_wconf 91' lang='lat' dir='ltr'><strong>media</strong></span> <span class='ocrx_word' id='word_1_470' title='bbox 1469 3474 1627 3522; x_wconf 87' lang='lat' dir='ltr'><strong>nocte</strong></span> <span class='ocrx_word' id='word_1_471' title='bbox 1663 3475 1949 3523; x_wconf 84' lang='lat' dir='ltr'><strong>venturum</strong></span> <span class='ocrx_word' id='word_1_472' title='bbox 1981 3470 2035 3523; x_wconf 92' lang='lat' dir='ltr'><strong>in</strong></span> 
     </span>
    </p>
   </div>
   <div class='ocr_carea' id='block_1_66' title="bbox 447 3559 2037 3631">
    <p class='ocr_par' dir='ltr' id='par_1_66' title="bbox 447 3559 2037 3631">
     <span class='ocr_line' id='line_1_66' title="bbox 447 3559 2037 3631; baseline 0.001 -15"><span class='ocrx_word' id='word_1_473' title='bbox 447 3560 855 3616; x_wconf 87' lang='lat' dir='ltr'><strong>similitudinem</strong></span> <span class='ocrx_word' id='word_1_474' title='bbox 880 3559 1123 3631; x_wconf 61' lang='lat' dir='ltr'><strong>Egyptii</strong></span> <span class='ocrx_word' id='word_1_475' title='bbox 1157 3561 1435 3630; x_wconf 89' lang='lat' dir='ltr'><strong>temporis,</strong></span> <span class='ocrx_word' id='word_1_476' title='bbox 1465 3561 1682 3631; x_wconf 88' lang='lat' dir='ltr'><strong>quando</strong></span> <span class='ocrx_word' id='word_1_477' title='bbox 1712 3561 1916 3617; x_wconf 86' lang='lat' dir='ltr'><strong>Pascha</strong></span> <span class='ocrx_word' id='word_1_478' title='bbox 1948 3578 2037 3618; x_wconf 82' lang='lat' dir='ltr'><strong>ee-</strong></span> 
     </span>
    </p>
   </div>
   <div class='ocr_carea' id='block_1_67' title="bbox 448 3652 2036 3724">
    <p class='ocr_par' dir='ltr' id='par_1_67' title="bbox 448 3652 2036 3724">
     <span class='ocr_line' id='line_1_67' title="bbox 448 3652 2036 3724; baseline -0.001 -14"><span class='ocrx_word' id='word_1_479' title='bbox 448 3656 714 3710; x_wconf 87' lang='lat' dir='ltr'><strong>lcbratum</strong></span> <span class='ocrx_word' id='word_1_480' title='bbox 743 3661 846 3709; x_wconf 89' lang='lat' dir='ltr'><strong>est.</strong></span> <span class='ocrx_word' id='word_1_481' title='bbox 888 3652 1042 3709; x_wconf 88' lang='lat' dir='ltr'><strong>Unde</strong></span> <span class='ocrx_word' id='word_1_482' title='bbox 1068 3662 1123 3707; x_wconf 90' lang='lat' dir='ltr'><strong>et</strong></span> <span class='ocrx_word' id='word_1_483' title='bbox 1154 3669 1277 3707; x_wconf 90' lang='lat' dir='ltr'><strong>reor</strong></span> <span class='ocrx_word' id='word_1_484' title='bbox 1304 3653 1651 3708; x_wconf 78' lang='lat' dir='ltr'><strong>traditionem</strong></span> <span class='ocrx_word' id='word_1_485' title='bbox 1684 3655 2036 3724; x_wconf 85' lang='lat' dir='ltr'><strong>apostolicam</strong></span> 
     </span>
    </p>
   </div>
   <div class='ocr_carea' id='block_1_68' title="bbox 447 3744 2038 3818">
    <p class='ocr_par' dir='ltr' id='par_1_68' title="bbox 447 3744 2038 3818">
     <span class='ocr_line' id='line_1_68' title="bbox 447 3744 2038 3818; baseline 0.001 -17"><span class='ocrx_word' id='word_1_486' title='bbox 447 3746 835 3818; x_wconf 88' lang='lat' dir='ltr'><strong>permansisse,</strong></span> <span class='ocrx_word' id='word_1_487' title='bbox 860 3753 921 3799; x_wconf 91' lang='lat' dir='ltr'><strong>ut</strong></span> <span class='ocrx_word' id='word_1_488' title='bbox 962 3744 1051 3800; x_wconf 91' lang='lat' dir='ltr'><strong>die</strong></span> <span class='ocrx_word' id='word_1_489' title='bbox 1086 3744 1396 3817; x_wconf 82' lang='lat' dir='ltr'><strong>vigiliarum</strong></span> <span class='ocrx_word' id='word_1_490' title='bbox 1434 3745 1655 3801; x_wconf 77' lang='lat' dir='ltr'><strong>Pasclue</strong></span> <span class='ocrx_word' id='word_1_491' title='bbox 1701 3754 1827 3799; x_wconf 90' lang='lat' dir='ltr'><strong>ante</strong></span> <span class='ocrx_word' id='word_1_492' title='bbox 1862 3747 2038 3802; x_wconf 85' lang='lat' dir='ltr'><strong>noctis</strong></span> 
     </span>
    </p>
   </div>
   <div class='ocr_carea' id='block_1_69' title="bbox 450 3825 2038 3908">
    <p class='ocr_par' dir='ltr' id='par_1_69' title="bbox 450 3825 2038 3908">
     <span class='ocr_line' id='line_1_69' title="bbox 450 3825 2038 3908; baseline 0.001 -16"><span class='ocrx_word' id='word_1_493' title='bbox 450 3837 688 3893; x_wconf 89' lang='lat' dir='ltr'><strong>medium</strong></span> <span class='ocrx_word' id='word_1_494' title='bbox 735 3825 1267 3908; x_wconf 41' lang='lat' dir='ltr'><strong>p0pulos&#39;dimittere</strong></span> <span class='ocrx_word' id='word_1_495' title='bbox 1312 3850 1417 3891; x_wconf 92' lang='lat' dir='ltr'><strong>non</strong></span> <span class='ocrx_word' id='word_1_496' title='bbox 1447 3835 1627 3901; x_wconf 88' lang='lat' dir='ltr'><strong>liceat,</strong></span> <span class='ocrx_word' id='word_1_497' title='bbox 1659 3845 2038 3907; x_wconf 80' lang='lat' dir='ltr'><strong>exspectantes</strong></span> 
     </span>
    </p>
   </div>
   <div class='ocr_carea' id='block_1_70' title="bbox 447 3925 2039 4000">
    <p class='ocr_par' dir='ltr' id='par_1_70' title="bbox 447 3925 2039 4000">
     <span class='ocr_line' id='line_1_70' title="bbox 447 3925 2039 4000; baseline 0.003 -18"><span class='ocrx_word' id='word_1_498' title='bbox 447 3930 737 3982; x_wconf 82' lang='lat' dir='ltr'><strong>adventum</strong></span> <span class='ocrx_word' id='word_1_499' title='bbox 798 3926 1021 3983; x_wconf 89' lang='lat' dir='ltr'><strong>Christi.</strong></span> <span class='ocrx_word' id='word_1_500' title='bbox 1074 3925 1369 3997; x_wconf 87' lang='lat' dir='ltr'><strong>Postquam</strong></span> <span class='ocrx_word' id='word_1_501' title='bbox 1436 3942 1566 3981; x_wconf 79' lang='lat' dir='ltr'><strong>vero</strong></span> <span class='ocrx_word' id='word_1_502' title='bbox 1632 3928 1762 3983; x_wconf 85' lang='lat' dir='ltr'><strong>illud</strong></span> <span class='ocrx_word' id='word_1_503' title='bbox 1826 3936 2039 4000; x_wconf 85' lang='lat' dir='ltr'><strong>tempus</strong></span> 
     </span>
    </p>
   </div>
   <div class='ocr_carea' id='block_1_71' title="bbox 450 4013 2039 4086">
    <p class='ocr_par' dir='ltr' id='par_1_71' title="bbox 450 4013 2039 4086">
     <span class='ocr_line' id='line_1_71' title="bbox 450 4013 2039 4086; baseline 0.001 -13"><span class='ocrx_word' id='word_1_504' title='bbox 450 4017 758 4081; x_wconf 80' lang='lat' dir='ltr'><strong>transierit,</strong></span> <span class='ocrx_word' id='word_1_505' title='bbox 811 4017 1101 4073; x_wconf 82' lang='lat' dir='ltr'><strong>securitate</strong></span> <span class='ocrx_word' id='word_1_506' title='bbox 1156 4026 1515 4086; x_wconf 73' lang='lat' dir='ltr'><strong>prmsumpla,</strong></span> <span class='ocrx_word' id='word_1_507' title='bbox 1565 4013 1762 4071; x_wconf 86' lang='lat' dir='ltr'><strong>festum</strong></span> <span class='ocrx_word' id='word_1_508' title='bbox 1826 4019 2039 4074; x_wconf 82' lang='lat' dir='ltr'><strong>eunetis</strong></span> 
     </span>
    </p>
   </div>
   <div class='ocr_carea' id='block_1_72' title="bbox 447 4107 2036 4183">
    <p class='ocr_par' dir='ltr' id='par_1_72' title="bbox 447 4107 2036 4183">
     <span class='ocr_line' id='line_1_72' title="bbox 447 4107 2036 4183; baseline 0.001 -18"><span class='ocrx_word' id='word_1_509' title='bbox 447 4124 609 4183; x_wconf 81' lang='lat' dir='ltr'><strong>agere</strong></span> <span class='ocrx_word' id='word_1_510' title='bbox 637 4108 801 4167; x_wconf 86' lang='lat' dir='ltr'><strong>diem.</strong></span> <span class='ocrx_word' id='word_1_511' title='bbox 830 4107 1141 4163; x_wconf 77' lang='lat' dir='ltr'><strong>Manifestat</strong></span> <span class='ocrx_word' id='word_1_512' title='bbox 1169 4116 1224 4163; x_wconf 90' lang='lat' dir='ltr'><strong>ct</strong></span> <span class='ocrx_word' id='word_1_513' title='bbox 1245 4108 1349 4164; x_wconf 88' lang='lat' dir='ltr'><strong>hoc</strong></span> <span class='ocrx_word' id='word_1_514' title='bbox 1373 4108 1681 4163; x_wconf 80' lang='lat' dir='ltr'><strong>benedictio</strong></span> <span class='ocrx_word' id='word_1_515' title='bbox 1707 4110 1872 4175; x_wconf 89' lang='lat' dir='ltr'><strong>cerei,</strong></span> <span class='ocrx_word' id='word_1_516' title='bbox 1906 4109 2036 4166; x_wconf 77' lang='grc' dir='ltr'><strong>ιιωσ</strong></span> 
     </span>
    </p>
   </div>
   <div class='ocr_carea' id='block_1_73' title="bbox 448 4197 2039 4272">
    <p class='ocr_par' dir='ltr' id='par_1_73' title="bbox 448 4197 2039 4272">
     <span class='ocr_line' id='line_1_73' title="bbox 448 4197 2039 4272; baseline 0.001 -20"><span class='ocrx_word' id='word_1_517' title='bbox 448 4215 556 4253; x_wconf 66' lang='lat' dir='ltr'><strong>nos:</strong></span> <span class='ocrx_word' id='word_1_518' title='bbox 582 4206 661 4256; x_wconf 74' lang='lat' dir='ltr'><strong>est,</strong></span> <span class='ocrx_word' id='word_1_519' title='bbox 685 4211 704 4251; x_wconf 83' lang='lat'><strong>.&#39;</strong></span> <span class='ocrx_word' id='word_1_520' title='bbox 725 4208 782 4254; x_wconf 89' lang='lat' dir='ltr'><strong>et</strong></span> <span class='ocrx_word' id='word_1_521' title='bbox 815 4200 868 4253; x_wconf 90' lang='lat' dir='ltr'><strong>in</strong></span> <span class='ocrx_word' id='word_1_522' title='bbox 895 4199 1137 4254; x_wconf 89' lang='lat' dir='ltr'><strong>oratione</strong></span> <span class='ocrx_word' id='word_1_523' title='bbox 1158 4198 1210 4254; x_wconf 89' lang='lat' dir='ltr'><strong>in</strong></span> <span class='ocrx_word' id='word_1_524' title='bbox 1243 4199 1408 4254; x_wconf 87' lang='lat' dir='ltr'><strong>missa</strong></span> <span class='ocrx_word' id='word_1_525' title='bbox 1435 4219 1447 4254; x_wconf 88' lang='lat'>:</span> <span class='ocrx_word' id='word_1_526' title='bbox 1480 4197 1642 4265; x_wconf 80' lang='lat' dir='ltr'><strong>Deus,</strong></span> <span class='ocrx_word' id='word_1_527' title='bbox 1671 4201 1759 4272; x_wconf 80' lang='lat' dir='ltr'><strong>qui</strong></span> <span class='ocrx_word' id='word_1_528' title='bbox 1787 4201 1921 4256; x_wconf 82' lang='lat' dir='ltr'><strong>hanc</strong></span> <span class='ocrx_word' id='word_1_529' title='bbox 1950 4220 2039 4256; x_wconf 52' lang='lat' dir='ltr'><strong>sa.</strong></span> 
     </span>
    </p>
   </div>
   <div class='ocr_carea' id='block_1_74' title="bbox 448 4290 2036 4350">
    <p class='ocr_par' dir='ltr' id='par_1_74' title="bbox 448 4290 2036 4350">
     <span class='ocr_line' id='line_1_74' title="bbox 448 4290 2036 4350; baseline 0.002 -5"><span class='ocrx_word' id='word_1_530' title='bbox 448 4292 798 4350; x_wconf 70' lang='lat' dir='ltr'><strong>cratiuimam</strong></span> <span class='ocrx_word' id='word_1_531' title='bbox 825 4301 1046 4346; x_wconf 80' lang='lat' dir='ltr'><strong>noctem.</strong></span> <span class='ocrx_word' id='word_1_532' title='bbox 1076 4290 1134 4345; x_wconf 91' lang='lat' dir='ltr'><strong>ln</strong></span> <span class='ocrx_word' id='word_1_533' title='bbox 1165 4290 1409 4346; x_wconf 82' lang='lat' dir='ltr'><strong>Romana</strong></span> <span class='ocrx_word' id='word_1_534' title='bbox 1434 4293 1579 4347; x_wconf 91' lang='lat' dir='ltr'><strong>enim</strong></span> <span class='ocrx_word' id='word_1_535' title='bbox 1609 4292 1850 4347; x_wconf 85' lang='lat' dir='ltr'><strong>Ecclesia</strong></span> <span class='ocrx_word' id='word_1_536' title='bbox 1897 4294 2036 4349; x_wconf 80' lang='lat' dir='ltr'><strong>infra</strong></span> 
     </span>
    </p>
   </div>
   <div class='ocr_carea' id='block_1_75' title="bbox 380 4384 2036 4453">
    <p class='ocr_par' dir='ltr' id='par_1_75' title="bbox 380 4384 2036 4453">
     <span class='ocr_line' id='line_1_75' title="bbox 380 4384 2036 4453; baseline 0 -15"><span class='ocrx_word' id='word_1_537' title='bbox 380 4386 381 4389; x_wconf 66' lang='grc'><em>“</em></span> <span class='ocrx_word' id='word_1_538' title='bbox 450 4385 682 4449; x_wconf 77' lang='lat' dir='ltr'><strong>Urbem,</strong></span> <span class='ocrx_word' id='word_1_539' title='bbox 716 4398 875 4439; x_wconf 86' lang='lat' dir='ltr'><strong>mane</strong></span> <span class='ocrx_word' id='word_1_540' title='bbox 905 4385 1080 4453; x_wconf 87' lang='lat' dir='ltr'><strong>primo</strong></span> <span class='ocrx_word' id='word_1_541' title='bbox 1109 4384 1325 4439; x_wconf 81' lang='lat' dir='ltr'><strong>sabbati</strong></span> <span class='ocrx_word' id='word_1_542' title='bbox 1347 4386 1497 4439; x_wconf 90' lang='lat' dir='ltr'><strong>venit</strong></span> <span class='ocrx_word' id='word_1_543' title='bbox 1540 4385 1955 4441; x_wconf 87' lang='lat' dir='ltr'><strong>archidiaconus</strong></span> <span class='ocrx_word' id='word_1_544' title='bbox 1981 4386 2036 4439; x_wconf 89' lang='lat' dir='ltr'><strong>iu</strong></span> 
     </span>
    </p>
   </div>
   <div class='ocr_carea' id='block_1_76' title="bbox 449 4474 2039 4541">
    <p class='ocr_par' dir='ltr' id='par_1_76' title="bbox 449 4474 2039 4541">
     <span class='ocr_line' id='line_1_76' title="bbox 449 4474 2039 4541; baseline 0 -10"><span class='ocrx_word' id='word_1_545' title='bbox 449 4476 762 4541; x_wconf 80' lang='lat' dir='ltr'><strong>ecclesiam,</strong></span> <span class='ocrx_word' id='word_1_546' title='bbox 789 4484 843 4530; x_wconf 90' lang='lat' dir='ltr'><strong>et</strong></span> <span class='ocrx_word' id='word_1_547' title='bbox 877 4474 1052 4531; x_wconf 87' lang='lat' dir='ltr'><strong>fundit</strong></span> <span class='ocrx_word' id='word_1_548' title='bbox 1075 4490 1259 4534; x_wconf 87' lang='lat' dir='ltr'><strong>ceram</strong></span> <span class='ocrx_word' id='word_1_549' title='bbox 1288 4475 1345 4530; x_wconf 93' lang='lat' dir='ltr'><strong>in</strong></span> <span class='ocrx_word' id='word_1_550' title='bbox 1370 4490 1500 4530; x_wconf 92' lang='lat' dir='ltr'><strong>vase</strong></span> <span class='ocrx_word' id='word_1_551' title='bbox 1532 4476 1754 4541; x_wconf 90' lang='lat' dir='ltr'><strong>mundo,</strong></span> <span class='ocrx_word' id='word_1_552' title='bbox 1781 4485 1837 4530; x_wconf 89' lang='lat' dir='ltr'><strong>et</strong></span> <span class='ocrx_word' id='word_1_553' title='bbox 1860 4476 2039 4531; x_wconf 90' lang='lat' dir='ltr'><strong>misci-</strong></span> 
     </span>
    </p>
   </div>
   <div class='ocr_carea' id='block_1_77' title="bbox 450 4566 2035 4633">
    <p class='ocr_par' dir='ltr' id='par_1_77' title="bbox 450 4566 2035 4633">
     <span class='ocr_line' id='line_1_77' title="bbox 450 4566 2035 4633; baseline -0.001 -10"><span class='ocrx_word' id='word_1_554' title='bbox 450 4577 531 4623; x_wconf 88' lang='lat' dir='ltr'><strong>tat</strong></span> <span class='ocrx_word' id='word_1_555' title='bbox 554 4568 610 4621; x_wconf 91' lang='lat' dir='ltr'><strong>in</strong></span> <span class='ocrx_word' id='word_1_556' title='bbox 637 4581 702 4623; x_wconf 88' lang='lat' dir='ltr'><strong>ea</strong></span> <span class='ocrx_word' id='word_1_557' title='bbox 727 4566 924 4632; x_wconf 88' lang='lat' dir='ltr'><strong>oleum,</strong></span> <span class='ocrx_word' id='word_1_558' title='bbox 950 4567 1075 4622; x_wconf 89' lang='lat' dir='ltr'><strong>inde</strong></span> <span class='ocrx_word' id='word_1_559' title='bbox 1102 4567 1375 4622; x_wconf 85' lang='lat' dir='ltr'><strong>benedicit</strong></span> <span class='ocrx_word' id='word_1_560' title='bbox 1398 4583 1601 4633; x_wconf 88' lang='lat' dir='ltr'><strong>ceram,</strong></span> <span class='ocrx_word' id='word_1_561' title='bbox 1640 4576 1694 4623; x_wconf 83' lang='lat' dir='ltr'><strong>et</strong></span> <span class='ocrx_word' id='word_1_562' title='bbox 1722 4583 1788 4623; x_wconf 84' lang='lat' dir='ltr'><strong>cx</strong></span> <span class='ocrx_word' id='word_1_563' title='bbox 1816 4582 1879 4621; x_wconf 88' lang='lat' dir='ltr'><strong>ea</strong></span> <span class='ocrx_word' id='word_1_564' title='bbox 1914 4566 2035 4622; x_wconf 85' lang='lat' dir='ltr'><strong>l‘un-</strong></span> 
     </span>
    </p>
   </div>
   <div class='ocr_carea' id='block_1_78' title="bbox 450 4660 2033 4731">
    <p class='ocr_par' dir='ltr' id='par_1_78' title="bbox 450 4660 2033 4731">
     <span class='ocr_line' id='line_1_78' title="bbox 450 4660 2033 4731; baseline -0.003 -14"><span class='ocrx_word' id='word_1_565' title='bbox 450 4664 531 4718; x_wconf 88' lang='lat' dir='ltr'><strong>dit</strong></span> <span class='ocrx_word' id='word_1_566' title='bbox 571 4660 979 4717; x_wconf 83' lang='lat' dir='ltr'><strong>similitudinem</strong></span> <span class='ocrx_word' id='word_1_567' title='bbox 1019 4673 1280 4731; x_wconf 85' lang='lat' dir='ltr'><strong>agnorum</strong></span> <span class='ocrx_word' id='word_1_568' title='bbox 1307 4661 1360 4725; x_wconf 79' lang='lat' dir='ltr'><strong>b,</strong></span> <span class='ocrx_word' id='word_1_569' title='bbox 1392 4669 1451 4715; x_wconf 89' lang='lat' dir='ltr'><strong>et</strong></span> <span class='ocrx_word' id='word_1_570' title='bbox 1486 4667 1668 4714; x_wconf 77' lang='lat' dir='ltr'><strong>servat</strong></span> <span class='ocrx_word' id='word_1_571' title='bbox 1706 4675 1799 4715; x_wconf 89' lang='lat' dir='ltr'><strong>eos</strong></span> <span class='ocrx_word' id='word_1_572' title='bbox 1830 4660 1883 4713; x_wconf 87' lang='lat' dir='ltr'><strong>in</strong></span> <span class='ocrx_word' id='word_1_573' title='bbox 1917 4661 2033 4713; x_wconf 86' lang='lat' dir='ltr'><strong>loco</strong></span> 
     </span>
    </p>
   </div>
   <div class='ocr_carea' id='block_1_79' title="bbox 452 4750 2036 4821">
    <p class='ocr_par' dir='ltr' id='par_1_79' title="bbox 452 4750 2036 4821">
     <span class='ocr_line' id='line_1_79' title="bbox 452 4750 2036 4821; baseline -0.006 -8"><span class='ocrx_word' id='word_1_574' title='bbox 452 4754 670 4813; x_wconf 90' lang='lat' dir='ltr'><strong>mundo.</strong></span> <span class='ocrx_word' id='word_1_575' title='bbox 699 4754 759 4815; x_wconf 87' lang='lat' dir='ltr'><strong>lu</strong></span> <span class='ocrx_word' id='word_1_576' title='bbox 800 4752 1010 4809; x_wconf 82' lang='lat' dir='ltr'><strong>octavis</strong></span> <span class='ocrx_word' id='word_1_577' title='bbox 1034 4766 1164 4806; x_wconf 89' lang='lat' dir='ltr'><strong>vero</strong></span> <span class='ocrx_word' id='word_1_578' title='bbox 1200 4750 1424 4807; x_wconf 66' lang='lat' dir='ltr'><strong>Pascha:</strong></span> <span class='ocrx_word' id='word_1_579' title='bbox 1452 4752 1648 4806; x_wconf 85' lang='lat' dir='ltr'><strong>dantur</strong></span> <span class='ocrx_word' id='word_1_580' title='bbox 1676 4752 1778 4821; x_wconf 89' lang='lat' dir='ltr'><strong>ipsi</strong></span> <span class='ocrx_word' id='word_1_581' title='bbox 1813 4751 1935 4821; x_wconf 89' lang='lat' dir='ltr'><strong>agni</strong></span> <span class='ocrx_word' id='word_1_582' title='bbox 1967 4751 2036 4804; x_wconf 91' lang='lat' dir='ltr'><strong>ah</strong></span> 
     </span>
    </p>
   </div>
   <div class='ocr_carea' id='block_1_80' title="bbox 450 4844 2034 4916">
    <p class='ocr_par' dir='ltr' id='par_1_80' title="bbox 450 4844 2034 4916">
     <span class='ocr_line' id='line_1_80' title="bbox 450 4844 2034 4916; baseline -0.006 -11"><span class='ocrx_word' id='word_1_583' title='bbox 450 4846 835 4906; x_wconf 87' lang='lat' dir='ltr'><strong>archidiacono</strong></span> <span class='ocrx_word' id='word_1_584' title='bbox 861 4852 985 4916; x_wconf 87' lang='lat' dir='ltr'><strong>post</strong></span> <span class='ocrx_word' id='word_1_585' title='bbox 1028 4844 1227 4899; x_wconf 88' lang='lat' dir='ltr'><strong>missas</strong></span> <span class='ocrx_word' id='word_1_586' title='bbox 1256 4844 1311 4899; x_wconf 92' lang='lat' dir='ltr'><strong>in</strong></span> <span class='ocrx_word' id='word_1_587' title='bbox 1335 4844 1563 4900; x_wconf 89' lang='lat' dir='ltr'><strong>ecclesia</strong></span> <span class='ocrx_word' id='word_1_588' title='bbox 1600 4854 1656 4898; x_wconf 91' lang='lat' dir='ltr'><strong>et</strong></span> <span class='ocrx_word' id='word_1_589' title='bbox 1694 4844 2034 4899; x_wconf 87' lang='lat' dir='ltr'><strong>communio-</strong></span> 
     </span>
    </p>
   </div>
   <div class='ocr_carea' id='block_1_81' title="bbox 451 4936 2035 5014">
    <p class='ocr_par' dir='ltr' id='par_1_81' title="bbox 451 4936 2035 5014">
     <span class='ocr_line' id='line_1_81' title="bbox 451 4936 2035 5014; baseline -0.008 -13"><span class='ocrx_word' id='word_1_590' title='bbox 451 4960 578 5001; x_wconf 87' lang='lat' dir='ltr'><strong>nem</strong></span> <span class='ocrx_word' id='word_1_591' title='bbox 606 4941 825 5014; x_wconf 88' lang='lat' dir='ltr'><strong>populo,</strong></span> <span class='ocrx_word' id='word_1_592' title='bbox 849 4946 908 4996; x_wconf 88' lang='lat' dir='ltr'><strong>et</strong></span> <span class='ocrx_word' id='word_1_593' title='bbox 940 4953 1010 4994; x_wconf 76' lang='lat' dir='ltr'><strong>ex</strong></span> <span class='ocrx_word' id='word_1_594' title='bbox 1041 4937 1122 4993; x_wconf 88' lang='lat' dir='ltr'><strong>eis</strong></span> <span class='ocrx_word' id='word_1_595' title='bbox 1168 4937 1375 4993; x_wconf 90' lang='lat' dir='ltr'><strong>faciunt</strong></span> <span class='ocrx_word' id='word_1_596' title='bbox 1414 4937 1469 4991; x_wconf 92' lang='lat' dir='ltr'><strong>in</strong></span> <span class='ocrx_word' id='word_1_597' title='bbox 1497 4936 1746 4991; x_wconf 88' lang='lat' dir='ltr'><strong>domibus</strong></span> <span class='ocrx_word' id='word_1_598' title='bbox 1792 4936 1905 4991; x_wconf 80' lang='lat' dir='ltr'><strong>suis</strong></span> <span class='ocrx_word' id='word_1_599' title='bbox 1945 4953 2035 4990; x_wconf 86' lang='lat' dir='ltr'><strong>ac-</strong></span> 
     </span>
    </p>
   </div>
   <div class='ocr_carea' id='block_1_82' title="bbox 450 5027 2032 5101">
    <p class='ocr_par' dir='ltr' id='par_1_82' title="bbox 450 5027 2032 5101">
     <span class='ocr_line' id='line_1_82' title="bbox 450 5027 2032 5101; baseline -0.011 -5"><span class='ocrx_word' id='word_1_600' title='bbox 450 5039 607 5096; x_wconf 91' lang='lat' dir='ltr'><strong>cendi</strong></span> <span class='ocrx_word' id='word_1_601' title='bbox 630 5038 934 5099; x_wconf 88' lang='lat' dir='ltr'><strong>incensum,</strong></span> <span class='ocrx_word' id='word_1_602' title='bbox 954 5041 1011 5088; x_wconf 91' lang='lat' dir='ltr'><strong>et</strong></span> <span class='ocrx_word' id='word_1_603' title='bbox 1039 5032 1107 5087; x_wconf 90' lang='lat' dir='ltr'><strong>ad</strong></span> <span class='ocrx_word' id='word_1_604' title='bbox 1147 5029 1516 5101; x_wconf 85' lang='lat' dir='ltr'><strong>fumigandum</strong></span> <span class='ocrx_word' id='word_1_605' title='bbox 1544 5028 1598 5083; x_wconf 93' lang='lat' dir='ltr'><strong>in</strong></span> <span class='ocrx_word' id='word_1_606' title='bbox 1629 5028 1877 5083; x_wconf 88' lang='lat' dir='ltr'><strong>domibus</strong></span> <span class='ocrx_word' id='word_1_607' title='bbox 1900 5027 2032 5091; x_wconf 82' lang='lat' dir='ltr'><strong>suis,</strong></span> 
     </span>
    </p>
   </div>
   <div class='ocr_carea' id='block_1_83' title="bbox 450 5108 2030 5200">
    <p class='ocr_par' dir='ltr' id='par_1_83' title="bbox 450 5108 2030 5200">
     <span class='ocr_line' id='line_1_83' title="bbox 450 5108 2030 5200; baseline -0.011 -15"><span class='ocrx_word' id='word_1_608' title='bbox 450 5146 550 5200; x_wconf 88' lang='lat' dir='ltr'><strong>pro</strong></span> <span class='ocrx_word' id='word_1_609' title='bbox 575 5139 894 5200; x_wconf 87' lang='lat' dir='ltr'><strong>quacunque</strong></span> <span class='ocrx_word' id='word_1_610' title='bbox 918 5108 998 5178; x_wconf 83' lang='lat' dir='ltr'><strong>eis</strong></span> <span class='ocrx_word' id='word_1_611' title='bbox 1030 5121 1355 5178; x_wconf 89' lang='lat' dir='ltr'><strong>necessitate</strong></span> <span class='ocrx_word' id='word_1_612' title='bbox 1382 5118 1641 5173; x_wconf 85' lang='lat' dir='ltr'><strong>evenerit.</strong></span> <span class='ocrx_word' id='word_1_613' title='bbox 1675 5116 1935 5172; x_wconf 87' lang='lat' dir='ltr'><strong>Similiter</strong></span> <span class='ocrx_word' id='word_1_614' title='bbox 1977 5116 2030 5169; x_wconf 83' lang='lat' dir='ltr'><strong>in</strong></span> 
     </span>
    </p>
   </div>
   <div class='ocr_carea' id='block_1_84' title="bbox 451 5206 2034 5278">
    <p class='ocr_par' dir='ltr' id='par_1_84' title="bbox 451 5206 2034 5278">
     <span class='ocr_line' id='line_1_84' title="bbox 451 5206 2034 5278; baseline -0.008 -4"><span class='ocrx_word' id='word_1_615' title='bbox 451 5216 779 5275; x_wconf 87' lang='lat' dir='ltr'><strong>suburbanis</strong></span> <span class='ocrx_word' id='word_1_616' title='bbox 805 5214 1117 5271; x_wconf 87' lang='lat' dir='ltr'><strong>civitatibus</strong></span> <span class='ocrx_word' id='word_1_617' title='bbox 1141 5212 1208 5268; x_wconf 89' lang='lat' dir='ltr'><strong>de</strong></span> <span class='ocrx_word' id='word_1_618' title='bbox 1253 5211 1374 5266; x_wconf 91' lang='lat' dir='ltr'><strong>oleo</strong></span> <span class='ocrx_word' id='word_1_619' title='bbox 1417 5208 1645 5265; x_wconf 85' lang='lat' dir='ltr'><strong>faciunt.</strong></span> <span class='ocrx_word' id='word_1_620' title='bbox 1676 5220 1698 5248; x_wconf 81' lang='grc' dir='ltr'><strong>ο</strong></span> <span class='ocrx_word' id='word_1_621' title='bbox 1728 5206 1866 5278; x_wconf 84' lang='lat' dir='ltr'><strong>Agni</strong></span> <span class='ocrx_word' id='word_1_622' title='bbox 1894 5223 2034 5276; x_wconf 85' lang='lat' dir='ltr'><strong>quos</strong></span> 
     </span>
    </p>
   </div>
   <div class='ocr_carea' id='block_1_85' title="bbox 453 5299 2034 5375">
    <p class='ocr_par' dir='ltr' id='par_1_85' title="bbox 453 5299 2034 5375">
     <span class='ocr_line' id='line_1_85' title="bbox 453 5299 2034 5375; baseline -0.01 -11"><span class='ocrx_word' id='word_1_623' title='bbox 453 5309 680 5365; x_wconf 74' lang='lat' dir='ltr'><strong>Ruinani</strong></span> <span class='ocrx_word' id='word_1_624' title='bbox 716 5307 941 5370; x_wconf 90' lang='lat' dir='ltr'><strong>faciunt,</strong></span> <span class='ocrx_word' id='word_1_625' title='bbox 985 5319 1180 5375; x_wconf 86' lang='lat' dir='ltr'><strong>agnum</strong></span> <span class='ocrx_word' id='word_1_626' title='bbox 1208 5318 1307 5372; x_wconf 90' lang='lat' dir='ltr'><strong>pro</strong></span> <span class='ocrx_word' id='word_1_627' title='bbox 1346 5301 1502 5357; x_wconf 88' lang='lat' dir='ltr'><strong>nobis</strong></span> <span class='ocrx_word' id='word_1_628' title='bbox 1545 5299 1749 5354; x_wconf 85' lang='lat' dir='ltr'><strong>factum</strong></span> <span class='ocrx_word' id='word_1_629' title='bbox 1781 5300 2034 5352; x_wconf 83' lang='lat' dir='ltr'><strong>immacu-</strong></span> 
     </span>
    </p>
   </div>
   <div class='ocr_carea' id='block_1_86' title="bbox 451 5393 2035 5470">
    <p class='ocr_par' dir='ltr' id='par_1_86' title="bbox 451 5393 2035 5470">
     <span class='ocr_line' id='line_1_86' title="bbox 451 5393 2035 5470; baseline -0.009 -12"><span class='ocrx_word' id='word_1_630' title='bbox 451 5404 619 5458; x_wconf 88' lang='lat' dir='ltr'><strong>latum</strong></span> <span class='ocrx_word' id='word_1_631' title='bbox 649 5400 929 5470; x_wconf 83' lang='lat' dir='ltr'><strong>designant</strong></span> <span class='ocrx_word' id='word_1_632' title='bbox 955 5411 970 5451; x_wconf 88' lang='lat'><strong>:</strong></span> <span class='ocrx_word' id='word_1_633' title='bbox 997 5396 1248 5451; x_wconf 89' lang='lat' dir='ltr'><strong>omnibus</strong></span> <span class='ocrx_word' id='word_1_634' title='bbox 1279 5395 1424 5448; x_wconf 88' lang='lat' dir='ltr'><strong>enim</strong></span> <span class='ocrx_word' id='word_1_635' title='bbox 1458 5394 1619 5449; x_wconf 88' lang='lat' dir='ltr'><strong>rebus</strong></span> <span class='ocrx_word' id='word_1_636' title='bbox 1650 5393 1899 5448; x_wconf 85' lang='lat' dir='ltr'><strong>Christus</strong></span> <span class='ocrx_word' id='word_1_637' title='bbox 1940 5408 2035 5445; x_wconf 83' lang='lat' dir='ltr'><strong>no—</strong></span> 
     </span>
    </p>
   </div>
   <div class='ocr_carea' id='block_1_87' title="bbox 451 5484 2029 5559">
    <p class='ocr_par' dir='ltr' id='par_1_87' title="bbox 451 5484 2029 5559">
     <span class='ocr_line' id='line_1_87' title="bbox 451 5484 2029 5559; baseline -0.008 -8"><span class='ocrx_word' id='word_1_638' title='bbox 451 5496 535 5552; x_wconf 89' lang='lat' dir='ltr'><strong>bis</strong></span> <span class='ocrx_word' id='word_1_639' title='bbox 574 5497 641 5552; x_wconf 89' lang='lat' dir='ltr'><strong>ad</strong></span> <span class='ocrx_word' id='word_1_640' title='bbox 670 5494 988 5552; x_wconf 87' lang='lat' dir='ltr'><strong>memoriam</strong></span> <span class='ocrx_word' id='word_1_641' title='bbox 1028 5490 1364 5559; x_wconf 85' lang='lat' dir='ltr'><strong>frequentius</strong></span> <span class='ocrx_word' id='word_1_642' title='bbox 1400 5489 1737 5544; x_wconf 80' lang='lat' dir='ltr'><strong>reducendus</strong></span> <span class='ocrx_word' id='word_1_643' title='bbox 1771 5494 1875 5541; x_wconf 89' lang='lat' dir='ltr'><strong>cst.</strong></span> <span class='ocrx_word' id='word_1_644' title='bbox 1905 5484 2029 5552; x_wconf 81' lang='lat' dir='ltr'><strong>Qui-</strong></span> 
     </span>
    </p>
   </div>
   <div class='ocr_carea' id='block_1_88' title="bbox 522 5627 1040 5697">
    <p class='ocr_par' dir='ltr' id='par_1_88' title="bbox 522 5627 1040 5697">
     <span class='ocr_line' id='line_1_88' title="bbox 522 5627 1040 5697; baseline -0.015 -10"><span class='ocrx_word' id='word_1_645' title='bbox 522 5645 547 5673; x_wconf 64' lang='grc' dir='ltr'><strong>ει</strong></span> <span class='ocrx_word' id='word_1_646' title='bbox 587 5629 785 5693; x_wconf 81' lang='lat' dir='ltr'><strong>Amal.,</strong></span> <span class='ocrx_word' id='word_1_647' title='bbox 809 5644 929 5697; x_wconf 91' lang='lat' dir='ltr'><strong>cap.</strong></span> <span class='ocrx_word' id='word_1_648' title='bbox 960 5627 1040 5697; x_wconf 84' lang='lat' dir='ltr'><strong>l6.</strong></span> 
     </span>
    </p>
   </div>
   <div class='ocr_carea' id='block_1_89' title="bbox 523 5689 2028 5768">
    <p class='ocr_par' dir='ltr' id='par_1_89' title="bbox 523 5689 2028 5768">
     <span class='ocr_line' id='line_1_89' title="bbox 523 5689 2028 5768; baseline -0.011 -11"><span class='ocrx_word' id='word_1_649' title='bbox 523 5705 548 5741; x_wconf 71' lang='grc' dir='ltr'>δ</span> <span class='ocrx_word' id='word_1_650' title='bbox 587 5702 650 5756; x_wconf 77' lang='lat' dir='ltr'><strong>Vi</strong></span> <span class='ocrx_word' id='word_1_651' title='bbox 676 5704 707 5754; x_wconf 89' lang='grc' dir='ltr'><strong>Ι.</strong></span> <span class='ocrx_word' id='word_1_652' title='bbox 740 5689 910 5768; x_wconf 72' lang='lat' dir='ltr'><strong>llugd.</strong></span> <span class='ocrx_word' id='word_1_653' title='bbox 932 5696 1193 5761; x_wconf 78' lang='lat' dir='ltr'><strong>Menard.,</strong></span> <span class='ocrx_word' id='word_1_654' title='bbox 1222 5697 1275 5752; x_wconf 91' lang='lat' dir='ltr'><strong>in</strong></span> <span class='ocrx_word' id='word_1_655' title='bbox 1296 5693 1391 5749; x_wconf 89' lang='lat' dir='ltr'><strong>lib.</strong></span> <span class='ocrx_word' id='word_1_656' title='bbox 1419 5694 1733 5753; x_wconf 88' lang='lat' dir='ltr'><strong>Sacramen.</strong></span> <span class='ocrx_word' id='word_1_657' title='bbox 1765 5690 1821 5746; x_wconf 89' lang='lat' dir='ltr'><strong>S.</strong></span> <span class='ocrx_word' id='word_1_658' title='bbox 1865 5689 2028 5759; x_wconf 82' lang='lat' dir='ltr'><strong>Greg.</strong></span> 
     </span>
    </p>
   </div>
   <div class='ocr_carea' id='block_1_90' title="bbox 452 5772 930 5829">
    <p class='ocr_par' dir='ltr' id='par_1_90' title="bbox 452 5772 930 5829">
     <span class='ocr_line' id='line_1_90' title="bbox 452 5772 930 5829; baseline -0.013 0"><span class='ocrx_word' id='word_1_659' title='bbox 452 5780 564 5829; x_wconf 79' lang='lat' dir='ltr'><strong>not.</strong></span> <span class='ocrx_word' id='word_1_660' title='bbox 591 5773 697 5828; x_wconf 73' lang='lat'><strong>300</strong></span> <span class='ocrx_word' id='word_1_661' title='bbox 722 5773 774 5825; x_wconf 92' lang='lat' dir='ltr'><strong>in</strong></span> <span class='ocrx_word' id='word_1_662' title='bbox 805 5772 930 5823; x_wconf 90' lang='lat' dir='ltr'><strong>line.</strong></span> 
     </span>
    </p>
   </div>
   <div class='ocr_carea' id='block_1_91' title="bbox 523 5841 1041 5909">
    <p class='ocr_par' dir='ltr' id='par_1_91' title="bbox 523 5841 1041 5909">
     <span class='ocr_line' id='line_1_91' title="bbox 523 5841 1041 5909; baseline -0.015 -8"><span class='ocrx_word' id='word_1_663' title='bbox 523 5859 545 5886; x_wconf 69' lang='grc' dir='ltr'>υ</span> <span class='ocrx_word' id='word_1_664' title='bbox 587 5843 783 5907; x_wconf 66' lang='lat' dir='ltr'><strong>Aliud,</strong></span> <span class='ocrx_word' id='word_1_665' title='bbox 811 5855 927 5909; x_wconf 83' lang='lat' dir='ltr'><strong>cap.</strong></span> <span class='ocrx_word' id='word_1_666' title='bbox 960 5841 1041 5895; x_wconf 76' lang='grc' dir='ltr'><strong>ιτ.</strong></span> 
     </span>
    </p>
   </div>
   <div class='ocr_carea' id='block_1_92' title="bbox 2137 3362 3727 3435">
    <p class='ocr_par' dir='ltr' id='par_1_92' title="bbox 2137 3362 3727 3435">
     <span class='ocr_line' id='line_1_92' title="bbox 2137 3362 3727 3435; baseline 0.004 -18"><span class='ocrx_word' id='word_1_667' title='bbox 2137 3362 2419 3417; x_wconf 89' lang='lat' dir='ltr'><strong>benedicto</strong></span> <span class='ocrx_word' id='word_1_668' title='bbox 2445 3362 2590 3417; x_wconf 87' lang='lat' dir='ltr'><strong>illico</strong></span> <span class='ocrx_word' id='word_1_669' title='bbox 2613 3362 2988 3417; x_wconf 90' lang='lat' dir='ltr'><strong>illuminantur</strong></span> <span class='ocrx_word' id='word_1_670' title='bbox 3006 3364 3074 3418; x_wconf 92' lang='lat' dir='ltr'><strong>ab</strong></span> <span class='ocrx_word' id='word_1_671' title='bbox 3096 3365 3287 3421; x_wconf 86' lang='lat' dir='ltr'><strong>eodem</strong></span> <span class='ocrx_word' id='word_1_672' title='bbox 3308 3367 3400 3422; x_wconf 89' lang='lat' dir='ltr'><strong>alii</strong></span> <span class='ocrx_word' id='word_1_673' title='bbox 3424 3372 3570 3425; x_wconf 86' lang='lat' dir='ltr'><strong>cerei</strong></span> <span class='ocrx_word' id='word_1_674' title='bbox 3594 3370 3727 3435; x_wconf 81' lang='lat' dir='ltr'><strong>duo,</strong></span> 
     </span>
    </p>
   </div>
   <div class='ocr_carea' id='block_1_93' title="bbox 2135 3452 3728 3533">
    <p class='ocr_par' dir='ltr' id='par_1_93' title="bbox 2135 3452 3728 3533">
     <span class='ocr_line' id='line_1_93' title="bbox 2135 3452 3728 3533; baseline 0.006 -26"><span class='ocrx_word' id='word_1_675' title='bbox 2135 3462 2399 3509; x_wconf 87' lang='lat' dir='ltr'><strong>staturam</strong></span> <span class='ocrx_word' id='word_1_676' title='bbox 2436 3453 2672 3509; x_wconf 87' lang='lat' dir='ltr'><strong>hominis</strong></span> <span class='ocrx_word' id='word_1_677' title='bbox 2700 3452 2983 3511; x_wconf 85' lang='lat' dir='ltr'><strong>habentes.</strong></span> <span class='ocrx_word' id='word_1_678' title='bbox 3025 3454 3248 3519; x_wconf 78' lang='lat' dir='ltr'><strong>Cereus,</strong></span> <span class='ocrx_word' id='word_1_679' title='bbox 3290 3458 3383 3526; x_wconf 89' lang='lat' dir='ltr'><strong>qui</strong></span> <span class='ocrx_word' id='word_1_680' title='bbox 3422 3474 3562 3516; x_wconf 85' lang='lat' dir='ltr'><strong>novo</strong></span> <span class='ocrx_word' id='word_1_681' title='bbox 3599 3461 3728 3533; x_wconf 85' lang='lat' dir='ltr'><strong>igne</strong></span> 
     </span>
    </p>
   </div>
   <div class='ocr_carea' id='block_1_94' title="bbox 2135 3543 3725 3619">
    <p class='ocr_par' dir='ltr' id='par_1_94' title="bbox 2135 3543 3725 3619">
     <span class='ocr_line' id='line_1_94' title="bbox 2135 3543 3725 3619; baseline 0.006 -21"><span class='ocrx_word' id='word_1_682' title='bbox 2135 3544 2466 3607; x_wconf 75' lang='lat' dir='ltr'><strong>accenditur,</strong></span> <span class='ocrx_word' id='word_1_683' title='bbox 2491 3558 2686 3597; x_wconf 82' lang='lat' dir='ltr'><strong>novam</strong></span> <span class='ocrx_word' id='word_1_684' title='bbox 2713 3543 2917 3599; x_wconf 87' lang='lat' dir='ltr'><strong>Christi</strong></span> <span class='ocrx_word' id='word_1_685' title='bbox 2942 3545 3246 3602; x_wconf 87' lang='lat' dir='ltr'><strong>doctrinam</strong></span> <span class='ocrx_word' id='word_1_686' title='bbox 3269 3550 3384 3604; x_wconf 79' lang='lat' dir='ltr'><strong>sive</strong></span> <span class='ocrx_word' id='word_1_687' title='bbox 3406 3552 3636 3619; x_wconf 80' lang='lat' dir='ltr'><strong>gratiam</strong></span> <span class='ocrx_word' id='word_1_688' title='bbox 3669 3553 3725 3608; x_wconf 91' lang='lat' dir='ltr'><strong>in</strong></span> 
     </span>
    </p>
   </div>
   <div class='ocr_carea' id='block_1_95' title="bbox 2138 3640 3723 3709">
    <p class='ocr_par' dir='ltr' id='par_1_95' title="bbox 2138 3640 3723 3709">
     <span class='ocr_line' id='line_1_95' title="bbox 2138 3640 3723 3709; baseline 0.004 -18"><span class='ocrx_word' id='word_1_689' title='bbox 2138 3653 2276 3691; x_wconf 81' lang='lat' dir='ltr'><strong>novo</strong></span> <span class='ocrx_word' id='word_1_690' title='bbox 2315 3642 2661 3700; x_wconf 87' lang='lat' dir='ltr'><strong>testamento,</strong></span> <span class='ocrx_word' id='word_1_691' title='bbox 2693 3651 2993 3705; x_wconf 82' lang='lat' dir='ltr'><strong>novamque</strong></span> <span class='ocrx_word' id='word_1_692' title='bbox 3022 3640 3279 3709; x_wconf 79' lang='lat' dir='ltr'><strong>gratiam,</strong></span> <span class='ocrx_word' id='word_1_693' title='bbox 3313 3656 3418 3709; x_wconf 87' lang='lat' dir='ltr'><strong>qua</strong></span> <span class='ocrx_word' id='word_1_694' title='bbox 3463 3658 3565 3696; x_wconf 80' lang='lat' dir='ltr'><strong>nox</strong></span> <span class='ocrx_word' id='word_1_695' title='bbox 3610 3643 3723 3698; x_wconf 85' lang='lat' dir='ltr'><strong>Do-</strong></span> 
     </span>
    </p>
   </div>
   <div class='ocr_carea' id='block_1_96' title="bbox 2136 3726 3727 3798">
    <p class='ocr_par' dir='ltr' id='par_1_96' title="bbox 2136 3726 3727 3798">
     <span class='ocr_line' id='line_1_96' title="bbox 2136 3726 3727 3798; baseline 0.004 -16"><span class='ocrx_word' id='word_1_696' title='bbox 2136 3727 2331 3783; x_wconf 86' lang='lat' dir='ltr'><strong>minica</strong></span> <span class='ocrx_word' id='word_1_697' title='bbox 2383 3726 2710 3791; x_wconf 87' lang='lat' dir='ltr'><strong>illustratur,</strong></span> <span class='ocrx_word' id='word_1_698' title='bbox 2743 3727 3007 3797; x_wconf 53' lang='lat' dir='ltr'><strong>designat.</strong></span> <span class='ocrx_word' id='word_1_699' title='bbox 3059 3729 3175 3783; x_wconf 90' lang='lat' dir='ltr'><strong>Duo</strong></span> <span class='ocrx_word' id='word_1_700' title='bbox 3215 3731 3308 3798; x_wconf 88' lang='lat' dir='ltr'><strong>qui</strong></span> <span class='ocrx_word' id='word_1_701' title='bbox 3349 3730 3727 3790; x_wconf 87' lang='lat' dir='ltr'><strong>illuminantur</strong></span> 
     </span>
    </p>
   </div>
   <div class='ocr_carea' id='block_1_97' title="bbox 2137 3816 3725 3889">
    <p class='ocr_par' dir='ltr' id='par_1_97' title="bbox 2137 3816 3725 3889">
     <span class='ocr_line' id='line_1_97' title="bbox 2137 3816 3725 3889; baseline -0.004 -18"><span class='ocrx_word' id='word_1_702' title='bbox 2137 3817 2205 3871; x_wconf 88' lang='lat' dir='ltr'><strong>ab</strong></span> <span class='ocrx_word' id='word_1_703' title='bbox 2235 3832 2322 3881; x_wconf 93' lang='lat' dir='ltr'><strong>eo,</strong></span> <span class='ocrx_word' id='word_1_704' title='bbox 2350 3818 2649 3870; x_wconf 76' lang='lat' dir='ltr'><strong>doctrinam</strong></span> <span class='ocrx_word' id='word_1_705' title='bbox 2682 3816 3047 3885; x_wconf 84' lang='lat' dir='ltr'><strong>apostolorum</strong></span> <span class='ocrx_word' id='word_1_706' title='bbox 3077 3817 3390 3889; x_wconf 84' lang='lat' dir='ltr'><strong>designant,</strong></span> <span class='ocrx_word' id='word_1_707' title='bbox 3419 3822 3615 3889; x_wconf 76' lang='lat' dir='ltr'><strong>quibus</strong></span> <span class='ocrx_word' id='word_1_708' title='bbox 3642 3825 3725 3877; x_wconf 69' lang='grc' dir='ltr'><strong>(ιε-</strong></span> 
     </span>
    </p>
   </div>
   <div class='ocr_carea' id='block_1_98' title="bbox 2136 3906 3722 3982">
    <p class='ocr_par' dir='ltr' id='par_1_98' title="bbox 2136 3906 3722 3982">
     <span class='ocr_line' id='line_1_98' title="bbox 2136 3906 3722 3982; baseline 0.004 -19"><span class='ocrx_word' id='word_1_709' title='bbox 2136 3909 2307 3963; x_wconf 85' lang='lat' dir='ltr'><strong>citur:</strong></span> <span class='ocrx_word' id='word_1_710' title='bbox 2345 3906 2445 3961; x_wconf 78' lang='lat' dir='ltr'><strong>Vos</strong></span> <span class='ocrx_word' id='word_1_711' title='bbox 2468 3908 2590 3960; x_wconf 77' lang='lat' dir='ltr'><strong>estis</strong></span> <span class='ocrx_word' id='word_1_712' title='bbox 2614 3906 2707 3960; x_wconf 76' lang='lat' dir='ltr'><strong>lux</strong></span> <span class='ocrx_word' id='word_1_713' title='bbox 2734 3907 2915 3960; x_wconf 77' lang='lat' dir='ltr'><strong>mundi</strong></span> <span class='ocrx_word' id='word_1_714' title='bbox 2945 3907 3159 3980; x_wconf 78' lang='lat' dir='ltr'><strong>(Matth.</strong></span> <span class='ocrx_word' id='word_1_715' title='bbox 3186 3925 3239 3975; x_wconf 75' lang='grc' dir='ltr'><strong>ν,</strong></span> <span class='ocrx_word' id='word_1_716' title='bbox 3266 3910 3374 3982; x_wconf 71' lang='grc'><strong>14).</strong></span> <span class='ocrx_word' id='word_1_717' title='bbox 3401 3911 3553 3978; x_wconf 79' lang='lat' dir='ltr'><strong>Quod</strong></span> <span class='ocrx_word' id='word_1_718' title='bbox 3575 3916 3722 3970; x_wconf 86' lang='lat' dir='ltr'><strong>enim</strong></span> 
     </span>
    </p>
   </div>
   <div class='ocr_carea' id='block_1_99' title="bbox 2137 3999 3729 4076">
    <p class='ocr_par' dir='ltr' id='par_1_99' title="bbox 2137 3999 3729 4076">
     <span class='ocr_line' id='line_1_99' title="bbox 2137 3999 3729 4076; baseline 0.005 -22"><span class='ocrx_word' id='word_1_719' title='bbox 2137 3999 2557 4054; x_wconf 78' lang='lat' dir='ltr'><strong>catechumenos</strong></span> <span class='ocrx_word' id='word_1_720' title='bbox 2605 3999 2920 4067; x_wconf 68' lang='lat' dir='ltr'><strong>praecedunt</strong></span> <span class='ocrx_word' id='word_1_721' title='bbox 2957 4000 3027 4054; x_wconf 87' lang='lat' dir='ltr'><strong>ad</strong></span> <span class='ocrx_word' id='word_1_722' title='bbox 3064 4001 3423 4076; x_wconf 81' lang='lat' dir='ltr'><strong>baptismum,</strong></span> <span class='ocrx_word' id='word_1_723' title='bbox 3456 4004 3729 4074; x_wconf 87' lang='lat' dir='ltr'><strong>signiﬁcat</strong></span> 
     </span>
    </p>
   </div>
   <div class='ocr_carea' id='block_1_100' title="bbox 2136 4091 3728 4162">
    <p class='ocr_par' dir='ltr' id='par_1_100' title="bbox 2136 4091 3728 4162">
     <span class='ocr_line' id='line_1_100' title="bbox 2136 4091 3728 4162; baseline 0.004 -15"><span class='ocrx_word' id='word_1_724' title='bbox 2136 4093 2261 4156; x_wconf 90' lang='lat' dir='ltr'><strong>hoc,</strong></span> <span class='ocrx_word' id='word_1_725' title='bbox 2287 4093 2429 4161; x_wconf 79' lang='lat' dir='ltr'><strong>quod</strong></span> <span class='ocrx_word' id='word_1_726' title='bbox 2455 4093 2706 4147; x_wconf 87' lang='lat' dir='ltr'><strong>columna</strong></span> <span class='ocrx_word' id='word_1_727' title='bbox 2733 4091 2874 4161; x_wconf 88' lang='lat' dir='ltr'><strong>ignis</strong></span> <span class='ocrx_word' id='word_1_728' title='bbox 2898 4093 3240 4162; x_wconf 75' lang='lat' dir='ltr'><strong>praecedebat</strong></span> <span class='ocrx_word' id='word_1_729' title='bbox 3263 4093 3401 4150; x_wconf 89' lang='lat' dir='ltr'><strong>ﬁlios</strong></span> <span class='ocrx_word' id='word_1_730' title='bbox 3425 4094 3609 4160; x_wconf 81' lang='lat' dir='ltr'><strong>lsrael,</strong></span> <span class='ocrx_word' id='word_1_731' title='bbox 3633 4113 3728 4153; x_wconf 86' lang='lat' dir='ltr'><strong>an-</strong></span> 
     </span>
    </p>
   </div>
   <div class='ocr_carea' id='block_1_101' title="bbox 2137 4182 3753 4260">
    <p class='ocr_par' dir='ltr' id='par_1_101' title="bbox 2137 4182 3753 4260">
     <span class='ocr_line' id='line_1_101' title="bbox 2137 4182 3753 4260; baseline 0.001 -22"><span class='ocrx_word' id='word_1_732' title='bbox 2137 4192 2354 4253; x_wconf 83' lang='lat' dir='ltr'><strong>tequam</strong></span> <span class='ocrx_word' id='word_1_733' title='bbox 2387 4198 2537 4237; x_wconf 89' lang='lat' dir='ltr'><strong>mare</strong></span> <span class='ocrx_word' id='word_1_734' title='bbox 2574 4182 2815 4237; x_wconf 85' lang='lat' dir='ltr'><strong>Rubrum</strong></span> <span class='ocrx_word' id='word_1_735' title='bbox 2850 4184 3166 4239; x_wconf 85' lang='lat' dir='ltr'><strong>transirent.</strong></span> <span class='ocrx_word' id='word_1_736' title='bbox 3198 4184 3301 4240; x_wconf 90' lang='lat' dir='ltr'><strong>Ubi</strong></span> <span class='ocrx_word' id='word_1_737' title='bbox 3326 4187 3490 4242; x_wconf 86' lang='lat' dir='ltr'><strong>etiam</strong></span> <span class='ocrx_word' id='word_1_738' title='bbox 3526 4187 3753 4260; x_wconf 41' lang='lat' dir='ltr'><strong>ﬁguras,</strong></span> 
     </span>
    </p>
   </div>
   <div class='ocr_carea' id='block_1_102' title="bbox 2137 4274 3741 4350">
    <p class='ocr_par' dir='ltr' id='par_1_102' title="bbox 2137 4274 3741 4350">
     <span class='ocr_line' id='line_1_102' title="bbox 2137 4274 3741 4350; baseline 0.004 -22"><span class='ocrx_word' id='word_1_739' title='bbox 2137 4275 2261 4329; x_wconf 81' lang='lat' dir='ltr'><strong>liter</strong></span> <span class='ocrx_word' id='word_1_740' title='bbox 2288 4275 2499 4329; x_wconf 91' lang='lat' dir='ltr'><strong>initium</strong></span> <span class='ocrx_word' id='word_1_741' title='bbox 2524 4274 2757 4344; x_wconf 88' lang='lat' dir='ltr'><strong>sumpsit</strong></span> <span class='ocrx_word' id='word_1_742' title='bbox 2794 4274 3093 4345; x_wconf 87' lang='lat' dir='ltr'><strong>baptismus</strong></span> <span class='ocrx_word' id='word_1_743' title='bbox 3118 4293 3131 4329; x_wconf 95' lang='lat'>:</span> <span class='ocrx_word' id='word_1_744' title='bbox 3162 4274 3487 4346; x_wconf 78' lang='lat' dir='ltr'><strong>Baptizavit,</strong></span> <span class='ocrx_word' id='word_1_745' title='bbox 3515 4279 3741 4350; x_wconf 69' lang='lat' dir='ltr'><strong>inquit,_</strong></span> 
     </span>
    </p>
   </div>
   <div class='ocr_carea' id='block_1_103' title="bbox 2140 4362 3725 4441">
    <p class='ocr_par' dir='ltr' id='par_1_103' title="bbox 2140 4362 3725 4441">
     <span class='ocr_line' id='line_1_103' title="bbox 2140 4362 3725 4441; baseline 0.005 -22"><span class='ocrx_word' id='word_1_746' title='bbox 2140 4365 2448 4435; x_wconf 52' lang='lat' dir='ltr'><strong>Moysegin</strong></span> <span class='ocrx_word' id='word_1_747' title='bbox 2478 4365 2613 4419; x_wconf 81' lang='lat' dir='ltr'><strong>nube</strong></span> <span class='ocrx_word' id='word_1_748' title='bbox 2646 4375 2696 4419; x_wconf 79' lang='lat' dir='ltr'><strong>et</strong></span> <span class='ocrx_word' id='word_1_749' title='bbox 2739 4366 2874 4417; x_wconf 84' lang='lat' dir='ltr'><strong>mari</strong></span> <span class='ocrx_word' id='word_1_750' title='bbox 2908 4365 2959 4436; x_wconf 84' lang='grc' dir='ltr'><strong>(Ι</strong></span> <span class='ocrx_word' id='word_1_751' title='bbox 2982 4362 3105 4419; x_wconf 87' lang='lat' dir='ltr'><strong>Cor.</strong></span> <span class='ocrx_word' id='word_1_752' title='bbox 3132 4381 3196 4431; x_wconf 74' lang='grc' dir='ltr'><strong>ι,</strong></span> <span class='ocrx_word' id='word_1_753' title='bbox 3228 4365 3305 4439; x_wconf 70' lang='grc'><strong>2).</strong></span> <span class='ocrx_word' id='word_1_754' title='bbox 3347 4365 3549 4423; x_wconf 80' lang='lat' dir='ltr'><strong>Habuit</strong></span> <span class='ocrx_word' id='word_1_755' title='bbox 3590 4386 3725 4441; x_wconf 83' lang='lat' dir='ltr'><strong>ergo</strong></span> 
     </span>
    </p>
   </div>
   <div class='ocr_carea' id='block_1_104' title="bbox 2138 4456 3722 4527">
    <p class='ocr_par' dir='ltr' id='par_1_104' title="bbox 2138 4456 3722 4527">
     <span class='ocr_line' id='line_1_104' title="bbox 2138 4456 3722 4527; baseline 0.002 -15"><span class='ocrx_word' id='word_1_756' title='bbox 2138 4474 2287 4513; x_wconf 84' lang='lat' dir='ltr'><strong>mare</strong></span> <span class='ocrx_word' id='word_1_757' title='bbox 2309 4458 2537 4512; x_wconf 87' lang='lat' dir='ltr'><strong>formam</strong></span> <span class='ocrx_word' id='word_1_758' title='bbox 2558 4456 2831 4527; x_wconf 87' lang='lat' dir='ltr'><strong>baptismi,</strong></span> <span class='ocrx_word' id='word_1_759' title='bbox 2858 4457 3031 4511; x_wconf 89' lang='lat' dir='ltr'><strong>nubes</strong></span> <span class='ocrx_word' id='word_1_760' title='bbox 3051 4456 3284 4527; x_wconf 85' lang='lat' dir='ltr'><strong>Spiritus</strong></span> <span class='ocrx_word' id='word_1_761' title='bbox 3304 4462 3497 4525; x_wconf 88' lang='lat' dir='ltr'><strong>sancti,</strong></span> <span class='ocrx_word' id='word_1_762' title='bbox 3523 4476 3722 4516; x_wconf 84' lang='lat' dir='ltr'><strong>manna</strong></span> 
     </span>
    </p>
   </div>
   <div class='ocr_carea' id='block_1_105' title="bbox 2137 4546 3722 4621">
    <p class='ocr_par' dir='ltr' id='par_1_105' title="bbox 2137 4546 3722 4621">
     <span class='ocr_line' id='line_1_105' title="bbox 2137 4546 3722 4621; baseline 0.002 -19"><span class='ocrx_word' id='word_1_763' title='bbox 2137 4566 2267 4606; x_wconf 87' lang='lat' dir='ltr'><strong>vero</strong></span> <span class='ocrx_word' id='word_1_764' title='bbox 2299 4550 2451 4619; x_wconf 83' lang='lat' dir='ltr'><strong>panis</strong></span> <span class='ocrx_word' id='word_1_765' title='bbox 2478 4550 2619 4602; x_wconf 71' lang='lat' dir='ltr'><strong>vitae.</strong></span> <span class='ocrx_word' id='word_1_766' title='bbox 2648 4547 2850 4603; x_wconf 87' lang='lat' dir='ltr'><strong>Deinde</strong></span> <span class='ocrx_word' id='word_1_767' title='bbox 2877 4547 3173 4617; x_wconf 81' lang='lat' dir='ltr'><strong>baptizavit</strong></span> <span class='ocrx_word' id='word_1_768' title='bbox 3198 4546 3435 4605; x_wconf 86' lang='lat' dir='ltr'><strong>Joannes</strong></span> <span class='ocrx_word' id='word_1_769' title='bbox 3463 4551 3515 4605; x_wconf 91' lang='lat' dir='ltr'><strong>in</strong></span> <span class='ocrx_word' id='word_1_770' title='bbox 3546 4554 3722 4621; x_wconf 72' lang='grc' dir='ltr'><strong>ι)ωηί-</strong></span> 
     </span>
    </p>
   </div>
   <div class='ocr_carea' id='block_1_106' title="bbox 2066 4622 3720 4711">
    <p class='ocr_par' dir='ltr' id='par_1_106' title="bbox 2066 4622 3720 4711">
     <span class='ocr_line' id='line_1_106' title="bbox 2066 4622 3720 4711; baseline 0.001 -16"><span class='ocrx_word' id='word_1_771' title='bbox 2066 4622 2112 4679; x_wconf 81' lang='grc' dir='ltr'>Ῑ)</span> <span class='ocrx_word' id='word_1_772' title='bbox 2137 4646 2324 4704; x_wconf 87' lang='lat' dir='ltr'><strong>tentia,</strong></span> <span class='ocrx_word' id='word_1_773' title='bbox 2352 4648 2475 4710; x_wconf 90' lang='lat' dir='ltr'><strong>post</strong></span> <span class='ocrx_word' id='word_1_774' title='bbox 2506 4640 2652 4693; x_wconf 89' lang='lat' dir='ltr'><strong>hunc</strong></span> <span class='ocrx_word' id='word_1_775' title='bbox 2691 4637 2939 4693; x_wconf 88' lang='lat' dir='ltr'><strong>Christus</strong></span> <span class='ocrx_word' id='word_1_776' title='bbox 2965 4635 3264 4707; x_wconf 85' lang='lat' dir='ltr'><strong>perfectum</strong></span> <span class='ocrx_word' id='word_1_777' title='bbox 3302 4639 3595 4711; x_wconf 70' lang='lat' dir='ltr'><strong>baptizavit</strong></span> <span class='ocrx_word' id='word_1_778' title='bbox 3622 4646 3720 4697; x_wconf 71' lang='lat' dir='ltr'><strong>ba-</strong></span> 
     </span>
    </p>
   </div>
   <div class='ocr_carea' id='block_1_107' title="bbox 2134 4728 3719 4805">
    <p class='ocr_par' dir='ltr' id='par_1_107' title="bbox 2134 4728 3719 4805">
     <span class='ocr_line' id='line_1_107' title="bbox 2134 4728 3719 4805; baseline 0 -17"><span class='ocrx_word' id='word_1_779' title='bbox 2134 4736 2393 4805; x_wconf 87' lang='lat' dir='ltr'><strong>ptismum</strong></span> <span class='ocrx_word' id='word_1_780' title='bbox 2418 4733 2471 4786; x_wconf 91' lang='lat' dir='ltr'><strong>in</strong></span> <span class='ocrx_word' id='word_1_781' title='bbox 2488 4730 2692 4800; x_wconf 89' lang='lat' dir='ltr'><strong>Spiritu</strong></span> <span class='ocrx_word' id='word_1_782' title='bbox 2708 4737 2897 4785; x_wconf 89' lang='lat' dir='ltr'><strong>sancto</strong></span> <span class='ocrx_word' id='word_1_783' title='bbox 2919 4737 2975 4783; x_wconf 89' lang='lat' dir='ltr'><strong>et</strong></span> <span class='ocrx_word' id='word_1_784' title='bbox 2993 4730 3136 4801; x_wconf 87' lang='lat' dir='ltr'><strong>igne.</strong></span> <span class='ocrx_word' id='word_1_785' title='bbox 3160 4728 3285 4789; x_wconf 83' lang='lat' dir='ltr'><strong>Tria</strong></span> <span class='ocrx_word' id='word_1_786' title='bbox 3310 4732 3509 4791; x_wconf 79' lang='lat' dir='ltr'><strong>etenim</strong></span> <span class='ocrx_word' id='word_1_787' title='bbox 3522 4749 3719 4803; x_wconf 85' lang='lat' dir='ltr'><strong>genera</strong></span> 
     </span>
    </p>
   </div>
   <div class='ocr_carea' id='block_1_108' title="bbox 2138 4821 3723 4896">
    <p class='ocr_par' dir='ltr' id='par_1_108' title="bbox 2138 4821 3723 4896">
     <span class='ocr_line' id='line_1_108' title="bbox 2138 4821 3723 4896; baseline 0.001 -17"><span class='ocrx_word' id='word_1_788' title='bbox 2138 4832 2265 4880; x_wconf 88' lang='lat' dir='ltr'><strong>sunt</strong></span> <span class='ocrx_word' id='word_1_789' title='bbox 2290 4823 2543 4893; x_wconf 85' lang='lat' dir='ltr'><strong>baptismi</strong></span> <span class='ocrx_word' id='word_1_790' title='bbox 2572 4839 2585 4875; x_wconf 91' lang='lat'>:</span> <span class='ocrx_word' id='word_1_791' title='bbox 2614 4823 2872 4891; x_wconf 89' lang='lat' dir='ltr'><strong>primum,</strong></span> <span class='ocrx_word' id='word_1_792' title='bbox 2904 4835 3012 4889; x_wconf 92' lang='lat' dir='ltr'><strong>quo</strong></span> <span class='ocrx_word' id='word_1_793' title='bbox 3037 4821 3226 4877; x_wconf 90' lang='lat' dir='ltr'><strong>sordes</strong></span> <span class='ocrx_word' id='word_1_794' title='bbox 3253 4831 3597 4893; x_wconf 83' lang='lat' dir='ltr'><strong>peccatorum</strong></span> <span class='ocrx_word' id='word_1_795' title='bbox 3624 4842 3723 4896; x_wconf 82' lang='lat' dir='ltr'><strong>per</strong></span> 
     </span>
    </p>
   </div>
   <div class='ocr_carea' id='block_1_109' title="bbox 2136 4909 3723 4985">
    <p class='ocr_par' dir='ltr' id='par_1_109' title="bbox 2136 4909 3723 4985">
     <span class='ocr_line' id='line_1_109' title="bbox 2136 4909 3723 4985; baseline 0.003 -16"><span class='ocrx_word' id='word_1_796' title='bbox 2136 4914 2414 4969; x_wconf 82' lang='lat' dir='ltr'><strong>lavacrum</strong></span> <span class='ocrx_word' id='word_1_797' title='bbox 2444 4912 2756 4967; x_wconf 85' lang='lat' dir='ltr'><strong>abluuntur.</strong></span> <span class='ocrx_word' id='word_1_798' title='bbox 2791 4909 3125 4976; x_wconf 89' lang='lat' dir='ltr'><strong>Secundum,</strong></span> <span class='ocrx_word' id='word_1_799' title='bbox 3151 4928 3258 4982; x_wconf 89' lang='lat' dir='ltr'><strong>quo</strong></span> <span class='ocrx_word' id='word_1_800' title='bbox 3295 4913 3417 4983; x_wconf 91' lang='lat' dir='ltr'><strong>quis</strong></span> <span class='ocrx_word' id='word_1_801' title='bbox 3460 4917 3723 4985; x_wconf 79' lang='lat' dir='ltr'><strong>sanguine</strong></span> 
     </span>
    </p>
   </div>
   <div class='ocr_carea' id='block_1_110' title="bbox 2138 5002 3723 5075">
    <p class='ocr_par' dir='ltr' id='par_1_110' title="bbox 2138 5002 3723 5075">
     <span class='ocr_line' id='line_1_110' title="bbox 2138 5002 3723 5075; baseline 0.001 -15"><span class='ocrx_word' id='word_1_802' title='bbox 2138 5022 2236 5060; x_wconf 91' lang='lat' dir='ltr'><strong>suo</strong></span> <span class='ocrx_word' id='word_1_803' title='bbox 2271 5021 2367 5075; x_wconf 86' lang='lat' dir='ltr'><strong>per</strong></span> <span class='ocrx_word' id='word_1_804' title='bbox 2395 5004 2712 5074; x_wconf 81' lang='lat' dir='ltr'><strong>martyrium</strong></span> <span class='ocrx_word' id='word_1_805' title='bbox 2753 5002 3082 5071; x_wconf 79' lang='lat' dir='ltr'><strong>baptizatur,</strong></span> <span class='ocrx_word' id='word_1_806' title='bbox 3112 5018 3219 5072; x_wconf 88' lang='lat' dir='ltr'><strong>quo</strong></span> <span class='ocrx_word' id='word_1_807' title='bbox 3262 5004 3430 5059; x_wconf 88' lang='lat' dir='ltr'><strong>etiam</strong></span> <span class='ocrx_word' id='word_1_808' title='bbox 3469 5004 3723 5062; x_wconf 87' lang='lat' dir='ltr'><strong>Christus</strong></span> 
     </span>
    </p>
   </div>
   <div class='ocr_carea' id='block_1_111' title="bbox 2137 5092 3722 5167">
    <p class='ocr_par' dir='ltr' id='par_1_111' title="bbox 2137 5092 3722 5167">
     <span class='ocr_line' id='line_1_111' title="bbox 2137 5092 3722 5167; baseline 0.003 -19"><span class='ocrx_word' id='word_1_809' title='bbox 2137 5095 2399 5163; x_wconf 81' lang='lat' dir='ltr'><strong>baptizari</strong></span> <span class='ocrx_word' id='word_1_810' title='bbox 2429 5094 2681 5164; x_wconf 88' lang='lat' dir='ltr'><strong>dignatus</strong></span> <span class='ocrx_word' id='word_1_811' title='bbox 2706 5099 2809 5147; x_wconf 89' lang='lat' dir='ltr'><strong>est.</strong></span> <span class='ocrx_word' id='word_1_812' title='bbox 2837 5092 3079 5147; x_wconf 86' lang='lat' dir='ltr'><strong>Tertium</strong></span> <span class='ocrx_word' id='word_1_813' title='bbox 3110 5094 3496 5165; x_wconf 82' lang='lat' dir='ltr'><strong>lacrymarum,</strong></span> <span class='ocrx_word' id='word_1_814' title='bbox 3524 5100 3722 5167; x_wconf 73' lang='lat' dir='ltr'><strong>quibus</strong></span> 
     </span>
    </p>
   </div>
   <div class='ocr_carea' id='block_1_112' title="bbox 2138 5180 3724 5248">
    <p class='ocr_par' dir='ltr' id='par_1_112' title="bbox 2138 5180 3724 5248">
     <span class='ocr_line' id='line_1_112' title="bbox 2138 5180 3724 5248; baseline 0.001 -9"><span class='ocrx_word' id='word_1_815' title='bbox 2138 5184 2304 5239; x_wconf 66' lang='lat' dir='ltr'><strong>David</strong></span> <span class='ocrx_word' id='word_1_816' title='bbox 2328 5191 2384 5238; x_wconf 88' lang='lat' dir='ltr'><strong>et</strong></span> <span class='ocrx_word' id='word_1_817' title='bbox 2411 5182 2658 5236; x_wconf 72' lang='lat' dir='ltr'><strong>Ninivita:</strong></span> <span class='ocrx_word' id='word_1_818' title='bbox 2686 5180 3113 5236; x_wconf 85' lang='lat' dir='ltr'><strong>misericordiam</strong></span> <span class='ocrx_word' id='word_1_819' title='bbox 3142 5185 3419 5237; x_wconf 84' lang='lat' dir='ltr'><strong>consecuti</strong></span> <span class='ocrx_word' id='word_1_820' title='bbox 3448 5197 3591 5239; x_wconf 81' lang='lat' dir='ltr'><strong>sunt.</strong></span> <span class='ocrx_word' id='word_1_821' title='bbox 3626 5187 3724 5248; x_wconf 74' lang='lat' dir='ltr'><strong>De-</strong></span> 
     </span>
    </p>
   </div>
   <div class='ocr_carea' id='block_1_113' title="bbox 2136 5272 3717 5347">
    <p class='ocr_par' dir='ltr' id='par_1_113' title="bbox 2136 5272 3717 5347">
     <span class='ocr_line' id='line_1_113' title="bbox 2136 5272 3717 5347; baseline 0.001 -16"><span class='ocrx_word' id='word_1_822' title='bbox 2136 5281 2298 5347; x_wconf 86' lang='lat' dir='ltr'><strong>nique</strong></span> <span class='ocrx_word' id='word_1_823' title='bbox 2325 5277 2379 5329; x_wconf 90' lang='lat' dir='ltr'><strong>in</strong></span> <span class='ocrx_word' id='word_1_824' title='bbox 2408 5274 2679 5344; x_wconf 87' lang='lat' dir='ltr'><strong>baptismo</strong></span> <span class='ocrx_word' id='word_1_825' title='bbox 2704 5282 2915 5343; x_wconf 88' lang='lat' dir='ltr'><strong>septem</strong></span> <span class='ocrx_word' id='word_1_826' title='bbox 2945 5272 3149 5342; x_wconf 86' lang='lat' dir='ltr'><strong>gradus</strong></span> <span class='ocrx_word' id='word_1_827' title='bbox 3192 5272 3338 5339; x_wconf 89' lang='lat' dir='ltr'><strong>sunt,</strong></span> <span class='ocrx_word' id='word_1_828' title='bbox 3384 5284 3497 5331; x_wconf 91' lang='lat' dir='ltr'><strong>tres</strong></span> <span class='ocrx_word' id='word_1_829' title='bbox 3540 5278 3592 5330; x_wconf 91' lang='lat' dir='ltr'><strong>in</strong></span> <span class='ocrx_word' id='word_1_830' title='bbox 3622 5278 3717 5333; x_wconf 86' lang='lat' dir='ltr'><strong>de-</strong></span> 
     </span>
    </p>
   </div>
   <div class='ocr_carea' id='block_1_114' title="bbox 2134 5363 3721 5436">
    <p class='ocr_par' dir='ltr' id='par_1_114' title="bbox 2134 5363 3721 5436">
     <span class='ocr_line' id='line_1_114' title="bbox 2134 5363 3721 5436; baseline -0.001 -13"><span class='ocrx_word' id='word_1_831' title='bbox 2134 5384 2347 5433; x_wconf 81' lang='lat' dir='ltr'><strong>scensu,</strong></span> <span class='ocrx_word' id='word_1_832' title='bbox 2373 5374 2595 5436; x_wconf 90' lang='lat' dir='ltr'><strong>propter</strong></span> <span class='ocrx_word' id='word_1_833' title='bbox 2618 5365 2719 5417; x_wconf 89' lang='lat' dir='ltr'><strong>tria</strong></span> <span class='ocrx_word' id='word_1_834' title='bbox 2746 5363 2941 5434; x_wconf 91' lang='lat' dir='ltr'><strong>quibus</strong></span> <span class='ocrx_word' id='word_1_835' title='bbox 2965 5364 3341 5418; x_wconf 86' lang='lat' dir='ltr'><strong>renuntiamus</strong></span> <span class='ocrx_word' id='word_1_836' title='bbox 3366 5383 3379 5419; x_wconf 88' lang='lat'><strong>:</strong></span> <span class='ocrx_word' id='word_1_837' title='bbox 3410 5375 3524 5421; x_wconf 88' lang='lat' dir='ltr'><strong>tres</strong></span> <span class='ocrx_word' id='word_1_838' title='bbox 3549 5365 3639 5421; x_wconf 89' lang='lat' dir='ltr'><strong>alii</strong></span> <span class='ocrx_word' id='word_1_839' title='bbox 3663 5368 3721 5429; x_wconf 86' lang='lat' dir='ltr'><strong>in</strong></span> 
     </span>
    </p>
   </div>
   <div class='ocr_carea' id='block_1_115' title="bbox 2135 5453 3717 5527">
    <p class='ocr_par' dir='ltr' id='par_1_115' title="bbox 2135 5453 3717 5527">
     <span class='ocr_line' id='line_1_115' title="bbox 2135 5453 3717 5527; baseline 0 -13"><span class='ocrx_word' id='word_1_840' title='bbox 2135 5474 2382 5522; x_wconf 83' lang='lat' dir='ltr'><strong>ascensu,</strong></span> <span class='ocrx_word' id='word_1_841' title='bbox 2403 5467 2623 5527; x_wconf 85' lang='lat' dir='ltr'><strong>propter</strong></span> <span class='ocrx_word' id='word_1_842' title='bbox 2645 5455 2748 5515; x_wconf 81' lang='lat' dir='ltr'><strong>tria</strong></span> <span class='ocrx_word' id='word_1_843' title='bbox 2770 5470 2891 5525; x_wconf 72' lang='lat' dir='ltr'><strong>qua:</strong></span> <span class='ocrx_word' id='word_1_844' title='bbox 2913 5453 3253 5515; x_wconf 83' lang='lat' dir='ltr'><strong>conﬁtemur.</strong></span> <span class='ocrx_word' id='word_1_845' title='bbox 3273 5453 3547 5527; x_wconf 88' lang='lat' dir='ltr'><strong>Septimus</strong></span> <span class='ocrx_word' id='word_1_846' title='bbox 3564 5472 3717 5524; x_wconf 86' lang='lat' dir='ltr'><strong>vero,</strong></span> 
     </span>
    </p>
   </div>
   <div class='ocr_carea' id='block_1_116' title="bbox 2204 5585 2730 5657">
    <p class='ocr_par' dir='ltr' id='par_1_116' title="bbox 2204 5585 2730 5657">
     <span class='ocr_line' id='line_1_116' title="bbox 2204 5585 2730 5657; baseline -0.01 -14"><span class='ocrx_word' id='word_1_847' title='bbox 2204 5592 2231 5629; x_wconf 72' lang='grc' dir='ltr'><em>ά</em></span> <span class='ocrx_word' id='word_1_848' title='bbox 2272 5590 2471 5653; x_wconf 75' lang='lat' dir='ltr'><strong>Amal.,</strong></span> <span class='ocrx_word' id='word_1_849' title='bbox 2495 5604 2614 5657; x_wconf 80' lang='lat' dir='ltr'><strong>cap.</strong></span> <span class='ocrx_word' id='word_1_850' title='bbox 2646 5585 2730 5639; x_wconf 83' lang='lat' dir='ltr'><strong>l8.</strong></span> 
     </span>
    </p>
   </div>
   <div class='ocr_carea' id='block_1_117' title="bbox 2210 5654 3593 5727">
    <p class='ocr_par' dir='ltr' id='par_1_117' title="bbox 2210 5654 3593 5727">
     <span class='ocr_line' id='line_1_117' title="bbox 2210 5654 3593 5727; baseline 0 -15"><span class='ocrx_word' id='word_1_851' title='bbox 2210 5675 2231 5701; x_wconf 74' lang='grc' dir='ltr'>ε</span> <span class='ocrx_word' id='word_1_852' title='bbox 2272 5660 2510 5713; x_wconf 78' lang='lat' dir='ltr'><strong>Zosimua</strong></span> <span class='ocrx_word' id='word_1_853' title='bbox 2536 5654 2690 5727; x_wconf 71' lang='lat' dir='ltr'><strong>pupa.</strong></span> <span class='ocrx_word' id='word_1_854' title='bbox 2723 5654 2839 5709; x_wconf 80' lang='lat' dir='ltr'><strong>Vid.</strong></span> <span class='ocrx_word' id='word_1_855' title='bbox 2868 5655 3036 5727; x_wconf 81' lang='lat' dir='ltr'><strong>Ilugo.</strong></span> <span class='ocrx_word' id='word_1_856' title='bbox 3069 5654 3333 5723; x_wconf 67' lang='lat' dir='ltr'><strong>llcnzml.,</strong></span> <span class='ocrx_word' id='word_1_857' title='bbox 3363 5666 3475 5712; x_wconf 88' lang='lat' dir='ltr'><strong>not.</strong></span> <span class='ocrx_word' id='word_1_858' title='bbox 3501 5657 3593 5712; x_wconf 87' lang='lat' dir='ltr'><strong>cit.</strong></span> 
     </span>
    </p>
   </div>
   <div class='ocr_carea' id='block_1_118' title="bbox 2214 5727 2719 5794">
    <p class='ocr_par' dir='ltr' id='par_1_118' title="bbox 2214 5727 2719 5794">
     <span class='ocr_line' id='line_1_118' title="bbox 2214 5727 2719 5794; baseline -0.012 -9"><span class='ocrx_word' id='word_1_859' title='bbox 2214 5733 2231 5769; x_wconf 71' lang='grc' dir='ltr'><strong><em>ί</em></strong></span> <span class='ocrx_word' id='word_1_860' title='bbox 2272 5729 2471 5794; x_wconf 82' lang='lat' dir='ltr'><strong>Amal.,</strong></span> <span class='ocrx_word' id='word_1_861' title='bbox 2501 5727 2603 5782; x_wconf 89' lang='lat' dir='ltr'><strong>loc.</strong></span> <span class='ocrx_word' id='word_1_862' title='bbox 2630 5727 2719 5780; x_wconf 83' lang='lat' dir='ltr'><strong>cit.</strong></span> 
     </span>
    </p>
   </div>
  </div>
