4092 6512
374 376 505 431 izll'i
1067 394 1071 398 '
1182 378 1327 435 ΟΡΡ.
1373 376 1771 436 SUPPOSITA.
1809 407 1882 418 —
1915 375 2045 431 LIB.
2084 375 2170 430 DE
2209 375 2454 433 DlVlNlS
2487 375 2788 434 OFFICIIS.
3485 375 3618 428 lElR

369 495 459 564 qui
489 499 712 564 quartus
737 492 928 547 similis
956 491 1066 548 filio
1101 493 1357 558 hominis,
1388 494 1741 562 exstingucns
1767 493 1948 546 forna-
1970 488 2022 547 Δ
2048 487 2169 544 oleo
2221 491 2559 561 perungitur,
2613 501 2673 546 ut
2721 492 2873 559 signo
2924 499 3125 547 sanctae
3178 491 3356 545 crucis
3407 491 3619 545 diallolt)

368 598 483 638 cem
510 583 647 654 ignis
659 594 704 634 ι.
731 581 1013 638 Lectiones
1037 583 1219 652 itaque
1236 590 1489 652 quatuor,
1510 595 1630 650 qum
1648 588 1948 648 sequuntur
2043 579 2327 635 claudatur
2357 581 2658 651 ingressus.
2690 580 2986 650 Signantur
3011 590 3065 634 et
3090 581 3343 651 scapulm,
3373 590 3426 634 ut
3457 583 3616 637 undi-

368 680 493 728 aate
533 673 858 741 baptismum
905 687 1029 726 cum
1078 673 1308 727 canticis
1345 686 1442 726 seu
1487 670 1848 734 orationibus,
1875 669 1944 724 ad
2039 683 2146 738 que
2171 669 2464 725 muniatur.
2508 670 2643 728 item
2695 672 2749 727 in
2773 673 3007 742 pectoris
3043 672 3149 746 [ΑΙ.
3203 672 3352 735 add.,
3401 682 3457 728 et
3491 689 3612 730 sca-

369 764 773 819 mstructionem
804 763 1318 818 catechumenorum
1359 771 1521 834 atque
1549 764 1942 835 neophytorum

357 854 652 924 pertinent.
685 853 712 892 b
732 852 884 920 Qttod
908 867 1038 908 vero
1067 869 1172 907 non
1212 856 1631 922 pronuntiantur
1658 856 1711 909 in
1741 854 1936 924 capite,

364 951 422 996 ut
452 941 568 996 alite
601 942 876 1004 lectiones,
905 942 1064 995 sicuti
1087 949 1193 1007 est,
1218 942 1402 998 Lectio
1427 941 1548 997 libri
1574 941 1802 999 Genesis
1825 943 1940 998 sive

362 1032 553 1094 Exodi,
585 1042 640 1087 et
667 1043 876 1087 cteterae
913 1047 1008 1101 per
1036 1032 1300 1097 ordinem,
1333 1033 1446 1086 haec
1474 1032 1612 1087 ratio
1645 1041 1769 1088 est:
1797 1031 1937 1087 Dicit

359 1127 506 1179 enim
525 1123 816 1194 Apostolus
831 1143 844 1178 :
862 1123 1202 1194 Sapientibus
1211 1135 1259 1179 et
1275 1125 1637 1195 insipientibus
1655 1125 1820 1198 483
1845 1124 1938 1179 de-

359 1215 495 1268 bitor
507 1231 623 1268 sum
637 1213 816 1284 (Rom.
834 1230 876 1279 l,
893 1212 1390 1286 tl).Catechumeni
1406 1215 1780 1284 insipientibus
1797 1227 1938 1270 com-

343 1315 649 1376 parantur,
673 1306 796 1362 ideo
815 1307 896 1362 eis
932 1306 1190 1363 lectiones
1213 1307 1546 1362 dissimiliter
1579 1308 1935 1378 pronuntian-

356 1406 465 1460 tur,
482 1405 540 1450 ut
560 1397 850 1454 reducatur
868 1397 938 1453 ad
951 1399 1268 1454 memoriam
1291 1400 1508 1454 cmcitas
1527 1399 1708 1454 cordis
1719 1413 1928 1465 eorum,

350 1490 445 1557 qui
476 1490 713 1545 nondum
752 1502 1085 1560 cognoscunt
1120 1492 1267 1547 cives
1303 1490 1544 1545 caelestis
1567 1489 1926 1546 Hierusalem.

351 1579 578 1635 Frustra
589 1581 671 1635 eis
685 1581 1064 1650 pronuntiatur
1087 1590 1278 1635 auctor
1293 1580 1618 1649 incognitus,
1634 1580 1828 1649 quibus
1843 1578 1932 1632 fir-

331 1672 596 1727 -missima
618 1674 914 1728 auctoritas
935 1679 1112 1742 potest
1144 1671 1406 1727 vilescere
1425 1685 1522 1742 per
1545 1671 1924 1742 ignorantiam.

2036 757 2199 832 pulte]
2245 761 2498 816 unctione
2532 763 2784 833 signatur
2818 762 2938 822 fidei
2987 757 3240 830 uanitas,
3277 775 3334 819 et
3385 779 3610 833 operum

2037 849 2299 905 bonorum
2351 853 2794 922 perseverantia:
2829 853 3020 908 deinde
3073 865 3277 910 sancta:
3329 855 3612 911 Trinitatis

2037 941 2180 993 trina
2225 941 2600 997 submersione
2653 942 2974 1010 baptizatur.
3015 944 3083 1000 Et
3104 954 3250 1000 recte
3306 947 3484 1011 homo,
3517 949 3610 1017 qui

2035 1031 2104 1086 ad
2131 1031 2420 1101 imaginem
2464 1042 2663 1088 sanctae
2687 1033 2970 1091 Trinitatis
2990 1047 3074 1091 est
3097 1038 3366 1100 conditus,
3397 1054 3495 1110 per
3521 1040 3603 1094 in-

2033 1123 2371 1178 vocationem
2399 1130 2601 1180 sanctte
2623 1124 2904 1181 Trinitatis
2940 1128 3009 1184 ad
3043 1131 3288 1183 eamdem
3315 1139 3610 1186 renovatur

2033 1212 2342 1284 imaginem,
2379 1223 2435 1270 et
2465 1216 2556 1285 qui
2588 1217 2750 1271 tertio
2793 1219 2962 1287 gradu
2987 1220 3219 1288 peccati,
3261 1216 3322 1275 id
3347 1229 3451 1281 est,
3481 1237 3612 1277 con-

2033 1317 2214 1368 sensu,
2240 1304 2436 1360 cecidit
2463 1305 2517 1360 in
2563 1316 2812 1372 mortem,
2849 1308 3010 1363 tertio
3050 1309 3296 1364 elevatur
3339 1310 3405 1366 de
3437 1310 3607 1378 fonte,

2029 1403 2092 1448 ut
2114 1409 2212 1464 per
2238 1397 2467 1464 gratiam
2495 1405 2680 1466 surgat
2705 1398 2772 1452 ad
2805 1398 2992 1452 vitam.
3031 1397 3236 1455 Deinde
3272 1401 3411 1460 albis
3432 1404 3610 1459 indui-

2030 1493 2120 1539 tur
2147 1486 2483 1540 vestimentis
2515 1496 2735 1557 propter
2781 1490 3009 1555 gratiam
3053 1488 3188 1563 [Αι.,
3220 1494 3500 1568 gaudium]
3528 1511 3612 1552 re-

2019 1579 2410 1647 generationis,
2457 1589 2514 1634 et
2537 1582 2842 1636 castitatem
2876 1583 3022 1647 vitai,
3061 1592 3116 1638 et
3146 1587 3378 1656 angelici
3427 1588 3607 1659 splen-

2029 1674 2178 1727 doris
2197 1674 2466 1728 decorem.
2505 1673 2656 1729 Tunc
2683 1691 2838 1730 sacro
2877 1677 3176 1736 chrismate
3214 1690 3376 1752 caput
3406 1699 3607 1753 perun-

420 1765 723 1835 Antequam
753 1765 898 1820 enim
931 1764 1180 1838 legantur
1209 1763 1487 1832 lectiones,
1525 1765 1798 1833 accipiunt
1821 1765 1928 1818 duo
1956 1829 1999 1844 _
2028 1764 2194 1833 gitur,
2232 1773 2288 1818 et
2313 1766 2544 1836 mystico
2580 1767 2778 1835 legitur
2828 1767 3116 1836 velamine,
3157 1778 3217 1824 ut
3256 1772 3520 1844 intelligat
3547 1789 3606 1830 se

351 1859 551 1913 notarii
598 1861 996 1928 suprascriptos
1037 1873 1228 1914 cereos
1255 1872 1533 1922 accensos,
1560 1864 1616 1913 et
1647 1862 1832 1910 tenent
1861 1854 1922 1908 il-
1956 1829 2001 1890 Β
2029 1856 2272 1910 diadema
2295 1859 2464 1927 regni,
2490 1867 2546 1911 et
2579 1860 2862 1912 sacerdotii
2885 1859 3200 1930 dignitatem
3227 1829 3465 1935 portare:
3486 1866 3610 1938 jux-

349 1951 452 2016 los,
484 1967 624 2006 unus
652 1951 706 2006 in
737 1951 962 2007 dextero
990 1967 1161 2008 cornu
1189 1951 1396 2015 altaris,
1445 1951 1583 2005 alter
1611 1951 1664 2004 in
1695 1950 1922 2004 sinistro

347 2057 520 2112 usque
563 2043 630 2097 ad
657 2041 852 2096 fontes.
908 2042 1111 2099 Deinde
1138 2039 1378 2099 ascendit
1417 2043 1588 2098 lector
1616 2036 1684 2096 ad
1739 2041 1924 2110 legen-

348 2131 502 2196 dum,
532 2132 736 2201 absque
769 2133 1207 2200 pronuntiatione
1233 2133 1501 2188 lectionis.
1538 2131 1725 2188 Lectio
1751 2131 1924 2201 prima

323 2237 414 2276 ~ex
449 2221 586 2276 libro
617 2220 890 2277 Geneseos
919 2223 995 2277 ita
1045 2223 1329 2278 inchoatur
1354 2237 1368 2276 :
1402 2221 1470 2276 In
1492 2223 1748 2293 principio
1779 2237 1924 2275 crea—

343 2313 414 2366 vit
449 2310 587 2367 Deus
614 2312 798 2366 caelum
845 2323 894 2366 et
921 2323 1137 2376 terram,
1168 2322 1225 2367 et
1253 2313 1477 2382 reliqua.
1521 2311 1778 2381 Sequitur
1801 2325 1922 2364 ora-

342 2403 423 2458 tio
459 2404 664 2474 absque
687 2403 1012 2458 salutatione
1037 2418 1051 2457 :
1091 2402 1234 2457 Deus
1261 2404 1351 2473 qui
1395 2402 1706 2456 mirabiliter
1733 2396 1923 2454 creasti

323 2491 623 2546 hominem.
666 2491 852 2546 Lectio
899 2492 1136 2548 secunda
1185 2507 1251 2546 ex
1275 2492 1421 2546 libro
1448 2491 1618 2545 Exodi
1649 2509 1660 2543 :
1695 2489 1920 2543 Factum

342 2582 498 2635 estin
526 2581 701 2651 uigilia
721 2583 1006 2637 matutina.
1039 2582 1171 2638 Can.
1205 2580 1485 2636 Cantemus
1519 2581 1759 2635 Domino.
1793 2581 1923 2635 Ora-

344 2673 422 2726 tio
448 2690 462 2726 :
497 2672 639 2727 Deus
655 2675 740 2727 cui
763 2672 1020 2726 miracula
1046 2676 1284 2744 antiqua.
1308 2673 1374 2726 Et
1398 2672 1559 2726 lectio
1582 2673 1743 2727 tertia
1769 2671 1922 2726 Isaiae

323 2764 658 2833 prophetae:
691 2764 1084 2834 Appreltendent
1123 2773 1315 2834 septem
1352 2762 1618 2817 mulieres.
1652 2761 1782 2817 Can.
1824 2760 1919 2816 Vi-

323 2874 438 2910 nea
467 2856 611 2926 facta
632 2865 726 2911 est.
772 2854 1015 2909 Oremus.
1061 2856 1199 2910 Deus
1223 2857 1311 2926 qui
1342 2872 1434 2910 nos
1457 2855 1525 2908 ad
1551 2853 1918 2909 celebrandum

333 2944 562 3001 Pascha:
584 2957 989 3000 sacramentum.
1014 2946 1198 3000 Lectio
1220 2955 1414 3015 quarta
1434 2945 1586 3001 Isaizc
1607 2945 1915 3014 prophetae:

342 3031 472 3087 "(te
503 3043 579 3089 est
623 3034 920 3089 haereditns.
961 3033 1093 3089 Can.
1146 3031 1366 3086 Attende
1410 3033 1615 3087 caelum.
1670 3029 1915 3087 Oremus.

338 3125 480 3179 Deus
501 3127 590 3196 qui
618 3122 905 3179 Ecclesium
935 3134 1098 3178 tuam.
1131 3124 1206 3177 De
1243 3123 1454 3193 psalmo
1483 3139 1570 3178 xu
1598 3123 1872 3178 canticum
1898 3139 1912 3176 :

2026 1953 2082 2000 ta
2108 1946 2427 2016 Apostolum
2483 1966 2495 2001 :
2539 1947 2640 2001 Vos
2670 1951 2792 2002 estis
2819 1967 2978 2021 genus
3009 1951 3251 2018 electum,
3286 1957 3481 2026 regale,
3516 1976 3606 2013 sa-

2025 2035 2304 2098 cerdotale,
2351 2039 2622 2106 o/ferentes
2676 2046 3007 2111 vosmetipsos
3054 2043 3167 2097 Deo
3211 2053 3344 2111 ntro,
3373 2047 3600 2104 hostium

2020 2135 2261 2179 sanctam
2293 2137 2340 2180 et
2371 2126 2480 2180 Deo
2512 2129 2796 2196 placentem
2827 2129 2875 2198 (I
2911 2129 3029 2185 Pet.
3047 2149 3115 2200 -ιι,
3141 2132 3219 2208 9).
3252 2134 3345 2191 Sic
3370 2151 3602 2208 corpore

2022 2223 2082 2271 et
2111 2217 2372 2287 sanguine
2417 2217 2696 2274 Dominice
2728 2220 3101 2289 confirmatur,
3141 2234 3203 2282 ut
3245 2228 3387 2285 illius
3416 2233 3488 2287 sit
3511 2249 3606 2288 ca-

2009 2307 2150 2376 :pitis
2179 2309 2500 2373 membrum,
2527 2311 2620 2380 qui
2647 2325 2746 2382 pro
2774 2328 2838 2367 eo
2858 2329 3050 2383 passus
3072 2325 3176 2379 est.
3193 2325 3250 2373 et
3278 2326 3600 2380 resurrexit.

2013 2395 2326 2454 ~Novissime
2351 2415 2449 2469 per
2470 2401 2866 2472 impositioncm
2901 2420 3094 2464 manus
3117 2423 3149 2462 a
3171 2424 3385 2466 summo
3419 2429 3604 2470 sacer-

2009 2490 2148 2546 adote
2175 2489 2506 2560 septiformis
2530 2494 2717 2564 gratia:
2742 2493 3004 2565 Spiritum
3045 2500 3263 2570 accipit,
3303 2511 3362 2556 ut
3389 2504 3604 2560 robore-

2023 2588 2113 2634 tur
2138 2597 2234 2650 per
2258 2579 2522 2652 Spiritum
2539 2591 2786 2638 sanctum
2817 2585 2884 2638 ad
2905 2587 3335 2657 praedicandum,
3361 2592 3482 2648 aliis
3508 2594 3600 2665 qui

2022 2672 2123 2727 fuit
2154 2675 2207 2728 in
2241 2674 2511 2744 baptismo
2538 2690 2636 2744 per
2661 2676 2894 2745 gratiam
2920 2677 3032 2732 vita
3057 2680 3290 2736 donatus
3312 2691 3537 2739 :eterna.
3577 2705 3597 2737 ι

2093 2759 2262 2815 Hodie
2287 2769 2464 2816 autem
2496 2762 2627 2816 hora
2653 2779 2793 2818 nona
2823 2763 3122 2835 baptismus
3149 2768 3472 2837 celebratur,
3502 2777 3604 2829 sic-

2021 2861 2082 2906 ut
2109 2853 2163 2906 in
2189 2850 2530 2918 Pentecoste,
2559 2868 2624 2907 ea
2651 2855 2718 2908 de
2753 2869 2938 2919 causa,
2985 2859 3112 2926 quia
3139 2859 3361 2929 angelus
3385 2861 3600 2918 Domini

2020 2944 2171 2999 venit
2193 2944 2261 2998 ad
2287 2942 2595 3000 Cornelium
2628 2945 2764 3001 hora
2796 2962 2936 3002 nona
2967 2949 3107 3018 (Aet.
3145 2965 3200 3018 ι,
3229 2953 3265 3008 '5
3295 2954 3426 3026 seq.)
3456 2995 3470 3020 ,
3508 2972 3602 3011 an-

2022 3038 2276 3092 nuntians
2311 3038 2368 3092 ei
2419 3039 2564 3108 quod
2621 3038 2903 3095 orationes
2967 3038 3085 3110 ejus
3135 3057 3202 3099 ac
3244 3043 3600 3118 eleemosynae

2020 3129 2366 3184 ascenderint
2408 3130 2462 3184 in
2498 3139 2845 3200 constiectum
2887 3130 3118 3188 Domini.
3163 3134 3264 3202 Qui
3300 3151 3427 3192 mox
3450 3136 3599 3194 misit

339 3218 484 3273 Sicut
515 3194 713 3273 cervus.
745 3218 932 3281 Oratio
957 3214 1270 3318 q-Concede,
1298 3232 1619 3286 quiesumus.
1646 3214 1770 3268 Alia
1791 3229 1917 3268 ora-
1938 3194 1989 3258 ο
2018 3220 2088 3274 ad
2116 3219 2356 3284 Petrum,
2406 3230 2463 3276 et
2509 3194 2810 3291 promeruit
2866 3194 3268 3281 sacramentum
3319 3227 3595 3298 baptismi.

338 3312 432 3374 tio,
465 3310 520 3363 in
566 3309 755 3364 eodem
802 3304 1008 3378 psalmo
1049 3322 1138 3362 xu
1176 3321 1191 3358 :
1224 3305 1564 3376 Omnipotens
1607 3304 1918 3374 sempiterne

335 3397 499 3463 Deus,
532 3397 726 3466 respice
753 3397 1011 3466 propitius
1037 3395 1106 3448 ad
1131 3394 1456 3448 devotionem
1482 3393 1664 3465 pepuli
1693 3395 1790 3446 tui.
1824 3391 1912 3447 ln-

335 3502 420 3546 ter
453 3492 568 3546 hare
593 3491 698 3544 duo
728 3490 963 3554 cantica,
995 3505 1099 3543 non
1126 3496 1208 3542 est
1235 3487 1399 3544 lectio
1421 3487 1755 3549 necessaria,
1783 3485 1911 3556 quia

331 3593 556 3654 propter
593 3582 1020 3640 convenientiam
1071 3579 1316 3634 lectionis
1337 3586 1394 3635 et
1420 3580 1648 3634 duorum
1675 3577 1913 3647 psalmo-

334 3693 478 3742 rum,
497 3677 614 3730 sine
641 3676 807 3728 altera
825 3675 1054 3728 lectione
1074 3686 1309 3742 congrue
1333 3671 1751 3740 conjunguntur.
1771 3665 1914 3722 Fini-

334 3767 404 3822 tis
430 3765 755 3821 lcctionibus
795 3761 1230 3818 descendendum
1261 3772 1350 3816 est
1382 3758 1452 3812 ad
1502 3757 1904 3827 baptizandum.

399 3855 514 3922 Qua
552 3857 686 3911 hora
710 3853 1010 3923 baptismus
1040 3851 1201 3906 hodie
1235 3851 1432 3904 debeat
1477 3847 1762 3909 celebrari.
1796 3847 1910 3901 sive

317 3948 665 4013 l’entecoste,
690 3947 774 4000 vel
799 3946 928 4015 quid
951 3945 1258 4000 sacerdotes
1285 3940 1570 4010 necphytis
1588 3938 1903 4007 praedicent,

323 4041 418 4096 hic
443 4053 746 4110 parumper
767 4035 1123 4091 intimandum
1171 4041 1274 4089 est.
1315 4050 1334 4082 ι
1371 4030 1555 4085 Primo
1584 4041 1606 4068 ε
1641 4043 1905 4099 paganus,

2018 3308 2126 3366 Sed
2151 3319 2206 3366 et
2247 3313 2350 3366 hoc
2381 3311 2824 3368 decentissimum
2869 3323 2972 3378 est,
3003 3324 3062 3370 ut
3115 3319 3243 3387 quia
3292 3321 3426 3375 hora
3453 3336 3596 3378 nona

2015 3411 2208 3458 auctor
2228 3404 2352 3458 vitae
2373 3403 2556 3458 emisit
2579 3405 2847 3475 spiritum,
2872 3409 3062 3461 eadem
3085 3406 3216 3462 hora
3243 3425 3382 3464 nona
3411 3410 3598 3468 Eccle-

2012 3490 2094 3548 sia
2129 3502 2317 3548 sancta
2346 3494 2611 3563 percipiat
2654 3504 2904 3550 sanctum
2953 3496 3238 3567 baptisma.
3281 3501 3435 3567 Quod
3462 3516 3597 3558 vero

2010 3598 2119 3638 non
2149 3583 2531 3653 liceatprmter
2576 3585 2737 3638 hodie
2764 3594 2819 3653 et
2870 3584 3227 3642 Pentecosten
3271 3591 3598 3660 generaliter

2009 3672 2338 3741 baptismum
2389 3670 2674 3734 celebrari,
2709 3679 2930 3727 sanctus
2976 3671 3086 3727 Leo
3115 3687 3258 3743 papa
3281 3676 3414 3731 satis
3437 3677 3596 3732 dene-

2009 3769 2119 3830 gat,
2147 3760 2248 3815 nisi
2280 3758 2422 3814 forte
2441 3759 2728 3814 infirmitas
2749 3759 3075 3816 interfuerit.
3102 3760 3288 3832 Neque
3314 3764 3416 3820 hoc
3436 3766 3597 3821 omit-

2009 3853 2229 3907 tendum
2261 3863 2346 3906 est
2391 3851 2534 3920 quod
2567 3849 2793 3904 Romani
2824 3849 2964 3905 infra
2990 3850 3470 3923 Quadragesimam
3495 3872 3590 3912 sex

2008 3944 2268 4000 scrutinia
2320 3942 2619 4006 celebrant,
2658 3951 2713 3995 et
2749 3941 2907 3996 hodie
2953 3941 3259 4011 septimum.
3299 3943 3356 3998 ln
3383 3944 3488 4000 isto
3511 3961 3599 4000 sc-

2007 4033 2255 4104 ptenario
2291 4031 2659 4100 intelliguntur
2692 4039 2898 4099 septem
2947 4032 3089 4086 dona
3130 4031 3366 4103 Spiritus
3413 4039 3588 4093 sancti

326 4143 387 4189 ut
413 4133 838 4188 catechumenos
864 4130 976 4192 fiat,
1021 4128 1288 4182 accedens
1317 4125 1386 4180 ad
1431 4124 1782 4194 baptismum,
1820 4134 1906 4174 re-
2007 4125 2061 4178 in
2090 4125 2410 4194 baptismate
2467 4123 2613 4178 data.
2669 4121 2798 4176 Post
2848 4123 3038 4177 horam
3077 4123 3311 4193 denique
3367 4127 3584 4183 tertiam

326 4226 541 4279 nuntiet
573 4223 810 4293 maligno
843 4220 1058 4291 spiritui
1099 4227 1153 4274 et
1178 4219 1429 4273 omnibus
1463 4215 1741 4271 damnosis
1787 4214 1906 4285 ejus

2016 4215 2230 4269 sabbato
2284 4221 2657 4284 praeparantur
2715 4213 2782 4267 ad
2820 4212 3106 4268 ecclesiam
3143 4216 3232 4284 qui
3276 4216 3587 4288 baptizandi

323 4318 574 4387 pompis;
607 4313 922 4370 exsufllatur
949 4313 1132 4376 etiam,
1162 4323 1222 4366 ut
1248 4311 1429 4382 fugato
1458 4307 1694 4372 diabolo,
1741 4305 1903 4363 Chri-
2004 4313 2149 4372 sunt,
2181 4304 2339 4359 simul
2380 4320 2504 4359 cum
2533 4303 2762 4374 patrinis
2805 4313 2860 4357 et
2884 4305 3151 4371 matrinis,
3181 4316 3236 4360 ct
3270 4308 3586 4366 ordinantur

323 4419 408 4463 sto
436 4408 666 4462 Domino
715 4415 938 4476 paretur
990 4405 1278 4468 introitus;
1311 4401 1680 4466 exorcizatur,
1710 4400 1765 4454 id
1796 4405 1900 4464 est,
2005 4395 2074 4450 ab
2102 4397 2349 4468 acolyto:
2385 4395 2609 4448 masculi
2655 4393 2724 4447 ad
2752 4393 3052 4460 dexteram,
3097 4394 3311 4452 femina:
3361 4415 3488 4454 vero
3519 4403 3585 4456 ad

322 4499 641 4567 conjuratur
668 4497 936 4567 malignus
979 4496 1221 4566 spiritus,
1268 4503 1330 4548 ut
1361 4503 1522 4548 exeat
1554 4500 1610 4546 et
1657 4491 1896 4556 recedat,
1927 4542 1980 4567 ἢ
2005 4489 2302 4551 sinistram,
2345 4494 2402 4539 et
2432 4495 2560 4540 tunc
2578 4485 2670 4555 qui
2719 4494 2964 4554 possunt,
3015 4485 3246 4543 reddunt
3275 4488 3588 4548 Orationem

321 4591 458 4644 dans
491 4590 669 4644 locum
691 4603 820 4642 vero
848 4587 1075 4642 Domino
1101 4585 1234 4658 [Al.,
1266 4585 1376 4639 Deo
1423 4582 1595 4655 vero].
1626 4583 1897 4638 Catechu—
1925 4575 1981 4605 ν
2001 4578 2340 4634 Dominicam
2375 4585 2429 4633 et
2465 4575 2804 4648 Symbolum,
2836 4578 2952 4632 sive
2990 4578 3192 4648 patriai
3217 4595 3316 4650 pro
3349 4580 3483 4652 ipsis
3511 4591 3595 4636 at-

319 4695 512 4736 menus
535 4680 760 4734 audiens
789 4678 902 4732 sive
931 4677 1163 4747 adjutor,
1189 4674 1354 4730 salem
1381 4675 1595 4745 accipit,
1625 4681 1687 4728 ut
1719 4673 1900 4744 putri--
1999 4685 2106 4742 que
2138 4668 2384 4722 matrinae
2412 4681 2625 4731 eorum,
2657 4666 2748 4736 qui
2797 4681 2892 4722 eos
2943 4677 3246 4737 suscepturi
3296 4679 3442 4724 sunt.
3477 4669 3585 4726 De-

318 4773 384 4828 da
417 4780 474 4827 et
495 4769 637 4826 fluxa
667 4767 782 4838 ejus
817 4778 1040 4840 peccata
1079 4768 1360 4836 sapientiae
1405 4767 1516 4821 sale
1569 4765 1752 4821 divino
1777 4781 1898 4821 mu-
1999 4761 2124 4815 inde
2147 4757 2279 4812 facit
2301 4755 2590 4826 presbyter
2629 4770 2751 4811 cum
2787 4755 2978 4825 pollice
3023 4756 3077 4810 in
3107 4756 3374 4812 frontibus
3395 4773 3585 4816 eorum

317 4878 447 4919 nere
485 4863 829 4918 mandentur.
854 4860 1057 4915 Deinde
1085 4859 1328 4930 Symboli
1361 4855 1642 4928 apostolici
1666 4855 1900 4910 traditur
1999 4853 2211 4922 signum
2238 4849 2434 4912 crucis,
2463 4846 2692 4902 dicendo
2723 4865 2734 4899 :
2776 4844 2844 4900 In
2879 4848 3086 4901 nomine
3113 4846 3316 4912 Patris,
3353 4857 3402 4902 et
3428 4847 3583 4917 Filii,

317 4955 368 5009 ei
401 4955 558 5019 ﬁdes,
590 4962 650 5007 ut
671 4967 839 5007 vacua
865 4954 1075 5015 domus,
1127 4961 1182 5005 et
1208 4967 1240 5003 a
1261 4951 1442 5020 prisco
1475 4947 1779 5002 habitatore
1803 4945 1894 5001 dc-

319 5044 506 5098 Iciicta
550 5042 653 5098 fide
689 5051 932 5106 ornetur,
983 5046 1038 5094 et
1086 5047 1424 5108 praeparetur
1477 5033 1740 5090 habitatio
1791 5033 1896 5090 Do-

317 5135 482 5188 mino.
514 5133 677 5187 Fiunt
722 5132 1008 5195 scrutinia,
1061 5139 1120 5184 ut
1163 5129 1476 5200 exploretur
1514 5127 1711 5196 smpius
1760 5124 1891 5197 [.tl.,

317 5222 547 5294 Servus],
579 5240 648 5278 an
671 5232 790 5294 post
813 5223 1262 5278 renuutiationem
1285 5220 1525 5283 Satanae,
1548 5233 1706 5274 saera
1732 5217 1894 5273 verba

316 5317 452 5370 data:
479 5314 602 5370 ﬁdei
649 5315 906 5370 radicitus
946 5314 1108 5369 corde
1136 5311 1441 5367 deﬁxerint.
1497 5310 1816 5380 'l‘anguntur
1840 5318 1895 5363 et

317 5421 495 5467 nares,
521 5414 574 5459 ut
619 5406 857 5474 quandiu
901 5403 1150 5473 spiritum
1201 5401 1420 5456 naribus
1458 5401 1663 5464 trahat,
1698 5399 1753 5452 in
1786 5396 1892 5452 fide

317 5507 534 5564 actcpta
563 5495 816 5564 perduret
842 5513 853 5546 :
886 5502 1073 5563 pectus
1089 5507 1302 5563 quoque
1318 5491 1509 5548 eodem
1539 5486 1890 5562 [Al.,eidem]

384 5625 408 5651 ο
453 5613 628 5666 Locus
651 5618 956 5679 corruptus.

387 5684 412 5722 ιι
451 5681 774 5744 Amalarius,
805 5695 922 5749 cap.
949 5680 1039 5734 2|.

387 5765 411 5792 ε
459 5751 573 5806 \‘id.
608 5753 766 5821 epist.
804 5745 1128 5814 90'Alruini,
1161 5763 1280 5819 pag.
1323 5747 1422 5802 109
1458 5747 1600 5802 circa
1632 5745 1892 5811 finem,et

1997 4955 2046 4997 et
2076 4943 2304 5013 Spiritus
2359 4941 2546 4995 sancti.
2584 4938 2713 4994 Post
2743 4939 2858 4993 lucc
2883 4938 3036 5007 ponit
3080 4953 3272 4992 manus
3302 4954 3463 5008 super
3485 4956 3582 4995 ca-

1997 5035 2108 5107 pita
2156 5047 2366 5096 eorum,
2403 5042 2459 5085 et
2514 5030 2645 5084 dicit
2685 5030 2985 5083 orationem
3021 5028 3089 5083 ad
3137 5029 3581 5087 catcchumenum

1997 5125 2305 5180 faciendum
2333 5141 2348 5177 :
2380 5119 2719 5190 Omnipotens
2753 5120 3060 5188 sempiterne
3100 5116 3255 5173 Deus.
3290 5117 3390 5175 Hic
3423 5120 3580 5190 juxta

1996 5227 2244 5274 sanctum
2279 5213 2600 5286 Gregorium
2655 5211 2884 5265 reddunt
2929 5208 3244 5279 Symbolum
3281 5221 3336 5267 et
3365 5213 3580 5269 Oratio.

1996 5327 2121 5367 nem
2175 5308 2535 5371 Dominicam,
2591 5311 2683 5356 aut
2715 5301 2914 5371 patrini
2961 5316 3060 5370 pro
3097 5300 3248 5370 ipsis.
3299 5299 3428 5357 Post
3463 5305 3579 5361 ha-c

1995 5410 2298 5475 sequuntur
2325 5399 2602 5454 orationes
2627 5395 2679 5449 in
2727 5392 2953 5448 sabbato
2993 5399 3181 5446 sancto
3225 5389 3292 5446 ad
3341 5395 3578 5448 eatechi-

1997 5495 2228 5550 randum
2257 5490 2539 5546 infantem.
2570 5484 2695 5539 Inde
2729 5497 2858 5537 vero
2903 5481 3076 5551 tangit
3112 5481 3192 5536 eis
3217 5495 3376 5537 nares
3402 5490 3453 5535 et
3482 5498 3578 5536 au-

1997 5611 2154 5685 epist.
2191 5607 2257 5661 ad
2283 5602 2554 5685 Oudinum
2594 5599 2663 5655 de
2689 5596 2989 5653 Ctercmon.
3018 5591 3297 5664 Baptismi,
3333 5593 3451 5648 col.-
3471 5593 3568 5648 till

1999 5681 2216 5751 hujusce
2252 5681 2403 5731 tcmi.
