4092 6524
466 536 556 577 res
585 518 652 572 de
677 524 857 587 sputo,
890 520 946 567 et
969 509 1105 566 dicit
1128 508 1196 561 ad
1242 516 1430 558 aurem
1460 499 1793 587 dexteram:
1831 488 2040 587 Ephata
2068 485 2119 544 Α

467 576 812 681 ῘΕρΙῳΙιάα],
828 576 967 673 quod
995 606 1093 662 est,
1116 593 1422 665 adaperire;
1441 587 1510 642 ad
1532 598 1709 681 nares,
1740 580 1807 635 In
1830 576 2044 681 adorem

465 663 743 757 saevitatis
760 663 870 757 {ad
893 688 1189 748 sinistram,
1223 663 1301 735 Tu
1329 692 1503 733 autem
1518 673 1792 765 pic/fugare,
1815 663 2044 765 diabole,

469 782 904 861 approptnquabit
925 778 1063 833 enim
1078 772 1345 845 judicium
1370 766 1490 861 Dei.
1514 764 1709 856 Postea
1726 774 1858 861 vero
1877 762 2049 825 tangit

470 850 521 934 ei
538 850 747 949 pectus,
764 879 818 927 et
841 869 984 924 inter
1003 861 1251 933 scapulas
1271 858 1339 913 de
1355 856 1475 910 oleo
1495 850 1807 949 exercitato
1827 859 2048 949 erucem

470 936 864 1026 fadiendo'cum
884 958 1095 1031 pollice,
1125 964 1181 1008 et
1199 958 1391 1006 vocato
1414 944 1631 1001 nomine
1653 939 1791 1008 ejus,
1818 936 2044 1031 dicitur:

473 1024 818 1117 dhrenuntias
872 1024 1088 1105 Satanat
1113 1045 1138 1097 ?
1182 1037 1537 1108 Respondet:
1588 1028 1929 1117 Altrenuntio.
1978 1024 2050 1117 [Et

472 1108 973 1211 inhiabant“
1026 1132 1141 1201 ejus
1164 1129 1189 1181 .9
1216 1120 1527 1194 Respondet
1556 1112 1944 1211 :‘ilbrenuntio:
1980 1108 2050 1211 lit

472 1198 713 1290 omnibus
737 1198 938 1301 pompis
981 1198 1093 1293 ejus
1121 1219 1145 1272 ?
1174 1212 1482 1301 Respondet
1510 1222 1524 1260 τ
1552 1202 1896 1301 Abrenumio.
1924 1198 2051 1255 Inde

472 1321 717 1393 sequitur
737 1289 1099 1386 'Symbolum.
1131 1305 1231 1360 llic
1273 1299 1567 1357 secundum
1615 1289 1936 1362 Gregorium
1966 1303 2054 1342 5::-

472 1418 713 1483 quuntur
732 1406 992 1466 lectiones
1019 1413 1075 1454 et
1096 1398 1324 1453 cantica.

543 1500 640 1556 His
675 1496 920 1567 expletis,
947 1489 1191 1564 procedit
1231 1484 1473 1558 pontifex
1501 1481 1566 1537 ad
1616 1480 1793 1536 fontes
1831 1475 2055 1567 benedi-

474 1589 676 1647 eendos
718 1566 841 1642 cum
883 1583 1029 1639 omni
1079 1583 1294 1642 decore,
1348 1580 1711 1646 prosequente
1738 1582 1863 1625 eum
1908 1566 2054 1622 clero

476 1695 572 1735 seu
594 1675 813 1748 populo,
837 1672 1091 1746 praecedit
1121 1669 1285 1725 etiam
1334 1665 1649 1721 benedictus
1700 1675 1911 1726 cereus,
1941 1659 2055 1714 sive

476 1775 585 1827 duo
606 1768 678 1823 illi
702 1767 868 1831 cerei,
904 1778 1040 1834 quos
1073 1768 1258 1815 tenent
1284 1758 1502 1823 notarii,
1530 1755 1599 1810 ab
1627 1755 1819 1810 eodem
1847 1751 2056 1807 scilicet

1277 391 1338 445 Β.
1378 388 1440 443 F.
1480 380 1707 440 ALBlNl
1744 374 1874 433 SEU
1915 366 2193 427 ALCUINI
2230 360 2518 422 OPERUM
2555 358 2738 415 PARS
2774 356 2868 415 IX.

2144 479 2330 533 Amen.
2371 474 2525 544 Quod
2555 473 2700 527 enim
2750 468 2917 538 aliqui
2953 466 3149 538 patriai
3196 461 3373 519 solent
3396 476 3427 516 a
3456 460 3604 515 fonte
3627 472 3737 515 ex-

2147 568 2363 623 trahere
2400 579 2530 620 suos
2565 562 2721 625 ﬁlios,
2748 575 2856 614 non
2876 558 3072 629 legitur
3092 557 3147 611 in
3167 553 3468 610 ordinibus.

2216 659 2295 712 De
2314 657 2417 710 hac
2464 667 2524 708 re
2552 649 2881 722 apostolicus
2915 660 2942 689 ι
2972 647 3114 718 apud
3164 645 3438 699 Romanos
3489 642 3562 696 ita
3594 640 3732 712 agit.

2145 752 2437 822 Postquam
2486 744 2729 818 pontifex
2776 742 3152 815 baptizaverit,
3176 738 3261 793 vel
3283 737 3479 807 quibus
3502 735 3739 805 jusserit

2147 843 2284 914 ipse,
2319 841 2503 895 levant
2542 838 2688 908 ipsos
2731 832 2970 888 infantes
2997 832 3053 886 in
3087 829 3355 890 manibus,
3397 834 3453 879 et
3498 822 3739 878 oﬁ'erunt

2146 949 2243 989 eos
2269 931 2361 987 uni
2390 931 2457 985 de
2485 926 2839 999 presbyteris.
2886 926 3009 993 lpse
3054 937 3187 977 vero
3237 918 3371 974 facit
3417 932 3634 972 crucem
3663 916 3740 971 de

2147 1025 2442 1080 chrismate
2489 1036 2614 1075 cum
2663 1016 2856 1088 pollice
2902 1018 2955 1070 in
3000 1014 3204 1069 vertice
3246 1025 3456 1076 eorum,
3501 1009 3735 1063 dicens:

2147 1120 2291 1175 Deus
2318 1115 2664 1186 omnipotens,
2709 1109 2874 1166 Pater
2905 1109 3121 1165 Domini
3164 1108 3328 1163 nostri
3355 1106 3483 1161 Jesu
3514 1101 3737 1166 Christi,

2150 1219 2212 1264 ut
2235 1221 2417 1279 supra.
2455 1203 2571 1270 Qua
2596 1201 2769 1267 ﬁnita,
2797 1208 2925 1256 sunt
2965 1200 3140 1272 parati
3184 1197 3278 1269 qui
3305 1211 3400 1252 eos
3432 1192 3740 1263 suscepturi

2151 1309 2298 1366 sunt,
2326 1313 2451 1354 cum
2486 1294 2667 1349 linteis
2697 1295 2751 1349 in
2781 1291 3030 1351 manibus
3068 1291 3200 1347 suis.
3234 1289 3438 1345 Deinde
3465 1287 3743 1356 accipiunt

2152 1393 2298 1462 ipsos
2328 1405 2357 1444 a
2392 1390 2648 1460 pontiﬁce
2688 1386 2774 1441 vel
2828 1401 2859 1440 a
2894 1383 3211 1441 diaeonihus
3245 1381 3340 1452 qui
3367 1394 3463 1435 eos
3490 1377 3742 1448 baptiza-

2152 1490 2366 1537 veruut.
2414 1481 2710 1551 Postquam
2756 1492 2887 1531 vero
2915 1475 3100 1530 vestiti
3134 1473 3352 1537 fuerint,
3382 1471 3745 1541 deportantur

2154 1582 2279 1629 ante
2325 1572 2637 1643 pontiﬁcem
2668 1568 2736 1623 ad
2780 1566 3231 1624 conﬁrmandum.
3264 1561 3473 1631 Quibus
3506 1561 3600 1617 dat
3623 1558 3743 1614 sin-

2154 1662 2292 1733 gulis
2327 1660 2519 1716 stolam
2564 1657 2871 1723 candidam,
2909 1653 3274 1717 ehrismalem,
3308 1661 3361 1707 et
3411 1653 3598 1707 decem
3626 1647 3744 1704 sili-

2155 1766 2289 1821 quas
2316 1751 2366 1817 b,
2392 1758 2449 1805 et
2475 1750 2554 1805 sic
2581 1748 2899 1803 vestiuntur.
2922 1746 2990 1801 Et
3012 1752 3298 1816 postquam
3322 1742 3491 1798 induti
3517 1740 3740 1806 fuerint,

477 1858 790 1922 illuminati,
824 1818 879 1912 et
913 1818 1144 1923 ampulla
1190 1867 1313 1907 cum
1365 1849 1485 1903 oleo
1507 1855 1563 1901 et
1588 1844 1830 1899 balsamo
1858 1843 1913 1895 in
1940 1856 2057 1895 ma-
2087 1818 2134 1878 θ
2160 1818 2254 1901 dat
2276 1842 2517 1916 pontifex
2543 1856 2709 1913 super
2763 1856 2858 1896 eos
2901 1839 3222 1904 orationem,
3258 1837 3508 1907 imposita
3534 1833 3747 1890 scilicet

477 1967 580 2023 gna
622 1948 939 2005 reverentia.
991 1944 1124 1999 Nam
1188 1950 1242 1996 et
1270 1941 1343 1994 illi
1392 1940 1499 1993 duo
1549 1936 1692 2023 cerei
1720 1932 2061 2023 praecedunt

478 2016 678 2103 ubique
706 2028 1013 2102 pontiﬁcem
1051 2042 1219 2095 usque
1243 2026 1296 2078 in
1329 2031 1553 2078 octavas
1579 2018 1821 2073 Paschze.
1856 2016 2061 2071 Euntes

480 2127 550 2182 ad
582 2124 777 2187 fontes,
814 2128 1014 2179 canunt
1048 2118 1265 2173 litanias
1293 2124 1375 2171 ter
1422 2112 1794 2168 tantummodo
1815 2117 2064 2179 repeten-

479 2217 550 2273 do
572 2257 587 2270 .
619 2213 786 2287 484
808 2213 1012 2281 Quibus
1038 2211 1205 2266 ﬁnitis
1253 2217 1378 2263 ante
1404 2206 1602 2270 fontes,
1630 2214 1687 2260 et
1717 2202 1863 2259 facto
1889 2200 2061 2256 silen-

481 2307 578 2372 tio,
630 2312 807 2361 stante
859 2303 1156 2364 sacerdote,
1208 2300 1453 2370 sequitur
1503 2297 1809 2353 benedictio
1852 2291 2060 2347 fontis:

487 2393 825 2467 Omnipotens
871 2394 1177 2464 sempiterne
1224 2390 1388 2456 Deus,
1446 2396 1501 2444 et
1541 2385 1768 2456 reliqua.
1808 2382 2067 2453 Sequitur

484 2485 825 2539 consecratio
877 2479 1062 2547 fontis,
1097 2482 1150 2535 in
1203 2479 1422 2535 modum
1479 2474 1813 2549 praelationis
1863 2473 2061 2528 decan-

484 2573 685 2629 tanda:
725 2572 947 2627 itane
984 2570 1148 2635 Deus,
1180 2571 1269 2640 qui
1309 2566 1558 2624 invisibili
1604 2565 1837 2637 potentia
1881 2579 2065 2617 sacra-

485 2672 779 2719 mentorum
828 2672 1061 2716 tuorum.
1098 2661 1181 2715 Ad
1224 2660 1618 2716 invocationem
1666 2671 1797 2710 vero
1831 2653 2068 2723 Spiritus

486 2753 684 2818 sancti,
714 2768 876 2824 quem
900 2753 1155 2810 sacerdos
1176 2751 1323 2807 celsa
1354 2766 1484 2805 voce
1523 2747 1852 2819 proclamat,
1886 2745 1938 2799 id
1964 2752 2067 2807 est,

484 2843 601 2899 alto
643 2844 841 2898 mentis
885 2840 1101 2906 aﬁ'ectu,
1129 2840 1418 2909 deponitur
1451 2852 1645 2893 cereus
1670 2835 1986 2891 benedictus
2015 2833 2070 2886 in

487 2946 714 3006 aquam,
760 2932 874 2986 sive
907 2931 1005 2996 illi,
1055 2931 1145 3000 qui
1179 2930 1245 2983 ab
1282 2945 1347 2985 eo
1372 2926 1659 2982 illuminati
1694 2934 1841 2988 sunt,
1881 2924 1954 3006 ad
1980 2923 2073 2977 de—

493 3004 898 3069 monstrandam
948 3012 1154 3067 scilicet
1200 3009 1433 3079 Spiritus
1477 3008 1653 3063 sancti
1704 3004 2069 3077 praesentiam,

491 3102 776 3157 sacerdote
796 3100 909 3172 jam
933 3101 1144 3156 dicente
1172 3118 1185 3153 :
1216 3099 1506 3153 Descendat
1537 3099 1592 3151 in
1613 3097 1749 3150 hanc
1785 3094 2071 3165 plenitudi-

494 3207 611 3245 nem
639 3189 819 3260 fontis.
845 3189 1011 3244 Fonte
1042 3189 1346 3254 benedicto,
1400 3186 1597 3256 accipit
1640 3183 1881 3256 pontifex
1922 3182 2071 3237 chri-
2102 3177 2147 3238 C

494 3298 615 3338 sma
654 3298 777 3337 cum
827 3281 947 3337 oleo
995 3281 1165 3335 mixto
1217 3281 1271 3334 in
1306 3293 1436 3335 vase
1465 3278 1533 3333 ab
1585 3276 1983 3331 archidiacono.
2023 3281 2079 3326 et

495 3369 735 3441 aspergit
766 3383 867 3439 per
895 3368 1130 3423 medium
1158 3365 1321 3422 fontis
1341 3368 1396 3422 in
1440 3367 1658 3421 modum
1698 3364 1897 3418 erucis.
1927 3362 2079 3417 Tunc

496 3458 740 3531 pontifex
765 3458 1003 3529 aspergit
1030 3473 1152 3511 cum
1184 3473 1343 3512 manu
1376 3457 1444 3512 de
1469 3457 1582 3525 ipsa
1631 3471 1771 3525 aqua
1800 3469 1964 3524 super
1990 3468 2080 3521 po-

497 3545 701 3618 pulum.
721 3546 839 3613 Quo
863 3545 1023 3611 facto,
1055 3546 1489 3617 accipitpopulus
1503 3547 1569 3601 de
1590 3546 1705 3616 ipsa
1728 3559 1867 3613 aqua
1892 3543 1947 3597 in
1962 3558 2081 3597 vas-

499 3637 636 3692 culis
664 3635 732 3692 ad
768 3635 1124 3708 spargendum
1151 3635 1206 3688 in
1236 3634 1484 3690 domibus
1514 3635 1625 3691 suis
1656 3634 1771 3688 sive
1804 3634 1970 3703 agris.

573 3728 775 3783 Deinde
816 3736 1028 3782 tenente
1050 3727 1263 3796 patrino
1285 3726 1566 3791 infantem,
1592 3743 1621 3780 a
1653 3741 1757 3796 quo
1788 3726 2080 3796 suscipien-

502 3817 605 3873 dus
625 3825 711 3872 est
729 3856 746 3882 ,
778 3816 1072 3887 interrogat
1094 3831 1218 3870 cum
1242 3815 1496 3871 sacerdos
1524 3816 1599 3869 ita
1629 3834 1642 3868 :
1682 3815 1812 3880 Quis
1838 3815 2081 3869 vocaris?

502 3907 810 3978 Respondet
866 3907 974 3962 ille.
1039 3908 1108 3962 Et
1166 3909 1409 3976 sequitur
1469 3908 1761 3963 sacerdos:
1817 3904 2000 3961 Credis
2024 3907 2080 3960 in

503 3996 675 4051 Deum
703 3994 915 4051 Patrem
952 3998 1398 4067 omnipotentem?
1426 3998 1493 4053 Et
1523 4000 1816 4069 respondet
1842 4016 1856 4052 :
1885 3996 2079 4052 Credo.

506 4085 576 4140 Et
604 4088 658 4140 in
679 4086 863 4141 Iesum
914 4087 1181 4142 Christum
1222 4086 1442 4152 Filium,
1473 4104 1665 4159 usque,
1692 4106 1905 4160 passum
1928 4090 1951 4142 ?
1978 4089 2081 4143 Re-

507 4179 734 4247 spondet
760 4197 773 4231 :
808 4177 995 4233 Credo.
1029 4178 1212 4234 Credis
1240 4190 1289 4234 et
1319 4181 1375 4234 in
1398 4182 1655 4251 Spiritum
1688 4194 2084 4247 sanctum,san—

506 4282 646 4326 ctam
672 4270 964 4327 Ecclesium
990 4274 1016 4327 2’
1044 4272 1353 4344 Respondet
1378 4292 1395 4328 :
1434 4272 1623 4328 Credo.
1683 4275 1885 4330 Deinde
1910 4276 2085 4344 bapti—

506 4372 597 4420 ωε
617 4380 743 4421 eum
785 4364 1038 4421 sacerdos
1059 4366 1160 4419 sub
1195 4366 1336 4419 trina
1386 4368 1677 4432 mersione,
1713 4377 1922 4422 tantum
1960 4384 2087 4423 san-

505 4466 652 4513 ctam
700 4455 1018 4513 Trinitatem
1066 4458 1232 4514 semel
1284 4460 1601 4519 invocando.
1628 4462 1722 4514 ,ita
1751 4461 1979 4515 dicens:
2014 4460 2082 4513 Et

507 4565 601 4618 ego
621 4558 670 4601 te
695 4548 901 4619 baptiso
948 4549 1004 4605 in
1050 4552 1257 4605 nomine
1301 4551 1500 4617 Patris,
1530 4561 1586 4606 et
1613 4562 1824 4623 mergat
1874 4553 2080 4622 semel;
2114 4537 2165 4598 Ι)

508 4655 559 4699 et
583 4643 733 4711 Filii,
756 4654 812 4699 et
834 4654 1046 4718 mergat
1068 4646 1264 4702 iterum
1288 4664 1303 4712 ;
1335 4656 1382 4700 ct
1412 4646 1643 4717 Spiritus
1664 4650 1854 4714 sancti,
1879 4658 1937 4703 et
1952 4665 2088 4703 mer-

508 4745 601 4810 gat
629 4737 810 4793 tertio.
838 4737 909 4793 Ut
928 4748 1111 4795 autem
1156 4742 1455 4795 surrexerit
1483 4757 1513 4794 a
1543 4740 1709 4809 fonte,
1746 4741 1908 4799 faciat
1937 4761 2089 4815 pres—

510 4830 668 4901 hyter
717 4831 931 4901 signum
977 4834 1157 4888 crucis
1192 4834 1259 4887 de
1304 4834 1599 4889 chrismate
1640 4851 1763 4890 cum
1807 4837 1999 4906 pollice
2032 4839 2088 4892 in

512 4925 714 4980 vertice
735 4924 854 4993 ejus
880 4927 1088 4991 dicens,
1120 4929 1260 4982 hanc
1303 4930 1605 4983 orationem
1634 4947 1647 4981 :
1683 4930 1825 4983 Deus
1854 4931 2091 4999 omnipo—

510 5024 644 5077 tens,
679 5013 843 5068 Pater
864 5014 1075 5068 Domini
1116 5018 1280 5070 nostri
1307 5015 1437 5070 Jesu
1470 5016 1683 5071 Christi.
1737 5017 1889 5073 Tunc
1920 5019 2091 5072 susci-

510 5104 694 5174 piatur
733 5103 801 5158 ab
844 5105 960 5173 ipso
994 5120 1024 5159 a
1053 5120 1159 5173 quo
1204 5106 1577 5176 suscipiendus
1610 5116 1732 5170 est;
1766 5117 1949 5177 postea
1994 5124 2090 5159 ve-

511 5194 676 5249 stitur
724 5194 901 5248 infans
946 5195 1285 5248 vestimentis
1342 5196 1472 5249 suis.
1513 5196 1570 5251 Si
1625 5212 1757 5251 vero
1806 5198 2093 5266 episcopus

515 5283 688 5347 adest,
720 5284 901 5337 statim
948 5282 1258 5338 conﬁrmari
1282 5298 1405 5338 eum
1455 5294 1667 5355 oportet
1703 5287 2014 5351 chrismate,
2040 5298 2095 5341 et

518 5384 701 5446 postea
738 5377 1173 5441 communicare;
1207 5386 1263 5431 et
1290 5378 1334 5431 si
1360 5377 1642 5447 cpiscopus
1662 5378 1831 5442 deest,
1860 5396 2097 5435 commu-

520 5467 731 5520 nicetur
781 5466 1156 5535 apresbytero
1212 5468 1425 5523 dicente
1476 5471 1588 5523 ita:
1630 5468 1831 5538 Corpus
1882 5472 2094 5526 Domini

522 5557 686 5611 nostri
736 5559 868 5611 Jesu
910 5556 1104 5612 Christi
1133 5560 1393 5613 custodiat
1439 5562 1566 5615 tein
1615 5564 1776 5617 vitam
1826 5575 2094 5630 azternam,

596 5680 622 5739 f
660 5668 739 5739 De
770 5669 867 5722 hac
900 5686 954 5723 re
985 5670 1324 5738 Apostolicus.
1356 5671 1469 5727 Vid.
1500 5674 1805 5739 Menardus,
1832 5689 1941 5733 not.
1973 5679 2093 5734 354.

596 5738 624 5776 δ
664 5737 732 5791 Et
760 5738 935 5792 decem
961 5737 1194 5809 siliquas.
1255 5743 1480 5811 Siliqua,
1528 5761 1590 5798 ex
1625 5737 1827 5801 Isidoro
1854 5750 1971 5802 libr.
2012 5766 2095 5803 xvi

2160 1950 2325 1991 manu
2376 1947 2540 2005 super
2587 1932 2764 2002 capita
2814 1944 3026 1996 eorum,
3054 1943 3178 1984 eum
3206 1927 3547 1983 invocatione
3579 1924 3746 1996 septi-

2163 2028 2353 2083 formis
2386 2026 2578 2097 gratiae
2630 2023 2868 2095 Spiritus
2911 2021 3108 2077 sancti.
3137 2019 3365 2078 Oratio:
3401 2015 3744 2089 Omnipotens

2161 2122 2467 2191 sempiterna
2513 2116 2676 2182 Deus,
2728 2116 2819 2188 qui
2862 2130 3187 2186 regenerare.
3242 2113 3356 2168 Hac
3399 2111 3569 2178 ﬁnita,
3614 2111 3748 2168 facit

2161 2226 2379 2267 crucem
2425 2210 2491 2264 de
2542 2208 2837 2263 chrismate
2886 2221 3009 2262 eum
3065 2205 3258 2276 pollice
3307 2205 3362 2258 in
3412 2202 3747 2275 singulorum

2166 2302 2452 2366 frontibus,
2491 2301 2565 2355 ita
2606 2299 2872 2354 dicendo:
2908 2296 2975 2353 In
3026 2296 3231 2352 nomine
3283 2293 3482 2358 Patris,
3514 2305 3561 2349 et
3592 2293 3745 2361 Filii,

2163 2406 2211 2449 et
2240 2393 2467 2463 Spiritus
2498 2391 2688 2455 sancti,
2726 2406 2832 2460 pas:
2858 2389 2970 2443 tibi.
3000 2387 3384 2458 Respondeant
3412 2400 3601 2441 omnes
3633 2402 3648 2439 :
3675 2382 3748 2440 Et

2166 2502 2285 2540 cum
2313 2485 2500 2555 spiritu
2537 2492 2649 2537 tuo.
2682 2481 2808 2535 Haec
2832 2481 2996 2536 verba
3024 2487 3149 2535 sunt
3189 2478 3530 2533 salutationis
3559 2478 3627 2532 ad
3647 2492 3751 2531 no-

2164 2592 2294 2631 vum
2345 2574 2639 2639 hominem,
2664 2574 2755 2642 qui
2804 2580 3171 2642 regeneratur.
3208 2567 3354 2624 Sane
3388 2569 3515 2622 illud
3542 2581 3751 2639 praeca-

2168 2667 2401 2722 vendum
2441 2674 2543 2730 est,
2598 2674 2658 2718 ut
2707 2663 2813 2718 hoc
2836 2677 2944 2715 non
2998 2661 3319 2733 negligatur.
3362 2659 3498 2726 Quia
3542 2659 3597 2713 in
3644 2658 3751 2713 hoc

2169 2772 2332 2813 omne
2358 2755 2685 2825 baptismum
2718 2752 3014 2823 legitimum
3055 2751 3477 2806 Christianitatis
3533 2750 3751 2805 nomine

2170 2846 2543 2902 conﬁrmatur.
2571 2843 2678 2898 Sed
2705 2851 2761 2899 et
2799 2844 2903 2898 hoc
2954 2842 3361 2913 prmvidendum
3416 2850 3520 2907 est,
3549 2849 3609 2895 ut
3635 2839 3755 2895 nul-

2172 2940 2285 2994 lum
2328 2939 2509 2993 cibum
2560 2936 2852 3006 accipiant,
2910 2949 3088 3005 neque
3142 2934 3410 2989 laetentur
3459 2943 3753 3003 antequam

2172 3028 2593 3086 communicent.
2625 3025 2785 3081 Omni
2839 3033 3021 3079 autem
3079 3024 3188 3089 die,
3232 3038 3401 3093 usque
3426 3022 3481 3077 in
3506 3030 3755 3087 octavas,

2179 3121 2248 3175 ad
2277 3120 2497 3175 missam
2553 3119 2774 3173 veniant
2799 3124 2854 3171 et
2880 3116 3302 3180 communicent,
3340 3123 3593 3185 parentes
3618 3130 3755 3170 vero

2178 3211 2477 3267 oblationes
2510 3223 2610 3279 pro
2647 3209 2780 3279 ipsis
2834 3206 3056 3261 faciant.
3093 3205 3353 3261 Similiter
3389 3214 3445 3260 et
3469 3207 3524 3260 in
3559 3205 3758 3261 Pente-

2179 3309 2328 3356 coste
2354 3303 2534 3355 omnia
2572 3297 2723 3353 ﬁant.
2775 3298 2853 3353 De
2881 3299 2985 3352 hac
3011 3312 3140 3353 vero
3193 3296 3603 3353 conﬁrmatione
3628 3314 3759 3353 san-

2180 3401 2303 3446 ctus
2335 3390 2682 3445 Innocentius
2707 3405 2847 3460 papa
2874 3406 2980 3444 non
3002 3389 3070 3443 ab
3094 3389 3202 3445 alio
3228 3403 3390 3459 quam
3417 3390 3486 3444 ab
3505 3392 3758 3461 episcopo

2181 3481 2299 3536 ﬁeri
2344 3481 2507 3535 licere
2558 3482 2770 3536 asserit.
2809 3479 3069 3547 Quamvis
3118 3480 3263 3534 enim
3315 3480 3620 3551 presbyteri
3649 3482 3763 3536 sint

2180 3574 2508 3631 sacerdotes.
2560 3574 2902 3643 pontiﬁcatus
2952 3582 3130 3627 tamen
3162 3573 3371 3643 apicem
3401 3589 3505 3627 non
3535 3575 3758 3637 habent,

2180 3674 2237 3720 et
2267 3666 2386 3720 ideo
2425 3666 2553 3720 solis
2580 3666 2925 3735 pontiﬁcibus
2962 3666 3272 3730 debetur,ut
3308 3665 3644 3735 consignent,
3672 3664 3763 3717 vel

2181 3759 2512 3828 paracletum
2545 3758 2805 3828 Spiritum
2858 3758 3097 3821 tradant,
3130 3758 3270 3811 sicut
3298 3757 3459 3812 lectio
3504 3756 3763 3827 apostoli-

2182 3865 2369 3903 rorum
2397 3848 2628 3903 Actuum
2662 3849 3018 3913 demonstrat,
3070 3863 3191 3917 quae
3240 3848 3436 3902 asserit
3463 3847 3680 3903 Petrum
3711 3858 3767 3904 et

2181 3939 2444 3996 Joannem
2474 3956 2595 3994 esse
2624 3940 2879 4004 directos,
2914 3948 2975 3995 ut
2999 3939 3286 4011 baptizalis
3331 3947 3611 3994 traderent
3638 3939 3766 4012 Spi-

2182 4032 2349 4087 ritum
2378 4043 2647 4087 sanctum.
2694 4032 3031 4103 Presbyteris
3064 4048 3188 4087 vero
3215 4033 3326 4088 sive
3375 4041 3527 4087 extra
3554 4032 3765 4102 episco-

2181 4140 2335 4195 pum,
2367 4124 2481 4179 sive
2513 4133 2781 4193 prazsente
2810 4124 3088 4194 episcopo,
3144 4139 3268 4177 cum
3298 4124 3594 4192 baptizant,
3629 4123 3770 4178 chri-

2184 4225 2358 4270 smate
2384 4215 2690 4283 baptizatos
2722 4230 2921 4285 ungere
2947 4213 3093 4278 licet,
3126 4213 3218 4267 sed
3244 4214 3387 4284 quod
3413 4214 3481 4268 ab
3510 4214 3766 4285 episcopo

2185 4303 2352 4359 fuerit
2387 4311 2790 4368 consecratum,
2823 4320 2928 4358 non
2985 4312 3168 4360 tamen
3218 4305 3452 4359 frontem
3482 4321 3548 4361 ex
3576 4306 3765 4359 eodem

2187 4397 2308 4450 oleo
2339 4396 2577 4467 signare,
2608 4398 2749 4458 quod
2778 4398 2905 4451 solis
2935 4397 3163 4452 debetur
3193 4398 3479 4469 episcopis,
3510 4412 3630 4453 eum
3660 4408 3768 4452 tra-

2187 4486 2319 4541 dunt
2358 4486 2621 4557 Spiritum
2647 4488 2977 4558 paracletum
3010 4488 3318 4556 haptizatis.
3369 4489 3594 4555 Quando
3622 4489 3771 4543 inﬁr—

2191 4593 2311 4633 mus
2338 4582 2485 4634 venit
2519 4580 2589 4634 ad
2645 4581 3048 4649 baptizandum,
3081 4596 3185 4635 non
3217 4579 3383 4637 facies
3442 4598 3606 4653 supra
3632 4584 3767 4637 seri-

2188 4677 2341 4739 ptum
2374 4671 2643 4735 ordinem,
2691 4671 2786 4725 sed
2833 4680 3041 4725 tantum
3070 4680 3229 4741 post:
3262 4670 3541 4727 /Eternam
3563 4691 3625 4727 ac
3647 4673 3769 4743 jus-

2190 4761 2446 4814 tissimam
2473 4762 2743 4831 pietatem,
2791 4762 2958 4817 addes
3006 4763 3307 4817 orationem
3363 4764 3519 4817 istam
3553 4782 3566 4816 :
3601 4763 3773 4817 Mede-

2193 4850 2301 4904 lam
2328 4862 2474 4903 tuam
2501 4851 2770 4919 deprecor,
2801 4851 3023 4906 Domine
3069 4861 3247 4905 sancte
3297 4849 3479 4917 Pater,
3509 4867 3681 4923 usque
3704 4854 3772 4907 ad

2192 4942 2420 5010 gratiam
2449 4940 2694 5009 baptismi
2725 4942 2820 4994 tui.
2861 4941 2983 4995 Per.
3017 4941 3130 4997 Hac
3168 4941 3340 5006 ﬁnita,
3386 4942 3519 4997 dicis
3549 4942 3773 5012 Symbo-

2198 5030 2310 5083 lum
2338 5038 2393 5083 et
2450 5031 2751 5086 orationem
2808 5031 3169 5097 Dominicam,
3219 5032 3413 5087 deinde
3466 5034 3772 5088 cateehizas

2199 5137 2325 5176 cum
2354 5122 2439 5175 his
2461 5123 2643 5177 verbis
2671 5138 2686 5177 :
2726 5123 2834 5176 Nec
2883 5135 2931 5176 te
2958 5124 3083 5178 latet
3138 5125 3389 5188 Satanas,
3432 5134 3488 5179 et
3513 5126 3720 5196 reliqua
3754 5146 3766 5180 :

2198 5222 2257 5268 et
2281 5230 2387 5268 non
2424 5216 2573 5270 dicas
2601 5215 2748 5269 illam
2779 5217 3208 5271 benedictionem
3271 5218 3533 5287 majorem
3563 5219 3632 5271 ad
3660 5218 3774 5286 fon-

2199 5312 2298 5368 tes,
2327 5304 2421 5358 sed
2451 5304 2612 5359 istam
2645 5306 2909 5359 minorem
2966 5307 3034 5359 ad
3084 5316 3515 5362 succurrendum.
3568 5307 3776 5362 Exaudi

2202 5410 2317 5459 nos,
2351 5397 2693 5465 omnipotens,
2724 5405 2771 5448 et
2798 5397 2955 5466 hujus
2986 5414 3134 5467 aqua?
3155 5396 3503 5451 substantiam
3541 5399 3777 5463 immitte,

2203 5499 2395 5553 usque,
2424 5487 2580 5539 vitam
2608 5497 2872 5540 mereatur
2896 5497 3166 5540 cateruam.
3196 5486 3320 5551 Per,
3350 5496 3455 5541 etc.
3488 5486 3777 5557 Postquam

2205 5589 2326 5627 eum
2356 5574 2793 5637 catechizaveris,
2851 5576 3133 5630 benedices
3182 5592 3376 5644 aquam
3424 5578 3509 5633 his
3558 5577 3774 5633 verbis:

2205 5683 2507 5760 Orig._cap.
2557 5686 2647 5760 24,
2693 5695 2776 5740 est
2812 5688 3068 5760 vigesima
3105 5699 3297 5758 quarta
3341 5703 3468 5760 pars
3513 5691 3686 5757 solidi,
3715 5693 3782 5746 ab

2208 5755 2417 5810 arboris
2451 5755 2653 5811 Scnune
2684 5758 2998 5811 vocabulum
3024 5755 3232 5814 tenens.
3266 5755 3518 5817 Cincius.
