4092 6488
543 411 680 466 1⁷225

1379 409 1435 464 Β.
1476 407 1538 463 F.
1583 405 1810 464 ALBINI
1845 402 1982 461 SEU
2020 401 2301 461 ALCUIN‘I
2336 398 2626 460 OPERUI
2663 396 2848 456 PARS
2886 398 2973 454 ΙΧι

3685 392 3838 451 1914

538 526 712 593 ﬁnita,
765 533 998 598 pergunt
1047 525 1113 580 ad
1161 540 1382 580 crucem
1441 539 1564 579 cum
1628 521 1952 591 antiphona,
2008 515 2128 571 Vidi
2159 519 2202 574 Α
2231 522 2544 570 canuntur:
2578 513 2837 584 primum,
2877 511 3004 583 quia
3044 512 3153 566 vita
3199 503 3470 574 redditur;
3503 512 3834 570 secundum.

537 632 750 688 aquam
794 613 982 685 Ibique
1032 621 1234 670 canunt
1280 615 1478 668 iterum
1523 611 1795 681 psalmum
1835 619 1850 662 ξ
1885 606 1952 663 In
1987 603 2134 662 exitu

539 706 733 770 Israel,
762 713 818 762 et
844 705 1090 760 Alleluia.
1132 704 1309 759 Venite
1336 703 1676 768 exsultemus,
1700 709 1763 756 ut
1790 714 1974 770 supra.
2004 697 2136 754 Inde

539 799 795 869 Evangel.
843 797 1062 866 Antiph.
1107 794 1414 851 Prwcedam
1453 811 1564 860 vos,
1597 801 1652 850 et
1679 793 1926 865 sequitur
1957 792 2136 848 oratio

540 886 856 943 sacerdotis.
885 885 980 941 llis
1003 886 1191 949 ﬁnitis,
1214 891 1269 939 et
1288 885 1520 955 eulogiis
1547 882 1808 953 acceptis,
1834 880 2138 937 remittitur

542 979 916 1049 unusquisque
945 979 1012 1032 ad
1057 977 1272 1030 titulum
1315 990 1492 1040 suum,
1544 982 1602 1028 ut
1637 973 1838 1029 ibidem
1868 969 2137 1041 Vesperas

541 1070 798 1125 celebret.
863 1068 966 1140 Ipsi
1014 1068 1162 1122 enim
1217 1083 1378 1137 super
1429 1063 1694 1136 psalmum
1761 1063 2138 1118 tantummodo

542 1158 771 1213 Alleluia
802 1158 1004 1219 dicunt,
1034 1168 1090 1210 et
1119 1166 1244 1211 ante
1269 1155 1618 1226 Evangelium
1644 1153 1829 1208 dicunt
1853 1166 2138 1221 responso-

545 1253 686 1305 rium
721 1268 734 1306 :
774 1249 902 1304 llwe
938 1249 1071 1314 dies,
1104 1250 1220 1304 sine
1261 1264 1440 1304 versu.
1476 1247 1602 1303 llazc
1639 1247 1815 1302 oratio
1841 1262 1938 1317 per
1967 1253 2139 1300 totam

544 1341 939 1398 hebdomadam
995 1349 1246 1396 servatur
1302 1355 1473 1410 usque
1521 1341 1575 1394 in
1627 1338 1966 1394 Dominicam
2016 1347 2142 1408 post

543 1433 731 1498 Albas,
771 1432 1020 1496 Alleluia,
1051 1440 1107 1487 et
1133 1433 1447 1503 antipbonis
1472 1433 1694 1485 mutatis
1721 1439 1930 1485 tantum
1956 1430 2141 1502 singu-

545 1525 614 1582 lis
639 1526 849 1591 diebus,
881 1525 1116 1596 psalmos
1143 1540 1270 1580 vero
1291 1523 1508 1579 eosdem
1539 1531 1767 1578 canunt.

1107 1649 1134 1676 ι
1184 1635 1413 1690 CAPUT
1452 1633 1595 1690 XXI.

911 1783 916 1787 .
1026 1749 1091 1786 DE
1131 1746 1369 1786 SABBATO
1399 1743 1453 1784 IN
1496 1743 1664 1784 Αιωει

620 1827 793 1883 Hodie
823 1826 1023 1889 Albati,
1051 1826 1177 1895 quia
1228 1825 1280 1878 in
1312 1823 1551 1878 Sabbato
1591 1819 1848 1890 baptizati
1895 1813 2135 1880 fuerunt,

550 1921 795 1974 vestibus
818 1919 953 1974 albis
978 1926 1268 1973 exuuntur.
1298 1915 1476 1970 Albati
1504 1921 1685 1968 autem
1715 1919 1938 1982 propter
1960 1917 2141 1966 vestes

553 2009 705 2063 albas
746 2007 904 2078 vulgo
933 2006 1270 2076 appellantur
1300 2005 1346 2057 δ.
1382 2003 1537 2057 Sicut
1572 2009 1776 2071 septem
1828 2000 1945 2055 dies
1972 1999 2141 2069 perti-

555 2109 685 2155 nent
717 2100 782 2153 ad
827 2107 983 2154 vetus
1026 2103 1407 2151 testamentum
1446 2103 1668 2164 propter
1705 2092 2027 2154 sabbatum,
2070 2089 2143 2143 ita

555 2200 679 2246 octo
703 2190 818 2244 dies
854 2190 920 2242 ad
950 2202 1148 2242 novum
1190 2194 1414 2256 propter
1440 2192 1691 2239 octavum
1730 2180 2149 2238 resurrectionis

555 2283 724 2339 diem.
751 2283 798 2337 Α
826 2281 1052 2337 sabbato
1078 2294 1249 2346 usque
1284 2278 1352 2330 ad
1381 2277 1667 2331 sabbatum
1697 2279 1985 2344 portantur
2014 2269 2150 2324 alht'e

555 2385 760 2437 vestes,
788 2389 909 2443 quae
934 2371 1088 2426 nobis
1117 2369 1354 2439 speciem
1382 2373 1665 2438 pnestant.
1693 2363 1884 2434 quales
1904 2376 2025 2417 esse
2050 2359 2148 2415 dc-

555 2467 782 2523 beamus
811 2465 864 2515 in
905 2477 1048 2517 novo
1076 2467 1421 2523 testamento,
1447 2467 1504 2512 et
1533 2455 1714 2526 qualia
1745 2468 1973 2524 corpora
2001 2466 2152 2506 rece-

557 2559 702 2628 pturi
747 2558 802 2610 in
852 2562 1046 2609 octava
1095 2553 1202 2616 die,
1234 2551 1289 2604 in
1319 2565 1422 2619 qua
1469 2545 1788 2618 praesentari
1818 2559 1915 2599 nos
1940 2549 2155 2613 oportet

560 2658 687 2704 ante
711 2647 997 2701 Dominum
1017 2660 1141 2698 cum
1172 2644 1289 2712 ipso
1311 2641 1559 2712 pignore,
1592 2637 1734 2708 quod
1765 2635 2078 2705 accepimus
2099 2631 2152 2685 in

559 2741 849 2811 baptismo.
877 2736 1012 2791 Alba
1040 2742 1220 2790 autem
1271 2733 1590 2787 vestimenta
1633 2728 1955 2788 albatorum,
1987 2736 2154 2792 opera

563 2841 687 2888 sum
727 2831 1019 2900 justorum,
1053 2826 1250 2880 munda
1281 2831 1335 2877 et
1373 2821 1602 2877 candida
1630 2819 1798 2891 486
1837 2817 1983 2871 omni
2021 2824 2158 2870 tem-

563 2938 713 2994 pore.
745 2918 897 2987 Quod
922 2933 1052 2972 vero
1079 2917 1130 2970 in
1156 2914 1380 2971 sabbato
1401 2919 1671 2966 exuuntur
1693 2908 1809 2979 ipsa
1829 2907 2156 2962 vestimenta

564 3021 665 3074 hoc
707 3013 995 3086 signiﬁcat,
1038 3009 1181 3080 quod
1222 3008 1400 3060 anima
1445 3002 1811 3071 cujuscunque
1859 2998 2032 3054 ﬁdelis
2057 2998 2159 3054 mi-

565 3123 728 3178 grans
748 3122 776 3159 e
798 3117 1044 3172 corpore,
1075 3099 1310 3153 inveniet
1328 3096 1633 3155 sabbatum,
1667 3092 1716 3145 id
1741 3097 1843 3154 est,
1872 3090 2114 3158 requiem
2140 3104 2155 3142 :

565 3207 624 3251 et
644 3195 964 3249 vestimenta
1009 3204 1108 3244 sua
1131 3187 1221 3244 hic
1243 3185 1498 3246 dimittet,
1534 3182 1584 3235 id
1609 3189 1716 3244 est,
1747 3193 1962 3248 corpus,
1991 3183 2050 3231 ut
2075 3189 2157 3230 re-

565 3287 734 3358 cipiat
759 3284 888 3338 illud
918 3283 1112 3336 iterum
1142 3279 1195 3332 in
1227 3275 1519 3332 novissima
1556 3273 1662 3326 die.
1701 3272 1835 3326 Octo
1865 3270 1978 3323 dies
2029 3283 2158 3323 neo-

567 3357 859 3449 phytorum
903 3386 1121 3428 cursum
1159 3367 1442 3440 prmsentis
1483 3365 1610 3418 vitae
1640 3367 1964 3417 rnonstrant.
2006 3357 2159 3414 Sicut

569 3469 716 3523 enim
755 3464 1056 3519 Hebraicus
1097 3460 1188 3516 ille
1221 3456 1471 3530 populus,
1511 3455 1738 3508 transito
1769 3451 1903 3506 mari
1951 3449 2156 3513 Rubro,

571 3558 824 3614 columna
855 3555 996 3626 ignis
1023 3553 1125 3608 sibi
1150 3550 1487 3622 praecedente
1523 3553 1706 3608 noctu,
1733 3560 1831 3614 per
1855 3559 2014 3599 omne
2055 3543 2162 3596 iter

571 3654 629 3709 in
675 3660 877 3707 terram
924 3646 1361 3720 repromissionis
1411 3643 1753 3714 triumphans
1801 3643 1865 3696 de
1915 3642 2163 3696 hostibus

565 3743 785 3800 introiit
809 3760 824 3796 :
849 3742 922 3796 ita
951 3741 1125 3796 nostri
1149 3735 1432 3807 baptizati,
1456 3734 1743 3789 exstinctis
1764 3731 2002 3802 peccatis
2025 3746 2162 3802 pra:-

575 3834 770 3897 teritis,
822 3831 1097 3901 ducuntur
1138 3827 1379 3900 quotidie
1432 3826 1499 3881 ad
1552 3825 1872 3906 Ecclesium,
1911 3823 2161 3879 columna

573 3926 720 3982 cerei
748 3924 1048 3979 illuminata
1089 3920 1429 3994 praecedente
1465 3933 1578 3973 eos.
1620 3917 1774 3972 Unde
1823 3917 2160 3986 intelligitur,

575 4017 647 4072 ad
672 4014 848 4070 nullos
886 4014 1022 4068 alios
1065 4027 1195 4067 usus
1223 4012 1278 4066 in
1302 4007 1628 4079 quibuslibet
1658 4007 1789 4061 locis
1819 4022 1938 4059 eam
1967 4006 2168 4061 debere

577 4107 824 4172 accendi,
853 4105 956 4160 nisi
983 4105 1038 4159 in
1063 4102 1438 4159 recordatione
1463 4099 1685 4153 luminis
1709 4097 1947 4169 Spiritus
1967 4096 2164 4162 sancti,

579 4205 707 4258 dum
737 4203 846 4255 itur
887 4200 955 4255 ad
980 4198 1285 4254 ecclesiam.
1317 4195 1450 4252 Octo
1478 4194 1596 4248 dies
1631 4192 2026 4262 neophytorum
2052 4190 2165 4245 dis-

579 4300 898 4368 tinguuntur
926 4310 957 4348 a
1007 4293 1235 4354 caeteris,
1266 4291 1319 4345 id
1347 4297 1450 4352 est,
1494 4297 1741 4351 octavus,
1771 4283 1956 4339 Primo
1995 4284 2171 4338 conci-

581 4394 676 4444 nit.
701 4391 833 4445 Octo
853 4387 1055 4452 ofﬁcia,
1070 4401 1190 4456 qure
1209 4384 1343 4439 ﬁunt
1368 4385 1420 4438 in
1445 4379 2016 4437 commemorationem
2039 4392 2170 4432 neo-

579 4487 893 4556 phytorum,
916 4481 1322 4550 distinguuntur
1340 4491 1370 4530 a
1393 4474 1605 4530 caeteris
1625 4471 1976 4542 sequentibus
1999 4484 2169 4539 usque

583 4577 638 4630 in
668 4575 1042 4629 Pentecosten.
1091 4568 1336 4623 Primum
1381 4564 1544 4620 habet
1581 4562 1716 4615 duas
1745 4561 1951 4623 laudes,
1982 4559 2033 4613 id
2062 4566 2169 4624 est,
2201 4577 2248 4636 ι)

583 4665 836 4730 Alleluia,
865 4659 1219 4729 Conﬁlemini,
1242 4666 1298 4712 et
1324 4664 1580 4718 tractum,
1606 4653 1844 4708 Laudate
1867 4652 2167 4706 Dominum.

583 4757 847 4814 Octavum
890 4755 1023 4810 duas
1065 4752 1346 4814 similiter,
1379 4750 1431 4803 id
1457 4758 1568 4811 est,
1610 4748 1716 4802 duo
1757 4745 2012 4810 Alleluia,
2044 4743 2174 4798 Hcec

586 4852 722 4916 dies,
751 4856 809 4904 et
832 4846 1070 4900 Laudate
1093 4843 1261 4913 pueri.
1291 4840 1446 4908 Quod
1477 4855 1583 4893 non
1615 4837 1676 4893 ﬁt
1699 4839 1753 4892 in
1785 4837 1894 4891 ullo
1923 4837 2028 4891 alio
2053 4835 2177 4891 sab-

585 4943 715 4998 bato
739 4955 908 5011 usque
925 4940 979 4993 in
1000 4938 1374 4991 Pentecosten.
1403 4932 1511 4986 Sex
1539 4930 1712 4984 media
1735 4929 1939 4982 habent
1961 4943 2178 4997 respon-

587 5035 795 5092 sorium
821 5041 877 5088 et
901 5029 1148 5085 Alleluia.
1176 5027 1234 5082 In
1263 5024 1581 5080 memoriam
1612 5023 1793 5090 itaque
1817 5021 2005 5090 prima:
2028 5021 2173 5084 vitm,

587 5141 751 5198 quam
771 5123 958 5179 habuit
993 5121 1186 5183 Adam,
1209 5119 1385 5188 primo
1411 5114 1628 5169 canitur
1653 5109 1882 5164 Alleluia
1910 5126 1929 5163 :
1955 5116 2010 5163 et
2047 5108 2176 5179 quia

594 5234 699 5274 non
739 5216 844 5271 fuit
870 5212 1221 5283 sempiterna,
1250 5217 1458 5264 tractus
1485 5203 1729 5273 sequitur
1762 5200 2052 5255 humiliore
2076 5199 2176 5253 lin-

593 5323 722 5380 gua,
748 5315 807 5361 ut
832 5302 1110 5359 humilitas
1133 5298 1450 5379 posterioris
1486 5295 1609 5349 vita:
1638 5291 1971 5347 recordetur.
2001 5288 2061 5344 lu
2094 5303 2179 5343 re-

595 5397 908 5454 cordatione
934 5407 1066 5448 vero
1092 5390 1388 5462 potissima:
1411 5383 1844 5446 restaurationis,
1873 5383 1927 5437 id
1953 5389 2037 5436 est
2055 5381 2179 5434 ulti-

598 5505 701 5545 mae
734 5485 963 5556 requiei,
990 5497 1111 5552 qua:
1133 5480 1376 5536 redditur
1401 5478 1453 5531 in
1495 5476 1722 5545 septima
1753 5474 1858 5538 die,
1885 5481 1942 5527 et
1965 5469 2180 5541 perﬁci-

596 5590 685 5637 tur
727 5579 782 5633 in
824 5585 1013 5632 octavo
1059 5573 1146 5628 die
1189 5580 1246 5626 et
1289 5577 1481 5624 octavo
1529 5566 1742 5630 ofﬁcio,
1794 5566 1901 5619 duo
1953 5561 2181 5616 Alleluia

670 5705 695 5734 ι
733 5691 791 5748 In
829 5706 934 5745 ms.
968 5697 1072 5752 est,
1112 5684 1190 5738 De
1217 5684 1434 5740 sabbato
1463 5680 1673 5754 quando
1719 5678 1866 5732 albas
1896 5675 2180 5746 deponunt.

601 5764 951 5831 Quartae-nn.

674 5836 700 5874 ι»
739 5830 1068 5892 Amalarius,
1100 5823 1331 5897 κηλὶς).

2233 604 2360 674 quia
2388 603 2738 674 sempiterna.
2772 602 3036 678 Similiter
3063 601 3117 657 in
3152 601 3449 660 Dominicis
3493 600 3682 660 diebus
3719 607 3840 663 duo

2233 693 2464 749 Alleluia
2506 695 2886 760 terminantur,
2910 710 3081 764 usque
3110 695 3163 749 in
3194 693 3568 751 Pentecosteu.

2305 783 2424 840 Duo
2451 793 2600 850 sunt,
2647 786 2793 840 unde
2843 787 3022 840 anima
3050 785 3104 841 in
3147 787 3378 857 septima
3416 787 3524 854 die,
3552 788 3607 844 id
3632 797 3740 856 est,
3767 790 3840 847 in

2234 874 2423 946 requie
2450 875 2633 931 laudet
2652 867 2943 931 Dominum
2976 894 2988 930 :
3023 890 3212 942 unum,
3242 877 3309 932 de
3332 886 3585 950 percepta
3607 879 3780 952 gloria
3809 897 3830 948 ;

2235 963 2490 1032 alterum,
2521 965 2588 1022 de
2607 965 2960 1036 percipienda
2993 967 3430 1022 resurrectione:
3458 969 3620 1024 homo
3641 979 3838 1026 autem

2235 1052 2292 1108 in
2322 1055 2721 1110 resurrectione
2749 1056 3022 1111 constabit
3061 1071 3128 1111 ex
3174 1071 3400 1128 corpore
3437 1066 3493 1114 et
3527 1061 3738 1127 anima;
3770 1070 3839 1117 et

2234 1144 2363 1214 quia
2407 1147 2736 1202 resurrectio
2766 1147 3048 1203 Dominica
3074 1149 3353 1216 przecessit
3395 1151 3449 1204 in
3483 1159 3675 1206 octava
3712 1153 3838 1217 die,

2236 1234 2379 1303 quod
2418 1233 2659 1290 futurum
2687 1247 2774 1292 est
2802 1236 2856 1291 in
2898 1237 3317 1304 resurrectione,
3357 1235 3462 1293 hoc
3492 1235 3702 1310 agimus
3728 1255 3840 1310 per

2235 1325 2548 1382 Dominicos
2573 1327 2690 1383 dies
2703 1343 2876 1398 usque
2901 1329 2953 1383 in
2973 1328 3352 1398 Pentecosten,
3377 1330 3433 1388 id
3453 1343 3560 1397 est,
3591 1342 3651 1388 ut
3670 1349 3841 1390 mens

2236 1428 2294 1476 et
2317 1435 2518 1492 corpus
2542 1420 2726 1476 laudet
2745 1422 3063 1490 Dominum;
3094 1424 3298 1494 etquia
3323 1424 3542 1480 interim
3565 1427 3684 1482 sine
3702 1435 3838 1483 cor-

2236 1526 2368 1581 pore
2397 1512 2575 1567 anima
2599 1512 2782 1568 laudat
2805 1514 3108 1578 Dominum,
3138 1529 3234 1584 per
3255 1516 3496 1587 singulos
3517 1517 3632 1574 dies
3656 1535 3835 1575 unum

2237 1601 2465 1657 Alleluia
2509 1603 2835 1660 celebratur.
2877 1605 2949 1660 At
2988 1607 3166 1662 media
3213 1623 3305 1664 sex
3335 1607 3516 1665 ofﬁcia
3551 1609 3840 1671 Paschalis

2238 1691 2588 1750 hebdomada:
2623 1696 3026 1766 responsorium
3067 1705 3252 1755 tenent
3279 1707 3336 1755 et
3381 1700 3628 1757 Alleluia.
3673 1701 3839 1760 Sicut

2240 1786 2581 1855 septenarius
2603 1802 2862 1842 numerus
2884 1788 3126 1859 requiem
3153 1789 3444 1860 signiﬁcat,
3473 1793 3548 1848 ita
3579 1796 3838 1852 senarius

2241 1888 2409 1945 opera
2440 1890 2456 1930 :
2485 1884 2541 1931 et
2584 1877 2638 1931 in
2682 1877 2786 1932 hac
2819 1879 2932 1932 vita
2977 1878 3134 1935 bonis
3174 1880 3430 1951 operibus
3473 1882 3842 1948 insistendum

2242 1972 2344 2028 est,
2373 1973 2429 2021 et
2455 1981 2485 2020 a
2513 1967 2609 2022 Dei
2638 1966 2797 2023 laude
2837 1983 2945 2023 non
2983 1970 3327 2025 cessandum.
3352 1970 3411 2026 ln
3441 1969 3549 2028 ﬁne
3575 1984 3842 2030 versuum

2244 2055 2593 2125 responsorii,
2642 2053 2774 2111 Haec
2801 2057 2935 2120 dies,
2979 2065 3343 2130 praeposterus
3369 2061 3504 2116 ordo
3531 2070 3635 2117 est.
3663 2062 3844 2118 Bene-

2244 2143 2417 2198 dictus
2447 2145 2537 2216 qui
2565 2147 2724 2212 venit,
2749 2148 3081 2217 praeponitur
3114 2149 3171 2202 in
3209 2149 3398 2218 quinta
3449 2149 3589 2206 feria
3625 2153 3841 2217 versui,

2247 2234 2501 2306 Lapidem
2527 2251 2680 2308 quem
2698 2239 3120 2309 reprobat-erunt,
3149 2240 3241 2311 qui
3267 2247 3353 2296 est
3376 2240 3432 2296 in
3461 2242 3654 2296 ordine
3690 2243 3848 2313 psal-

2249 2325 2324 2381 mi
2352 2325 2503 2397 prior
2529 2341 2544 2379 :
2576 2327 2671 2382 sed
2693 2338 2846 2383 sexta
2875 2327 3012 2384 feria
3039 2339 3310 2398 cantatur,
3349 2330 3477 2402 quia
3507 2333 3651 2388 inter
3676 2342 3849 2389 επιε-

2252 2431 2341 2472 ros
2385 2419 2654 2490 praecipue
2682 2430 2840 2475 sonat
2878 2421 2944 2475 de
2972 2423 3225 2492 passione
3267 2421 3506 2491 Domini,
3531 2439 3652 2494 quae
3690 2423 3842 2481 facta

2252 2517 2337 2563 est
2362 2517 2516 2565 sexta
2540 2508 2696 2564 feria.
2715 2509 2774 2564 In
2800 2511 2892 2566 illa
2912 2513 3342 2584 reprobaverunt
3357 2513 3642 2570 Dominum
3665 2515 3847 2572 Judmi

2253 2599 2607 2664 aediﬁcantes,
2640 2602 2695 2654 in
2738 2601 2826 2656 illa
2855 2601 3032 2658 factus
3064 2615 3146 2659 est
3179 2605 3232 2658 in
3262 2614 3425 2676 caput
3449 2607 3650 2676 anguli.
3680 2605 3847 2676 Quod

2256 2698 2436 2744 autem
2479 2691 2646 2745 semel
2673 2690 2851 2762 agitur
2875 2693 3198 2764 haptismus,
3230 2694 3500 2764 signiﬁcat
3528 2699 3654 2766 quia
3681 2696 3850 2754 Chrie

2255 2789 2370 2836 stus
2399 2782 2565 2836 semel
2601 2797 2698 2853 pro
2749 2785 2906 2839 nobis
2940 2795 3185 2842 mortuus
3211 2773 3319 2842 est.
3350 2787 3408 2842 lu
3439 2804 3548 2859 quo
3573 2791 3853 2862 baptismo

2256 2875 2393 2930 duas
2412 2875 2691 2945 pactiones
2717 2874 2833 2932 ﬁeri
2875 2893 2982 2931 non
3008 2879 3228 2934 dubium
3257 2889 3360 2947 est,
3389 2882 3628 2952 primum
3647 2880 3850 2940 videli—

2257 2975 2345 3024 cet
2385 2969 2768 3024 abrenuntiare
2819 2970 3032 3026 diabolo
3075 2981 3132 3026 et
3175 2973 3386 3043 pompis
3427 2973 3575 3042 ejus;
3607 2978 3851 3032 secundo

2260 3063 2484 3119 credere
2506 3064 2558 3117 in
2583 3064 2899 3135 mysterium
2929 3074 3129 3120 sanctis
3152 3073 3206 3121 et
3228 3065 3518 3121 individua!
3538 3066 3850 3124 Trinitatis.

2258 3155 2475 3210 Parvuli
2505 3163 2705 3222 autem,
2735 3156 2840 3210 alio
2869 3156 3156 3227 proﬁtente
3187 3156 3350 3212 ﬁdem
3376 3158 3612 3225 illorum,
3646 3160 3856 3217 idcirco

2259 3247 2622 3318 baptizantur,
2656 3247 2781 3316 quia
2807 3247 2984 3302 adhuc
3009 3245 3156 3319 loqui
3182 3247 3266 3302 vel
3297 3251 3520 3304 credere
3550 3260 3847 3323 nequeunt.

2258 3340 2383 3406 Qui,
2414 3340 2460 3394 si
2499 3339 2818 3409 priusquam
2855 3350 3262 3410 regenerentur,
3290 3340 3630 3406 transierint,
3659 3343 3852 3412 procul

2259 3430 2424 3485 dubio
2451 3446 2482 3485 a
2512 3446 2680 3502 regno
2727 3430 2930 3486 Christi
2961 3429 3120 3487 alieni
3166 3433 3428 3488 existunt.
3461 3432 3666 3488 Patrini
3717 3451 3852 3491 vero

2260 3521 2474 3577 illorum
2502 3525 2800 3593 praevidere
2842 3524 3064 3589 debent,
3099 3533 3159 3578 ut
3191 3540 3316 3579 cum
3343 3526 3411 3581 ad
3454 3523 3852 3596 intelligibilem

2259 3625 2476 3671 aetatem
2501 3617 2866 3687 pervenerint,
2895 3617 2999 3672 ﬁde
3027 3625 3082 3672 et
3105 3617 3264 3672 bonis
3291 3619 3534 3674 moribus
3554 3619 3851 3685 instruant,

2261 3705 2574 3762 Orationem
2616 3704 2950 3760 Dominicam
2994 3714 3051 3760 et
3086 3704 3401 3776 Symbolum
3445 3722 3541 3763 eos
3585 3708 3858 3764 instanter

2262 3797 2536 3851 erudiant.
2586 3795 2738 3864 Quod
2773 3796 2818 3851 si
2859 3795 3211 3869 neglexerint,
3247 3797 3433 3852 norint
3474 3812 3534 3852 se
3583 3799 3854 3854 rationem

2263 3903 2364 3957 pro
2383 3889 2461 3942 eis
2492 3888 2798 3944 reddituros
2823 3896 2948 3943 ante
2974 3888 3278 3952 Dominum,
3301 3903 3533 3958 quorum
3561 3904 3854 3958 sponsores

2265 3979 2592 4035 exstiterint.
2642 3979 2856 4046 Quanto
2891 3987 3071 4036 autem
3121 3989 3362 4051 tempore
3414 3981 3740 4051 generaliter
3788 3984 3857 4038 ab

2268 4072 2510 4128 Ecclesia
2559 4071 2865 4127 celebratur
2915 4072 3178 4127 adventus
3217 4071 3448 4143 Spiritus
3489 4075 3662 4129 sancti
3692 4091 3860 4145 super

2269 4163 2578 4235 apostolos,
2623 4170 2776 4218 tanto
2822 4174 3066 4234 tempore
3116 4164 3277 4218 debet
3329 4164 3612 4220 observari
3671 4166 3860 4220 unctio

2271 4257 2585 4312 chrismatis
2621 4255 2761 4326 apud
2796 4270 3258 4325 unumquemque,
3297 4255 3390 4326 qui
3438 4255 3639 4324 accipit
3667 4271 3864 4311 manus

2272 4348 2692 4418 impositionem,
2731 4355 2787 4401 et
2835 4363 2937 4402 non
2971 4347 3243 4400 immerito
3275 4361 3289 4399 :
3321 4350 3576 4416 quoniam
3625 4345 3866 4416 Spiritus

2270 4449 2493 4493 sanctus
2540 4438 2603 4491 in
2642 4445 2848 4507 septem
2880 4435 3216 4503 mulieribus,
3246 4437 3350 4491 hoc
3373 4444 3481 4501 est,
3518 4444 3722 4505 septem
3752 4437 3871 4491 vir-

2275 4527 2476 4581 tutibus
2495 4528 2645 4582 venit
2665 4527 2731 4580 ad
2753 4525 3018 4596 hospitem
3043 4539 3218 4579 suum.
3245 4525 3522 4580 Dominica
3541 4533 3663 4596 post
3686 4525 3864 4590 albas,

2276 4621 2454 4684 idest,
2479 4620 2536 4674 iu
2560 4619 2768 4674 octavis
2795 4618 3034 4682 Pascbze,
3071 4617 3244 4671 danda
3288 4625 3371 4671 est
3415 4630 3542 4670 cera
3580 4614 3865 4671 benedicta

2273 4729 2398 4789 post
2439 4716 2656 4772 Missam
2685 4713 2754 4769 ad
2781 4712 3255 4782 suﬁ‘umigandum,
3285 4710 3494 4766 scilicet
3523 4709 3577 4764 in
3614 4707 3869 4765 domiluis

2275 4811 2410 4872 suis,
2455 4824 2550 4864 seu
2574 4807 2883 4879 ponendum
2907 4807 2962 4859 in
2989 4807 3134 4875 agris
3155 4803 3237 4858 vel
3266 4802 3460 4868 vineis,
3489 4811 3711 4873 propter
3741 4799 3867 4854 illu-

2277 4900 2460 4956 siones
2486 4898 2803 4961 diabolieas,
2835 4899 2949 4951 sive
2971 4903 3159 4950 contra
3190 4893 3400 4962 fulgura
3424 4891 3509 4946 vel
3535 4892 3793 4947 tonitrua.

2863 5008 3090 5064 CAPUT
3131 5005 3286 5060 XXII.

2789 5115 2857 5154 DE
2890 5114 3108 5154 LITANIA
3145 5111 3366 5150 IAJORE.

2356 5209 2376 5236 ο
2407 5196 2648 5250 Romana
2685 5193 3020 5250 consuetudo
3043 5205 3209 5247 unum
3250 5189 3417 5252 diem,
3453 5187 3662 5242 scilicet
3701 5185 3872 5254 septi-

2283 5303 2428 5342 mum
2462 5287 2730 5340 Kalendas
2758 5284 2902 5349 Maii,
2932 5280 3246 5352 interponit,
3276 5293 3437 5350 quem
3462 5285 3619 5332 vocat
3643 5277 3697 5330 in
3720 5275 3876 5330 Lita-

2282 5376 2370 5429 nia
2411 5375 2644 5445 majore,
2699 5388 2805 5427 non
2845 5373 2898 5426 in
2942 5371 3162 5441 jejunio.
3191 5371 3428 5425 Λιτανςία
3457 5379 3637 5421 autem
3659 5364 3869 5433 Graeco,

2283 5466 2474 5520 Latine
2502 5462 2812 5534 deprecatio
2837 5462 2916 5515 vel
2940 5461 3150 5531 rogatio
3171 5459 3387 5522 dicitur,
3417 5457 3539 5512 inde
3560 5464 3615 5510 et
3635 5456 3877 5525 rogatio—

2287 5574 2401 5614 nes.
2442 5557 2626 5612 Potest
2651 5558 2793 5610 enim
2825 5569 3012 5608 serena
3046 5567 3198 5610 mens
3226 5561 3281 5606 et
3323 5549 3494 5605 aliena
3533 5565 3564 5603 a
3597 5547 3876 5603 voluntate

2361 5681 2383 5709 ε
2415 5669 2738 5731 Amalarius,
2765 5683 2883 5735 cap.
2911 5667 2999 5726 57.
3027 5674 3156 5735 tom.
3181 5663 3294 5718 XIV
3335 5662 3436 5735 BAB.
3458 5661 3569 5735 PP.
3594 5676 3716 5732 pag.
3735 5659 3872 5735 εαξη,

2288 5742 2417 5795 lude
2467 5739 2709 5793 delectus
2749 5732 2967 5807 quidam
3010 5733 3305 5804 supplendi.
3357 5732 3506 5788 Adde
3555 5746 3676 5802 qua:
3733 5732 3878 5787 idem

2295 5811 2461 5868 refert
2493 5812 2612 5865 libr.
2642 5826 2713 5874 tv,
2741 5806 2858 5879 cap.
2887 5806 2955 5860 9.5
2997 5817 3048 5860 cl
3082 5820 3234 5871 seqq.
