4092 6514
236 452 374 508 £225

1064 452 1212 513 OPP.
1256 448 1661 511 SUPPOSITA.
1697 484 1767 497 --
1803 450 1935 511 LIB.
1978 450 2067 509 DE
2104 450 2355 510 DIVINIS
2392 452 2699 512 OFFICIIS.

3365 459 3505 516 i226

228 567 372 626 mala
399 576 610 637 precari
650 567 955 635 Dominum,
999 568 1248 639 quamvis
1288 568 1578 623 manducet
1610 564 1811 623 sobrie.
1844 584 1891 637 Α
1920 572 2111 623 saneto
2130 565 2377 622 Paschae.
2404 566 2713 638 Antequam
2737 565 2883 621 enim
2912 564 3270 624 descendatur
3289 570 3359 625 ad
3388 569 3505 625 fon-

227 656 308 713 Eo
326 658 473 714 enim
494 668 756 728 tempore,
780 658 837 714 id
862 666 967 725 est,
992 659 1226 728 septimo
1252 657 1524 714 Kalendas
1545 656 1694 726 Maii,
1722 672 1815 715 so-

225 746 339 806 lent
366 749 571 805 inimici
605 764 945 805 commovere
979 748 1179 805 bellum
1203 750 1465 807 adversus
1501 749 1683 806 vicina
1726 763 1817 806 re-

222 853 363 910 gna;
395 839 524 895 hinc
554 855 679 895 reor
719 850 876 895 caute
914 840 1019 897 hoc
1041 854 1164 896 esse
1204 841 1504 913 provisum.
1553 838 1654 895 Vel
1684 839 1814 911 quia

226 939 359 986 tunc
392 931 574 986 omnia
603 932 657 987 in
688 932 921 1003 quodam
956 932 1203 1003 profectu
1228 940 1374 1000 sunt,
1404 947 1615 989 messes
1640 932 1818 1005 pullu-

224 1020 362 1087 lant,
388 1020 603 1077 arborei
626 1022 832 1077 fructus
852 1036 919 1077 ex
939 1020 1071 1078 ﬂore
1088 1022 1375 1093 prodeunt,
1393 1022 1565 1077 vinea:
1582 1028 1639 1077 et
1658 1019 1814 1087 olivae

222 1112 339 1166 suis
367 1111 651 1167 arboribus
670 1119 983 1182 erumpunt,
1009 1111 1264 1167 animalia
1297 1125 1519 1183 campos
1564 1111 1809 1167 tondent.

220 1201 489 1270 Quoniam
511 1204 821 1261 necessaria
843 1205 959 1261 haec
988 1213 1118 1260 sunt
1145 1205 1353 1260 nostris
1378 1204 1587 1273 usibus,
1621 1212 1815 1275 peten-

221 1295 351 1351 dum
378 1303 463 1351 est
492 1303 549 1351 ut
577 1313 608 1351 a
629 1296 859 1352 Domino
884 1304 1296 1352 conserventur.

784 1405 1013 1462 CAPUT
1050 1405 1237 1462 XXIII.

653 1510 678 1539 ⁸
702 1512 771 1554 »ε
810 1514 997 1555 υιεευε
1016 1514 1378 1556 ROGLTIONUI.

291 1584 321 1627 δ
357 1582 492 1643 Tres
515 1596 697 1642 autem
746 1586 865 1642 dies
908 1588 1290 1659 Rogationum,
1329 1589 1424 1659 qui
1468 1588 1816 1647 celebrantur

220 1685 348 1731 ante
378 1676 765 1734 Ascensionem
802 1677 1040 1745 Domini,
1078 1679 1237 1749 juxta
1270 1696 1481 1738 morem
1516 1681 1814 1739 Gallicanae

219 1765 480 1823 Ecclesia:
504 1768 792 1823 constituit
815 1777 1039 1825 sanctus
1057 1769 1408 1827 Mammertus
1431 1782 1455 1811 ο
1488 1771 1813 1829 Viennensis

220 1858 527 1929 episcopus,
570 1860 642 1915 ob
683 1860 1055 1917 incursionem
1084 1862 1291 1919 scilicet
1315 1862 1581 1919 malarum
1606 1856 1811 1919 bestia-

1915 664 2000 715 tes
2038 658 2108 715 ad
2141 655 2546 731 baptizandum,
2598 658 2797 729 legitur
2822 656 2987 714 lectio
3028 660 3228 729 prima,
3268 661 3507 717 Tentavit

1910 746 2058 805 Deus
2082 749 2370 804 Abraham.
2416 747 2568 806 Orat.
2603 747 2747 804 Deus
2779 750 2870 820 qui
2909 748 3139 806 Abrahae
3164 752 3374 821 famuli.
3405 752 3509 809 Le-

1912 837 2025 894 ctio
2043 838 2300 905 secunda,
2330 837 2555 909 Scripsit
2584 836 2794 909 Moyses
2820 839 3103 894 canticum.
3126 840 3260 897 Can.
3288 842 3508 897 Attende

1912 929 2117 985 calum.
2155 929 2307 987 Orat.
2336 928 2503 996 Deus,
2532 930 2623 1001 qui
2651 931 2800 985 nobis
2849 948 2942 1002 per
2968 933 3343 1003 prophetarum
3380 950 3507 989 ora-

1912 1019 2055 1085 cula,
2078 1029 2185 1076 etc.
2215 1020 2403 1076 Lectio
2437 1020 2620 1085 tertia,
2657 1019 3055 1090 Apprehendeut
3097 1030 3292 1092 septem
3319 1022 3510 1077 mulie-

1912 1126 2015 1165 res.
2039 1110 2173 1167 Can.
2218 1109 2381 1166 Vinea
2411 1110 2557 1181 facta
2582 1119 2678 1166 est.
2707 1110 2859 1167 Orat.
2883 1110 3051 1175 Deus,
3074 1113 3163 1184 qui
3199 1129 3294 1166 nos
3319 1112 3389 1166 ad
3422 1129 3509 1169 ce-

1910 1200 2240 1257 lebrandum.
2267 1200 2454 1258 Lectio
2475 1209 2696 1271 quarta,
2720 1198 3329 1273 Audi,Israel.prwcepta
3350 1204 3468 1259 vitae
3480 1221 3504 1271 ;

1910 1291 2055 1347 Deus
2100 1292 2561 1348 incommutabilis.
2588 1290 2721 1346 Can.
2754 1290 2905 1347 Sicut
2943 1309 3143 1348 ceram.
3188 1293 3339 1349 Orat.
3365 1294 3509 1350 Con-

1910 1384 2057 1451 cede,
2075 1400 2396 1454 qutrsumus,
2421 1384 2743 1454 omnipotens
2764 1382 2927 1449 Deus,
2950 1385 3115 1455 utqui
3136 1383 3269 1453 festa
3288 1386 3497 1456 pascha-

1870 1526 1876 1533 .
1910 1475 1987 1531 lia
2014 1478 2235 1547 egimus.
2266 1474 2463 1532 Finitis
2486 1475 2833 1541 lectionibus,
2861 1474 3299 1532 descendendum
3328 1485 3416 1534 est
3436 1478 3502 1531 ad

1910 1566 2093 1624 fontes
2137 1583 2263 1624 cum
2308 1574 2499 1625 sancto
2542 1567 2838 1623 chrismate
2883 1574 2943 1622 et
2968 1567 3163 1635 cereis,
3211 1569 3267 1625 in
3303 1585 3502 1643 magna

1913 1658 2219 1715 reverentia
2253 1657 2593 1715 decantando
2628 1656 2895 1712 litaniam.
2925 1656 3025 1715 His
3050 1659 3298 1731 expletis,
3327 1659 3503 1733 bapti-

1913 1752 2149 1807 xandum
2172 1757 2281 1818 est,
2310 1750 2453 1807 sicut
2475 1751 2533 1807 in
2557 1748 2741 1822 vigilia
2769 1746 3013 1806 Paschae.
3048 1749 3182 1807 Post
3215 1766 3504 1808 ascensum

1912 1858 2045 1901 vero
2068 1842 2257 1909 fontis,
2292 1843 2706 1915 ingrediendum
2742 1851 2834 1900 est
2873 1842 2943 1900 ad
2966 1843 3191 1899 missam
3232 1840 3503 1912 publicam

220 1961 369 2015 rum,
390 1963 513 2019 qua:
533 1959 663 2006 tunc
683 1952 945 2023 temporis
965 1954 1287 2025 gravissime
1309 1954 1623 2011 amciebam
1645 1970 1814 2026 pop“.
1839 1932 1891 1994 Β
1912 1933 1985 1989 ad
2012 1931 2274 2026 Sanctum
2316 1931 2603 1989 Joannem.
2619 1932 2707 2026 “In
2751 1932 2945 2026 primis
2983 1931 3124 1988 ﬂuat
3136 1931 3363 2026 inania:
3398 1931 3506 1989 iter

222 2036 337 2093 lum
365 2039 481 2096 Dei.
525 2039 664 2095 Nam
706 2055 829 2097 cum
876 2042 1217 2113 exigentibus
1246 2044 1488 2115 peccatis
1514 2042 1814 2102 Galliarum

220 2131 405 2203 pepuli
430 2132 677 2203 luporum
698 2132 851 2189 rabie
870 2136 1071 2190 acriter
1094 2134 1559 2202 interimerentur,
1584 2150 1687 2194 nec
1713 2137 1814 2192 hu-

209 2225 304 2293 jus
337 2221 531 2295 ﬂagelli
561 2223 778 2297 aliquod
803 2227 1105 2283 remedium
1125 2226 1663 2299 inveniremum
1681 2243 1813 2285 con-

212 2317 426 2389 gregati
456 2317 746 2372 traduntur
767 2316 1067 2374 Galliarum
1099 2319 1340 2391 episcopi
1367 2320 1509 2391 apud
1544 2318 1812 2376 Viennam

216 2409 549 2480 praecipuam
574 2408 762 2465 Gallia:
806 2411 1016 2477 urbem,
1047 2410 1140 2480 qui
1170 2411 1226 2465 in
1270 2425 1558 2466 commune
1599 2418 1807 2467 statue-

214 2509 369 2568 runt,
409 2509 469 2556 ut
492 2501 747 2557 triduano
766 2500 973 2570 jejunio
1000 2501 1437 2557 misericordiam
1464 2501 1679 2557 Domini
1702 2501 1807 2556 im-

215 2594 518 2665 plorarent,
555 2594 904 2663 antiquorum
955 2592 1180 2649 Patrum
1226 2592 1456 2664 vestigia
1494 2601 1806 2663 sequentes.

218 2685 464 2755 Cumque
495 2685 564 2740 ad
604 2700 793 2739 eorum
819 2698 1011 2756 preces
1037 2684 1226 2739 oculus
1256 2683 1452 2740 divinae
1474 2683 1696 2754 pietatis
1720 2698 1811 2739 re-

214 2777 473 2847 spiciens,
506 2774 699 2844 ﬂagelli
730 2773 892 2843 hujus
920 2782 1128 2844 pestem
1164 2773 1592 2829 misericorditer
1621 2772 1808 2827 abstu-

212 2867 388 2932 Iisset,
415 2865 470 2921 hi
505 2867 622 2921 dies
667 2866 722 2919 in
748 2864 1197 2920 consuetudinem
1239 2877 1433 2918 annuae
1473 2861 1808 2918 celebritatis

212 2968 503 3021 venerunt,
532 2965 592 3011 ut
620 2972 717 3028 per
758 2955 1056 3012 Galliarum
1104 2955 1410 3025 provincias
1444 2963 1571 3011 ante
1602 2954 1804 3011 Ascen-

214 3048 386 3106 sionis
426 3050 571 3105 diem
616 3048 1020 3105 celebrarentur
1059 3065 1072 3099 :
1112 3063 1231 3118 quae
1278 3048 1612 3105 consuetudo
1661 3050 1805 3119 apud

208 3156 316 3197 nos
347 3157 522 3212 usque
547 3142 707 3197 hodie
734 3156 834 3211 pro
860 3140 1091 3195 diversis
1127 3140 1531 3197 calamitatibus
1572 3140 1808 3199 devotis-

214 3235 356 3292 sime
378 3233 657 3292 recolitur.

782 3301 1010 3362 CAPUT
1042 3304 1231 3360 XXIV.

689 3407 755 3449 DE
789 3410 1104 3451 ASCENSIONE
1138 3411 1344 3451 υοιιιιει.

283 3481 628 3542 Αεεεηείοιιίε
657 3485 950 3540 Dominieae
989 3488 1305 3544 solemnitas
1331 3489 1453 3545 ideo
1476 3484 1807 3554 celebratur,

213 3580 344 3651 quia
386 3580 574 3634 eodem
606 3578 693 3633 die
732 3586 855 3649 post
881 3578 1066 3635 mundi
1101 3580 1410 3647 victoriam,
1440 3588 1565 3652 post
1610 3580 1809 3637 inferni

214 3681 520 3739 regressum
541 3668 835 3723 ascendere
857 3677 1190 3724 memoratur
1210 3670 1276 3724 ad
1300 3670 1487 3736 caelos,
1511 3671 1653 3727 sicut
1672 3672 1810 3726 scri-

211 3770 364 3832 ptum
387 3768 473 3817 est
498 3779 511 3813 :
542 3760 785 3815 Ascendit
812 3762 867 3815 in
889 3760 1075 3826 altum,
1102 3762 1234 3833 cepit
1266 3762 1635 3831 captivitatem,
1662 3762 1806 3817 dedit

213 3854 358 3907 dona
395 3851 689 3906 hominibus
733 3849 949 3922 (Epltes.
974 3867 1047 3917 tv,
1071 3850 1149 3924 8).
1200 3851 1332 3919 Quae
1376 3852 1641 3907 festivitas
1686 3853 1810 3909 ideo

215 3955 315 4011 per
330 3940 634 3995 revolutum
655 3954 920 3995 annorum
949 3940 1212 3995 circulum
1240 3940 1572 4008 celebratur,
1600 3949 1660 3997 ut
1687 3943 1810 3998 uni-

217 4042 301 4087 tas
327 4038 619 4102 assumpta:
641 4031 823 4086 carnis
849 4031 1189 4087 ascendentis
1213 4031 1283 4086 ad
1301 4032 1584 4090 dexteram
1604 4031 1807 4102 Patris,

217 4126 273 4181 in
300 4123 621 4179 memoriam
651 4131 974 4179 revocetur:
1028 4123 1182 4195 eujus
1228 4139 1425 4195 corpus
1464 4126 1541 4181 ita
1586 4127 1640 4182 in
1669 4127 1809 4183 caelo

220 4231 343 4273 esse
373 4216 665 4282 credimus,
690 4224 747 4270 ut
767 4222 907 4280 erat,
930 4217 1145 4285 quando
1166 4217 1427 4273 ascendit.
1454 4217 1608 4285 Quod
1632 4225 1687 4273 et
1708 4233 1810 4274 vox

212 4306 455 4380 angelica
468 4315 821 4377 protestatur,
844 4307 1030 4362 dicens
1047 4324 1060 4359 :
1086 4305 1177 4362 Sic
1193 4308 1354 4363 veniet
1371 4308 1808 4379 quemadmodum

215 4400 416 4455 uidistis
444 4416 563 4455 eum
586 4409 791 4455 euntem
816 4399 872 4453 in
912 4398 1097 4453 caelum
1128 4398 1269 4470 (Act.
1296 4416 1339 4464 ι,
1370 4398 1482 4471 Il),
1527 4400 1584 4456 id
1617 4407 1722 4465 est,
1754 4401 1807 4456 in

212 4497 403 4552 eadem
428 4496 608 4551 carnis
646 4496 827 4566 specie
858 4506 1019 4563 atque
1055 4494 1396 4549 substantia:
1449 4494 1536 4549 cui
1566 4492 1809 4565 profecto

218 4587 369 4643 carni
394 4585 857 4642 immortalitatem
881 4585 1120 4649 donavit,
1142 4592 1397 4641 naturam
1423 4600 1532 4640 non
1559 4584 1803 4641 abstulit.

1916 2024 2211 2094 repetendo
2244 2020 2295 2092 δ,
2323 2030 2381 2078 et
2424 2038 2549 2080 cum
2600 2023 2856 2091 dixerint,
2897 2025 3079 2094 Agnus
3125 2021 3245 2089 Dei,
3290 2021 3505 2078 dicatur

1914 2116 2128 2172 excelsa
2144 2130 2297 2182 voce,
2319 2114 2617 2171 Accendite.
2635 2116 2900 2172 Accensis
2914 2115 3168 2173 omnibus
3183 2113 3500 2180 luminibus,

1912 2207 2160 2278 procedit
2185 2206 2429 2277 pontifex
2455 2222 2581 2263 cum
2608 2207 2756 2264 omni
2782 2214 2982 2263 ornatu
3008 2220 3182 2278 usque
3209 2204 3279 2262 ad
3307 2206 3499 2267 altare.

1910 2306 1969 2353 et
1994 2298 2167 2355 dicit:
2212 2294 2398 2354 Gloria
2433 2300 2490 2355 in
2530 2298 2748 2355 excelsis
2786 2300 2920 2369 Deo,
2949 2308 3005 2357 et
3031 2298 3309 2372 peragitur
3333 2298 3501 2356 missa

1910 2388 1967 2444 in
1988 2388 2179 2444 ordine
2202 2404 2322 2445 suo.

2488 2458 2717 2517 CAPUT
2745 2460 2936 2517 XXVI.

2480 2566 2546 2605 DE
2567 2566 2925 2607 PEN'I'ECOSTB.

1979 2640 2203 2696 Initium
2253 2654 2387 2697 sane
2437 2648 2495 2696 et
2547 2655 2712 2697 causa
2764 2641 3082 2697 festivitatis
3132 2640 3504 2710 Pentecostes,

1906 2731 2069 2801 paulo
2097 2731 2263 2788 latius
2306 2732 2603 2803 repetenda
2648 2738 2754 2789 est.
2801 2730 3153 2788 Pentecostes
3193 2731 3341 2788 enim
3388 2733 3505 2813 dies

1907 2819 2035 2876 hinc
2058 2821 2205 2892 cepit
2224 2821 2531 2887 exordium,
2557 2822 2774 2891 quando
2802 2820 2899 2878 Dei
2924 2837 3033 2877 vox
3076 2822 3133 2877 in
3159 2820 3292 2877 Sina
3319 2827 3505 2878 monte

1907 2908 2140 2982 desuper
2169 2912 2465 2967 intonantis
2494 2914 2679 2968 audita
2706 2920 2812 2979 est,
2851 2920 2908 2967 et
2936 2912 3021 2969 lex
3044 2912 3171 2968 data
3194 2919 3279 2968 est
3308 2910 3499 2983 Moysi.

1905 3001 1963 3062 In
1990 3000 2142 3059 Novo
2169 3012 2353 3060 autem
2380 3003 2729 3060 Testamento
2747 3003 3095 3060 Pentecostes
3116 3004 3302 3074 coepit,
3332 3018 3506 3074 quan-

1906 3095 1979 3152 do
1999 3095 2295 3150 adventum
2323 3096 2497 3151 sancti
2532 3092 2788 3164 Spiritus,
2828 3108 2993 3164 quem
3019 3092 3273 3150 Christus
3296 3094 3502 3164 promi-

1907 3186 2001 3256 sit,
2032 3185 2301 3253 exhibuit,
2325 3201 2489 3258 quem
2528 3186 2604 3241 ait
2628 3201 2738 3242 non
2765 3200 2890 3242 esse
2913 3194 3224 3253 venturum,
3261 3186 3366 3241 nisi
3389 3185 3505 3257 ipse

1829 3298 1877 3360 ρ
1909 3276 2230 3333 ascenderet
2276 3278 2331 3332 in
2379 3275 2601 3334 ctelum.
2652 3276 2899 3346 Denique
2947 3277 3077 3333 dum
3119 3284 3335 3346 portam
3377 3276 3505 3333 ccli

1909 3366 2161 3424 Christus
2186 3366 2463 3434 intrasset,
2512 3368 2698 3423 decem
2726 3365 2918 3423 diebus
2942 3365 3298 3437 interpositis,
3337 3366 3510 3421 intro-

1910 3460 2049 3513 muit
2095 3457 2297 3524 subito,
2348 3458 2632 3515 orantibus
2675 3456 2953 3528 apostolis,
3000 3456 3169 3520 locus,
3194 3467 3250 3512 et
3274 3457 3503 3513 descen-

1907 3552 2072 3607 dente
2094 3558 2286 3608 saneto
2315 3550 2523 3621 Spiritu
2550 3564 2715 3621 super
2738 3564 2853 3617 eos,
2886 3547 3205 3605 inﬂammati
3242 3556 3372 3604 sunt
3402 3548 3501 3614 ita,

1908 3652 1967 3698 ut
1981 3643 2179 3714 linguis
2193 3644 2435 3700 omnium
2452 3642 2689 3713 gentium
2719 3641 2821 3699 Dei
2847 3641 3115 3714 magnalia
3129 3641 3501 3714 loquerentur.

1906 3739 2187 3796 Advertus
2212 3740 2396 3811 itaque
2424 3739 2600 3795 sancti
2622 3736 2860 3807 Spiritus
2887 3751 3051 3807 super
3072 3734 3505 3808 apostolos,gra-

1908 3828 1983 3884 tia
2040 3828 2105 3886 in
2147 3829 2415 3884 varietate
2466 3827 2776 3899 linguarum
2828 3826 3044 3893 diﬂ'usa,
3101 3825 3504 3883 solemnitatem

1908 3918 2217 3974 transmisit
2246 3919 2302 3974 in
2331 3928 2603 3988 posteros,
2634 3931 2809 3987 eaque
2838 3917 2906 3973 de
2946 3931 3112 3974 causa
3158 3916 3507 3975 Pentecostes

1908 4009 2235 4075 celebratur,
2282 4018 2339 4064 et
2387 4009 2504 4065 dies
2552 4010 2667 4079 ipse
2713 4008 2932 4078 proprie
2977 4008 3201 4080 insignis
3252 4008 3501 4067 habetur.

1908 4100 2215 4158 Coneordat
2237 4110 2417 4157 autem
2456 4101 2574 4157 haec
2597 4100 2864 4157 festivitas
2895 4099 3173 4172 Evangelii
3196 4115 3320 4159 cum
3345 4098 3505 4161 festi-

1907 4196 2076 4251 vitate
2121 4197 2299 4269 Legis.
2338 4196 2453 4251 Illic
2501 4196 2646 4252 enim
2684 4204 3037 4268 posteaquam
3086 4211 3259 4268 agnus
3304 4196 3501 4257 immeo

1910 4287 2052 4344 latus
2079 4296 2181 4352 est,
2214 4289 2551 4360 interpositis
2590 4289 2981 4360 quinquaginta
3022 4287 3231 4354 diebus,
3265 4287 3390 4345 data
3422 4300 3508 4346 est

1911 4384 1996 4439 lex
2030 4383 2197 4455 Moysi
2222 4384 2425 4454 scripta
2462 4383 2633 4454 digito
2655 4382 2788 4439 Dei:
2837 4382 2927 4438 hic
2968 4389 3258 4453 postquam
3292 4382 3505 4439 occisus

1910 4486 1994 4533 est
2016 4478 2292 4543 Christus,
2320 4478 2414 4547 qui
2444 4486 2703 4546 tanquam
2740 4476 2859 4532 ovis
2883 4475 2952 4531 ad
2981 4474 3367 4531 immolandum
3405 4475 3496 4530 du-

1909 4579 2032 4626 ctus
2056 4578 2161 4635 est,
2206 4569 2514 4624 celebratur
2543 4583 2732 4622 verum
2782 4567 3031 4633 Pascha;
3079 4574 3135 4623 et
3173 4567 3505 4636 interpositis

219 4677 454 4734 Dextera
496 4686 675 4732 autem
723 4674 920 4739 Patris,
952 4676 1020 4731 ad
1052 4691 1213 4745 quam
1248 4674 1393 4731 idem
1421 4674 1591 4732 Filius
1617 4677 1807 4733 sedere

1909 4660 2297 4731 quinquaginta
2323 4660 2534 4725 diebus,
2564 4658 2722 4713 datur
2761 4658 2994 4731 Spiritus
3035 4667 3277 4721 sanctus,
3305 4658 3397 4727 qui
3421 4670 3508 4716 est

222 4768 481 4833 creditur,
528 4783 637 4823 non
666 4774 750 4822 est
782 4782 1065 4837 corporea,
1115 4766 1260 4835 quod
1308 4765 1462 4822 nefas
1491 4768 1671 4824 estde
1697 4768 1810 4824 Deo

218 4860 441 4925 sentire,
484 4859 579 4915 sed
606 4859 829 4914 dextera
871 4857 1050 4912 Patris
1088 4870 1174 4913 est
1207 4858 1486 4914 beatitudo
1527 4866 1806 4929 perpetua,

221 4967 341 5024 quae
366 4950 570 5006 sanctis
598 4950 653 5004 in
677 4949 1075 5004 resurrectione
1112 4949 1469 5019 promittitur,
1501 4950 1555 5005 id
1580 4959 1684 5015 est,
1712 4950 1813 5005 Ec.

222 5045 423 5108 elesire,
470 5058 592 5115 qum
636 5051 721 5098 est
762 5058 957 5111 corpus
1002 5041 1243 5097 Christi:
1299 5042 1441 5098 sicut
1487 5052 1546 5097 et
1589 5044 1812 5099 siniStra

222 5134 337 5204 ejus
399 5142 548 5189 recte
593 5133 914 5203 intelligitur
956 5132 1174 5188 miseria
1221 5142 1278 5186 et
1321 5146 1480 5201 paena
1526 5143 1807 5203 perpetua,

222 5244 342 5299 quae
372 5228 550 5299 impiis
576 5226 813 5281 dabitur.

800 5314 1028 5371 CAPUT
1064 5314 1229 5369 XXV.

861 5423 927 5459 DE
959 5422 1175 5461 VIGILIA.

293 5504 353 5558 lu
384 5502 561 5575 vigilia
593 5501 938 5556 Pentecostes
970 5499 1045 5552 ita
1084 5498 1283 5567 agitur,
1316 5495 1458 5551 sicut
1488 5496 1542 5550 in
1571 5494 1811 5550 Sabbato

301 5669 327 5734 ξι
360 5655 469 5734 AL,
489 5654 584 5734 _De_
612 5651 1009 5734 Rogationibus.

298 5726 326 5768 ι)
350 5725 654 5781 Amalarius
685 5721 836 5785 ibid.,
864 5738 987 5785 pag.
1018 5721 1141 5777 964.

301 5738 326 5768 υ
350 5738 654 5781 Amatarius
685 5738 836 5785 1010.,
902 5739 930 5775 a
975 5762 987 5773 .
1018 5738 1141 5777 uua.

301 5809 323 5835 ο
366 5797 425 5852 S.
466 5795 827 5849 Mammertus.
1046 5790 1198 5861 llugo
1248 5789 1538 5845 Mcnardus
1590 5790 1641 5844 in
1683 5791 1807 5847 libr.

233 5867 475 5924 Sacram.
511 5864 568 5919 S.
610 5862 770 5933 Greg.
804 5870 914 5917 not.
952 5861 1088 5925 595;
1134 5870 1189 5914 et
1236 5861 1476 5917 Μαι-ωηο
1514 5861 1581 5916 de
1624 5862 1810 5930 Antiq.

632 5959 906 6017 Parnm.
959 5953 1058 6016 CI.

1910 4756 2111 4827 digitus
2140 4754 2256 4819 Dei,
2287 4768 2453 4823 super
2478 4761 2697 4809 centum
2725 4752 2915 4824 viginti
2941 4751 3253 4822 discipulos,
3302 4749 3489 4809 Mosai-

1913 4861 1991 4903 cae
2016 4846 2193 4900 aetatis
2222 4859 2448 4899 numero
2476 4842 2820 4899 constitutos.

2472 4952 2699 5011 CAPUT
2736 4951 2950 5008 XXVII.

2469 5062 2533 5100 DE
2560 5058 2811 5100 DOIINICA
2839 5058 2946 5099 ωε.

1988 5142 2327 5197 Dominicum
2380 5138 2522 5193 diem
2568 5135 2795 5207 apostoli
2842 5135 2964 5190 ideo
3012 5134 3261 5205 religiosa
3308 5134 3504 5191 solem-

1914 5233 2083 5287 nitate
2104 5238 2420 5293 sanxerunt,
2450 5227 2577 5298 quia
2606 5228 2661 5281 in
2690 5226 2882 5281 eodem
2908 5224 3165 5280 Dominus
3189 5233 3245 5280 et
3276 5222 3505 5280 Redem-

1914 5332 2039 5392 ptor
2070 5328 2256 5375 noster
2273 5334 2304 5373 a
2336 5317 2563 5373 mortuis
2586 5314 2921 5373 resurrexit:
2947 5314 3148 5386 quique
3181 5314 3301 5369 ideo
3323 5314 3506 5370 Domi-

1916 5414 2071 5467 nicus
2116 5410 2436 5483 appellatur,
2478 5418 2539 5463 ut
2586 5409 2640 5461 in
2689 5421 2754 5463 eo
2786 5423 2816 5461 a
2848 5406 3082 5464 terrenis
3122 5407 3377 5477 operibus
3421 5406 3503 5462 vel

1915 5504 2101 5559 mundi
2128 5501 2397 5556 illecebris
2422 5499 2775 5562 abstinentes,
2807 5504 3016 5553 tantum
3046 5495 3245 5551 divinis
3270 5495 3506 5551 cultibus

1914 5656 2057 5711 Eccl.
2089 5654 2334 5724 Discipl.,
2369 5668 2492 5721 cap.
2521 5650 2613 5724 27,
2646 5664 2794 5724 nu_m.
2824 5648 2877 5703 2.

1983 5725 2009 5766 δ
2040 5726 2167 5790 Με..
2204 5718 2365 5779 térme
2410 5718 2668 5792 petendo;
2710 5718 2850 5776 fortc
2890 5718 3198 5790 legendum,
3232 5724 3311 5769 ter
3352 5729 3499 5785 repe-

1915 5796 2088 5851 tendo.

3030 5941 3107 6004 39
