4092 6506
497 375 635 433 Im
1318 367 1379 421 Β.
1420 365 1482 421 F.
1526 363 1753 422 ALBINI
1793 362 1926 420 εει]
1965 359 2249 419 ALCUINI
2286 356 2577 425 OPERUM
2615 355 2801 412 PARS
2842 353 2933 411 IX.
3660 346 3811 403 £228

492 490 825 552 serviamus,
857 484 1050 540 dantes
1074 479 1284 537 scilicet
1311 479 1440 539 huic
1479 478 1586 541 diei
1625 479 1887 533 honorem
1913 482 1969 531 et
2003 487 2092 528 re-
2126 481 2173 540 Α
2198 470 2384 542 phetia
2417 469 2473 524 in
2500 483 2608 524 uno
2629 466 2925 538 Evangelia
2954 461 3399 535 recapitulantur,
3426 461 3572 533 quod
3602 460 3813 531 legitur

489 580 795 642 volentiam
825 584 1046 649 propter
1064 588 1216 647 spem
1244 571 1663 631 resurrectionis
1685 579 1909 634 nostrae,
1930 581 2095 639 quam
2198 565 2255 619 in
2281 571 2437 618 sexta
2457 568 2618 618 atate
2642 560 2850 616 mundi.

495 675 778 733 habeatis
792 670 847 724 in
868 668 983 723 illa.
1009 665 1145 723 Nam
1164 665 1310 721 sicut
1324 664 1441 735 ipse
1464 662 1728 718 Dominus
1753 658 1914 717 Iesus
1938 657 2100 715 Chri-

494 774 618 823 stus
640 771 697 818 et
714 761 976 817 Salvator
1013 768 1200 813 noster
1235 757 1398 812 tertia
1442 756 1533 811 die
1559 753 1862 811 resurrexit
1890 768 1922 807 a
1948 767 2095 807 mor-

495 857 611 915 tuis
634 856 750 911 τίω
785 861 843 909 et
868 866 971 908 nos
995 858 1405 906 resurrecturus
1445 846 1500 902 in
1530 844 1828 904 novissimo
1856 843 1943 899 die
1969 856 2095 913 spe-

494 943 891 1004 ramusillnde
912 943 1082 998 etiam
1114 941 1170 995 in
1197 939 1481 995 Dominico
1500 939 1588 994 die
1615 944 1824 993 stantes
1850 949 2095 1001 oramus,

496 1039 647 1113 quod
664 1036 977 1108 estsignum
996 1032 1194 1088 futura:
1213 1028 1645 1087 resurrectionis.
1671 1026 1910 1098 Apparet
1927 1024 2098 1097 488

501 1137 686 1188 autem
732 1129 879 1184 hunc
908 1124 1055 1180 diem
1095 1124 1263 1178 etiam
1301 1121 1357 1176 in
1397 1120 1605 1177 sanctis
1636 1116 1935 1188 Scripturis
1977 1131 2099 1171 esse

499 1221 817 1277 solemnem.
842 1216 962 1289 Ipse
988 1222 1075 1271 est
1094 1214 1241 1269 enim
1282 1212 1400 1268 dies
1425 1213 1636 1283 primus
1662 1208 1867 1274 saeculi,
1898 1208 1954 1263 in
1980 1209 2099 1278 ipso

499 1313 735 1369 formata
782 1319 911 1367 sunt
953 1308 1219 1364 elementa
1265 1306 1472 1371 mundi,
1505 1305 1562 1361 in
1607 1303 1726 1373 ipso
1768 1302 1939 1360 creati
1971 1308 2099 1357 sunt

500 1406 701 1478 angeli,
749 1404 805 1460 in
852 1404 971 1475 ipso
1014 1416 1232 1472 quoque
1258 1414 1290 1455 a
1316 1399 1549 1456 mortuis
1595 1394 1896 1454 resurrexit
1939 1393 2100 1450 Chri-

498 1507 643 1565 stus,
674 1496 733 1552 in
769 1495 888 1565 ipso
915 1492 987 1549 de
1026 1492 1185 1548 caelis
1226 1504 1390 1561 super
1438 1487 1712 1559 apostolos
1752 1493 1972 1542 sanctus
2000 1484 2099 1540 de-

502 1588 716 1646 scendit
742 1584 999 1658 Spiritus,
1026 1598 1227 1639 manna
1256 1581 1447 1638 eodem
1481 1580 1538 1636 in
1560 1592 1747 1637 eremo
1769 1576 2008 1649 primum
2032 1576 2102 1633 de

500 1674 645 1736 eailo
671 1679 857 1734 datum
883 1683 987 1734 est.
1022 1672 1115 1731 Sic
1132 1672 1278 1729 enim
1298 1671 1429 1727 dicit
1453 1670 1752 1729 Dominus:
1783 1667 1892 1723 Sex
1917 1667 2100 1723 diebus

493 1769 757 1842 colligatis
784 1783 1004 1833 manna,
1043 1767 1101 1821 in
1120 1765 1207 1820 die
1228 1773 1405 1818 autem
1428 1771 1576 1818 sexta
1601 1760 1822 1831 duplum
1846 1757 2102 1830 colligatis

2770 664 3003 724 CAPUT
3023 663 3222 721 XXIX.

2536 779 2603 821 DE
2634 776 2871 818 SABBL‘I‘O
2899 775 2954 816 ιι(
2993 776 3070 815 ιιι
3096 774 3468 815 ιεεσι-ιοιιιιιυε.

2267 874 2555 930 Lectiones
2575 871 2862 927 duodecim
2887 877 3110 943 propter
3138 869 3422 926 duodecim
3456 869 3690 926 lectores
3716 868 3810 926 di-

2198 978 2417 1032 cuntur,
2442 966 2569 1036 quia
2594 966 2661 1020 ab
2684 963 2923 1033 antiquis
2944 962 3208 1017 Romanis
3227 963 3314 1018 bis
3331 961 3671 1032 legebantur,
3697 962 3810 1017 hoc

2200 1068 2302 1125 est,
2334 1058 2522 1114 Graece
2548 1065 2604 1113 et
2645 1056 2857 1121 Latine,
2903 1055 3023 1128 (sex
3064 1054 3209 1110 enim
3252 1055 3628 1110 tantummodo
3652 1051 3808 1125 sunt)

2197 1149 2303 1206 nisi
2337 1149 2366 1190 ι)
2396 1148 2579 1214 fallor,
2610 1148 2747 1203 duas
2778 1148 2849 1203 ob
2878 1161 3111 1201 causas:
3159 1160 3289 1212 una,
3337 1146 3463 1215 quia
3493 1145 3721 1200 aderant
3746 1154 3807 1200 et

2198 1241 2393 1307 Graeci,
2420 1240 2616 1310 quibus
2645 1239 2826 1311 ignota
2856 1244 2979 1293 erat
3000 1236 3183 1308 lingua
3212 1235 3406 1290 Latina
3430 1253 3445 1302 ;
3485 1235 3717 1290 aderant
3744 1245 3806 1290 et

2199 1332 2401 1398 Latini,
2445 1332 2644 1402 quibus
2689 1330 2967 1401 incognita
2995 1336 3115 1384 erat
3161 1326 3390 1383 Graiea:
3438 1326 3607 1382 altera
3636 1342 3808 1383 causa

2198 1432 2425 1496 propter
2476 1423 2893 1477 unanimitatem
2945 1422 3235 1490 utriusque
3291 1419 3493 1489 populi.
3542 1417 3647 1485 Qui
3682 1434 3807 1472 mos

2200 1516 2344 1587 apud
2383 1512 2891 1583 ConstantinOpolin
2937 1512 3140 1581 ubique
3175 1511 3337 1566 hodie
3375 1518 3645 1565 servatur.
3688 1509 3807 1565 Nec

2200 1607 2271 1663 ab
2296 1620 2357 1661 re
2379 1614 2483 1672 est,
2507 1607 2653 1676 quod
2674 1606 2730 1659 in
2756 1618 3081 1675 unoquoque
3119 1603 3327 1674 jejunio
3351 1610 3464 1658 tres
3499 1603 3616 1659 dies
3645 1611 3798 1666 sunt,

2198 1694 2329 1766 quia
2352 1693 2779 1763 unumquodque
2824 1701 3038 1763 tempus
3067 1699 3180 1747 tres
3219 1706 3438 1747 menses
3472 1691 3652 1756 habet,
3698 1706 3805 1761 pro

2200 1797 2529 1854 unoquoque
2557 1798 2745 1838 mense
2774 1782 2970 1851 singuli
3006 1782 3122 1837 dies
3148 1780 3359 1853 jejunio
3389 1791 3801 1839 consecrantur.

490 1861 706 1932 (Exod.
734 1875 845 1924 xvi,
869 1858 924 1924 4,
952 1856 1030 1930 5).
1075 1856 1246 1913 Sexta
1285 1856 1432 1911 enim
1477 1853 1595 1909 dies
1640 1858 1726 1907 est
1770 1850 2094 1917 Parasceve,

2270 1850 2347 1933 Et
2373 1850 2472 1931 cur
2492 1875 2549 1930 in
2570 1874 2799 1931 sabbato
2826 1850 3168 1945 potissimum
3198 1850 3317 1928 haec
3340 1873 3681 1929 consecratio
3707 1888 3805 1927 ce-

492 1969 633 2025 qure
653 1960 780 2008 ante
801 1951 1089 2007 sabbatum
1112 1947 1336 2019 ponitur
1359 1962 1373 2012 ;
1402 1944 1685 2000 sabbatum
1728 1948 1911 1996 autem
1933 1939 2101 2011 septi-

495 2063 593 2104 ma
620 2046 739 2102 dies
771 2052 877 2110 est,
903 2056 1068 2114 quam
1096 2039 1344 2110 sequitur
1386 2034 1702 2101 Dominicus
1739 2032 1873 2097 dies,
1902 2030 1957 2087 in
1991 2043 2103 2101 quo

502 2139 739 2211 primum
782 2149 981 2194 manna
1023 2133 1094 2191 de
1133 2133 1276 2191 ecelo
1317 2131 1484 2186 venit.
1524 2128 1678 2185 Unde
1712 2126 1967 2205 colligant
2009 2123 2104 2182 Ju-

502 2231 607 2287 daei
637 2231 753 2301 jam
795 2236 927 2285 tunc
969 2226 1253 2299 praelatam
1301 2237 1425 2280 esse
1468 2220 1693 2278 Judaieo
1734 2218 1963 2275 sabbato
2018 2216 2102 2288 ip-

503 2337 691 2378 sorum
718 2319 1095 2385 Dominicam,
1129 2325 1370 2373 nostram
1403 2334 1417 2369 :
1462 2312 1579 2383 jam
1618 2320 1747 2369 tunc
1785 2310 2102 2375 indicatum,

497 2412 652 2485 quod
677 2412 855 2485 gratia
883 2411 978 2466 Dei
1009 2410 1079 2466 ad
1121 2424 1216 2465 eos
1259 2407 1327 2463 de
1369 2405 1508 2463 caelo
1548 2403 1695 2460 nulla
1738 2402 2102 2472 descenderit,

499 2505 604 2564 sed
634 2505 688 2560 in
710 2511 899 2561 sancta
925 2501 1207 2558 Dominica
1239 2507 1447 2564 nostra,
1478 2496 1530 2552 in
1559 2512 1665 2566 qua
1696 2496 1933 2566 primum
1959 2510 2105 2550 eam~

500 2596 633 2655 dem
658 2594 920 2653 Dominus
947 2592 1106 2664 pluit.

1052 2703 1281 2762 CAPUT
1316 2700 1554 2759 XXVIII.

940 2813 1007 2853 DE
1028 2809 1257 2852 ιωῦιιιιε
1282 2811 1334 2849 ιν
1364 2807 1676 2850 TEIPORUI.

582 2891 827 2964 Quatuor
846 2896 975 2946 sunt
1000 2898 1241 2957 tempora
1267 2884 1414 2951 anni,
1452 2881 1507 2937 id
1525 2891 1629 2947 est,
1656 2896 1770 2947 ver,
1798 2889 1980 2947 aestas,
2010 2898 2106 2936 auo

513 2994 734 3040 tumnus
780 2989 837 3037 et
868 2980 1062 3035 hiems.
1111 2976 1239 3033 Ilaec
1270 2984 1514 3045 tempora
1547 2972 1725 3029 solent
1748 2989 1847 3030 nos
1884 2987 1982 3045 per
2008 2973 2106 3028 de-

512 3074 838 3131 lectamenta
864 3085 961 3126 sua
989 3082 1244 3123 revocare
1271 3066 1340 3120 ab
1361 3079 1549 3120 amore
1577 3062 1876 3119 cbaritatis.
1901 3062 1961 3118 In
1988 3064 2109 3133 qui-

510 3160 615 3220 bus
649 3168 866 3234 oportet
900 3173 1000 3213 nos
1018 3158 1284 3230 jejunare,
1313 3154 1524 3211 etiamsi
1551 3154 1764 3213 venerit
1804 3151 1945 3207 infra
1969 3153 2108 3208 Pen-

2202 1971 2466 2038 lebretur,
2480 1969 2816 2041 Augustinus
2837 1968 3029 2024 scribit
3041 1968 3109 2024 ad
3124 1964 3445 2022 Ianuarium
3459 1966 3533 2022 ita
3549 1976 3569 2005 ε
3590 1984 3605 2019 :
3625 1983 3645 2016 σ
3668 1964 3811 2022 Sab-

2201 2062 2391 2119 batum
2422 2062 2863 2116 commendatum
2885 2066 2971 2122 est
3011 2058 3180 2129 priori
3211 2058 3410 2129 populo
3446 2058 3502 2112 in
3544 2057 3657 2112 otio
3680 2071 3811 2113 cor-

2202 2150 2465 2224 poraliter
2487 2150 2894 2215 celebrandum,
2925 2156 2986 2202 ut
3020 2149 3193 2219 ﬁgura
3221 2157 3369 2203 esset
3409 2146 3805 2202 sanctiﬁcatio—

2203 2246 2291 2301 nis
2326 2244 2382 2302 iu
2426 2243 2614 2314 requie
2647 2241 2885 2313 Spiritus
2928 2241 3122 2297 sancti.
3170 2239 3448 2311 Scriptum
3486 2246 3571 2293 est
3614 2238 3803 2292 enim:

2207 2336 2569 2405 Sanctiﬁcavit
2620 2335 2762 2389 Deus
2812 2336 2951 2389 diem
2999 2334 3277 2405 septimum
3325 2330 3478 2405 (Gen.
3511 2347 3575 2398 ιι,
3604 2332 3705 2403 3);
3750 2340 3809 2385 et

2203 2433 2352 2505 quia,
2386 2430 2620 2486 charitas
2648 2428 2747 2484 Dei
2769 2428 2967 2498 iii/fusa
3006 2437 3082 2481 est
3111 2430 3167 2482 in
3204 2426 3451 2481 cordibus
3490 2426 3683 2493 nostris
3712 2440 3811 2494 per

2206 2521 2466 2592 Spiritum
2486 2528 2727 2574 sanctum
2759 2518 2932 2591 (Rom.
2959 2534 3013 2583 v,
3051 2518 3131 2589 5),
3177 2523 3639 2573 commemoratur
3678 2530 3810 2569 san-

2207 2612 2469 2668 ctiﬁcatio
2499 2610 2555 2665 in
2594 2610 2825 2679 septimo
2869 2609 2977 2664 die.
3010 2628 3031 2661 ι
3065 2608 3315 2680 Episcopi
3344 2623 3475 2663 vero
3519 2620 3811 2663 consecra-

2209 2701 2305 2767 tio,
2340 2701 2434 2771 qui
2461 2708 2549 2755 est
2572 2698 2812 2756 vicarius
2839 2700 3231 2770 apostolorum,
3260 2700 3369 2754 imo
3396 2706 3451 2753 ct
3495 2697 3721 2763 Christi,
3748 2696 3809 2751 Iit

2207 2792 2262 2849 in
2293 2791 2595 2858 Dominica,
2632 2791 2761 2861 quia
2811 2790 3003 2846 eodem
3048 2790 3135 2845 die
3170 2805 3267 2860 per
3316 2788 3515 2843 donum
3570 2786 3812 2857 Spiritus

2208 2884 2383 2938 sancti
2426 2882 2677 2952 dignatus
2722 2889 2807 2936 est
2859 2880 3132 2937 illustrare
3185 2880 3349 2935 corda
3410 2881 3805 2951 apostolorum.

2210 2975 2457 3031 Sabbato
2498 2974 2666 3045 igitur
2710 2981 2946 3045 quatuor
2983 2972 3239 3045 leguntur
3280 2973 3563 3039 lcetiones,
3590 2972 3813 3044 quandu

2209 3054 2519 3124 bene'dicﬁo
2546 3065 2800 3137 largitur,
2826 3066 2953 3135 quia
2985 3064 3014 3105 ἀ
3059 3076 3295 3136 quatuor
3322 3073 3449 3120 sunt
3477 3066 3696 3121 ordines
3716 3065 3815 3120 be-

2211 3159 2576 3215 nedicentium
2626 3157 2937 3224 Dominum,
2992 3166 3054 3211 ut
3103 3157 3233 3212 illud
3288 3158 3557 3213 Davidis:
3612 3157 3814 3212 Domus

514 3223 783 3317 tecosten,
832 3223 1409 3321 quando-celebratur
1459 3242 1728 3300 festivitas
1777 3223 2183 3314 septiformisc
2210 3249 2404 3318 Israel,
2451 3249 2738 3304 benedicite
2781 3246 3068 3302 Dominum
3116 3245 3291 3319 (Psal.
3340 3263 3563 3314 cxxxrv,
3596 3246 3708 3318 l9),
3756 3248 3815 3303 id

516 3342 777 3417 Spiritus,
800 3347 864 3395 ut
888 3338 1019 3394 illud
1054 3336 1441 3392 Dominicum:
1504 3332 1717 3389 Veniant
1758 3344 1934 3388 autem
1974 3333 2102 3400 dies,

2210 3352 2315 3408 est,
2344 3341 2673 3396 lsraeliticus
2694 3337 2922 3410 populus
2949 3356 2961 3391 :
2993 3328 3194 3392 Domus
3225 3339 3424 3402 Aaron,
3461 3338 3513 3391 id
3546 3344 3648 3401 est,
3678 3352 3817 3405 pra:-

514 3451 637 3491 cum
686 3432 960 3504 auferetur
1005 3430 1070 3483 ab
1116 3428 1192 3483 eis
1244 3443 1488 3497 sponsus.
1538 3434 1587 3480 et
1618 3434 1743 3479 tunc
1788 3424 2110 3495 ieiunabant
2212 3434 2306 3489 lati
2342 3450 2356 3487 :
2403 3432 2604 3487 Domus
2648 3428 2794 3496 Levi,
2823 3429 2878 3484 id
2916 3436 3021 3494 est,
3050 3428 3286 3482 ministri
3314 3427 3447 3481 Dei:
3482 3426 3586 3492 Qui
3617 3427 3815 3479 timetis

516 3523 836 3600 (Matius.
870 3518 981 3592 I5)-
1028 3517 1108 3575 De
1128 3517 1215 3574 his
1254 3517 1589 3585 Augustinus
1617 3535 1635 3575 :
1661 3514 1921 3584 Quamvis
1963 3516 2113 3570 ordi—
2210 3523 2515 3587 Dominum,
2541 3521 2607 3578 de
2630 3521 2844 3576 ueteris
2873 3520 3209 3576 nationibus.
3240 3517 3296 3573 In
3343 3519 3462 3573 istis
3487 3518 3816 3573 lectionibus

516 3616 667 3672 uallo
689 3628 800 3669 non
825 3610 941 3677 “at,
978 3606 1348 3666 necessarium
1393 3614 1575 3662 tamen
1605 3614 1690 3660 εει
1738 3614 1943 3660 nostra?
1981 3604 2113 3660 Peli"
2212 3615 2531 3691 imbuuntur
2555 3611 2845 3669 ordinandi
2866 3611 2934 3666 ad
2957 3611 3205 3680 exempla
3227 3618 3538 3666 sanctorum
3566 3607 3812 3664 Patrum.

517 3707 667 3782 gioni
694 3713 929 3778 quatuor
958 3710 1261 3770 temporum
1283 3696 1486 3769 ieiunia
1506 3696 1800 3752 οειθδηνθο
1826 3695 1901 3751 οε
1923 3692 2115 3748 (“idem
2212 3704 2473 3759 Proxima
2498 3704 2659 3759 lectio
2682 3702 3041 3758 ordinationis
3081 3703 3145 3756 de
3174 3703 3379 3756 camino
3422 3700 3556 3771 ignis
3595 3699 3813 3772 legitur,

514 3797 721 3873 jejunio
740 3797 871 3853 dicit
895 3796 1006 3851 Leo
1032 3807 1171 3863 papa
1202 3791 1256 3846 in
1285 3789 1532 3845 Homiliis
1553 3800 1579 3830 ι
1606 3806 1618 3842 :
1645 3787 1716 3844 Ut
1733 3786 1997 3859 jejunium
2020 3800 2102 3842 ce.

2212 3798 2338 3867 quia
2375 3811 2483 3853 non
2504 3806 2684 3867 potest
2723 3796 2826 3850 rite
2856 3797 3019 3850 homo
3060 3794 3127 3849 ad
3157 3793 3621 3849 consecrationem
3651 3806 3815 3848 acce-

519 3888 765 3947 Iebretur
808 3888 863 3942 in
894 3884 1184 3955 largitione
1216 3894 1496 3936 sacrorum
1536 3877 1813 3944 ordinum,
1856 3877 2115 3933 Ecclesiae
2215 3890 2370 3955 dere,
2411 3888 2517 3944 nisi
2555 3892 2795 3942 nausea;
2842 3901 2941 3956 per
2966 3884 3268 3951 fornacem,
3309 3892 3364 3939 ει
3409 3884 3483 3939 ibi
3528 3883 3820 3939 benein

520 3979 811 4054 primitiva:
833 3992 950 4032 mos
973 3972 1225 4037 obtinuit,
1256 3980 1314 4027 ut
1342 3971 1509 4025 illud:
1550 3968 1978 4023 Ministrantibus
2004 3967 2110 4022 illis
2214 3982 2403 4045 Deum,
2434 3990 2495 4035 υι
2520 3980 2686 4034 illud;
2729 3978 2868 4033 γαεα
2896 3978 3049 4048 ﬁguli
3068 3979 3253 4048 ρτοθαι
3278 3976 3489 4047 fama,
3525 3983 3581 4031 ei
3606 3976 3817 4046 ηιίφιε

522 4072 750 4128 Domino
777 4079 826 4124 et
844 4066 1233 4139 jejunantibus,
1255 4063 1390 4118 dixit
1417 4062 1646 4134 Spiritus
1670 4068 1883 4115 sanctus
1906 4074 1925 4112 :
1950 4058 2102 4131 Sepa-

2216 4068 2408 4141 (Eccti.
2457 4086 2629 4135 xxvn,
2669 4070 2744 4143 6).
2794 4069 3133 4139 Quapropter
3179 4067 3375 4123 debent
3426 4067 3662 4121 transire
3712 4081 3814 4137 per

524 4173 640 4222 rate
665 4162 796 4218 mihi
820 4161 1045 4218 Saulum
1087 4170 1137 4213 et
1164 4156 1465 4212 Barnabam
1495 4156 1550 4209 in
1579 4170 1708 4225 opus
1734 4152 2034 4217 ministerii.
2062 4160 2118 4207 et
2214 4159 2511 4226 fornacem,
2559 4160 2704 4230 quod
2735 4167 2895 4213 sonat
2926 4158 3087 4213 lectio
3115 4158 3324 4227 quinta,
3352 4163 3413 4210 ut
3454 4157 3533 4212 sic
3574 4157 3813 4227 probati,

526 4257 733 4328 reliqua
761 4254 901 4327 (Act.
927 4266 1049 4317 xm,
1082 4249 1161 4323 2).
1193 4246 1338 4302 Tunc
1355 4248 1662 4319 jejunantes
1688 4256 1738 4300 et
1763 4254 1992 4311 orantes,
2020 4244 2102 4299 im-

2216 4250 2478 4305 accedere
2518 4250 2587 4305 ad
2613 4264 2828 4304 sacrum
2876 4242 3193 4319 mysterium
3221 4248 3460 4313 valeant,
3498 4247 3638 4303 sicut
3674 4246 3815 4319 legi-

524 4354 870 4419 ponentestrue
911 4344 985 4397 eis
1032 4356 1243 4405 manu.
1285 4338 1595 4392 dimiserunt
1621 4337 1759 4391 illos.
1788 4335 1897 4391 Isto
1927 4336 2034 4401 die,
2063 4334 2117 4389 id
2219 4351 2308 4397 tur
2333 4343 2389 4397 in
2410 4350 2563 4398 sexta
2591 4342 2821 4397 lectione
2850 4361 2862 4396 :
2903 4340 3136 4397 Scientes
3160 4340 3298 4414 quod
3319 4340 3588 4395 tribulatio
3610 4342 3819 4411 potien-

526 4448 633 4504 est,
656 4445 849 4509 quarta
877 4436 1034 4500 feria,
1078 4433 1330 4502 leguntur
1360 4431 1481 4485 dua:
1512 4430 1808 4487 lectiones:
1860 4429 2119 4499 quoniam
2219 4435 2347 4488 tiam
2375 4446 2644 4505 operatur,
2690 4442 2747 4489 et
2788 4433 2994 4502 reliqua
3044 4431 3223 4505 (Rom.
3257 4447 3313 4498 v,
3338 4432 3416 4501 5).
3470 4431 3547 4486 De
3591 4445 3818 4501 respon-

525 4530 582 4585 hi
616 4529 708 4601 qui
740 4527 808 4582 ad
834 4541 1048 4582 sacrum
1083 4524 1327 4579 ordinem
1375 4530 1678 4586 transeunt,
1707 4521 1906 4575 debent
1931 4521 2117 4576 admo-
2141 4570 2194 4632 Β
2220 4525 2383 4579 soriis
2415 4538 2523 4579 non
2550 4533 2633 4579 est
2676 4538 2897 4579 necesse
2923 4523 3069 4578 aliud
3095 4522 3300 4587 dicere,
3330 4536 3494 4591 quam
3523 4520 3670 4591 quod
3702 4520 3818 4575 sin-

629 4622 641 4632 .
756 4628 767 4632 -
818 4618 833 4632 .
891 4618 904 4632 .
1011 4624 1048 4632 ,.
1400 4611 1423 4632 ι
1451 4612 1556 4632 με,
1611 4619 1655 4632 ,.
1699 4610 2089 4632 n___.-.__w
2229 4630 2250 4632 μ
2602 4616 2638 4632 ..
2791 4631 2822 4632 η
2867 4631 2918 4632 _
3067 4616 3105 4632 .,
3430 4613 3788 4632 __,___._‘_.

528 4622 666 4685 neri,
712 4628 774 4674 ut
818 4618 1051 4672 habeant
1105 4613 1353 4668 notitiam
1400 4611 1559 4681 chis
1604 4619 1659 4666 et
1699 4610 2113 4680 Prophetarum.
2143 4610 2193 4632 ⁵¹
2218 4615 2358 4687 gulis
2401 4614 2722 4670 lectionibus
2775 4616 3117 4685 responsoria
3170 4614 3379 4685 singula
3430 4613 3813 4683 respondeant.

527 4712 731 4781 Quarta
776 4711 923 4765 enim
969 4715 1129 4763 aelate
1158 4705 1270 4759 Lex
1312 4712 1368 4760 et
1394 4704 1678 4774 Ρτορὴθιω
1724 4704 2032 4775 Vigueﬂml,
2063 4711 2118 4757 ei
2220 4708 2554 4765 Gravitatem
2604 4723 2771 4779 quam
2819 4707 2978 4763 debet
3029 4716 3277 4762 sacratus
3325 4720 3564 4769 scrvare,
3608 4713 3819 4761 tractus

530 4803 699 4859 David
728 4798 1189 4861 bellicosissimus,
1212 4797 1305 4866 qui
1331 4796 1719 4864 interpretatur
1748 4810 1909 4849 manu
1940 4794 2117 4861 fortiS,
2221 4809 2509 4865 monstrat,
2542 4815 2610 4853 ne
2651 4799 2793 4855 forte
2833 4802 2886 4853 in
2934 4801 3185 4870 superbia
3208 4800 3381 4853 elatus
3420 4798 3623 4853 incidat
3651 4799 3704 4852 in
3731 4797 3812 4851 la-

530 4895 584 4948 in
617 4889 810 4947 eadem
844 4899 1005 4945 aetate
1033 4886 1272 4952 Goliath,
1298 4886 1349 4940 id
1379 4895 1483 4951 est,
1508 4885 1783 4939 humilitas
1810 4886 2119 4954 superbiam
2219 4906 2418 4959 quemn
2444 4888 2639 4944 diaboli
2664 4905 2677 4953 ;
2711 4897 2914 4944 tractus
2935 4889 3077 4942 enim
3121 4903 3335 4958 semper
3364 4889 3416 4941 in
3440 4903 3603 4943 causa
3635 4887 3813 4940 humi-

529 4981 842 5051 prostravit.
874 4979 1077 5034 Contra
1118 4992 1279 5049 quem
1317 4974 1554 5040 Goliatb,
1598 4976 1650 5029 id
1675 4983 1780 5038 est,
1822 4974 2092 5029 diabolum

2224 4983 2392 5036 litatis
2418 4981 2655 5051 ponitur.
2692 4978 2794 5033 Per
2815 4981 3053 5049 singulas
3081 4981 3355 5035 orationes
3378 4979 3632 5035 debemus
3656 4992 3812 5033 men-

530 5071 729 5125 debent
751 5070 806 5124 in
826 5068 1134 5124 humilitate
1167 5067 1451 5131 dimicare,
1476 5066 1567 5135 qui
1592 5066 1659 5117 ad
1682 5079 1870 5119 sacros
1898 5064 2117 5119 ordines
2220 5072 2291 5126 iis
2341 5069 2696 5124 humilitatem
2742 5083 2839 5139 per
2882 5067 3308 5139 genuﬂcxionem
3361 5068 3666 5133 ostendere,
3714 5081 3813 5122 οι-

531 5160 919 5229 provehantur.
968 5158 1170 5226 Quinta
1202 5157 1337 5212 feria
1365 5157 1517 5211 deest
1556 5148 1789 5209 cilicium
1832 5163 1887 5210 et
1929 5154 2115 5220 missa,
2221 5170 2378 5228 cepto
2413 5156 2553 5213 infra
2581 5158 2955 5212 Pentecosten.

535 5253 655 5308 ideo
690 5251 851 5307 debet
887 5251 1095 5306 cantari
1133 5250 1200 5305 de
1242 5249 1519 5304 Dominica
1548 5246 1913 5301 Pentecostes.
1955 5245 2114 5300 Feria

534 5353 687 5399 sexta
730 5359 836 5398 una
872 5351 1081 5396 tantum
1120 5339 1313 5411 legitur
1346 5338 1526 5403 lectio,
1574 5339 1701 5409 quia
1752 5338 1862 5393 Lex
1897 5345 1952 5391 et
1981 5334 2114 5392 Pro-

608 5506 635 5533 ι
676 5494 799 5549 [huc
852 5503 1071 5563 accepta
1113 5492 1363 5548 videntur
1412 5508 1479 5546 ex
1528 5491 1689 5561 epist.
1739 5491 1772 5547 9
1816 5506 1940 5545 nov.
1987 5490 2118 5543 edit.

540 5567 753 5631 Venet.,
777 5582 895 5634 cap.
938 5568 982 5618 l.

612 5635 639 5675 δ
672 5635 975 5690 Amalarius
1008 5635 1127 5688 libr.
1162 5650 1222 5697 ιι,
1249 5652 1367 5703 cap.
1406 5636 1424 5686 l
1458 5642 1511 5688 ct
1540 5634 1592 5688 5.

612 5718 633 5744 ε
667 5707 723 5759 S.
753 5709 888 5777 Aug.
914 5706 1031 5760 libr.
1061 5720 1117 5761 II.
1147 5705 1423 5777 epist155,
1460 5720 1575 5775 cap.
1617 5703 1697 5757 l0.

608 5777 635 5816 ⁸
672 5775 862 5833 Διιιίιιξ
884 5777 985 5831 loc.
1017 5777 1109 5830 cit.
1141 5792 1259 5843 cap.
1299 5775 1349 5828 ὅ.

2298 5262 2320 5289 ε
2352 5249 2618 5321 [Quatuor
2643 5246 2973 5317 temporibus
2993 5261 3166 5302 annus
3195 5248 3446 5312 volvitur,
3474 5249 3817 5318 unumqumL

2223 5356 2329 5412 que
2360 5350 2569 5409 tempus
2595 5350 2706 5395 tres
2728 5353 2942 5393 menses
2969 5338 3150 5395 habet.
3179 5338 3286 5393 Pro
3313 5354 3636 5408 unoquoque
3664 5354 3819 5394 inen-

2306 5503 2328 5529 ε
2359 5489 2491 5557 Quae
2531 5497 2831 5558 sequuntur
2867 5489 3081 5545 uncinis
3120 5489 3348 5552 inclusa,
3382 5500 3565 5544 assuta
3602 5498 3728 5546 sunt
3760 5490 3817 5545 in

2232 5576 2334 5614 ms.
2385 5574 2491 5628 quo
2533 5576 2663 5614 usus
2704 5569 2788 5613 est
2837 5559 3255 5625 Quercetanus;
3307 5563 3449 5629 apud
3484 5560 3819 5629 Amalarium

2229 5632 2449 5693 omissa,
2488 5630 2576 5683 ubi
2622 5630 2803 5684 statim
2854 5640 2973 5699 post
3015 5632 3195 5698 priora
3236 5628 3398 5685 verba
3438 5631 3582 5698 inira
3629 5628 3821 5684 Pente-

2228 5712 2424 5824 colsten,
2453 5702 2733 5769 sequitur;
2783 5699 2851 5755 In
2894 5702 3007 5754 sola
3036 5702 3103 5754 de
3150 5702 3357 5755 camino
3405 5704 3562 5771 ignis,
3604 5711 3820 5767 etc.,ut

2228 5789 2281 5824 in
2309 5786 2386 5824 ra.

2226 5786 2386 5825 intra.
