4092 6494
243 362 386 419 αξη

1055 367 1210 426 ΌΡΡ.
1251 367 1651 424 δυΡΡΟΞΙΤᾹ.
1694 402 1764 410 ——
1801 369 1929 425 LIB.
1969 371 2058 426 DE
2101 373 2347 428 DlVlNlS
2385 372 2690 432 OFFlllllS.

3381 383 3519 438 «ξω

230 499 295 539 se
340 481 538 554 singuli
571 482 688 537 dies
730 481 937 552 jejunio
977 491 1384 538 consecrantur.
1438 482 1542 536 Per
1588 481 1829 552 singulas
1861 491 1903 546 Α
1932 499 2090 537 eam:
2128 482 2194 536 In
2220 484 2312 539 illo
2345 497 2614 557 tempore:
2649 485 2882 559 Surge-ns
2927 489 3081 544 Iesus
3123 491 3188 546 de
3230 510 3518 565 synagoga.

228 574 510 628 orationes
541 573 594 627 in
626 588 700 626 xu
742 572 1068 627 lectionibus
1099 588 1240 642 genu
1271 570 1558 636 ﬂectimus,
1594 582 1824 641 excepto
1930 571 2170 627 Oremus.
2205 574 2447 642 Domine,
2493 578 2635 632 Dens
2678 579 2882 634 salutis.
2914 579 3135 637 Secreta
3167 603 3178 638 :
3215 582 3282 638 Ut
3308 598 3520 658 aa'epta

232 665 290 719 in
322 673 514 719 octava
539 662 680 719 infra
707 663 1082 720 Pentecosten.
1113 664 1170 717 In
1199 664 1313 718 sola
1352 673 1534 717 autem
1575 664 1825 718 oratione
1923 665 2021 719 tibi
2062 667 2165 720 sint
2211 677 2390 722 nostra
2424 671 2654 739 jejunio.
2689 673 2843 727 Com.
2899 673 3024 727 Non
3071 694 3156 731 eos
3203 678 3516 747 relinquant.

228 755 298 810 de
319 757 528 810 camino
547 757 684 827 ignis
708 770 883 827 genua
912 771 1020 810 non
1055 754 1336 812 flectimus.
1371 754 1538 827 489
1565 756 1620 809 in
1648 756 1826 810 omni-
1925 753 2195 810 Posteom.
2227 755 2411 812 Sancti
2441 759 2692 830 Spiritus,
2726 763 2964 829 Domine,
2996 767 3154 820 corda
3184 768 3413 844 nosti-(1.]

229 848 332 902 bus
356 863 438 902 nn
463 846 838 918 Temporibus.
883 844 943 901 Si
965 855 1144 900 autem
1175 848 1286 916 ipsa
1314 846 1648 902 hebdomada
1678 845 1821 901 Pcu-

1993 845 2050 900 lu
2082 847 2191 900 sola
2223 852 2288 902 de
2339 852 2544 904 camino
2594 854 2726 922 ignis
2758 867 2806 911 η,
2854 873 2960 909 non
3007 855 3272 912 ﬂectimus
3321 876 3515 928 genua,

223 947 462 995 tecostes
479 939 534 995 in
558 953 748 995 mense
780 946 976 1010 quarto
997 939 1260 1002 evenerit,
1285 938 1548 1009 jejunium
1576 938 1670 992 fiat
1690 927 1750 992 n5
1767 946 1822 993 et
1921 935 2138 1003 quando
2162 934 2662 996 Nabuchodonosor
2699 945 3057 1015 compellebat
3094 927 3346 1018 populum
3387 927 3518 1022 ado-

221 1044 281 1082 τι
305 1030 437 1086 etin
481 1028 730 1086 sabbato.
774 1029 933 1084 Feria
962 1045 1034 1084 tv.
1074 1029 1297 1099 Antiph.
1328 1029 1472 1083 Deus
1508 1029 1635 1083 dum
1676 1046 1821 1100 egre-

215 1121 442 1176 dereris.
491 1120 683 1177 Oratio
719 1123 839 1178 sine
874 1123 1197 1177 Flectamus.
1234 1121 1461 1188 Pra'sta,
1493 1139 1816 1194 qmrsumus,

219 1222 279 1266 ut
328 1211 563 1284 Spiritus
611 1214 911 1270 adveniens.
967 1215 1154 1270 Lectio
1196 1215 1343 1269 Libri
1396 1214 1707 1284 Sapientiae.
1751 1214 1819 1270 In

210 1303 403 1358 diebus
431 1303 562 1370 illis,
588 1303 726 1360 dixit
769 1305 1023 1361 Salomon
1049 1306 1176 1375 ﬁliis
1201 1305 1390 1369 Israel,
1424 1305 1640 1376 Ililigite
1656 1307 1820 1375 justi-

213 1399 370 1461 tiam,
405 1413 598 1466 usque,
643 1398 917 1453 scientiam
942 1398 1093 1453 liabet
1120 1400 1282 1453 vocis.
1312 1399 1470 1454 Feria
1497 1416 1548 1453 τ’.
1589 1399 1812 1472 Antiph.

215 1486 417 1542 Emitte
440 1487 684 1559 spiritum
706 1498 873 1543 tuum.
896 1487 1144 1554 Oremus,
1176 1490 1293 1543 sine
1320 1487 1642 1546 Flectamus.
1669 1491 1817 1546 Men-

212 1589 292 1635 tes
334 1589 562 1635 nostras.
595 1580 780 1636 Lectio
806 1581 1040 1636 Actunm
1071 1581 1475 1650 Apostolorum.
1524 1579 1590 1634 In
1632 1581 1815 1637 diebus

208 1671 344 1736 illis,
371 1679 521 1726 stans
557 1668 750 1727 Petrus
781 1687 900 1726 cum
925 1687 1002 1726 xu
1025 1671 1241 1726 elevavit
1268 1688 1440 1726 vocem
1468 1688 1643 1726 suam.
1670 1671 1816 1726 Alle-

1921 1043 2046 1084 rare
2088 1038 2348 1099 statuam,
2377 1048 2540 1103 quam
2578 1036 2821 1104 fecerat;
2855 1049 2913 1092 ut
2951 1051 3197 1111 separata
3227 1044 3296 1097 sit
3327 1055 3514 1100 nostra

1917 1121 2116 1188 oratio,
2147 1137 2270 1192 qum
2295 1135 2380 1179 est
2409 1127 2478 1179 ad
2503 1142 2668 1181 unum
2693 1129 2884 1195 Deum,
2908 1130 2976 1184 ab
2999 1148 3186 1188 errore
3210 1137 3510 1204 gentilium.

1917 1211 2108 1268 Oratio
2145 1225 2269 1284 post
2302 1220 2739 1276 communionem
2779 1238 2942 1292 super
2979 1227 3234 1294 populum
3279 1245 3386 1284 non
3413 1230 3513 1285 ha-

1918 1301 2096 1367 betur,
2140 1307 2269 1374 quia
2313 1307 2456 1361 istud
2489 1307 2723 1364 ollicium
2755 1312 3065 1383 frequenter
3107 1316 3254 1371 circa
3296 1330 3508 1377 noctem

1915 1392 2252 1452 Dominicam
2287 1399 2426 1452 solet
2457 1399 2594 1467 ﬁeri,
2623 1403 2676 1456 in
2711 1419 2818 1473 qua
2851 1405 3075 1461 minimc
3109 1407 3507 1476 genufleetitur.

2498 1520 2728 1578 CAPUT
2751 1523 2921 1578 XXX.

2237 1608 2265 1648 ι)
2304 1626 2369 1664 nr:
2403 1625 2609 1667 ssscro
2651 1630 2850 1669 ιολλκιι
2889 1632 3169 1673 ιιλρτιδτέι.

1985 1699 2109 1756 Ideo
2159 1710 2271 1756 tres
2320 1703 2499 1758 missa:
2527 1705 2873 1762 celebrantur
2902 1709 2955 1762 in
2987 1710 3281 1768 festivitate
3330 1719 3505 1772 sancti

209 1765 349 1820 (uia.
406 1763 556 1834 Veni,
588 1775 767 1822 sancte
812 1765 1065 1837 Spiritus.
1114 1765 1464 1836 Evangelium
1513 1766 1810 1821 secundum

1915 1788 2160 1858 Joannis,
2188 1794 2318 1862 quia
2355 1795 2530 1848 trihus
2568 1795 2876 1863 insignibus
2921 1800 3207 1870 triumphis
3235 1807 3509 1862 excellen-

202 1858 475 1915 Joannem
500 1886 514 1914 ε
547 1859 616 1914 In
636 1858 728 1914 illo
753 1868 1004 1931 tempore,
1026 1858 1158 1912 dixit
1186 1857 1218 1911 J
1227 1875 1344 1913 esus
1364 1857 1635 1930 discipulis
1662 1858 1768 1912 suis
1791 1873 1809 1910 :

1917 1890 2000 1938 ter
2029 1882 2257 1938 refulsit.
2289 1885 2372 1939 Ad
2411 1887 2514 1941 hoc
2562 1889 2710 1942 enim
2761 1891 2929 1955 venit,
2977 1901 3038 1944 ut
3083 1857 3223 1950 viam
3280 1897 3507 1955 Ποπιιὶηο

212 1949 387 2006 Nemo
417 1960 586 2026 potest
609 1953 781 2006 venire
807 1950 877 2004 ad
915 1967 1017 2016 me,
1057 1949 1159 2004 nisi
1185 1948 1373 2017 Pater,
1401 1952 1492 2023 qui
1527 1950 1670 2004 misit
1706 1967 1810 2017 me,

205 2045 432 2097 traxerit
474 2059 613 2097 eum.
663 2041 903 2098 Oremus.
952 2040 1267 2096 Meditabor.
1313 2041 1491 2113 Super
1529 2040 1806 2098 oblatam:

206 2134 422 2205 Accipe,
452 2150 775 2207 qnwsumus,
821 2133 1068 2198 Domine,
1116 2150 1308 2189 munus
1350 2122 1605 2189 oblatum.
1649 2133 1804 2190 Com.

209 2225 407 2280 Pacem
434 2214 601 2280 tuam.
631 2225 902 2281 Postcom.
932 2223 1116 2282 Sancti
1143 2225 1394 2296 Spiritus,
1417 2225 1663 2292 Domine,
1687 2244 1809 2282 cor-

204 2319 298 2375 da.
339 2317 498 2375 Feria
527 2335 582 2374 vs
620 2318 845 2390 Antiph.
895 2315 1179 2389 Repleatur
1204 2335 1281 2373 os.
1336 2319 1578 2375 Versus:
1628 2317 1696 2374 In
1732 2331 1804 2388 te,

207 2409 452 2477 Domine,
486 2411 713 2482 speravi,
757 2427 883 2464 non.
933 2408 1182 2476 Oremus,
1218 2410 1336 2465 sine
1378 2407 1684 2464 Flectamus
1709 2427 1802 2480 ge-

202 2519 333 2557 nua.
365 2501 471 2568 Da,
494 2518 820 2576 quwsumus,
859 2499 1111 2555 Ecclesia:
1135 2509 1260 2565 tum,
1301 2503 1598 2561 misericors
1635 2501 1805 2567 Deus,

200 2602 262 2647 ut
293 2591 501 2666 Spiritu
527 2602 712 2647 sancto
736 2600 1072 2661 congregata.
1103 2590 1290 2646 Lectio
1316 2590 1550 2645 Actuum
1571 2588 1805 2665 Aposto-

200 2683 400 2740 lorum.
429 2683 496 2739 In
519 2683 704 2738 diebus
726 2681 856 2747 illis,
883 2683 1133 2754 Aperiens
1160 2679 1352 2737 Petrus
1377 2699 1434 2736 os
1457 2699 1610 2736 suum
1627 2682 1764 2737 dixit
1779 2696 1801 2736 .'

207 2773 324 2832 Viri
350 2775 630 2831 Israelitte.
660 2774 904 2830 Alleluia.
930 2775 1165 2846 Spiritus
1183 2774 1415 2829 Domini.
1443 2775 1799 2847 Evangelium

175 2869 497 2927 «nandum
526 2867 884 2924 Iatthzeum:
930 2867 998 2923 In
1028 2867 1120 2922 illo
1171 2877 1421 2939 tempore,
1463 2869 1598 2924 dixit
1640 2868 1798 2926 Iesus

197 2959 366 3014 turbis
391 2958 702 3014 Iudaeorum
732 2973 748 3011 :
773 2958 832 3014 Si
855 2977 950 3030 ego
977 2959 1036 3014 in
1056 2959 1262 3030 Spiritu
1292 2959 1387 3013 Dei
1416 2960 1570 3030 ejicio
1599 2962 1802 3016 da’mo—

197 3071 312 3118 nes,
337 3067 532 3122 usque,
560 3069 725 3125 neque
751 3053 808 3105 in
845 3052 1046 3120 futuro.
1081 3049 1324 3105 Oremus.
1351 3049 1559 3115 Lbuda,
1589 3051 1790 3108 anima.

197 3142 459 3200 Secreta:
519 3141 820 3209 Sacriﬁcia,
869 3138 1109 3205 Domine,
1147 3141 1251 3194 tuis
1289 3139 1463 3195 oblata
1500 3143 1789 3209 conspecti-

193 3239 310 3293 ιω.
343 3237 496 3293 Com.
518 3235 749 3308 Spiritus
777 3234 864 3288 ubi
883 3233 1008 3287 vult.
1029 3233 1300 3288 Postcom.
1329 3231 1512 3288 Sancti
1534 3233 1788 3305 Spiritus,
1814 3225 1862 3286 C

192 3331 419 3386 Domine
449 3329 632 3384 corda.
667 3326 908 3382 Sabbato
953 3325 1173 3397 Antiph.
1225 3325 1473 3380 Charitas
1501 3324 1620 3380 Dei.
1655 3325 1791 3382 Ver-

189 3441 326 3482 sus:
353 3423 578 3479 Domine
601 3421 746 3478 Deus
781 3418 988 3474 salutis.
1029 3417 1279 3484 Oremus,
1309 3418 1428 3474 sine
1457 3415 1784 3474 Flectamus.

194 3517 458 3573 ﬂentibus
495 3516 708 3579 nostris,
732 3528 1056 3587 qua'sumus,
1084 3511 1328 3575 Domine,
1370 3509 1627 3580 Spiritum
1664 3527 1790 3566 san-

189 3620 336 3666 ctam
380 3610 654 3681 benignus.
707 3607 894 3664 Lectio
929 3606 1097 3663 Joelis
1140 3607 1450 3678 prophetae:
1485 3603 1618 3660 ιιατ
1658 3605 1789 3660 dicit

189 3703 471 3767 Dominus,
515 3700 698 3755 Deus:
743 3700 1035 3770 Eﬁ'undam
1066 3699 1325 3768 Spiritum
1367 3714 1560 3752 meum.
1614 3696 1782 3753 Grad.

189 3793 467 3851 Protector
492 3805 686 3850 noster.
729 3792 974 3859 Oremus,
1012 3793 1131 3847 sine
1172 3789 1497 3846 Flectamus.
1531 3789 1638 3845 Illo
1664 3808 1779 3854 nos,

187 3902 512 3957 quintumut,
546 3885 789 3951 Domine,
826 3886 966 3954 igne.
1002 3883 1191 3938 Lectio
1238 3883 1362 3936 libri
1400 3881 1664 3936 Levitici:
1714 3880 1783 3936 In

185 3979 369 4033 diebus
398 3976 506 4033 illis
533 3975 740 4033 locutus
768 3986 844 4030 est
875 3975 1136 4030 Dominus
1170 3975 1240 4029 ad
1283 3973 1523 4044 Moysen,
1559 3973 1739 4030 dicens
1759 3988 1781 4028 .'

187 4065 423 4140 Loquere
447 4067 576 4138 filiis
619 4065 812 4122 Israel.
843 4066 1012 4121 Grad.
1049 4065 1338 4137 Propitius.
1389 4063 1635 4129 Oremus,
1663 4065 1782 4121 sine

184 4157 510 4214 Flectamus.
539 4159 682 4215 Deus
715 4159 806 4231 qui
843 4159 912 4213 ad
952 4159 1251 4212 animarum
1278 4157 1555 4212 medelam.
1593 4157 1782 4214 Lectio

136 4234 145 4240 I
183 4251 308 4309 libri
335 4252 738 4309 Deuteronomii
763 4270 776 4306 :
806 4251 956 4307 Dixit
981 4251 1186 4322 Moyses
1211 4265 1228 4302 :
1260 4251 1420 4314 Audi,
1441 4250 1633 4318 Israel,
1659 4267 1780 4324 qua:

183 4361 278 4416 ego
302 4345 551 4416 principio
587 4345 704 4401 tibi.
743 4343 909 4399 Grad.
940 4343 1211 4408 Converte,
1254 4342 1495 4396 Domine.
1529 4340 1776 4408 Oremus,

182 4437 302 4490 sine
319 4430 646 4490 Flectamus.
668 4431 899 4498 Prtesta,
913 4448 1236 4503 qua'sumus,
1260 4433 1586 4502 omnipotens
1605 4431 1775 4495 Deus,

181 4538 240 4583 ut
263 4527 608 4584 sccularibus
627 4527 847 4600 jejuniis
879 4527 1093 4582 eruditi.
1137 4527 1321 4582 Lectio
1345 4526 1473 4582 libri
1500 4528 1726 4584 Levitici
1756 4549 1769 4584 :

1913 1984 2247 2044 prtepararet
2273 1977 2523 2046 exemplo
2549 1993 2661 2032 sua:
2703 1984 3155 2048 conuersationis,
3185 1986 3276 2055 qui
3315 1989 3507 2044 trium-

1911 2065 2054 2134 phus
2107 2064 2412 2123 celebratur
2459 2070 2511 2123 in
2566 2069 2743 2141 \‘igilia
2783 2071 3044 2142 ejusdem.
3119 2075 3225 2131 Per
3258 2080 3505 2136 ministe-

1911 2157 2053 2212 rium
2097 2157 2353 2230 baptismi
2401 2161 2598 2216 elaruit
2654 2165 2708 2219 in
2749 2165 2939 2236 signis.
3009 2165 3176 2236 llnjus
3213 2172 3502 2228 ministerii

1908 2249 2219 2321 triumphus
2251 2253 2302 2307 in
2331 2255 2506 2324 prima
2550 2257 2716 2312 missa
2751 2258 3027 2312 ret-olitur.
3077 2259 3355 2320 Nazareus
3375 2279 3500 2334 per-

1905 2343 2109 2396 mansit
2130 2357 2198 2398 ex
2224 2353 2381 2400 utero
2405 2350 2629 2403 matris:
2656 2350 2761 2405 hoc
2791 2350 2991 2405 donum
3019 2357 3277 2409 reeotitur
3311 2358 3498 2414 indie.

2473 2457 2702 2516 CAPUT
2726 2461 2916 2517 XXXI.

2123 2558 2148 2586 θ
2179 2563 2248 2602 ωε
2274 2564 2564 2607 κουικιβυε
2589 2568 2840 2615 ρυλτυοκ
2863 2571 3280 2618 (τοκοκηοκυι.

1975 2635 2224 2705 Quatuor
2245 2639 2643 2699 Coronatorum
2665 2649 2884 2702 nomina
2908 2651 3023 2706 δεῖξε
3043 2666 3170 2710 sunt
3193 2675 3206 2709 :
3233 2657 3494 2728 Severus,

1903 2723 2253 2796 Severianus,
2279 2731 2593 2791 Victorinus
2626 2747 2681 2791 et
2707 2737 3108 2810 Carpophorus.
3134 2746 3376 2816 Quorum
3398 2723 3497 2806 no;

1901 2819 2074 2919 mina,
2125 2829 2183 2875 et
2219 2823 2338 2879 dies
2368 2825 2566 2882 natalis
2595 2843 2695 2898 per
2739 2831 3007 2889 incuriam
3050 2839 3351 2909 neglectus,
3393 2844 3497 2900 mi-

1899 2912 2566 2984 nime-reperiripoterat:
2600 2919 2723 2975 ideo
2750 2930 3011 2979 statutum
3027 2937 3133 2994 est,
3150 2932 3277 2984 utin
3301 2945 3493 2988 eorum

1897 2998 2130 3056 ecclesia
2149 3003 2388 3075 quinque
2417 3015 2740 3066 caeterorum
2769 3025 3082 3072 sanctorum
3112 3021 3204 3090 qui
3242 3021 3298 3076 in
3325 3024 3490 3082 missa

1900 3091 2226 3160 recitantur,
2266 3098 2466 3155 natalis
2512 3103 2840 3170 celebretur,
2884 3108 2937 3163 id
2977 3119 3082 3177 est,
3124 3112 3359 3182 Claudii,
3398 3117 3492 3172 Ni-

1897 3185 2144 3251 costrati,
2185 3185 2590 3259 Symphoriaui,
2621 3194 2855 3252 Castorii
2886 3208 3052 3270 atque
3092 3202 3384 3276 Simplicii,
3425 3219 3489 3267 ut

1891 3289 2020 3330 cum
2067 3275 2186 3334 istis
2220 3296 2412 3336 eorum
2449 3299 2667 3355 quoque
2713 3293 2974 3348 memoria
3027 3275 3239 3366 pariter
3289 3305 3483 3356 lieret:

1889 3379 2078 3440 postea
2119 3390 2251 3432 vero
2278 3393 2467 3434 eorum
2493 3385 2712 3440 nomina
2741 3388 2982 3445 revelata
3013 3401 3160 3448 sunt.
3211 3392 3486 3452 Solemni-

1891 3470 1977 3518 tas
2007 3471 2209 3532 tamen,
2251 3476 2311 3522 ut
2339 3479 2544 3526 statuta
2572 3473 2771 3544 Γίιεδηι,
2804 3477 2859 3532 in
2890 3480 3123 3538 aliorum
3169 3497 3484 3544 sanctorum

1889 3557 2109 3614 nomine
2134 3559 2364 3617 celebris
2391 3568 2708 3632 permansit.

2448 3675 2678 3733 CAPUT
2705 3680 2917 3737 XXX".

2099 3762 2128 3803 ⁸
2169 3781 2235 3820 οε
2259 3781 2634 3825 somnum":
2668 3787 2877 3828 ouuwu
2917 3791 3255 3835 saneronuu.

1957 3852 2235 3923 Scriptum
2264 3865 2350 3912 est
2379 3859 2433 3911 in
2479 3863 2647 3930 gestis
2685 3864 3113 3934 Pontiticalihus,
3145 3871 3290 3940 quod
3315 3889 3474 3930 sanc-

1883 3953 1974 4000 tus
1991 3944 2305 4003 Bonifacius
2327 3964 2464 4020 papa
2499 3954 2792 4022 quamdam
2826 3958 3045 4014 domum
3078 3960 3288 4029 Romus,
3327 3961 3471 4021 Pan-

1882 4045 2039 4100 theon
2082 4046 2321 4109 nomine,
2354 4063 2477 4117 qua:
2520 4059 2641 4104 erat
2666 4065 2986 4109 consecrata
3015 4058 3072 4110 in
3101 4058 3306 4115 honore
3348 4078 3471 4117 om-

1881 4136 2036 4190 nium
2090 4137 2502 4203 dmmoniorum,
2555 4142 2848 4200 eliminatis
2881 4150 3133 4204 onmibus
3176 4155 3472 4221 spurcitiis,

1881 4226 2182 4284 sacraverit
2205 4227 2492 4284 ecclesiam
2530 4231 2585 4287 in
2622 4233 2830 4292 honore
2864 4248 3067 4294 sanctze
3107 4240 3203 4296 Dei
3227 4241 3470 4301 Genitri-

1879 4317 1980 4382 eis,
2018 4319 2372 4392 omniumque
2398 4322 2743 4381 Sanctorum.
2789 4328 2946 4385 Unde
2976 4334 3330 4391 constitutum
3357 4346 3467 4406 est,

1878 4419 1939 4465 ut
1966 4411 2120 4480 plebs
2146 4416 2399 4475 universa
2430 4433 2528 4490 per
2553 4429 2724 4478 totum
2761 4427 2952 4480 orbem
2987 4427 3042 4482 in
3067 4424 3322 4486 Kalendis
3350 4430 3463 4488 No-

1876 4503 2212 4570 vembribus,
2255 4507 2398 4563 sicut
2439 4508 2493 4564 in
2523 4510 2609 4565 die
2654 4512 2851 4568 natalis
2890 4514 3127 4583 Domini,
3176 4519 3246 4575 ad
3288 4523 3465 4579 eccle-

182 4619 250 4677 In
275 4622 457 4678 diebus
477 4621 605 4688 illis,
797 4621 1055 4676 Dominus
1084 4623 1154 4675 ad
1181 4619 1399 4692 Moysen
1421 4635 1442 4673 :
1471 4621 1536 4677 Si
1559 4622 1614 4677 in
1641 4639 1774 4692 pro.»
1797 4611 1849 4672 υ
1877 4593 2013 4692 Si?"
2046 4595 2103 4692 i"_
2147 4597 2354 4654 honore
2388 4602 2632 4656 omnium
2680 4603 3026 4673 δωιειθηιω,
3057 4609 3126 4665 ad
3170 4610 3465 4670 missarum

180 4715 338 4788 septis
361 4715 491 4771 meis
516 4713 931 4771 ambularet-itis.
973 4712 1141 4768 Grad.
1176 4712 1472 4784 Dirigatur.
1522 4711 1767 4781 Oremus,

181 4808 298 4864 sine
317 4805 644 4863 Flectamus.
676 4807 904 4869 Pratsta.
920 4821 1240 4877 qtuesumus,
1259 4805 1584 4878 omnipotens
1605 4804 1766 4870 Deus,

182 4901 258 4957 sic
286 4918 380 4956 nos
409 4900 476 4955 ab
495 4899 664 4971 epulis
685 4897 987 4954 carnalibus
1010 4897 1289 4952 abstinere.
1317 4895 1506 4953 Lectio
1524 4897 1766 4953 Danielis

181 4992 484 5062 propheta:
514 4989 582 5044 In
609 4989 790 5044 diebus
829 4987 960 5052 illis,
987 4987 1204 5059 angelus
1245 4987 1461 5041 Domini
1499 4987 1768 5043 descendit

179 5098 297 5136 cum
352 5081 568 5136 Asaria.
624 5079 935 5136 Benedictus
985 5094 1059 5134 es.
1111 5077 1262 5132 llanc
1310 5075 1764 5146 benedictionem,

180 5172 325 5228 nulla
350 5173 574 5229 collecta
600 5171 943 5242 interposita,
969 5171 1236 5240 sequitur,
1265 5165 1448 5224 Gloria
1478 5169 1532 5223 in
1551 5168 1768 5224 excelsis

179 5261 307 5325 Deo.
336 5262 408 5317 ob
433 5260 835 5317 solemnitatem
878 5258 1248 5315 Pentecostes.
1285 5259 1491 5317 Deinde
1525 5259 1762 5316 dicitur:

179 5352 321 5408 Deus
363 5352 456 5425 qui
501 5351 668 5410 tribus
705 5352 902 5423 pueris.
945 5349 1132 5406 Lectio
1158 5352 1413 5424 Epistblze
1437 5352 1582 5408 beati
1612 5351 1765 5408 Pauli

178 5443 405 5516 apostoli
435 5444 504 5500 ad
545 5443 862 5500 Romanos:
915 5441 1161 5510 Fratres,
1199 5443 1490 5516 justiﬁcati
1532 5460 1600 5498 en
1632 5443 1759 5513 ﬁde.

178 5535 330 5594 Αιιοι.
355 5532 658 5593 Paraclitus
687 5535 935 5608 Spiritus.
964 5535 1314 5609 Evangelium
1338 5535 1634 5593 secundum
1662 5534 1766 5591 Lu-

245 5704 274 5734 ⁸
301 5689 611 5747 Amalarius
635 5689 741 5748 loc.
778 5691 869 5746 cit.
903 5692 957 5746 in
981 5690 1107 5748 line.

249 5761 278 5803 δ
469 5761 766 5837 capitulum
798 5763 948 5837 citat
996 5764 1268 5837 integrum
1318 5762 1473 5837 llugo
1517 5763 1758 5820 Menard.

182 5841 292 5892 not.
317 5831 443 5891 “8.
472 5829 574 5892 Vill
598 5833 774 5889 Amal.
798 5829 921 5888 libr.
953 5849 1036 5901 Ill,
1062 5829 1183 5906 cap.
1218 5835 1307 5892 58.

1878 4686 2140 4742 solemnia
2181 4692 2472 4746 convenire
2520 4694 2774 4749 studeat:
2824 4696 2955 4752 illud
2991 4699 3354 4767 attendentes,
3405 4714 3469 4760 ut

1877 4777 2139 4848 quidquid
2173 4779 2442 4852 fragilitas
2468 4784 2701 4840 humana
2728 4801 2827 4856 per
2853 4789 3216 4858 ignorantiam
3241 4804 3338 4850 aut
3365 4813 3464 4853 ne-

1877 4870 2191 4942 gligentiam
2227 4874 2281 4928 in
2306 4873 2740 4932 solemnitatibus
2762 4889 3077 4937 sanctorum
3103 4884 3280 4942 minus
3303 4888 3463 4959 plene

1875 4967 2194 5037 peregisset,
2227 4965 2281 5021 in
2307 4967 2408 5022 hac
2426 4979 2632 5025 sancta
2657 4972 3041 5031 observatione
3061 4977 3386 5036 solveretur.

2312 5077 2481 5153 590
2519 5079 2748 5138 CAPUT
2774 5083 3014 5141 xxxm.

2142 5185 2167 5215 ο
2198 5189 2266 5229 nr.
2291 5188 2650 5240 orrearomo,
2683 5173 2780 5230 Vir
2803 5189 2916 5232 erat
2941 5179 2998 5233 in
3026 5187 3193 5235 terra.

1942 5263 2118 5322 Verba
2155 5264 2416 5320 historica
2461 5265 2813 5322 continentur
2855 5267 2912 5322 in
2944 5267 3261 5341 olfertorio;
3289 5275 3459 5332 verba

1867 5354 1971 5411 Job
2023 5354 2213 5426 πει-οῦ
2269 5361 2328 5409 et
2387 5354 2623 5411 dolentis
2679 5359 3030 5416 continentur
3075 5377 3130 5416 in
3185 5365 3458 5424 versibus.

1870 5445 2154 5518 Egrotus,
2183 5445 2341 5516 cujus
2359 5445 2631 5501 anhelitus
2665 5462 2774 5504 non
2814 5457 2900 5505 est
2927 5466 3114 5516 sanus,
3146 5469 3322 5529 neque
3346 5457 3459 5516 for-

1869 5539 1960 5606 tis,
2009 5537 2148 5594 solet
2185 5537 2348 5594 verba
2375 5536 2694 5611 imperfecta
2717 5541 2917 5611 saepius
2963 5553 3230 5620 repetere.
3280 5547 3456 5609 Oﬁeii

1944 5703 1967 5732 ε
1996 5691 2118 5748 Vid.
2150 5690 2488 5761 leuat-dum,
2515 5703 2630 5751 not.
2658 5695 2785 5753 499.

1939 5762 1967 5802 ἀ
2001 5763 2420 5843 Yid._wmdem,
2443 5775 2556 5823 not.
2596 5766 2723 5832 493,
2752 5776 2815 5843 et
2835 5771 2992 5843 epist.
3033 5771 3096 5828 9t
3124 5771 3361 5833 limini.

1946 5844 1970 5872 ο
1994 5835 2303 5892 Amalarius
2330 5837 2454 5894 libr.
2485 5854 2567 5907 nt,
2604 5853 2725 5910 cap.
2755 5839 2846 5895 39.
