4092 6514
494 363 622 416 1231

1339 355 1398 409 Β.
1443 357 1504 408 F.
1546 352 1770 409 ALBINI
1812 353 1940 408 SEU
1980 351 2255 406 ALCl'lNl
2295 348 2582 404 Ol’l‘lllL'll
2622 345 2802 400 PARS
2844 345 2932 398 IX.

3629 342 3773 398 l232

487 475 697 533 auctor,
739 477 800 521 ut
834 464 1145 521 all‘ectanter
1189 465 1342 518 nobis
1387 467 1457 517 ad
1485 463 1801 518 memoriam
1841 462 2066 516 reduce-
2098 464 2144 520 Α
2175 469 2298 512 octo
2346 460 2545 528 gradus
2591 457 2756 512 divini
2807 455 3114 516 ministerii,
3165 455 3230 508 de
3276 454 3471 523 quibus
3516 453 3770 511 fortassis

488 570 572 615 ret
606 565 966 628 aegrotantem
1010 551 1147 618 Job,
1198 552 1451 622 repetivit
1478 553 1675 620 saepius
1711 550 1878 604 verba
1921 560 2076 601 more

488 647 696 718 aegroti.
736 645 792 700 lu
831 643 1110 699 oﬁ'ertorio
1142 657 1249 697 non
1288 651 1416 696 sunt
1454 642 1618 694 verba
1649 639 1906 709 repetita,
1947 639 2074 707 quia

487 737 802 800 historicus,
859 734 1107 789 scribens
1141 732 1450 796 historiam,
1503 745 1612 785 non
1664 729 1982 800 mgrotabat.
2018 726 2075 781 In

489 827 737 882 versibus
774 823 1020 895 praedicti
1062 822 1325 879 ol'l'ertorii
1357 821 1704 892 duplicantur
1750 821 1864 875 sive
1902 819 2077 888 tripli-

491 928 686 976 cantur
724 933 787 973 ac
815 917 1245 987 multiplicantur
1272 916 1457 970 verba.
1493 913 1593 969 Job
1623 913 1726 967 luit
1757 911 2080 967 mirabiliter

492 1011 813 1086 llagellatus,
844 1019 897 1065 et
925 1009 1249 1064 mirabiliter
1274 1023 1338 1061 ac
1369 1006 1717 1076 singulariter
1745 1004 1890 1059 inter
1937 1003 2079 1057 anti-

501 1121 638 1174 quos
685 1103 872 1157 Patres
911 1100 1140 1155 victoria
1180 1099 1455 1168 patientiae
1497 1097 1766 1152 laudatus.
1799 1097 1924 1151 ldeo
1970 1111 2076 1150 non

504 1196 760 1250 abhorret
789 1211 818 1246 a
847 1208 998 1258 vero,
1040 1193 1083 1245 si
1115 1191 1222 1246 alio
1258 1191 1418 1245 modo
1445 1189 1745 1259 composita
1773 1188 1886 1242 sint
1913 1187 2077 1242 verba

502 1305 599 1342 sua
648 1303 745 1358 per
772 1303 898 1341 suos
941 1300 1151 1350 versus,
1185 1285 1238 1339 in
1284 1284 1483 1354 quibus
1522 1283 1635 1350 ipse
1662 1282 1873 1337 videtur
1909 1280 2077 1350 loqui,

498 1399 660 1449 quam
690 1393 1010 1437 czcterorum
1047 1394 1323 1433 versuum.
1351 1377 1453 1432 Job
1484 1378 1625 1432 sicut
1653 1377 1861 1431 cithara
1888 1390 2082 1445 percu-

493 1475 749 1537 tiebatur,
784 1473 838 1526 id
867 1479 972 1536 est,
1000 1471 1108 1524 cita
1134 1468 1422 1524 iteratione
1445 1468 1600 1522 dolor
1623 1467 1862 1522 dolorem
1887 1481 2083 1535 seque«

497 1564 677 1627 batur,
694 1563 888 1616 vulnus
904 1561 1116 1615 vulnus.
1130 1559 1402 1614 Prasente
1416 1557 1751 1628 nugigerulo,
1767 1557 1906 1611 alter
1919 1559 2084 1612 intra-

498 1654 610 1706 bat.
627 1652 888 1707 Couvicto
915 1668 1021 1707 uno
1050 1666 1176 1720 rege
1197 1650 1519 1722 objurgaate
1549 1650 1788 1714 se,illico
1805 1649 1939 1704 alter
1957 1665 2083 1704 suc—

2182 551 2429 606 l-Zzechiel
2458 551 2721 620 propheta
2768 550 2820 602 in
2859 548 3086 618 mystica
3129 548 3313 619 templi
3343 550 3548 606 visione
3586 551 3767 606 dicit:

2180 640 2250 695 Et
2288 641 2345 694 in
2387 650 2502 694 octo
2529 639 2779 710 gradibus
2813 656 3059 693 ascensus
3091 640 3207 708 ejus
3260 640 3480 710 (Ezech.
3529 657 3618 707 ιι,
3671 641 3768 704 54,

2177 733 2289 803 57).
2328 731 2481 787 Nunc
2522 732 2809 788 dicendum
2847 741 2932 787 est
2967 732 3033 786 de
3062 732 3313 803 singulis,
3344 741 3402 788 et
3432 733 3564 804 quid
3603 731 3772 793 cilicii

2179 825 2463 889 haberent,
2494 824 2734 879 breviter
2765 824 3148 879 intimandum.

2252 916 2474 971 Ostiarii
2503 926 2678 981 erant,
2709 917 2802 986 qui
2825 907 2881 972 et
2899 917 3081 972 aeditui
3109 917 3191 973 vel
3211 917 3476 990 ianitores
3505 920 3772 974 vocaban-

2179 1021 2290 1067 tur.
2341 1012 2432 1076 Ili,
2465 1020 2527 1066 ut
2568 1013 2622 1066 in
2653 1012 2792 1066 libro
2835 1010 3284 1082 Paralipomenon
3329 1014 3528 1086 legitur
3559 1034 3572 1069 :
3598 1015 3775 1069 Erant

2176 1118 2334 1173 super
2364 1102 2584 1156 exedras
2613 1112 2662 1156 et
2687 1103 2960 1158 thesauros
2994 1102 3180 1157 domus
3225 1103 3459 1170 Domini,
3488 1115 3536 1159 et
3561 1122 3653 1175 per
3676 1123 3775 1174 gy-

2181 1211 2298 1248 rum
2327 1192 2670 1248 morabantur
2691 1195 2748 1247 in
2769 1193 3021 1248 custodiis
3050 1197 3163 1249 suis
3186 1192 3397 1265 (Paral.
3431 1212 3507 1261 Ix,
3531 1195 3619 1262 26,
3651 1196 3774 1265 27),

2177 1286 2536 1341 observantes
2589 1293 2650 1340 ut
2691 1286 2872 1340 nullus
2921 1286 3232 1344 immundus
3260 1286 3517 1357 templum
3559 1288 3654 1343 Dei
3681 1289 3765 1343 in-

2181 1384 2372 1433 traret.

2251 1470 2530 1526 Lectorum
2578 1471 2714 1527 ordo
2767 1469 2998 1526 formam
3049 1479 3107 1526 et
3154 1471 3370 1526 initium
3416 1487 3448 1526 a
3491 1472 3777 1543 prophetis

2181 1562 2412 1633 accepit.
2458 1559 2598 1616 Sunt
2627 1562 2791 1633 igitur
2815 1561 3067 1628 lectores,
3099 1561 3192 1633 qui
3220 1563 3447 1618 verbum
3483 1561 3578 1618 Dei
3626 1577 3772 1633 pra:-

2182 1653 2386 1717 dicant,
2464 1651 2663 1720 quibus
2716 1649 3192 1717 dicitur:Clama,
3263 1668 3326 1706 ne
3383 1653 3774 1724 ωακεφιαεὶ

496 1744 741 1798 cedebat.
772 1743 1044 1813 Multiplex
1077 1742 1178 1798 fuit
1198 1743 1314 1812 ejus
1340 1743 1514 1808 dolor,
1544 1751 1600 1796 et
1619 1743 1916 1797 secundum
1945 1741 2083 1796 mul—
2183 1742 2308 1797 tuba
2343 1740 2520 1796 exaltu
2547 1758 2720 1796 vocem
2743 1751 2892 1796 tuam
2927 1741 3064 1812 (Isa.
3093 1758 3249 1807 tvm,
3282 1743 3357 1814 l).

494 1838 782 1892 titudinem
813 1835 1036 1902 doloris,
1061 1837 1330 1892 anhelitus
1361 1835 1620 1890 deficiens
1643 1837 1838 1906 saepius
1869 1845 2080 1906 repete-
2112 1814 2158 1876 Β
2254 1831 2552 1886 Exoreista?
2599 1840 2775 1898 erant,
2809 1834 2902 1902 qui
2932 1833 3272 1899 exorcismis,
3305 1833 3359 1889 id
3405 1841 3512 1900 est,
3557 1834 3775 1908 adjura-

494 1929 608 1984 bat.
643 1927 791 1983 Solet
815 1927 959 1981 enim
990 1937 1178 1982 auctor
1213 1928 1573 1998 autiphonarii
1611 1937 1704 1982 aut
1732 1927 2082 1983 distinctione

492 2029 708 2082 cantus,
759 2030 851 2074 aut
895 2019 1245 2075 distinctione
1291 2020 1520 2085 ordinis,
1568 2020 1778 2074 varium
1827 2018 2082 2076 allectum

496 2123 799 2170 monstrare
834 2123 1185 2168 sanctorum:
1227 2115 1364 2168 sicut
1403 2115 1469 2168 de
1509 2112 1719 2168 Joanne
1769 2114 2081 2186 Symmysta

495 2207 624 2259 fecit
664 2222 763 2276 per
792 2221 1042 2259 neumam
1069 2207 1216 2259 circa
1264 2206 1598 2260 intellectum
1645 2206 1958 2271 verborum,
1989 2222 2080 2260 sa-

494 2297 704 2365 piemiw
731 2305 787 2349 et
829 2295 1145 2360 intellectus,
1193 2297 1247 2350 in
1278 2298 1641 2367 rcsponsorio,
1671 2296 1736 2351 In
1766 2297 1937 2351 medio
1976 2295 2088 2350 Ec-

496 2389 688 2444 clesia'.
722 2391 778 2446 ln
820 2405 927 2459 quo
956 2389 1357 2458 quodammodo
1388 2389 1631 2442 imitatur
1677 2387 1901 2444 verbum
1946 2386 2086 2442 inef—

497 2480 678 2546 fabile,
727 2481 792 2540 de
836 2480 1241 2550 quodicebat:
1278 2478 1345 2532 In
1386 2479 1643 2549 principio
1677 2490 1791 2533 erat
1849 2478 2081 2534 uerbum.

496 2571 566 2625 Et
596 2572 733 2626 sicut
764 2571 893 2627 fecit
918 2572 972 2625 in
995 2572 1183 2626 ordine
1208 2570 1388 2632 ollicii,
1417 2571 1562 2639 quod
1585 2570 1801 2624 canitur
1828 2569 1894 2624 de
1920 2571 2087 2624 missa

488 2663 889 2728 Innocentium,
929 2664 982 2717 in
1019 2678 1127 2732 quo
1163 2661 1525 2727 subtrahitur,
1551 2660 1735 2716 Gloria
1780 2662 1836 2714 in
1864 2661 2084 2716 excelsis

498 2756 632 2822 Deo,
668 2765 715 2811 et
764 2754 1015 2820 Alleluia,
1049 2764 1271 2826 propter
1299 2754 1659 2824 plorationcm
1705 2753 1931 2821 Rachel,
1963 2757 2086 2825 qua

499 2847 554 2901 iu
581 2847 754 2918 ﬁgura
783 2847 1065 2916 prtecessit
1090 2845 1284 2899 matris
1311 2854 1511 2900 nostrae
1548 2853 1754 2900 saneta:
1783 2844 2042 2901 Ecclesiae
2068 2864 2081 2900 :

498 2946 594 2993 aut
629 2940 752 3008 quia
783 2947 992 3010 tempus
1023 2945 1160 3003 erat,
1194 2951 1302 3007 quo
1336 2946 1469 3009 tunc
1501 2937 1570 2990 ad
1596 2935 1796 2990 inferni
1843 2935 2085 2992 claustra

499 3029 902 3086 descemlebant
931 3029 1094 3100 passi,
1127 3037 1182 3084 et
1205 3029 1603 3099 exspectabant
1639 3027 1849 3098 antiqui
1893 3027 2086 3085 Patres

498 3124 700 3180 Christi
728 3126 1068 3182 descensum.

1044 3215 1271 3272 CAPUT
1302 3215 1541 3271 XXXIV.

751 3324 818 3363 DE
856 3324 1147 3364 DIGNITATE
1180 3321 1570 3362 ECCLESIASTICI
1602 3322 1831 3362 DRDINIS.

572 3397 814 3470 Dignitas
840 3398 1197 3454 ecclesiastici
1221 3397 1428 3453 ordinis
1455 3399 1524 3454 ab
1558 3398 1678 3468 ipso
1697 3398 1880 3453 Aaron
1906 3399 2085 3469 primo

501 3491 783 3545 sacerdote
828 3504 1022 3544 causas
1061 3497 1116 3543 et
1149 3488 1410 3557 originem
1440 3489 1604 3543 ducit.
1641 3489 1856 3545 Primus
1905 3499 2086 3547 autem

503 3581 722 3645 dicitur,
770 3590 1035 3649 quantum
1091 3579 1159 3633 ad
1201 3579 1617 3634 ordinationem.
1678 3579 1812 3634 Nam
1868 3581 2090 3636 fuerunt

503 3681 630 3726 ante
677 3683 799 3724 eum
831 3671 921 3724 alii
953 3671 1284 3735 sacerdotes,
1317 3678 1375 3725 ut
1405 3670 1795 3727 Melchisedech
1835 3673 2088 3728 sacerdos

505 3762 601 3816 Dei
622 3759 845 3825 excelsi,
871 3761 963 3830 qui
992 3761 1101 3815 Deo
1134 3775 1328 3831 panem
1356 3769 1412 3815 et
1441 3763 1624 3815 vinum
1654 3760 1912 3829 oll'erens,
1937 3763 2082 3828 novi,

505 3860 610 3913 hoc
638 3865 738 3920 est,
767 3855 1062 3931 evangelici
1106 3855 1357 3909 sacriﬁcii
1401 3856 1618 3909 modum
1661 3855 2089 3926 qualitatemque

507 3949 852 4020 signiﬁcavit.
918 3946 1192 4001 Abraham
1240 3962 1475 4016 quoque,
1523 3947 1675 4001 Isaac
1722 3956 1778 4001 et
1812 3945 2000 4014 Iacob,
2032 3956 2089 4002 et

505 4039 660 4093 multi
711 4047 858 4103 ante,
899 4045 958 4091 ut
982 4036 1116 4091 Abel
1155 4045 1208 4090 et
1244 4036 1378 4102 Noe,
1424 4037 1535 4090 Deo
1580 4037 1785 4092 hostias
1828 4037 2090 4094 obtulisse

508 4131 764 4185 dicuntur
789 4146 802 4194 ;
833 4129 926 4184 sed
956 4127 1135 4182 nullus
1161 4142 1349 4182 eorum
1377 4128 1660 4183 ordinatus
1690 4127 1774 4181 vel
1804 4143 2090 4184 consecra-

509 4233 598 4278 tus
627 4223 680 4276 in
711 4221 1095 4285 sacerdotium,
1127 4235 1301 4289 neque
1330 4220 1504 4274 sacris
1544 4229 1599 4275 et
1644 4221 1886 4292 mysticis
1925 4223 2091 4276 vesti-

507 4315 611 4371 bus
640 4315 854 4369 indutus
875 4312 1043 4369 fuisse
1068 4313 1363 4377 invenitur,
1385 4312 1488 4367 nisi
1510 4312 1717 4379 Aaron,
1740 4314 1832 4382 qui
1857 4315 2087 4384 primus,

505 4407 730 4475 iubente
755 4405 1007 4471 Domino,
1046 4404 1166 4460 oleo
1200 4413 1390 4460 sancto
1416 4405 1668 4460 inunctus
1693 4415 1747 4461 et
1775 4409 2089 4464 sacerdota-

509 4499 652 4552 libus
700 4496 939 4551 vestibus
987 4494 1293 4551 decoratus.
1342 4495 1588 4550 Tradunt
1634 4505 1817 4552 autem
1853 4498 2086 4567 Hebraai,

510 4590 654 4660 quod
681 4597 806 4642 ante
833 4587 1014 4641 Aaron
1045 4587 1389 4658 primogeniti
1419 4596 1602 4642 essent
1626 4590 1953 4646 sacerdotes.
1988 4591 2092 4647 De-

511 4684 672 4751 nique
697 4679 1088 4734 Melchisedech
1111 4686 1396 4732 autumant
1418 4677 1584 4733 fuisse
1619 4677 1745 4734 Sem
1773 4683 2097 4754 primogeni—

513 4784 628 4827 tum
661 4772 792 4836 Noe,
825 4772 1162 4824 sacerdotem
1190 4769 1285 4823 Dei
1311 4769 1527 4825 excelsi.
1559 4769 1639 4823 Ex
1668 4771 1920 4826 omnibus
1948 4775 2095 4830 enim

513 4863 761 4918 tribubus
811 4860 973 4914 Israel
1004 4860 1167 4930 elegit
1195 4861 1337 4914 Deus
1365 4860 1563 4914 tribum
1602 4859 1750 4921 Levi.
1793 4869 1849 4915 et
1881 4877 1947 4916 ex
1992 4865 2096 4921 hac

516 4951 655 5004 tribu
697 4950 856 5019 elegit
882 4950 1062 5002 Aaron
1101 4962 1370 5003 summum
1409 4949 1755 5018 pontiﬁcem;
1784 4949 1923 5006 ﬁlios
1963 4968 2093 5010 vero

514 5045 630 5114 eius
669 5043 895 5097 minoris
945 5032 1148 5111 gradus
1192 5041 1274 5096 vel
1303 5042 1530 5106 ordinis,
1567 5058 1703 5111 quos
1749 5044 2093 5115 presbyteros

517 5135 868 5205 appellamus.
907 5131 1144 5186 Caeteros
1180 5133 1232 5186 in
1257 5132 1442 5186 eadem
1483 5133 1627 5186 tribu
1659 5136 1898 5203 generali
1930 5152 2090 5192 voca-

515 5229 642 5282 bulo
667 5226 884 5281 Levitas
913 5233 1247 5293 nuncupant,
1299 5223 1526 5278 diversis
1551 5224 1806 5293 gradibus
1845 5235 1898 5281 et
1933 5227 2093 5282 mini-

515 5318 696 5373 steriis
726 5315 1014 5385 delegatos.
1042 5314 1269 5379 Quidam
1299 5313 1442 5367 enim
1475 5327 1537 5367 ex
1577 5314 1706 5382 ipsis
1733 5325 1888 5370 erant
1920 5318 2088 5372 ostia-

519 5411 604 5471 rii,
652 5417 706 5461 et
734 5406 789 5460 hi
835 5414 991 5458 erant
1021 5404 1075 5458 in
1114 5404 1289 5472 primo
1332 5412 1384 5457 et
1432 5403 1485 5456 in
1517 5403 1758 5460 inferiori
1798 5406 2005 5476 gradu;
2035 5408 2088 5461 in

517 5499 751 5555 secundo
804 5495 1068 5559 lectores;
1107 5495 1160 5546 in
1208 5496 1368 5546 tertio
1424 5495 1744 5560 exorcistte;
1788 5495 1846 5549 in
1896 5506 2091 5566 quarto

519 5590 709 5660 acolyti
735 5605 748 5653 ;
779 5589 830 5642 in
861 5590 1050 5658 quinto
1091 5587 1402 5641 subdiaconi
1429 5603 1442 5652 ;
1478 5588 1532 5640 in
1572 5598 1726 5643 sexto
1759 5591 2008 5656 diaconi;
2039 5592 2090 5645 in

520 5683 744 5750 septimo
774 5678 1072 5748 presbyteri
1100 5694 1114 5740 ;
1139 5677 1192 5731 in
1220 5692 1493 5747 supremo,
1525 5679 1893 5737 excellentiori
1922 5684 2090 5752 gradu

521 5774 753 5846 episcopi
800 5772 912 5826 sive
939 5770 1222 5840 pontiﬁces
1263 5771 1537 5825 constituti
1592 5781 1767 5827 erant.
1823 5773 1887 5828 Hi
1939 5785 2095 5828 erant

2105 3169 2157 3235 (Ξ

2156 1925 2421 1986 ..tionibus
2451 1940 2483 1978 a
2518 1923 2810 1981 Salomone
2840 1929 3173 1997 compositis,
3214 1927 3491 1984 daemones
3519 1930 3586 1984 ab
3613 1945 3772 1984 ener-

2184 2016 2433 2087 gumenis
2485 2015 2814 2088 ell‘ogabant,
2871 2019 3062 2088 quales
3125 2019 3379 2090 leguntur
3435 2021 3491 2076 in
3547 2020 3775 2076 Actibus

2183 2108 2564 2179 Apostolorum
2589 2109 2757 2165 fuisse
2784 2119 2992 2181 septem
3022 2112 3118 2167 ﬁlii
3145 2111 3331 2169 Sceva:
3366 2112 3506 2186 (Act.
3535 2129 3649 2179 xix,
3679 2113 3774 2178 l3,

2186 2199 2298 2272 ιι).

2255 2291 2461 2362 Acolyti
2487 2301 2664 2358 erant,
2695 2295 2787 2365 qui
2814 2278 3162 2353 tabernaculo
3183 2297 3280 2354 Dei
3308 2298 3548 2356 lucernis
3579 2315 3776 2357 acoen-

2184 2381 2375 2438 dendis
2424 2394 2729 2454 praeerant,
2774 2385 2930 2457 juxta
2982 2391 3129 2458 quod
3177 2390 3232 2444 in
3287 2391 3476 2448 Exodo
3533 2393 3772 2464 legitur:

2187 2470 2425 2543 Prwcipe
2453 2474 2580 2543 ﬁliis
2603 2474 2799 2543 Israel,
2823 2488 2878 2530 ut
2910 2479 3139 2548 aferant
3163 2480 3257 2535 tibi
3283 2481 3456 2537 oleum
3486 2481 3551 2536 de
3575 2483 3778 2537 arbori-

2187 2564 2280 2618 bus
2331 2564 2588 2620 olivarum
2639 2567 3004 2637 purissimum,
3056 2569 3264 2641 piloque
3316 2581 3617 2640 contusum,
3663 2582 3772 2628 etc.

2186 2658 2386 2731 (Exod.
2410 2677 2583 2726 xxvu,
2606 2660 2720 2733 20).
2745 2661 2812 2715 lli
2837 2661 3296 2733 obsequebantur,
3321 2666 3376 2720 in
3399 2665 3650 2722 omnibus
3670 2682 3778 2721 ca:—

2185 2751 2340 2816 teris,
2389 2753 2761 2823 superioribus
2801 2754 3098 2825 gradibus:
3131 2755 3285 2812 Unde
3322 2756 3536 2827 acolyti,
3573 2758 3626 2814 id
3666 2768 3775 2824 est,

2185 2843 2548 2913 obsequentes
2603 2844 2975 2911 vocabantur;
3031 2847 3313 2903 mmet...
3360 2847 3507 2903 enim
3565 2849 3775 2915 Grzeoe,

2185 2933 2378 2990 Latine
2422 2950 2622 3006 sequor
2661 2935 2879 2992 dicitur.
2910 2935 3064 2993 Nunc
3090 2937 3144 2991 in
3167 2935 3407 2994 Ecclesia
3442 2938 3777 3008 cereoferarii

2184 3024 2441 3082 dicuntur
2465 3040 2498 3080 a
2525 3024 2761 3083 ferendis
2789 3028 2980 3084 cereis.
3009 3026 3117 3083 Sed
3147 3036 3275 3084 tunc
3299 3028 3406 3084 dici
3430 3029 3534 3085 hoc
3553 3032 3778 3085 nomine

2186 3134 2294 3176 non
2333 3128 2601 3191 poterant,
2637 3121 2778 3191 quod
2813 3137 2916 3177 nec
2942 3121 3071 3188 mel,
3117 3137 3220 3179 nec
3248 3138 3374 3178 cera
3415 3122 3777 3179 introlcreba-

2188 3217 2278 3267 tur
2311 3212 2366 3266 in
2393 3212 2660 3268 sacriﬁcio
2684 3212 2919 3268 Domini.

2258 3300 2581 3358 Subdiaconi
2617 3313 2794 3370 erant,
2839 3319 2978 3375 quos
3009 3303 3322 3361 Nathina’os
3361 3306 3646 3373 vocabant,
3683 3306 3780 3377 qui

2186 3394 2288 3450 sub
2326 3393 2530 3451 Levitis
2575 3402 2756 3460 erant,
2803 3396 3209 3453 subservientes
3247 3406 3304 3452 et
3350 3397 3783 3452 obsecundantes

2188 3487 2313 3543 illis.
2353 3488 2506 3544 Unde
2539 3498 2594 3543 et
2626 3488 2922 3554 Nathinazi,
2961 3489 3017 3545 id
3046 3497 3147 3555 est,
3183 3489 3436 3552 humiles,
3473 3488 3556 3543 vel
3583 3488 3635 3542 in
3673 3491 3780 3544 hu—

2188 3579 2416 3635 militate
2443 3581 2762 3647 servientes,
2794 3582 3148 3636 vocabantur.
3181 3581 3261 3635 Ex
3290 3582 3520 3636 istorum
3546 3596 3776 3635 numero

2186 3669 2291 3727 luit
2331 3671 2654 3739 Nathanael,
2697 3673 2792 3743 qui
2829 3689 2860 3727 a
2889 3673 3117 3729 Domino
3153 3674 3206 3728 in
3241 3673 3533 3743 Evangelia
3567 3688 3777 3727 summa

2189 3765 2345 3820 laude
2387 3764 2731 3831 declaratur;
2768 3765 2944 3836 ipsum
2981 3780 3103 3821 esse
3147 3765 3242 3820 Dei
3283 3763 3456 3819 ﬁlium
3498 3772 3556 3820 et
3597 3778 3778 3836 regem

2188 3853 2351 3910 Israel
2383 3853 2666 3911 confessus
2692 3862 2777 3911 est
2799 3853 2982 3927 (Joan.
3011 3871 3052 3921 ι,
3083 3855 3194 3926 l9).

2193 3964 2319 4019 Tres
2369 3966 2666 4037 superiores
2714 3966 2909 4036 gradus
2932 4006 2948 4031 ,
2999 3963 3296 4037 levitarum,
3331 3963 3773 4035 presbyterorum,

2501 4035 2903 4107 episcoporum,
2951 4037 3057 4090 sive
3099 4035 3442 4104 Pontiﬁcum.

2258 4126 2562 4183 Levitarum
2618 4128 2753 4183 ordo
2807 4127 2878 4181 ab
2928 4126 3044 4198 ipsa
3102 4127 3247 4182 tribu
3302 4125 3429 4181 Levi
3495 4125 3778 4180 exordium

2189 4219 2421 4288 sumpsit
2465 4225 2521 4276 et
2570 4232 2785 4271 nomen.
2829 4216 3264 4286 lnterpretantur
3304 4217 3586 4286 assumpti,
3632 4215 3778 4285 quod

2188 4325 2289 4381 pro
2317 4312 2572 4366 omnibus
2611 4309 2860 4364 tribubus
2909 4309 3171 4379 assumpti
3221 4318 3400 4374 erant,
3449 4316 3505 4363 et
3555 4308 3778 4363 servitio
3818 4307 3825 4311 ’

2189 4403 2404 4458 Domini
2439 4401 2702 4472 deputati.
2741 4400 2810 4454 Et
2832 4401 3082 4469 quamvis
3131 4400 3309 4457 caeteri
3347 4414 3562 4469 quoque
3603 4401 3775 4453 mino—

2116 4526 2170 4587 υ
2193 4495 2271 4550 ris
2302 4493 2512 4550 ordinis
2540 4493 2607 4548 de
2645 4493 2786 4548 tribu
2833 4492 2962 4546 Levi
2996 4499 3197 4555 essent,
3241 4491 3549 4562 specialiter
3598 4499 3774 4545 tamen

2194 4588 2283 4641 hic
2321 4585 2455 4642 ordo
2489 4584 2803 4640 Levitarum
2844 4585 2943 4639 sub
2977 4585 3311 4654 presbyteris
3351 4582 3651 4647 dicebatur,
3683 4581 3776 4650 qui

2192 4694 2292 4748 per
2329 4678 2728 4733 ordinationem
2771 4676 2955 4731 Aaron
2984 4684 3040 4731 et
3073 4674 3307 4730 ﬁliorum
3336 4673 3453 4743 ejus
3490 4689 3777 4730 consecra-

2191 4770 2424 4823 bantur:
2480 4767 2810 4822 excubantes
2862 4781 3078 4837 semper
3131 4767 3186 4821 in
3241 4766 3440 4836 templo
3495 4765 3612 4821 Dei.
3670 4765 3775 4835 Ipsi

2191 4859 2476 4929 gestabant
2503 4873 2703 4923 arcam,
2740 4857 3145 4912 tabernaculum
3193 4865 3250 4910 et
3295 4856 3636 4911 victimarum
3663 4857 3778 4911 adi-

2190 4966 2316 5020 pem
2345 4949 2715 5004 sacerdotibus
2743 4948 3063 5004 offerebant.

2253 5041 2413 5112 491
2423 5040 2698 5111 Septimus
2709 5040 2843 5095 ordo
2860 5038 3203 5094 Sacerdotum
3219 5039 3304 5093 vel
3320 5037 3775 5110 I'resbyterorum,

2194 5135 2292 5189 ﬁlii
2335 5134 2543 5189 scilicet
2575 5134 2780 5198 Aaron,
2816 5133 3015 5201 quibus
3049 5132 3316 5187 sacriﬁcia
3355 5141 3412 5186 et
3443 5132 3777 5197 holocausta,

2193 5237 2356 5297 atque
2379 5229 2556 5281 omnis
2579 5226 2760 5297 templi
2790 5226 2883 5279 Dei
2908 5224 3084 5280 cultus
3113 5226 3436 5292 commissus
3454 5235 3573 5281 erat
3595 5236 3652 5281 et
3676 5234 3780 5280 tra-

2191 5320 2359 5385 ditus,
2384 5334 2615 5389 quorum
2643 5326 2762 5373 erat
2782 5319 3092 5373 discernere
3118 5317 3260 5371 inter
3281 5317 3570 5387 profanum
3587 5325 3643 5372 et
3661 5332 3778 5371 san-

2199 5421 2365 5476 ctum,
2397 5412 2544 5465 inter
2573 5411 2909 5466 immundum
2949 5417 3005 5464 et
3043 5410 3334 5475 mundum;
3385 5420 3441 5464 et
3472 5410 3780 5480 quicunque

2199 5501 2493 5558 secundum
2522 5501 2692 5571 legem
2730 5500 3084 5563 mundandus,
3115 5499 3199 5554 vel
3241 5499 3596 5556 immunditize
3631 5500 3780 5570 adju-

2199 5593 2456 5647 dicandus
2481 5601 2616 5657 erat,
2650 5590 2861 5645 illorum
2879 5588 3086 5657 judicio
3110 5592 3343 5647 mundus
3364 5593 3446 5646 vel
3473 5594 3781 5648 immundus

2200 5684 2625 5740 discernebatur.
2656 5682 3046 5752 interpretatur
3073 5693 3255 5738 autem
3281 5687 3548 5756 presbyter
3575 5689 3778 5745 senior.

2199 5777 2289 5844 qui
2332 5775 2668 5847 eligebantur
2709 5782 2867 5830 aetate
2913 5776 3118 5846 pariter
3167 5785 3222 5830 et
3263 5792 3474 5833 morum
3516 5781 3780 5849 gravitate
