4092 6482
286 400 425 458 Ιῖὗδ

275 517 523 585 perfecti,
552 522 680 591 quia
711 524 854 580 Deus
880 524 933 580 in
959 528 1276 585 ordinandis
1302 546 1484 585 mores
1511 531 1683 601 magis
1706 540 1763 587 et
1782 547 1860 588 sa-
1891 532 1943 592 A

270 611 535 680 pientiam
563 619 848 687 approbat,
884 636 1049 691 quam
1080 632 1289 679 aetates.

345 700 455 758 Hos
490 706 821 774 sequebatur
860 717 1085 764 octavus
1132 712 1266 766 ordo
1303 705 1646 784 Pontiﬁcum,
1675 715 1770 785 qui
1803 725 1860 771 et

266 792 540 863 principes
599 796 935 852 vocabantur
996 802 1360 857 sacerdotum.
1422 802 1599 873 Super
1664 817 1856 857 omnes

262 883 578 939 sacerdotes
599 923 614 949 ,
659 885 745 939 vel
798 886 1147 958 presbyteros
1187 906 1326 945 unus
1365 892 1695 945 constitutus
1734 900 1854 946 erat

261 972 529 1040 pontifex,
569 976 784 1030 caeteris
827 978 1080 1033 omnibus
1119 979 1495 1045 excellentior,
1519 988 1575 1034 et
1609 978 1757 1035 velut
1794 981 1849 1034 in

259 1075 472 1118 summa
502 1065 778 1135 religionis
805 1080 934 1121 arce
962 1066 1194 1133 locatus,
1224 1068 1291 1123 ad
1325 1084 1490 1139 quem
1522 1070 1850 1126 caeteri'res-

256 1151 538 1220 picerent,
563 1151 788 1224 ejusque
817 1153 1080 1224 judicium
1118 1157 1507 1230 decretumque
1541 1169 1842 1215 servarent.

254 1241 551 1300 Sciendum
579 1254 783 1312 autem,
805 1246 932 1316 quia
962 1247 1140 1317 primo
1169 1265 1309 1305 unus
1327 1235 1593 1321 pontifex,
1618 1252 1845 1322 iubente

254 1333 506 1401 Domino,
547 1336 874 1393 constitutus
902 1346 990 1392 est
1014 1354 1029 1390 :
1079 1353 1188 1408 quo
1214 1339 1531 1407 decedente,
1558 1342 1702 1398 ﬁlius
1724 1341 1844 1410 eius
1870 1342 1873 1343 ⁷

250 1423 481 1478 Eleazar
503 1425 871 1482 sacerdotium
893 1429 1153 1498 suscepit,
1190 1437 1247 1484 et
1288 1429 1393 1486 hoc
1433 1440 1670 1499 mortuo,
1700 1432 1841 1487 ﬁlius

246 1511 368 1582 eius
412 1512 609 1570 Finees
660 1516 950 1572 sacerdotii
988 1533 1273 1574 successor
1315 1521 1527 1576 exstitit
1585 1539 1601 1578 :
1655 1521 1841 1592 sicque

247 1617 424 1673 usque
465 1603 538 1663 ad
583 1612 828 1679 tempora
879 1605 1052 1661 David
1090 1622 1232 1663 unus
1286 1616 1411 1680 post
1453 1624 1620 1664 unum
1663 1610 1844 1681 ponti-

240 1697 440 1754 ﬁcatus
463 1699 707 1757 hazredes
729 1694 1010 1758 exstitere.
1046 1695 1216 1754 David
1239 1713 1370 1770 ergo
1397 1715 1521 1755 cum
1550 1700 1840 1771 cogitasset

235 1788 515 1846 :cdiﬁcare
550 1792 810 1864 templum
839 1793 1087 1861 Domino,
1117 1800 1176 1850 et
1216 1786 1431 1846 divinos
1459 1790 1635 1848 cultus
1673 1791 1837 1847 vellet

237 1895 459 1951 augere,
485 1892 783 1939 convocata
811 1886 961 1942 omni
994 1883 1229 1941 ﬁliorum
1259 1881 1446 1942 Aaron
1473 1883 1753 1953 progenie.
1780 1891 1837 1940 ει

234 1972 361 2030 illos
410 1974 639 2042 scilicet,
688 1976 783 2048 qui
839 1976 909 2033 de
947 1977 1199 2043 Eleazar,
1239 1985 1295 2033 et
1341 1971 1435 2047 qui
1486 1972 1555 2028 de
1597 1972 1839 2028 Ithamar

232 2062 408 2134 stirpe
448 2064 844 2122 descenderant
869 2108 886 2134 ,
937 2066 1122 2123 divisit
1165 2082 1261 2123 eos
1307 2068 1365 2123 in
1409 2070 1599 2138 partes
1644 2063 1839 2135 viginti

229 2162 501 2225 quatuor,
551 2170 618 2213 ac
667 2158 734 2214 de
780 2157 1007 2231 singulis
1053 2157 1297 2229 singulos
1331 2156 1625 2229 pontiﬁces
1646 2154 1831 2225 elegit.

228 2244 476 2303 Caeteros
505 2262 638 2305 vero
674 2250 770 2320 qui
815 2250 870 2305 in
913 2251 1166 2321 partibus
1206 2258 1366 2305 erant
1403 2245 1698 2306 sacerdotii
1724 2246 1833 2302 mi-

229 2340 401 2407 noris,
451 2342 546 2412 qui
590 2358 735 2399 nunc
777 2342 1168 2414 presbyteratus
1193 2343 1414 2409 dicitur,
1449 2340 1628 2399 cilicio
1673 2352 1831 2412 prcs-

221 2429 513 2500 byteratus
540 2430 690 2503 fungi
721 2433 977 2503 praecepit
1013 2451 1028 2487 :
1055 2433 1146 2503 qui
1174 2431 1461 2503 pontiﬁces
1484 2431 1677 2503 singuli
1703 2441 1828 2487 cum

226 2520 335 2575 sibi
359 2518 617 2589 subjectis
647 2523 1051 2590 sacerdotibus,
1081 2538 1179 2594 per
1202 2531 1432 2580 octonos
1458 2523 1829 2579 ministrarent

227 2611 374 2679 dies,
400 2612 507 2669 hoc
527 2621 634 2680 est,
676 2628 707 2667 a
754 2613 982 2670 sabbato
1011 2629 1183 2684 usque
1211 2612 1279 2668 ad
1311 2614 1616 2669 sabbatum.
1657 2612 1825 2668 Cum-

224 2718 337 2773 que
378 2716 572 2760 omnes
609 2698 935 2761 sacerdOtali
969 2704 1139 2776 gradu
1167 2715 1352 2761 essent
1396 2705 1653 2776 aequales,
1682 2721 1823 2762 unus

225 2802 409 2851 tamen
439 2795 495 2850 in
524 2795 625 2863 eis,
654 2796 748 2867 qui
775 2796 987 2868 dignior
1004 2796 1302 2863 videretur,
1327 2796 1549 2868 speciali
1572 2812 1825 2854 reveren-

226 2889 301 2943 tia
351 2888 680 2959 pratminens
726 2888 925 2945 summi
975 2888 1278 2945 sacerdotis
1325 2903 1525 2944 nomen
1570 2888 1817 2945 haberet.

224 2980 343 3051 Ipse
372 2996 589 3052 quoque
636 2996 733 3037 rex
766 2981 938 3039 David
978 2983 1190 3055 primus
1227 2984 1515 3059 delegavit,
1547 2986 1641 3055 qui
1668 2987 1819 3057 psal-

224 3089 344 3130 mos
385 3075 443 3131 in
501 3076 701 3147 templo
745 3076 958 3134 Domini
1006 3076 1284 3133 modulata
1328 3093 1462 3134 voce
1506 3088 1815 3147 cantantes,

222 3167 436 3221 animos
462 3166 644 3238 populi
670 3166 1002 3225 sublimitate
1022 3177 1079 3223 et
1101 3169 1371 3225 suavitate
1392 3170 1563 3236 vocis,
1592 3186 1703 3242 qua
1735 3170 1818 3227 di-

221 3258 507 3323 cebantur,
541 3256 899 3324 oblectarent,
943 3266 1001 3315 et
1041 3258 1112 3315 ad
1151 3273 1394 3315 amorem
1422 3259 1591 3316 divini
1636 3258 1814 3319 cultus

222 3349 457 3422 amplius
480 3351 867 3408 accenderent.

293 3442 420 3502 Haec
459 3444 527 3500 de
568 3453 693 3499 octo
721 3444 979 3516 gradibus
1006 3444 1278 3512 diximus,
1321 3447 1415 3517 qui
1452 3447 1653 3504 veteris
1679 3448 1816 3521 legis

222 3544 463 3608 tempore
511 3536 989 3593 observantissime
1034 3537 1479 3595 custodiebantur
1499 3581 1516 3606 ,
1564 3541 1709 3611 quod
1756 3541 1813 3597 in

220 3627 370 3684 Novo
405 3627 751 3686 Testamento
797 3630 1038 3700 suscepit
1092 3629 1336 3685 Ecclesia
1384 3638 1540 3689 tanto
1594 3632 1810 3699 melius,

218 3726 424 3789 quanto
458 3727 514 3774 et
538 3718 718 3775 verius
746 3736 760 3772 :
791 3719 919 3789 quia
947 3718 1052 3775 illis
1077 3720 1260 3774 omnia
1286 3720 1341 3775 in
1388 3719 1561 3791 ﬁgura
1599 3726 1814 3777 contin-

218 3813 433 3886 gebant.
457 3809 635 3879 Quos,
674 3811 799 3882 quia
826 3810 1099 3868 notissimi
1131 3819 1284 3877 sunt,
1328 3820 1384 3867 et
1423 3812 1555 3883 quid
1585 3813 1811 3883 singulis

218 3904 535 3968 conveniat,
570 3902 767 3973 quidve
789 3903 868 3958 eis
915 3902 972 3958 in
1016 3918 1113 3958 sua
1150 3902 1496 3959 ordinatione
1533 3904 1804 3973 tradatur,

218 3996 655 4071 frequentissimo
674 4009 774 4051 usu
801 3995 973 4051 scitur
996 3995 1065 4049 ab
1090 3994 1363 4061 omnibus,
1390 3994 1555 4065 paulo
1578 3995 1807 4053 inferius

218 4088 456 4146 breviter
475 4101 573 4144 eos
597 4101 1057 4144 commemorasse
1081 4083 1334 4143 sulliciat.

771 4210 1017 4283 CAPUT.
1039 4224 1263 4283 XXXV.

603 4350 632 4381 ⁸
670 4354 739 4397 ΒΕ
776 4353 1021 4397 τοαευυ
1054 4352 1414 4395 οιειιεοιῑιι.

284 4473 622 4531 Clericorum
648 4482 830 4529 autem
858 4482 1081 4531 tonsura
1106 4487 1138 4526 a
1166 4471 1429 4528 Nazareis
1454 4470 1629 4530 fertur
1661 4490 1807 4531 sum-

1101 378 1263 470 OPP.
1297 416 1699 475 SUPPOSITA.
1737 448 1808 460 -—-
1846 418 1975 474 ΠΒ.
2016 420 2106 476 DE
2143 423 2390 481 DlV'lNlS
2432 425 2736 485 OFFICIIS.

3415 442 3553 499 1234

2507 540 2735 599 CAPUT
2775 543 3017 601 XXXVI.

2344 643 2411 682 ΒΕ
2449 644 2709 688 CRADIBUS
2745 650 3183 695 ECCLESIASTICIS.

2029 734 2209 791 Cieros
2239 739 2404 810 igitur
2434 742 2642 810 Graece,
2667 744 2858 804 Latine
2880 765 2998 805 sors
3020 749 3237 820 dicitur,
3262 756 3347 811 vel
3377 757 3555 814 haere-

1954 825 2098 881 ditas
2121 827 2355 885 Domini.
2379 831 2483 900 Qui
2511 850 2642 906 ergo
2671 839 2739 893 ad
2773 838 3063 898 clericatus
3083 845 3331 902 ordinem
3354 865 3548 919 perve-

1952 917 2054 982 nit,
2091 918 2187 973 Dei
2214 919 2501 979 hzereditas
2521 941 2643 981 esse
2681 928 2841 985 debet
2874 948 2887 985 :
2920 933 3047 1002 quia
3081 934 3185 993 hoc
3211 917 3374 994 debet
3401 957 3546 996 sem-

1950 1024 2051 1078 per
2076 1011 2391 1081 prmvidere,
2420 1024 2482 1071 ut
2507 1018 2791 1075 Dominum
2815 1024 3113 1091 possideat,
3142 1036 3196 1083 et
3230 1027 3344 1099 ipse
3374 1046 3403 1084 a
3437 1032 3546 1088 Do-

1951 1100 2099 1157 mino
2119 1105 2479 1172 possideatur,
2518 1116 2579 1163 ut
2604 1112 2776 1179 possit
2802 1112 2987 1170 dicere
3028 1130 3154 1170 cum
3196 1118 3487 1177 Psalmista
3526 1144 3538 1177 :

1948 1189 2209 1249 Dominus
2244 1212 2368 1264 pars
2408 1199 2736 1255 hwreditatis
2778 1219 2908 1259 mete
2940 1203 3113 1275 (Paul.
3142 1224 3232 1274 xv,
3269 1211 3346 1282 5).
3385 1212 3543 1286 Legi-

1948 1298 2068 1339 mus
2116 1285 2170 1339 in
2218 1285 2401 1344 Veteri
2461 1291 2814 1350 Testamento
2878 1296 3166 1355 Dominum
3210 1302 3413 1360 dixisse
3470 1285 3539 1362 ad

1946 1373 2163 1449 Moysen
2196 1397 2208 1433 :
2239 1379 2289 1433 F
2290 1381 2397 1437 iliis
2422 1380 2544 1438 Levi
2564 1401 2671 1439 non
2696 1386 2846 1442 dabis
2870 1388 3249 1459 hwreditatem,
3275 1411 3367 1466 ego
3399 1400 3538 1453 enim

1943 1481 2033 1519 ero
2081 1467 2365 1526 haereditas
2413 1472 2628 1529 illorum
2679 1474 2877 1548 (Deut.
2916 1494 2973 1547 Σ,
3025 1482 3121 1553 9).
3173 1485 3298 1541 lnde
3353 1487 3538 1545 clerici

1943 1553 2093 1622 dicti,
2127 1571 2194 1613 eo
2219 1561 2364 1630 quod
2388 1561 2456 1618 de
2480 1571 2628 1633 sorte
2659 1565 2756 1622 Dei
2782 1575 2840 1622 et
2874 1569 3191 1630 haereditate
3215 1577 3346 1644 sint,
3375 1581 3420 1636 si
3449 1597 3537 1636 re—

1941 1648 2205 1719 gulariter
2242 1653 2453 1709 vivunt.
2504 1654 2564 1711 Si
2603 1666 2785 1713 autem
2814 1675 2922 1716 non
2956 1663 3144 1720 vivunt
3192 1669 3533 1740 regulariter,

1941 1738 2083 1794 sicut
2131 1743 2353 1798 maximi
2405 1744 2608 1813 clerici,
2644 1748 2737 1818 qui
2788 1758 2960 1807 totum
3002 1738 3535 1816 laicalemihabitum

1868 1871 1914 1933 Β
1940 1841 2264 1933 sequuntur,
2284 1834 2777 1933 icingentes-arma,
2804 1852 2862 1897 et
2881 1853 3079 1901 caetera
3109 1847 3390 1915 facientes,
3415 1869 3536 1923 qua:

1939 1921 2076 1977 ordo
2101 1926 2398 1981 canonicus
2427 1927 2703 1997 prohibet,
2740 1930 2818 1987 illi
2854 1934 2990 1991 tales
3017 1952 3125 1993 non
3163 1949 3291 1996 sunt
3324 1921 3529 1999 clerici.

1938 2010 2078 2107 Quid
2090 2028 2242 2107 .ergo
2271 2017 2431 2107 sunt?
2456 2017 2736 2091 Acephali,
2766 2023 2820 2078 id
2844 2034 2946 2092 est,
2977 2028 3097 2084 sine
3119 2032 3300 2103 capite
3319 2035 3533 2107 religio-

1936 2101 2043 2157 nis.
2075 2100 2262 2160 Canon
2287 2106 2493 2175 Graece,
2524 2109 2719 2167 Latine
2750 2113 2955 2185 regula,
2982 2132 3047 2173 eo
3069 2100 3213 2190 quod
3241 2130 3390 2178 recto
3419 2100 3531 2180 tra-

1933 2193 2065 2248 mite
2091 2195 2253 2252 ducat
2293 2199 2570 2256 hominem
2604 2201 2673 2257 ad
2706 2203 2984 2262 caelestem
3019 2210 3279 2279 patriam,
3304 2222 3361 2268 et
3405 2215 3529 2271 inde

1932 2289 2235 2345 canonicus.
2270 2290 2564 2362 Regularis.
2601 2310 2667 2352 eo
2694 2297 2837 2367 quod
2868 2300 3193 2372 regulariter
3225 2305 3423 2362 debeat
3449 2310 3528 2363 vi-

1931 2394 2082 2446 vere,
2106 2380 2162 2435 id
2188 2390 2298 2449 est,
2330 2392 2482 2439 recte
2508 2383 2562 2440 in
2588 2394 2779 2442 sancta
2805 2388 3069 2446 Ecclesia.

2007 2466 2276 2528 Ostiarius
2307 2473 2376 2529 ab
2401 2474 2544 2530 ostio
2571 2475 2826 2534 Ecclesia:
2852 2480 3069 2548 dicitur,
3090 2486 3235 2553 quod
3261 2487 3335 2541 ita
3369 2487 3528 2545 debet

1929 2562 2262 2631 praevidere,
2292 2578 2359 2620 ne
2388 2565 2498 2623 ullo
2534 2567 2697 2624 modo
2720 2585 2965 2642 paganus
2994 2575 3327 2646 ingrediatur
3352 2580 3524 2637 eccle-

1923 2652 2084 2719 siam,
2132 2655 2263 2724 quia
2319 2670 2418 2712 suo
2452 2657 2676 2714 introitu
2720 2660 2912 2730 polluit
2952 2677 3093 2719 eam.
3142 2664 3313 2723 Debet
3354 2670 3520 2725 etiam

1922 2743 2204 2804 custodire
2228 2761 2293 2802 ea
2318 2762 2440 2818 quae
2464 2749 2606 2805 intra
2634 2749 2921 2807 ecclesiam
2945 2762 3089 2820 sunt,
3114 2764 3176 2809 ut
3199 2755 3350 2813 salva
3371 2759 3517 2815 sint:

1920 2835 2050 2907 quia
2096 2834 2174 2889 illi
2204 2825 2418 2892 traditae
2452 2845 2580 2893 sunt
2609 2838 2820 2907 claves,
2858 2849 2913 2897 et
2940 2844 3231 2901 commissa
3262 2862 3395 2903 cura
3417 2862 3519 2905 cu-

1921 2925 2220 2983 stodiendae
2254 2927 2518 2985 ecclesiae.

1994 3016 2188 3073 Lector
2218 3016 2419 3075 dicitur
2447 3035 2480 3075 a
2503 3020 2749 3092 legendo,
2780 3038 2847 3080 eo
2871 3026 3014 3095 quod
3051 3028 3415 3086 ministerium
3437 3030 3515 3087 le-

1921 3111 2083 3185 gendi
2113 3112 2312 3169 habeat
2342 3113 2396 3169 iu
2432 3113 2682 3171 ecclesia.
2707 3115 2786 3171 llli
2816 3117 3048 3173 traditus
3077 3126 3161 3175 est
3191 3121 3359 3176 codex
3395 3125 3512 3193 api-

1841 3223 1890 3292 α
1919 3217 2059 3292 cum,
2088 3201 2414 3271 divinorum,
2447 3215 2507 3260 ut
2550 3206 2803 3264 distincte
2832 3209 2900 3265 ad
2928 3208 3334 3282 intelligendum
3374 3214 3513 3270 divi-

1920 3308 2023 3350 nas
2046 3291 2310 3353 lectiones
2338 3295 2765 3365 pronuntiando,
2790 3297 2988 3370 populo
3011 3299 3243 3370 placeat.

1987 3386 2238 3459 Acoiytus
2282 3387 2491 3454 Grtece,
2539 3387 2731 3445 Latine
2754 3388 3169 3458 cereoferarius,
3199 3394 3253 3449 id
3289 3404 3390 3462 est,
3422 3411 3511 3453 ce-

1914 3494 2069 3536 reum
2115 3476 2318 3534 ferens.
2388 3477 2608 3535 Illorum
2658 3479 2896 3537 oﬁicium
2946 3489 3066 3548 est,
3118 3492 3178 3539 ut
3227 3486 3513 3556 deportent

1912 3583 2105 3627 cereos
2143 3575 2271 3624 ante
2302 3568 2590 3624 diaconum
2618 3610 2633 3635 ,
2672 3571 2889 3641 quando
2926 3570 3122 3643 legitur
3155 3572 3511 3645 Evangelium

1911 3663 1968 3717 in
2000 3660 2251 3726 ecclesia,
2291 3667 2347 3716 et
2376 3676 2486 3716 non
2518 3661 2587 3717 ad
2619 3660 2936 3734 ell'ugandas
2968 3664 3240 3731 tenebras,
3279 3679 3506 3736 prmser—

1911 3755 2008 3809 tim
2051 3769 2177 3810 cum
2220 3751 2304 3809 sol
2344 3753 2399 3808 in
2440 3752 2530 3809 die
2568 3752 2753 3811 rutilet
2798 3771 2811 3807 :
2856 3754 2951 3809 sed
2975 3763 3038 3810 ut
3068 3756 3493 3823 demonstretur,

1905 3845 2051 3917 quod
2076 3847 2143 3902 de
2162 3845 2400 3900 tenebris
2422 3843 2758 3902 inﬁdelitatis
2780 3844 3033 3902 venimus
3055 3845 3122 3901 ad
3146 3846 3319 3904 lucem
3346 3847 3494 3913 fidei,

1906 3946 1962 3993 et
1983 3947 2045 3992 ut
2063 3937 2281 4009 signum
2300 3937 2501 3993 laetitia:
2518 3936 2609 4004 sit,
2634 3943 2904 4007 quatenus
2925 3936 3029 3993 sub
3051 3947 3180 4011 typo
3203 3939 3502 4011 corporalis

1906 4030 2128 4087 luminis
2149 4070 2165 4096 ,
2184 4028 2278 4084 lux
2303 4027 2394 4084 illa
2424 4028 2479 4083 in
2510 4027 2775 4085 memoria
2810 4029 3099 4097 habeatur,
3130 4030 3198 4086 de
3224 4045 3330 4101 qua
3362 4031 3497 4087 dici—

1908 4133 1997 4182 tur
2030 4143 2044 4180 :
2082 4124 2217 4183 Erat
2249 4123 2344 4179 luat
2382 4140 2504 4179 vera
2539 4140 2658 4197 quia
2684 4124 2952 4181 illuminat
2990 4143 3193 4183 omnem
3235 4128 3498 4184 hominem

1906 4212 2194 4269 uenientem
2222 4214 2279 4267 in
2307 4213 2447 4268 hunc
2474 4213 2733 4269 mundum
2762 4212 2945 4286 (locu.
2972 4229 3014 4281 ι,
3037 4214 3116 4287 9).

1978 4302 2323 4359 Exanimes
2342 4301 2550 4370 Graece,
2574 4301 2767 4360 Latine
2787 4303 2989 4361 dicitur
3006 4319 3187 4362 sermo
3208 4304 3500 4376 adiuratio-

1904 4395 1990 4451 nis
2015 4395 2129 4451 sive
2165 4394 2554 4465 increpationis
2587 4412 2600 4449 :
2638 4400 2694 4451 et
2723 4393 2849 4451 inde
2870 4396 3155 4462 exorcista,
3188 4396 3487 4466 adiurator.

1904 4486 2125 4543 Illorum
2149 4483 2389 4541 cilicium
2419 4491 2523 4553 est,
2550 4493 2614 4541 ut
2650 4492 2855 4557 ponant
2878 4501 3074 4541 manus
3097 4501 3260 4558 super
3292 4487 3493 4547 datm»-

215 4568 400 4639 νδίεεε.
422 4564 725 4622 exordii“!!-
756 4561 892 4619 Cum
924 4562 1071 4620 enim
1096 4562 1220 4632 (Ιυίε
1247 4569 1378 4618 νοιο
1406 4576 1467 4618 se
1488 4562 1797 4635 obligasset.
1826 4577 1883 4641 ι)
1905 4576 2115 4642 niacos,
2143 4573 2307 4647 592
2335 4582 2392 4630 et
2420 4589 2520 4645 per
2557 4574 2953 4631 invocationem
2989 4577 3227 4632 nominis
3273 4577 3367 4633 Dei
3408 4593 3494 4634 re-

215 4670 275 4715 ιιι
300 4673 401 4732 per
416 4657 681 4729 jejunium
708 4664 870 4727 atque
907 4655 1139 4711 aliarum
1177 4668 1365 4710 rerum
1389 4653 1797 4713 observantiam

214 4767 275 4809 se
301 4750 584 4824 amigeret,
627 4747 931 4806 abstinebat
954 4761 1015 4804 se
1039 4746 1110 4802 ab
1157 4745 1308 4803 omni
1340 4746 1487 4817 quod
1526 4747 1802 4803 inebriare

212 4851 269 4900 et
311 4852 515 4902 statum
558 4840 755 4898 mentis
783 4848 1034 4896 avertere
1075 4845 1288 4910 posset,
1321 4846 1547 4910 eratque
1585 4853 1800 4913 semper

213 4934 267 4991 in
313 4932 513 5005 templo
534 4974 552 5001 ,
586 4932 729 4990 unde
774 4938 832 4987 et
875 4929 1175 4998 Nazareus,
1222 4930 1279 4988 id
1327 4938 1449 4999 est,
1488 4940 1711 4991 sanctus
1741 4943 1799 4992 et

213 5029 438 5084 Domino
474 5032 823 5083 consecratus
846 5024 1161 5079 vocabatur.
1207 5021 1450 5095 lmpletis
1475 5032 1658 5082 autem
1687 5028 1799 5082 voti

213 5122 291 5179 sui
313 5119 527 5187 diebus,
557 5117 810 5176 veniebat
849 5116 920 5172 ad
954 5116 1218 5186 templum
1240 5116 1480 5185 Domini,
1514 5126 1573 5174 et
1596 5116 1796 5176 oﬁ‘ere—

211 5217 302 5273 bat
345 5230 447 5288 pro
492 5229 585 5279 se,
633 5226 753 5283 qua;
791 5210 911 5283 lege
952 5210 1423 5283 pmipiebantur,
1459 5209 1797 5283 radebatque

212 5308 437 5381 capillos
464 5305 659 5377 capitis
682 5303 767 5361 sui
797 5310 853 5360 et
888 5302 1089 5368 barbae,
1125 5310 1450 5373 partemque
1473 5302 1706 5373 pilorum
1738 5303 1796 5360 in

213 5402 420 5459 ﬂamma
444 5397 633 5455 altaris
653 5394 949 5462 cremabat,
985 5395 1172 5465 sicque
1196 5394 1308 5449 voti
1330 5394 1469 5451 liber
1488 5394 1702 5451 redibat
1726 5395 1795 5451 ad

212 5490 447 5566 propria.
474 5488 671 5544 Fertur
689 5486 880 5543 beatus
898 5484 1099 5541 Petrus
1116 5484 1329 5557 primus
1348 5482 1655 5553 huiusmodi
1680 5490 1798 5542 tou-

212 5599 392 5643 suram
422 5581 527 5640 sibi
570 5580 764 5638 fecisse
794 5579 864 5635 ad
892 5577 1302 5634 similitudinem
1343 5578 1543 5649 spineae
1578 5591 1794 5632 corona:

214 5676 419 5735 Domini
450 5693 465 5731 :
498 5674 614 5731 sive
637 5682 697 5727 nt
724 5670 905 5728 clerici
941 5685 971 5724 a
1008 5669 1160 5725 laicis
1191 5684 1297 5730 non
1330 5667 1505 5725 solum
1539 5666 1792 5725 diﬁ'erant

217 5770 412 5832 habitu,
454 5780 644 5822 verum
669 5764 834 5819 etiam
863 5770 1105 5816 tonsura.

280 5895 302 5924 ι
345 5878 498 5950 llugo
530 5872 796 5939 Mcnard.,
825 5880 937 5928 not.
973 5870 1095 5926 660.

1901 4667 2112 4740 pellant
2142 4667 2416 4722 daemones
2444 4665 2514 4721 ab
2546 4665 2650 4732 eis,
2687 4664 2931 4721 dicentes
2964 4683 2979 4719 :
3029 4666 3233 4737 Adjuro
3278 4676 3346 4731 te,
3386 4669 3490 4722 im—

1899 4763 2095 4821 munda
2122 4761 2362 4834 spiritus,
2384 4776 2479 4832 per
2500 4758 2671 4815 Deum
2701 4755 2941 4825 Patrem,
2964 4766 3015 4815 et
3044 4757 3087 4811 μ’
3090 4758 3258 4819 ilium,
3290 4769 3337 4812 et
3369 4757 3495 4831 Spi-

1900 4857 2061 4912 ritum
2098 4862 2361 4919 sanctum,
2406 4860 2464 4906 at
2496 4850 2709 4907 recedas
2740 4850 2806 4905 ab
2832 4850 2933 4905 hoc
2962 4847 3162 4921 famulo
3191 4849 3307 4904 Dei.
3339 4850 3489 4906 lstud

1897 4946 2279 5009 ministerium,
2326 4951 2388 4999 ut
2423 4954 2665 5001 canones
2703 4940 2909 5007 dicunt,
2940 4955 3104 4996 nemo
3138 4939 3296 4997 debet
3329 4956 3488 4996 usur-

1897 5055 2049 5113 pare,
2084 5036 2192 5094 nisi
2235 5035 2328 5107 qui
2365 5033 2510 5090 idem
2544 5030 2781 5088 olilcium
2812 5030 3037 5099 habent,
3072 5039 3167 5088 aut
3202 5031 3483 5099 diaconus,

1897 5140 1993 5189 aut
2016 5127 2403 5191 subdiaconus,
2434 5130 2529 5179 aut
2555 5121 2848 5180 exorcista.
2902 5164 2906 5168 .
3521 5128 3527 5136 ·

1972 5228 2363 5292 Subdiaconus,
2412 5222 2782 5288 snbminister,
2824 5235 2892 5277 eo
2921 5221 3066 5293 quod
3107 5219 3210 5277 sub
3254 5219 3483 5277 diacono

1895 5323 1986 5387 sit,
2032 5320 2088 5377 id
2112 5325 2213 5381 est,
2244 5312 2346 5372 sub
2381 5313 2649 5370 ministro.
2697 5311 2844 5368 Illius
2872 5310 3233 5367 ministerium
3265 5316 3384 5375 est,
3423 5318 3479 5365 ut

1894 5412 2168 5469 ministret
2196 5407 2444 5470 diacono,
2486 5403 2539 5459 id
2571 5410 2675 5469 est,
2712 5400 2923 5458 deferat
2947 5400 2998 5457 ei
3037 5400 3286 5467 linteum,
3313 5414 3479 5471 super

1895 5506 2038 5577 quod
2074 5500 2496 5561 consecrandum
2527 5505 2611 5555 est
2640 5511 2839 5567 corpus
2871 5503 2926 5552 et
2971 5494 3195 5565 sanguis
3237 5493 3475 5549 Domini.

1897 5596 2116 5654 Deierat
2155 5593 2205 5649 ei
2240 5599 2497 5664 patenum
2521 5602 2643 5645 cum
2678 5585 2875 5642 oblatis
2896 5626 2910 5648 ,
2945 5592 3000 5640 et
3027 5583 3252 5639 calicem
3280 5583 3335 5637 in
3370 5593 3477 5652 quo

1894 5688 2077 5743 vinum
2100 5692 2155 5741 et
2183 5697 2321 5753 aqua
2350 5678 2633 5743 habeatur,
2657 5675 2782 5747 quia
2811 5676 2877 5731 de
2918 5673 3087 5729 latere
3112 5671 3322 5727 Domini
3351 5685 3475 5739 pro-

1893 5779 2058 5837 cessit
2087 5774 2303 5844 sanguis
2342 5780 2397 5828 et
2444 5784 2603 5840 aqua.
2638 5767 2866 5823 Peracto
2892 5762 3179 5828 sacrificio,
3221 5760 3475 5833 mysteria
