4092 6486
610 332 752 389 ηδε

1467 332 1531 389 Β.
1571 333 1638 390 ι’.
1679 333 1908 392 ALBlNl
1947 336 2082 394 SEU
2120 336 2401 395 ALCUIN!
2438 340 2729 401 OPERL'M
2768 347 2947 405 PARS
2985 350 3075 404 lx.

3760 362 3917 416 £136

601 451 851 523 corporis
881 460 935 506 et
975 453 1254 525 sanguinis
1294 452 1526 521 Domini,
1575 469 1696 525 quae
1734 452 2125 525 superfuerint,
2166 465 2197 505 a
2225 452 2275 513 Α
2304 455 2665 515 militudinem
2709 466 2851 533 gerit
2875 466 3035 522 modo
3069 469 3356 541 episcopus
3399 490 3412 525 :
3459 475 3582 543 quia
3610 477 3761 533 sicut
3810 480 3914 536 ille

601 541 836 599 diacono
859 543 1156 615 colligenda
1186 546 1269 601 vel
1295 546 1633 617 deportanda
1660 546 1905 616 suscipit.

676 630 942 690 Diaconus
969 634 1174 700 Graece,
1208 634 1473 692 Hebraice
1501 635 1711 704 Levita,
1734 636 1948 704 Latine,
1979 652 2193 692 assum-

600 739 730 801 ptus
749 729 833 785 vel
868 731 1116 788 minister
1140 734 1530 804 interpretatur
1549 752 1566 787 :
1598 740 1929 802 assumptus,
1951 734 2079 801 quia
2103 748 2191 787 as-

602 822 856 889 sumitur,
900 822 953 878 id
981 834 1088 889 est,
1122 822 1341 895 eligitur
1373 824 1442 878 ad
1469 823 1750 878 servitium
1780 822 1998 889 altaris;
2029 822 2189 877 mini-

600 925 737 980 ster,
768 914 895 985 quia
930 915 1205 969 ministrat
1231 914 1569 985 presbytero.
1595 912 1754 968 Ponit
1781 914 2005 968 linteum
2038 911 2092 966 in
2115 911 2192 966 al-

599 1013 741 1069 tare,
766 1003 921 1074 ponit
938 1019 1135 1075 panem
1161 1014 1217 1061 ct
1234 1004 1481 1070 calicem,
1506 1020 1630 1076 quae
1659 1020 1761 1061 nec
1786 1004 2056 1071 mittendi,
2088 1019 2190 1059 nec

599 1096 881 1155 auferendi
925 1098 1090 1152 habet
1124 1105 1454 1167 potestatem
1481 1097 1788 1168 presbyter,
1833 1096 1879 1151 si
1927 1096 2189 1151 diaconus

596 1186 853 1242 adfuerit.
886 1186 1040 1243 Sicut
1069 1188 1386 1259 presbytero
1406 1185 1641 1243 ofﬁcium
1665 1187 2022 1243 consecrandi
2042 1201 2190 1243 com-

594 1279 753 1350 petit,
785 1279 860 1334 ita
889 1279 1122 1335 diacono
1145 1280 1510 1335 ministrandi.

667 1366 952 1440 Presbyter
988 1368 1200 1433 Grtece,
1231 1369 1425 1424 Latine
1451 1369 1635 1424 senior
1663 1368 1883 1433 dicitur,
1908 1383 2021 1423 non
2059 1381 2189 1438 pro-

594 1471 719 1531 pter
749 1469 1105 1524 senectutem,
1137 1461 1232 1515 sed
1276 1468 1499 1531 propter
1533 1459 1887 1531 dignitatern,
1922 1458 2184 1514 honorem

592 1562 649 1609 et
682 1552 1027 1624 sapientiam,
1053 1553 1182 1623 quia
1207 1552 1517 1623 quicunque
1536 1549 1819 1623 presbyter
1842 1561 1947 1616 est,
1969 1552 2190 1621 sapiens

591 1658 715 1699 esse
754 1643 954 1707 debet,
999 1650 1063 1698 nt
1119 1643 1384 1716 intelligat
1422 1658 1489 1698 ea
1534 1657 1656 1713 quae
1704 1642 1868 1714 legit;
1923 1642 2187 1715 intelligat

590 1733 888 1798 orationes,
931 1747 1072 1803 quas
1111 1731 1244 1788 dicit
1270 1740 1327 1789 et
1355 1732 1569 1788 diurnis
1605 1733 1945 1805 temporibus
1982 1740 2040 1791 et
2086 1749 2185 1790 no—

2293 550 2475 605 stabat
2507 553 2558 606 in
2593 553 2878 614 altitudine
2917 562 3112 627 turris,
3133 564 3213 617 sic
3248 568 3535 637 episcopus
3570 577 3625 623 et
3666 571 3909 646 presby-

2293 648 2379 695 ter
2404 640 2606 697 debent
2649 648 2953 705 consistere
2983 651 3039 706 in
3088 654 3376 712 altitudine
3406 640 3685 716 virtutum.
3731 640 3906 718 Sicut

2291 729 2437 784 enim
2487 732 2579 787 illa
2623 738 2793 793 turris
2818 750 3047 798 caeteras
3076 744 3272 802 domos
3294 749 3624 817 excellebat,
3662 754 3745 810 sic
3775 757 3907 824 epi-

2292 835 2579 892 scoporum
2621 835 2679 881 et
2727 830 3174 902 presbyterorum
3228 838 3339 892 vita
3402 838 3563 895 debet
3609 841 3902 900 excellere

2291 912 2459 968 vitam
2481 914 2852 985 subiectorum
2875 940 2890 976 :
2914 931 2969 978 et
2995 925 3138 981 sicut
3163 927 3252 984 ille
3270 933 3579 1001 speculator
3600 935 3903 991 nuntiabat

2291 1004 2583 1062 adventum
2633 1008 2824 1075 hostis,
2856 1020 2916 1067 ut
2944 1029 3004 1069 se
3042 1019 3404 1086 praividerent
3433 1023 3613 1089 cives,
3652 1026 3736 1082 sic
3765 1027 3897 1098 cpi-

2290 1097 2439 1186 scopi
2490 1107 2545 1153 et
2588 1100 2897 1174 presbyteri
2943 1105 3140 1163 debent
3174 1114 3500 1170 annuntiare
3528 1117 3743 1186 populis
3780 1097 3898 1174 sibi

2290 1185 2552 1256 subjectis
2580 1193 2875 1250 adventum
2919 1198 3240 1267 nequissimi
3284 1202 3461 1260 hostis
3486 1185 3717 1273 diaboli,
3737 1216 3801 1262 ut
3824 1222 3903 1263 se

2288 1279 2644 1348 prtevideant,
2683 1299 2753 1339 ne
2781 1286 2901 1357 ejus
2925 1286 3122 1358 laqueo
3151 1293 3456 1364 capiantur.
3498 1295 3902 1368 Speculatores

2290 1370 2597 1428 animarum
2652 1375 2801 1431 dedit
2852 1375 2998 1434 Deus
3048 1382 3335 1455 episcopos
3388 1394 3445 1441 et
3492 1389 3897 1460 presbyteros,

2280 1467 2437 1539 juxta
2487 1473 2630 1541 quod
2670 1474 2787 1544 ipse
2836 1475 2971 1531 dicit
3014 1478 3084 1532 ad
3117 1478 3461 1539 Ezechielem
3509 1486 3839 1557 prophetam
3869 1506 3890 1541 :

2288 1559 2401 1615 Fili
2451 1562 2680 1619 hominis
2704 1604 2721 1631 ,
2765 1565 3147 1637 speculatorem
3189 1572 3312 1628 dedi
3366 1583 3416 1628 te
3468 1574 3653 1631 domui
3701 1574 3898 1633 Israel

2290 1648 2507 1724 (Ezech.
2541 1670 2629 1722 m,
2663 1655 2775 1729 ιτ).

2356 1743 2589 1799 Antistes
2607 1746 2767 1817 quasi
2789 1757 2916 1804 ante
2942 1758 3116 1817 stans,
3147 1753 3200 1811 id
3230 1762 3336 1823 est,
3363 1766 3494 1813 ante
3518 1772 3688 1814 aram.
3718 1756 3895 1817 Unde

589 1826 834 1892 cturnis;
886 1824 1152 1898 intelligat
1196 1838 1282 1891 ea,
1319 1839 1439 1895 qua:
1486 1833 1671 1881 cantat
1714 1826 1769 1880 in
1820 1827 2007 1883 missa.
2050 1824 2182 1882 Vere
2211 1820 2257 1883 Β
2284 1836 2506 1907 quidam
2535 1838 2836 1897 antistitem
2854 1843 3037 1899 dicere
3062 1846 3269 1903 volunt.
3307 1820 3499 1905 lidius
3529 1859 3715 1907 tamen
3739 1852 3889 1909 dici-

590 1918 807 1986 dignatur
832 1924 881 1970 et
900 1915 1110 1988 justum
1130 1924 1229 1979 est,
1260 1913 1332 1970 Te
1358 1917 1544 1986 igitur,
1576 1912 1740 1971 Pater
1767 1927 1964 1982 noster,
1991 1926 2049 1973 et
2077 1934 2183 1975 cc-

588 2016 727 2072 tcra,
756 2006 809 2062 id
837 2016 942 2071 est,
976 2007 1158 2062 omnia
1192 2022 1314 2064 cum
1346 2007 1607 2079 symbolo.
1650 2008 1825 2064 Adam
1846 2009 1985 2065 vixit
2024 2011 2184 2067 annis

587 2112 893 2162 orcccsxx,
934 2096 1049 2153 Noe
1097 2114 1270 2165 ncnc,
1318 2106 1375 2153 et
1422 2110 1584 2154 nemo
1624 2099 1839 2154 illorum
1878 2101 2182 2172 appellatus

585 2200 671 2248 est
716 2207 905 2249 senex.
950 2190 1226 2248 Abraham
1262 2207 1394 2249 vero
1445 2195 1539 2262 qui
1595 2194 1665 2248 ad
1718 2194 2181 2264 comparationem

587 2285 801 2341 illorum
826 2299 1153 2357 perpaucum
1175 2286 1312 2341 vixit
1332 2293 1563 2356 tempus,
1591 2287 1750 2343 annis
1773 2289 2025 2344 videlicet
2043 2303 2181 2345 cuv

587 2377 888 2449 appellatus
917 2386 1005 2434 est
1047 2394 1233 2435 senex.
1281 2379 1497 2448 Quare?
1545 2378 1681 2447 Quia
1727 2381 2029 2451 sapientior
2073 2380 2181 2438 illis

587 2469 709 2523 fuit.
741 2466 1004 2525 Sacerdos
1033 2468 1219 2526 Gracec
1252 2483 1304 2536 ι,
1332 2470 1528 2525 Latine
1555 2471 1755 2525 dicitur
1773 2486 1994 2527 sacrum
2019 2472 2177 2538 dans,

587 2561 643 2616 id
670 2567 776 2626 est,
811 2568 1057 2615 sanctum
1084 2559 1414 2617 sacrificium
1442 2559 1679 2618 offerens
1704 2561 1837 2617 Deo.

656 2649 967 2726 Presbyteri
1001 2660 1325 2725 potestatem
1370 2654 1574 2709 habent
1619 2654 2033 2722 catechizandi,
2082 2655 2181 2711 ba-

585 2744 851 2815 ptiaandi,
871 2744 1117 2802 inﬁmos
1138 2745 1409 2803 benedicti
1430 2746 1532 2803 olei
1561 2748 1798 2820 unguine
1816 2751 2175 2821 perungendi.

588 2834 687 2893 liis
734 2851 953 2908 quoque
1000 2850 1320 2894 concessum
1356 2848 1443 2895 est
1473 2838 1709 2894 oﬂicium
1742 2841 2072 2911 praedicandi
2120 2842 2177 2899 in

585 2928 836 2986 ecclesia.
889 2929 1065 3001 Super
1114 2931 1219 2988 hos
1269 2940 1397 2988 sunt
1445 2933 1682 3004 episcopi
1706 2974 1722 2999 ,
1772 2934 1913 2989 sicut
1953 2934 2074 2990 loco
2122 2944 2179 2991 et

586 3021 868 3094 dignitate,
895 3022 976 3077 sic
1004 3022 1310 3080 sanctitatis
1346 3034 1402 3080 et
1448 3023 1768 3081 eruditionis
1802 3026 2179 3099 singularitate

585 3112 890 3183 conspicui,
916 3114 1114 3184 quibus
1138 3114 1270 3171 solis
1303 3125 1390 3173 est
1419 3122 1662 3187 potestas
1696 3132 1913 3176 sacrum
1938 3119 2175 3175 chrisma

2283 1936 2393 1994 tur,
2425 1944 2458 1984 a
2486 1931 2677 1999 verbo,
2706 1942 2931 2000 antesto,
2956 1946 3214 2005 antesttts,
3241 1940 3386 2011 quod
3416 1942 3704 2015 signiﬁcat,
3734 1945 3889 2000 emi-

2281 2035 2410 2087 nco,
2436 2023 2645 2078 excello
2672 2042 2685 2078 :
2710 2040 2777 2079 eo
2803 2027 2948 2097 quod
2975 2030 3289 2088 universum
3320 2032 3583 2105 populum
3607 2034 3889 2106 dignitate

2281 2122 2339 2168 et
2359 2115 2566 2171 honore
2596 2123 3021 2189 superemineat.

2356 2202 2628 2278 Pontifex,
2656 2211 2812 2278 quasi
2843 2220 3064 2281 pontem
3096 2212 3326 2282 faciens,
3356 2230 3423 2275 eo
3450 2218 3597 2290 quod
3623 2230 3882 2292 pontem,

2282 2298 2337 2355 id
2360 2308 2461 2362 est,
2487 2302 2632 2355 viam
2663 2302 2783 2357 aliis
2823 2306 3066 2373 praebere
3102 2306 3299 2365 debeat
3320 2312 3485 2368 verbo
3511 2321 3569 2369 et
3595 2316 3879 2387 exemplo,

2281 2391 2428 2447 unde
2454 2391 2704 2447 homines
2729 2401 3015 2451 transeant
3035 2399 3102 2453 ad
3127 2399 3363 2469 patriam
3390 2400 3690 2459 celestem.
3724 2403 3879 2462 Pons

2280 2490 2464 2537 autem
2499 2491 2585 2538 cst
2612 2484 2938 2553 tabulatum,
2968 2489 3113 2557 quod
3142 2489 3203 2544 tit
3231 2505 3396 2561 super
3421 2507 3616 2562 aquas.

2803 2595 3040 2654 CAPUT
3076 2600 3342 2657 XXXVII.

2280 2664 2311 2706 δ
2330 2682 2600 2729 ρυιιιτειι
2630 2684 2911 2726 εριείῑοιιυε
2931 2686 3239 2728 enotamus
3265 2690 3320 2729 IN
3347 2688 3561 2731 solum
3594 2690 3879 2733 εοειεειλ.

2347 2754 2484 2814 Cum
2505 2758 2792 2830 cpiscopus
2818 2760 3057 2815 civitatis
3096 2759 3264 2819 fuerit
3301 2762 3613 2833 defunctus,
3650 2766 3886 2839 eligitur

2279 2848 2418 2905 alius
2451 2866 2483 2905 a
2512 2849 2661 2905 clero
2690 2867 2787 2906 seu
2833 2852 3054 2923 populo,
3098 2852 3269 2925 [itque
3313 2855 3594 2912 decretum
3623 2856 3695 2912 ab
3733 2856 3881 2925 illis,

2277 2949 2335 2996 et
2365 2942 2587 2997 veniunt
2637 2942 2707 2998 ad
2761 2944 3122 3014 apostolicum
3166 2962 3292 3002 cum
3332 2962 3433 3003 suo
3471 2948 3669 3014 electo,
3714 2950 3875 3007 defe-

2278 3044 2464 3093 rentes
2487 3052 2671 3091 secum
2696 3040 3099 3109 suggestionem
3116 3080 3132 3104 ,
3164 3040 3269 3097 hoc
3290 3048 3374 3097 est
3396 3081 3415 3107 ,
3443 3043 3747 3115 rogatorias
3774 3043 3876 3100 lit-

2279 3139 2449 3196 teras,
2497 3139 2558 3185 ut
2598 3131 2678 3185 eis
2720 3142 3007 3188 consecret
3053 3133 3386 3206 episcopum.
3428 3134 3581 3191 Tunc
3620 3136 3874 3207 pontifex

583 3204 877 3272 coniicere,
921 3214 978 3262 et
1011 3207 1411 3278 baptizatornm
1456 3209 1666 3267 frontes
1709 3213 1945 3282 signare,
1986 3220 2042 3267 et
2079 3229 2175 3285 per
2200 3187 2248 3253 ο
2271 3187 2448 3292 jubet
2472 3237 2597 3278 eum
2644 3222 2845 3294 inquiri
2897 3224 2965 3279 de
3004 3187 3525 3298 quatuorrcapitulis
3561 3187 3875 3295 caiionicis,

586 3311 783 3353 manus
806 3298 1208 3370 impositionem
1235 3298 1498 3371 Spiritum
1520 3310 1765 3357 sanctum
1789 3303 1892 3359 illis
1914 3304 2173 3361 tribucre.

585 3388 801 3447 Habent
831 3399 1153 3463 potestatem
1198 3395 1399 3466 ligandi
1423 3406 1587 3467 atque
1612 3396 1875 3453 solvendi.
1902 3396 2009 3454 Per
2031 3399 2176 3468 ipsos

584 3496 801 3553 quoque
837 3483 1052 3555 publica
1089 3486 1271 3558 populi
1313 3488 1583 3544 absolutio
1628 3489 1683 3544 in
1728 3489 1818 3546 dic
1850 3489 2034 3547 Ctena:
2070 3492 2180 3548 Do-

585 3574 719 3630 mini
747 3574 973 3633 solemni
994 3594 1147 3635 more
1174 3582 1469 3653 peragitur.
1500 3580 1796 3638 Sciendum
1821 3592 2004 3639 autem
2030 3586 2175 3654 quod

582 3664 778 3737 primis
802 3667 1048 3724 ecclesiae
1066 3673 1403 3740 temporibus
1423 3673 1585 3728 etiam
1613 3674 1916 3747 presbyteri
1948 3678 2181 3747 episcopi

584 3757 921 3815 vocabantur
962 3778 978 3816 :
1020 3763 1114 3818 sed
1143 3765 1512 3833 postmodum,
1535 3766 1655 3821 utili
1678 3768 1813 3823 satis
1839 3768 2168 3839 provisione,

582 3852 940 3908 constitutum
960 3862 1065 3921 est,
1091 3864 1151 3910 ut
1178 3857 1282 3912 hoc
1313 3873 1507 3913 nomen
1537 3858 1666 3914 solis
1696 3860 2042 3930 pontificibus
2075 3862 2174 3917 tri-

581 3942 804 4010 buatur,
837 3960 1069 4016 quorum
1104 3946 1325 4017 majoris
1348 3951 1548 4022 gradus
1584 3953 1904 4008 excellentia
1937 3963 2168 4024 crescat,

583 4050 641 4096 et
685 4040 864 4097 minor
886 4044 1023 4100 ordo
1058 4060 1326 4102 mensura:
1357 4062 1466 4103 suae
1501 4047 1726 4103 limitem
1775 4058 2164 4121 recognoscat:

583 4131 764 4203 sitque
786 4132 1092 4191 diﬂerentia
1118 4138 1174 4193 in
1194 4139 1498 4206 vocabulis,
1523 4140 1664 4196 sicut
1683 4143 1995 4213 przecelsior
2016 4144 2175 4200 locus

583 4226 829 4283 honoris.

651 4318 947 4394 Episcopus
973 4322 1181 4391 (ἔκυσε,
1229 4324 1422 4383 Latine
1448 4326 1647 4384 dicitur
1669 4330 2120 4400 superintendens
2149 4352 2162 4387 :

581 4414 670 4470 ἰπὶ
699 4427 886 4485 super,
922 4425 1134 4473 σκοπεῖν
1174 4416 1477 4485 intendere,
1509 4420 1636 4474 hinc
1658 4422 1940 4492 episcopus
1978 4439 2167 4492 super-

579 4504 889 4574 inteudcns,
922 4508 975 4562 id
1004 4519 1087 4563 cst
1126 4513 1478 4580 supcrvidcns
1508 4531 1519 4565 :
1558 4514 1685 4581 quia
1727 4514 1840 4583 ipsc
1882 4516 2042 4569 debet
2073 4533 2165 4571 su-
2194 4552 2242 4612 υ

578 4596 864 4665 pervidcre
889 4598 1059 4652 vitam
1098 4601 1464 4670 subjectot-um
1504 4619 1744 4668 suorum,
1784 4605 2017 4674 qualiter
2046 4622 2165 4662 cre—

580 4685 733 4751 dant,
756 4689 990 4759 qualiter
1023 4692 1230 4759 vivant,
1263 4695 1497 4764 qualiter
1539 4695 1633 4749 Dei
1670 4705 1937 4767 ptarccpta
1982 4708 2169 4755 custo-

577 4774 750 4830 diant.
795 4776 1047 4849 Antiquis
1096 4785 1428 4852 temporibus
1476 4785 1528 4839 in
1578 4787 1803 4857 singulis
1856 4789 2166 4846 civitatibus

577 4878 737 4924 erant
769 4877 947 4927 turres
971 4873 1248 4932 alllSSlllllB
1272 4887 1598 4933 constructze
1622 4898 1635 4933 :
1668 4897 2003 4953 unaquaeque
2029 4885 2164 4940 civi-

575 4967 663 5018 tas
689 4959 921 5019 babebat
949 4982 1104 5021 suam
1139 4971 1368 5037 turrim,
1409 4972 1461 5025 in
1499 4988 1606 5042 qua
1645 4975 1824 5029 stabat
1858 4979 2168 5044 speculator

573 5050 812 5119 assidue,
837 5064 899 5109 ut
915 5071 946 5110 a
969 5056 1127 5129 longe
1148 5070 1331 5130 posset
1357 5065 1620 5132 aspicere,
1647 5066 1690 5119 si
1714 5070 1989 5124 exercitus
2014 5072 2167 5126 veni-

572 5149 660 5197 rct
686 5159 754 5199 ex
781 5145 959 5215 aliqua
983 5160 1169 5217 parte;
1192 5152 1239 5207 si
1266 5153 1477 5209 videret
1503 5158 1805 5212 exercitum
1826 5162 2159 5227 venientem,

572 5234 859 5293 nuntiabat
890 5241 1073 5294 statim
1114 5245 1259 5313 regi,
1304 5252 1360 5299 ct
1387 5250 1833 5315 prmparabantur
1858 5266 2052 5308 omnes
2091 5255 2159 5308 ad

568 5323 770 5381 bellum
807 5340 997 5384 contra
1041 5332 1251 5388 hostem
1291 5336 1461 5389 illum.
1510 5337 1879 5407 Speculatoris
1904 5341 2050 5399 illius
2081 5345 2159 5399 si-

643 5456 667 5483 ἰ
700 5441 959 5502 Sacerdos
976 5466 1176 5526 pra-ce,
1201 5459 1306 5506 etc.
1337 5451 1450 5526 into
1480 5455 1739 5526 etipsutn
1766 5457 1978 5526 origine
2003 5457 2153 5511 Lati-

567 5530 697 5599 ttunt
724 5519 1267 5599 nontcn..For‘t_c_leg.
1302 5537 1317 5574 :
1351 5519 1631 5586 Sacerdos,
1658 5525 1840 5599 (ἔνατα
1857 5519 2151 5599 presbyter,

564 5584 755 5640 Latine
779 5588 1024 5644 sacerdos
1052 5584 1268 5654 dicitur,
1295 5610 1385 5645 seu
1414 5584 1627 5647 sacrum»
1652 5596 1804 5649 dans.
1864 5584 1874 5598 ’
1902 5614 1911 5623 ’

636 5657 663 5695 δ
691 5656 1014 5737 quojlgm.
1044 5677 1166 5737 vi".
1188 5662 1327 5737 illan.
1354 5666 1538 5737 ἐπίῃ-2
1555 5666 1732 5721 Μειδωὶ
1758 5666 1898 5730 ltal.,
1930 5678 2062 5726 tom.
2085 5669 2152 5737 ll,

559 5743 679 5799 pag.
710 5727 797 5784 86.
831 5728 1013 5786 Baluz.
1039 5731 1269 5803 Capitul.
1295 5727 1434 5791 tom;
1455 5734 1513 5795 ll.
1536 5750 1657 5807 pag.
1694 5738 1851 5795 1572.

2276 3315 2384 3370 hoc
2426 3323 2531 3380 est,
2579 3314 2648 3369 de
2673 3315 3023 3386 arsanoquita
3054 3326 3105 3383 ε,
3133 3332 3235 3388 pro
3266 3317 3465 3374 ancilla
3492 3319 3602 3375 Deo
3625 3324 3877 3390 Sacrata,

2275 3420 2376 3475 pro
2400 3406 2867 3476 quadrupedibus,
2913 3415 3011 3462 aut
3050 3407 3096 3463 si
3127 3408 3411 3482 conjugem
3439 3409 3630 3467 habuit
3654 3426 3723 3467 ex
3758 3413 3877 3471 alio

2276 3497 2414 3559 viro,
2443 3499 2588 3567 quod
2617 3496 2809 3553 Graece
2838 3498 3039 3554 dicitur
3070 3498 3467 3576 διντιρηαμὲα.
3515 3501 3583 3558 Ει
3609 3503 3655 3560 si
3681 3504 3751 3559 de
3779 3505 3876 3562 his

2275 3587 2620 3659 inculpabilis
2648 3589 2902 3645 inventus
2922 3584 3105 3657 fuerit,
3122 3590 3274 3662 jurat
3297 3593 3679 3650 archidiacono
3700 3611 3871 3668 super

2274 3688 2508 3750 quatuor
2555 3680 2872 3752 Evangelia,
2920 3682 3119 3739 deinde
3147 3683 3437 3741 confirmat
3469 3702 3632 3758 super
3664 3703 3874 3761 corpus

2273 3771 2414 3828 beati
2462 3772 2611 3830 Petri
2643 3775 2710 3829 de
2739 3775 2828 3829 his
2872 3764 3256 3846 inculpabilem
3304 3790 3366 3832 se
3413 3777 3548 3834 fore.
3600 3779 3869 3839 Similiter

2271 3868 2577 3938 presbyteri
2607 3877 2664 3923 et
2690 3869 2928 3924 diaconi.
2966 3868 3098 3924 Post
3140 3871 3258 3926 hare
3282 3871 3556 3928 residente
3582 3874 3866 3945 pontiﬁce,

2271 3969 2327 4014 et
2347 3968 2560 4016 astante
2589 3962 2845 4017 universo
2879 3962 3027 4025 clero
3049 4003 3066 4028 ,
3099 3963 3401 4034 interrogat
3438 3980 3535 4023 eos
3569 3968 3663 4038 qui
3708 3967 3866 4025 illum

2272 4051 2635 4119 adduxerunt,
2680 4053 2749 4108 de
2788 4054 3204 4111 conversatione
3231 4071 3350 4121 sua,
3395 4073 3491 4114 seu
3525 4067 3660 4130 quot
3686 4075 3864 4117 annos

2271 4143 2325 4199 in
2361 4160 2688 4215 unoquoque
2715 4145 2883 4217 gradu
2919 4146 3271 4202 ministravit.
3313 4147 3515 4206 Deinde
3560 4151 3862 4228 interrogat

2270 4252 2417 4301 eum,
2447 4237 2589 4291 sitne
2634 4236 2703 4292 de
2743 4237 2860 4308 ipsa
2890 4236 3157 4307 Ecclesia,
3197 4248 3293 4295 aut
3337 4241 3403 4296 de
3431 4242 3536 4297 alia
3570 4262 3584 4297 :
3615 4253 3673 4300 et
3698 4246 3744 4302 si
3787 4248 3861 4305 de

2271 4330 2376 4384 alia
2402 4336 2511 4394 est,
2540 4329 2842 4399 interrogat
2867 4336 3047 4384 utrum
3072 4331 3268 4387 habeat
3296 4331 3459 4406 593
3484 4334 3859 4394 dimissoriatn

2269 4420 2337 4476 ab
2365 4420 2622 4491 episcopo
2651 4436 2771 4474 suo.
2813 4420 2944 4488 Qua:
2970 4430 3189 4477 ostensa
3217 4424 3480 4480 recitatur
3502 4427 3558 4483 in
3588 4429 3852 4487 medium.

2268 4513 2385 4580 Quo
2436 4511 2585 4567 facto
2625 4513 2902 4586 subiungit
2942 4513 3184 4584 pontifex
3225 4532 3239 4568 :
3284 4515 3427 4582 Quid
3466 4521 3607 4575 vobis
3651 4521 3859 4593 placuit

2268 4606 2333 4659 de
2361 4604 2465 4659 eo?
2496 4604 2882 4675 Responilcant
2913 4622 2927 4659 :
2962 4604 3214 4671 Castitas,
3242 4607 3593 4679 hospitalitas,
3625 4612 3861 4686 benigni-

2267 4710 2371 4765 tas,
2400 4708 2449 4754 et
2478 4699 2656 4753 omnia
2681 4699 2816 4753 bona
2855 4714 2973 4769 qua:
2999 4698 3111 4754 Deo
3139 4713 3259 4755 sunt
3299 4713 3510 4773 accepta
3526 4720 3545 4769 ;
3589 4715 3646 4760 et
3679 4709 3858 4777 pomi-

2266 4791 2355 4844 fex
2388 4808 2402 4843 :
2441 4788 2645 4854 Videte,
2676 4788 2892 4858 fratres,
2920 4804 2985 4844 ne
3012 4789 3257 4861 aliquam
3275 4793 3671 4861 promissionem
3700 4796 3858 4866 fecis-

2265 4890 2341 4935 set
2367 4881 2508 4935 vobis
2532 4896 2549 4933 :
2573 4880 2769 4933 sciurus
2794 4879 2936 4952 quod
2971 4879 3317 4936 simoniacam
3352 4890 3447 4947 est,
3481 4892 3528 4938 et
3550 4895 3733 4939 contra
3758 4904 3853 4941 cn-

2269 4989 2449 5028 nones.
2474 4971 2584 5027 Illis
2610 4971 3077 5043 respondentibus,
3110 4972 3255 5028 Absit
3276 4991 3311 5026 α
3346 4975 3516 5041 nobis,
3548 4977 3853 5038 introduci—

2266 5074 2357 5119 tur
2377 5065 2582 5119 electus
2608 5072 2734 5119 ante
2758 5062 3068 5134 pontificem
3088 5104 3103 5127 ,
3132 5074 3405 5134 prostrato
3443 5082 3509 5123 eo
3545 5068 3598 5123 in
3623 5079 3847 5130 terram.

2264 5154 2364 5210 Cui
2387 5154 2755 5225 apostolicus:
2786 5151 3034 5225 Protegat
3065 5172 3159 5210 nos
3194 5155 3472 5213 Dominus.
3521 5159 3586 5215 Et
3613 5169 3743 5219 tunc
3767 5165 3851 5219 in-

2264 5253 2506 5317 terrogat
2531 5245 2599 5300 de
2626 5246 2740 5299 suis
2765 5245 3071 5312 ordinibus,
3105 5257 3270 5316 atque
3313 5249 3538 5306 instruit
3571 5253 3640 5308 de
3676 5270 3851 5309 cano-

2261 5337 2387 5393 nica
2416 5338 2760 5404 auctoritate,
2788 5344 2846 5392 et
2869 5336 3038 5393 dicit:
3067 5337 3330 5403 Quoniam
3354 5341 3478 5397 inte
3503 5342 3637 5399 bona
3665 5362 3851 5403 conce-

2332 5477 2358 5506 α
2398 5469 2773 5545 Arsauo_q_uita,
2820 5485 2888 5545 ex
2925 5468 3118 5545 Graeco
3163 5472 3543 5545 ἆρςινοιωίτης,
3572 5478 3847 5537 masculo-

2259 5553 2381 5620 [ψη
2424 5539 2762 5620 cpncubitor.
2810 5539 2965 5620 Apud
2990 5539 3210 5620 “Balurg
3246 5541 3350 5597 loc.
3379 5546 3497 5620 _eit.
3550 5564 3570 5596 α
3601 5547 3847 5620 lnquirat

2259 5608 2408 5690 illum
2440 5611 2507 5690 de
2539 5620 2775 5690 quatuor
2803 5608 3077 5680 capitulis,
3124 5612 3177 5690 id
3227 5621 3331 5677 est,
3361 5614 3430 5671 de
3468 5608 3841 5690 arsenoquita,

2258 5678 2404 5749 quod
2431 5688 2534 5744 cst,
2562 5678 2771 5736 cubans
2791 5678 2915 5736 cuin
2946 5683 3210 5748 masculo,
3235 5694 3341 5738 etc.
3374 5705 3394 5739 ι
