4092 6484
268 365 291 420 Ι
305 367 407 423 257

1075 380 1229 441 OPP.
1269 381 1676 443 SUPPOSITA.
1716 415 1789 429 —
1822 387 1953 445 LIB.
1995 390 2084 447 DE
2122 390 2374 451 DIVI.le
2412 394 2721 457 OFFlCIlS.

3399 407 3569 478 ηδε

262 487 442 589 nium,
461 488 747 551 abstinebis
763 499 811 549 te
831 492 1001 561 hodie,
1025 496 1180 553 hodie
1206 499 1507 569 abstinebis,
1534 511 1585 559 et
1608 503 1842 557 crastina
1868 507 1918 565 Α
1946 501 2165 570 tineret,
2206 504 2263 561 et
2298 506 2652 569 schismatum
2695 511 2905 573 semina
2942 508 3281 582 tollerentur.
3305 535 3326 583 ι
3365 527 3478 587 Cur
3503 550 3533 589 a
3560 578 3563 579 ν

262 578 374 635 Deo
409 578 631 650 iuvante
658 584 1074 655 consecraberis;
1102 598 1158 646 et
1200 598 1329 647 tunc
1352 594 1629 665 egreditur
1671 590 1838 649 foras.

258 670 381 726 Alia
408 687 539 728 vero
566 673 656 731 die
679 689 801 746 qua:
818 686 903 733 est
926 678 1222 750 Dominica,
1248 686 1493 754 procedit
1522 686 1763 758 pontifex
1784 688 1841 745 in

257 763 549 823 ecclesiam
574 762 697 823 cum
733 771 883 827 omni
922 782 1140 841 ornatu,
1166 777 1516 847 praestolante
1559 794 1686 837 eum
1718 781 1842 836 uni-

255 871 417 913 verso
460 861 607 918 clero
653 868 817 933 atque
862 866 1077 937 populo.
1113 856 1251 935 Quia
1285 886 1419 927 vero
1455 872 1511 926 in
1556 870 1839 928 Dominica

253 950 565 1021 ordinatur,
580 957 644 1037 et
669 955 864 1028 reliqui
890 953 1125 1016 ministri
1152 962 1206 1016 in
1235 956 1486 1031 sabbato,
1510 960 1678 1036 supra
1703 966 1840 1021 scri-

250 1049 406 1109 ptum
429 1050 534 1100 est.
569 1041 912 1119 ingrediente
949 1048 1247 1121 apostolico
1293 1052 1347 1108 in
1394 1054 1719 1122 sacrarium,
1754 1055 1839 1111 in-

250 1132 418 1187 choat
438 1133 624 1191 schola
645 1134 712 1192 ad
737 1136 1018 1194 introitum
1038 1132 1391 1213 antiphouam
1410 1143 1466 1199 in
1486 1142 1837 1201 Ordinatione

248 1219 550 1282 Pontificis.
577 1224 858 1299 Completo
883 1230 1123 1298 introitu,
1156 1248 1265 1289 non
1294 1234 1499 1291 dicitur
1528 1242 1645 1292 tum
1666 1227 1836 1307 Kyrie

248 1312 463 1382 eteison,
509 1310 610 1373 sed
632 1334 760 1375 mox
798 1320 932 1378 dicit
967 1323 1298 1394 apostolicus
1324 1325 1649 1382 orationem.
1693 1325 1835 1383 Cau-

247 1407 491 1464 tantibus
514 1410 797 1483 egreditur
819 1412 1235 1471 archidiaconus
1252 1429 1377 1471 cum
1403 1415 1748 1473 subdiaconis
1779 1423 1834 1471 et

244 1499 512 1571 acolytis,
549 1509 606 1557 et
644 1502 820 1559 induit
858 1504 1093 1561 electum
1139 1506 1432 1562 dalmatica
1473 1520 1573 1565 seu
1607 1507 1831 1576 casula,

240 1597 304 1646 et
345 1589 643 1649 introducit
683 1607 808 1649 eum
852 1601 908 1649 et
954 1594 1202 1666 pontifex
1237 1612 1255 1651 :
1291 1594 1479 1653 σιω-ω
1532 1598 1830 1667 uniuersus,

241 1689 296 1735 et
320 1680 464 1752 plebs
490 1686 815 1740 consentiens
845 1686 1067 1741 civitatis
1087 1702 1209 1743 cum
1231 1686 1543 1762 adjacentiis
1568 1689 1700 1755 suis,
1733 1688 1835 1744 ele-

240 1782 430 1844 gerunt
453 1773 554 1830 sibi
580 1774 734 1830 illum
759 1774 1139 1848 presbyterum,
1173 1774 1254 1833 vel
1289 1778 1592 1844 diaconum,
1623 1781 1829 1851 episeo—

1946 591 2122 695 tribus
2157 596 2250 695 vel
2298 608 2537 695 quatuor
2576 605 2847 678 episcopis
2888 601 3174 685 episcopus
3217 608 3500 680 ordinetur
3518 667 3537 695 ,

1941 684 2239 788 Gregorius
2257 704 2411 788 papa.
2422 692 2583 751 docet
2611 707 2683 788 eg:
2714 718 2733 751 ι
2759 700 2940 769 Tales,
2964 684 3160 776 inquit,
3185 684 3557 788 obveniant;

1939 774 2033 844 qui
2064 775 2152 870 vel
2189 777 2246 832 in
2278 779 2527 849 profectu
2565 785 2807 859 episcopi
2840 774 3076 851 ordinati
3113 800 3406 870 gaudeant,
3449 774 3539 864 vel

1938 880 2039 958 pro
2056 866 2173 935 ejus
2191 871 2439 928 custodia
2460 877 2815 949 omnipotenti
2842 884 2951 940 Deo
2970 866 3161 958 preces
3183 866 3482 952 effundant.
3509 918 3531 953 ι

1938 952 2120 1055 Quare
2141 959 2473 1055 prohibitum
2502 965 2577 1020 sit
2601 968 2693 1022 uni
2713 970 2818 1055 hoc
2844 952 3046 1043 facere,
3061 968 3415 1040 innocentius
3432 1001 3535 1055 pa-

1936 1057 2005 1114 pa
2034 1043 2065 1085 ἀ
2090 1058 2357 1106 monstrat
2381 1052 2437 1108 in
2465 1052 2840 1117 Decretalibus
2868 1078 2971 1135 cap
3010 1067 3065 1123 9.
3109 1086 3129 1120 ς
3149 1069 3229 1127 Ne
3253 1085 3396 1130 unus
3419 1043 3537 1147 ἐρί-

1937 1149 2161 1206 scopum
2194 1143 2450 1202 ordinare
2474 1160 2784 1219 prmsumat,
2817 1170 2887 1210 ne
2917 1156 3177 1218 furtivum
3205 1143 3530 1227 beneﬁcium

1934 1230 2238 1326 praestitum
2271 1230 2540 1317 videatur.
2564 1258 2586 1293 ι
2627 1241 2961 1315 Augustinus
2986 1248 3041 1305 in
3069 1250 3207 1310 libro
3248 1256 3316 1312 de
3347 1255 3530 1326 Quan-

1934 1318 2090 1377 titate
2108 1322 2319 1381 Anima:
2346 1338 2392 1394 ο,
2418 1343 2638 1387 versum
2664 1330 2870 1392 Horatii
2901 1339 2969 1396 de
2991 1342 3237 1413 sapiente
3254 1318 3523 1420 protulit:

2058 1464 2240 1533 Fortis,
2264 1476 2319 1523 et
2341 1476 2394 1525 in
2412 1477 2583 1538 seipso
2605 1484 2737 1529 totus
2752 1484 2891 1532 teres
2912 1487 3061 1548 atque
3085 1489 3342 1542 rotundus.

1938 1586 1960 1623 ι
1994 1569 2135 1629 Hinc
2176 1576 2446 1647 sequitur,
2469 1586 2525 1634 et
2549 1588 2699 1638 recte
2741 1601 2755 1636 :
2785 1597 2913 1639 nam
2942 1600 3117 1657 neque
3141 1588 3196 1645 in
3225 1594 3408 1649 animo
3428 1594 3528 1652 bo—

1929 1678 2005 1721 no
2027 1666 2326 1755 quidquam
2355 1668 2587 1740 iuvenis,
2614 1675 2759 1745 quod
2779 1677 2954 1749 magis
2980 1677 3084 1735 sibi
3111 1694 3180 1735 ex
3199 1683 3347 1738 omni
3368 1692 3528 1755 parte

1930 1755 2255 1822 consentiat,
2292 1754 2478 1829 [quam
2503 1762 2785 1836 virtutem]
2814 1778 2991 1836 neque
3027 1766 3085 1823 in
3115 1768 3293 1837 planis
3331 1754 3524 1845 ﬁguris

240 1881 369 1935 pum
406 1865 508 1921 sibi
552 1845 851 1923 consecrari
891 1845 931 1922 ε⁷
953 1865 1179 1923 Oremus
1210 1868 1388 1940 itaque
1412 1886 1507 1926 nos
1528 1886 1624 1941 pro
1648 1845 1829 1927 eodem
1862 1875 1906 1936 Β
1930 1857 2094 1914 quam
2119 1845 2401 1902 Circulum'
2426 1866 2471 1941 ’γ
2490 1847 2838 1922 superiorem
2860 1856 3057 1928 capitis
3074 1867 3287 1930 partem
3312 1865 3524 1921 "mmo

244 1954 379 2021 uiro,
408 1965 469 2011 ut
497 1956 638 2013 Deus
660 1967 708 2013 et
732 1956 991 2014 Dominus
1021 1967 1196 2014 noster
1217 1960 1419 2014 tribuat
1444 1960 1497 2015 ei
1527 1960 1831 2017 cathedram

239 2047 587 2119 episcopalem
609 2049 680 2105 ad
700 2050 982 2122 regendam
1013 2047 1305 2106 Ecclesium
1331 2067 1507 2119 suam,
1547 2060 1600 2107 et
1630 2051 1830 2123 plebem

240 2137 560 2195 universam.
627 2140 831 2196 Deinde
876 2141 1100 2197 inchoat
1146 2141 1363 2208 schola,
1414 2140 1581 2214 Kyrie
1633 2141 1832 2199 eleison

240 2246 367 2287 cum
411 2231 598 2288 litania
621 2272 639 2300 ,
668 2237 944 2304 prostrato
973 2234 1171 2290 domno
1207 2232 1509 2304 apostolico
1536 2234 1593 2289 in
1622 2241 1830 2289 terram

239 2329 369 2397 ante
408 2322 580 2379 altare
608 2340 734 2381 cum
764 2325 880 2395 ipso
908 2324 1083 2381 electo
1137 2332 1193 2380 et
1234 2325 1505 2395 episcopis
1542 2339 1607 2380 ac
1647 2338 1831 2381 sacer-

240 2415 477 2473 dotibus.
508 2417 703 2474 Finitis
728 2416 954 2485 lilaniis,
974 2425 1225 2490 surgunt,
1251 2425 1311 2474 et
1332 2418 1609 2475 henedicit
1629 2429 1777 2474 eum.

312 2508 446 2565 Illud
494 2524 656 2578 vero,
708 2511 851 2581 quod
899 2510 1007 2566 duo
1057 2510 1297 2582 episcopi
1346 2518 1534 2566 tenent
1586 2510 1828 2568 codicem

239 2600 641 2672 evangeliorum
687 2615 851 2671 super
900 2609 1065 2671 caput
1107 2598 1262 2668 eius;
1308 2607 1364 2655 et
1403 2614 1514 2654 uno
1570 2597 1829 2656 fundente

238 2705 404 2762 super
425 2706 547 2746 eum
575 2689 1025 2756 benedictionem,
1049 2689 1245 2761 reliqui
1266 2688 1359 2760 qui
1385 2689 1585 2745 adsunt
1618 2689 1829 2760 episco-

236 2784 317 2855 pi,
347 2784 598 2840 manibus
625 2783 739 2840 suis
764 2798 928 2855 super
948 2789 1112 2854 caput
1146 2781 1265 2853 ejus
1305 2789 1550 2855 tangunt,
1593 2798 1704 2840 non
1739 2797 1829 2839 re-

237 2875 448 2945 peritur
475 2874 528 2928 in
553 2874 877 2929 auctoritate
907 2872 1101 2940 veteri,
1122 2887 1299 2943 neque
1326 2887 1498 2939 nova;
1524 2873 1621 2930 sed
1649 2886 1826 2944 neque

238 2968 294 3022 in
316 2967 556 3023 Romana
586 2966 893 3022 traditione.
934 2964 1041 3023 Sed
1061 2966 1241 3022 ethoc
1260 2964 1562 3033 sciendum,
1587 2966 1714 3039 quia
1738 2982 1828 3023 re-

238 3059 372 3130 liqui
401 3059 635 3116 ministri
658 3067 781 3129 post
806 3058 1153 3128 antiphonam
1182 3058 1250 3114 ad
1295 3057 1579 3114 introitum
1610 3066 1669 3115 et
1697 3074 1826 3115 ora-

238 3154 441 3208 tionem
479 3160 607 3207 tunc
647 3152 969 3207 ordinantur
991 3167 1006 3205 :
1027 3151 1265 3221 episcopi
1286 3166 1417 3207 vero
1438 3159 1561 3223 post
1596 3167 1823 3224 respon-

238 3242 442 3298 sorium
474 3250 770 3298 cantatum.
811 3241 966 3309 Quod
998 3250 1180 3298 autem
1216 3241 1380 3313 aliqui
1416 3249 1542 3314 post
1580 3242 1825 3315 Evange—
1844 3226 1896 3291 C

235 3333 367 3390 lium
414 3340 735 3390 consecrant
774 3334 1105 3404 episcopum,
1154 3347 1263 3389 non
1308 3332 1443 3389 dicit
1484 3332 1624 3390 ullus
1650 3332 1817 3390 Ordo.

236 3423 319 3479 Ad
347 3423 850 3480 communicandum
877 3439 1008 3480 vero
1025 3420 1266 3494 pontifex
1293 3422 1521 3494 porrigit
1547 3423 1598 3479 ei
1619 3421 1823 3480 forma-

236 3524 348 3570 tam
379 3524 543 3587 atque
570 3529 784 3571 sacram
808 3513 1155 3572 oblationem.
1188 3512 1359 3581 Quam
1390 3512 1659 3584 accipiens
1678 3529 1824 3571 com-

236 3605 481 3661 municat
511 3620 674 3677 super
711 3605 903 3673 altare,
928 3613 1123 3662 caetera
1152 3620 1283 3661 vero
1318 3613 1565 3662 reservat
1606 3605 1710 3662 sibi
1754 3607 1823 3663 ad

235 3695 743 3751 communicandum
784 3710 955 3765 usque
994 3696 1064 3751 ad
1095 3695 1211 3751 dies
1244 3696 1620 3768 quadraginta.
1660 3698 1820 3755 Post-

234 3783 453 3838 modum
486 3794 555 3839 ex
591 3790 863 3856 praecepto
901 3784 1180 3855 apostolici
1210 3786 1573 3842 communicat
1604 3801 1819 3841 omnem

233 3871 510 3944 populum.

306 3966 494 4033 Qualis
506 3976 684 4025 autem
702 3976 844 4024 esset
854 3970 1152 4040 antiquitus
1171 3972 1509 4029 consecratio
1533 3973 1819 4045 episcopo-

234 4070 377 4123 rum,
393 4059 629 4113 ostendit
643 4057 996 4131 Hieronymus
1020 4061 1076 4116 in
1101 4061 1327 4130 epistola
1346 4064 1415 4118 ad
1439 4062 1727 4135 Evagrium
1745 4079 1770 4107 α
1799 4084 1814 4121 :

237 4168 258 4202 ι
280 4149 617 4207 Alexandria:
647 4193 661 4215 ,
713 4152 967 4223 inquiens
994 4194 1009 4220 ,
1054 4169 1084 4208 a
1140 4155 1323 4211 Marco
1357 4159 1690 4228 evangelista
1722 4175 1817 4215 us-

234 4259 340 4316 que
369 4244 434 4299 ad
460 4245 758 4302 Eraclidem
785 4256 841 4301 et
862 4248 1171 4318 Dionysium
1191 4249 1493 4321 episcopos,
1514 4252 1817 4323 presbyteri

232 4352 450 4407 semper
473 4354 638 4393 unum
666 4353 733 4393 ex
763 4354 823 4395 se
848 4339 1078 4395 electum
1101 4340 1156 4395 in
1178 4342 1461 4399 excelsiori
1489 4346 1658 4415 gradu
1682 4361 1817 4401 con-

232 4427 480 4483 stitutum
499 4427 585 4483 vel
610 4427 930 4484 collocatum
956 4432 1271 4501 episcopum
1290 4433 1661 4501 nominabant,
1684 4451 1818 4505 quo-

231 4519 393 4574 modo
420 4518 464 4575 si
490 4520 761 4576 exercitus
786 4520 1167 4590 imperatorem
1190 4523 1372 4589 faciat,
1400 4532 1456 4580 et
1485 4526 1693 4582 diaconi
1720 4528 1815 4584 eli-

1932 1949 2277 2028 renovamus,
2298 1955 2420 1996 cum
2444 1940 2577 1999 forti
2600 1944 2962 2004 sollicitudine
2992 1952 3292 2022 superﬂuas
3314 1956 3524 2028 cogita-

1932 2027 2109 2086 tiones
2140 2031 2212 2087 ab
2237 2032 2421 2089 animo
2443 2047 2754 2093 resecamus
2777 2055 2792 2093 :
2818 2036 2874 2099 in
2906 2040 3153 2099 inferiori
3184 2052 3340 2116 parte
3363 2027 3528 2105 coro-

1928 2140 2056 2181 nam
2092 2132 2376 2195 portamus
2414 2128 2756 2200 capillorum,
2794 2148 2921 2191 cum
2957 2146 3024 2192 ea
3067 2151 3189 2207 quas
3219 2141 3518 2199 secundum

1929 2216 2192 2273 mundum
2220 2220 2533 2277 necessario
2567 2224 2920 2294 gubernanda
2952 2234 3105 2298 sunt,
3138 2245 3267 2288 cum
3304 2231 3519 2291 ratione

1928 2307 2272 2366 concorditer
2286 2324 2653 2383 coaaquamus.
2944 2324 2948 2327 ·

2435 2418 2667 2482 CAPUT
2703 2417 2991 2487 XXXVIII.

1926 2528 1994 2569 ns
2018 2527 2259 2571 smcuus
2289 2529 2549 2573 vssrraus
2571 2520 2775 2594 enisus
2808 2520 3149 2580 statuo-res
3168 2536 3273 2582 vss
3299 2518 3518 2594 nations

2067 2600 2294 2642 oscines
2322 2603 2376 2642 IN
2414 2590 2613 2644 verum
2640 2604 2996 2649 rssrtueuro
3027 2608 3372 2652 crassum.

1994 2694 2150 2753 Nunc
2177 2696 2463 2755 dicendum
2488 2699 2557 2756 de
2578 2699 2806 2773 singulis
2826 2703 3091 2772 vestibus,
3112 2700 3312 2777 quibus
3332 2720 3516 2766 sacer-

1925 2785 2080 2844 dotes
2096 2786 2184 2843 vei
2201 2787 2394 2859 reliqui
2414 2790 2632 2846 ordines
2658 2791 2713 2847 in
2725 2788 2910 2850 Veteri
2931 2788 3278 2853 Testatnento
3288 2799 3516 2856 utebano

1926 2883 2034 2932 tur.
2050 2876 2221 2933 Erant
2242 2886 2425 2935 autem
2443 2890 2570 2938 octo
2582 2882 2792 2953 species
2815 2883 3047 2941 vestium
3071 2880 3510 2959 sacerdotalium,

1922 2969 1980 3025 id
2010 2979 2114 3039 est,
2144 2973 2327 3029 tunica
2357 2968 2500 3030 linea
2536 2975 2751 3043 stricta,
2790 2976 2977 3033 tunica
3012 2968 3385 3049 hyacinthina,
3420 2992 3515 3037 sn-

1920 3057 2319 3131 perhumerale,
2368 3063 2665 3132 rationale,
2711 3065 2941 3134 cidaris,
2989 3058 3262 3136 balteum,
3308 3070 3509 3131 lamina

1923 3164 2087 3207 aurea
2107 3152 2168 3208 in
2184 3150 2365 3209 fronte
2388 3154 2685 3226 pontiﬁcis,
2705 3164 2761 3212 et
2777 3154 3052 3214 femiualia
3074 3156 3237 3215 linea.
3276 3155 3373 3216 His
3396 3176 3514 3218 om-

1924 3240 2088 3298 nibus
2106 3241 2350 3313 pontifex
2374 3253 2617 3316 tempore
2642 3241 2894 3303 sacrificii
2916 3247 3242 3305 induebatur
3263 3268 3279 3305 :
3299 3250 3514 3310 caeteris

1920 3345 2053 3387 vero
2077 3332 2306 3389 minoris
2328 3334 2530 3405 gradus
2556 3334 2929 3393 sacerdotibus
2960 3336 3090 3395 solis
3116 3340 3352 3409 quatuor
3379 3340 3513 3400 lice-

1918 3422 2014 3480 bat
2038 3425 2140 3492 uti,
2165 3425 2219 3481 id
2242 3433 2346 3493 est,
2371 3427 2555 3483 tunica
2586 3426 2727 3485 linea
2766 3430 2978 3498 stricta,
3014 3430 3207 3500 cidari,
3244 3432 3427 3491 balteo
3453 3443 3511 3491 et

1921 3512 2287 3572 feminalibus.
2337 3516 2565 3588 Reliqua
2604 3533 2739 3576 vero
2781 3528 3015 3591 quatuor
3060 3524 3271 3579 tanmm
3310 3525 3508 3581 summi

1917 3603 2194 3676 pontiﬁcis
2218 3614 2395 3663 erant.

1991 3695 2145 3753 Nunc
2170 3697 2237 3754 de
2260 3698 2487 3771 singulis
2510 3700 2879 3771 explanemus.
2922 3700 3122 3758 Tunica
3146 3702 3307 3771 linea,
3338 3704 3507 3762 vestis
3556 3754 3565 3763 .

1920 3796 2038 3844 erat
2064 3788 2311 3856 interior,
2337 3804 2503 3860 quam
2528 3792 2811 3848 camisiam
2841 3792 3071 3850 dicimus
3085 3793 3172 3849 vel
3190 3808 3503 3865 supparum.

1917 3878 2046 3935 Haec
2070 3880 2259 3937 stricta
2293 3880 2513 3949 dicitur,
2548 3882 2801 3953 quoniam
2830 3884 3141 3941 adhaerebat
3178 3886 3412 3957 corpori,
3449 3894 3507 3942 et

1919 3969 1994 4025 ita
2041 3980 2161 4026 erat
2204 3972 2407 4028 strictis
2449 3973 2702 4040 manicis,
2742 3982 2804 4029 ut
2848 3973 2992 4029 nulla
3019 3974 3070 4030 ei
3103 3975 3324 4031 omnino
3370 3990 3503 4053 ruga

1917 4060 2158 4117 inesset:
2184 4063 2323 4119 sicut
2361 4063 2779 4130 solenthmilites
2816 4066 3020 4122 habere
3056 4065 3268 4121 tunicas
3309 4065 3498 4132 lineas,

1917 4150 2004 4206 sic
2024 4160 2180 4223 aptas
2207 4153 2487 4217 membris,
2519 4162 2579 4208 ut
2605 4152 2841 4226 expediti
2869 4154 2980 4209 sint
3004 4153 3284 4224 dirigendo
3296 4154 3501 4223 jaculo,

1917 4241 2186 4297 tendendo
2205 4242 2470 4314 clypeum,
2498 4245 2760 4301 vibrando
2780 4244 3037 4317 gladium,
3060 4246 3275 4317 qualem
3294 4254 3353 4302 et
3366 4244 3501 4303 Joah

1916 4335 2169 4392 habuisse
2193 4336 2415 4408 legitur,
2446 4338 2691 4393 strictam
2716 4338 2785 4392 ad
2808 4353 3117 4394 mensuram
3147 4339 3366 4396 habitus
3386 4353 3505 4394 cor-

1913 4426 2064 4495 poris
2092 4428 2176 4483 sui
2204 4444 2217 4482 :
2247 4443 2346 4499 pro
2378 4444 2486 4499 qua
2514 4444 2658 4484 nunc
2685 4429 2999 4486 sacerdotes
3026 4430 3109 4486 vel
3140 4430 3323 4486 clerici
3350 4429 3503 4488 albas

1915 4521 2137 4576 habent.

231 4617 359 4681 gant
385 4609 451 4665 de
476 4625 554 4676 se,
584 4625 745 4680 quem
778 4580 1102 4668 industrium
1131 4580 1404 4681 noverint,
1443 4624 1501 4672 et
1534 4580 1809 4675 archidia-
1842 4580 1893 4644 θ
1985 4609 2153 4683 496
2188 4609 2392 4667 Tunica
2420 4620 2535 4669 tota
2556 4612 2903 4684 hyacinthina
2929 4613 3168 4669 exterior
3186 4613 3501 4684 nullumque

230 4715 427 4757 conum
468 4710 679 4757 vocent.
704 4720 723 4755 ι
778 4699 1204 4759 Archidiaconus
1246 4706 1491 4761 eamdem
1529 4723 1811 4766 consecra-

232 4793 433 4849 tionem
476 4792 640 4849 habet
680 4808 842 4863 quam
884 4795 1064 4850 caeleri
1112 4795 1360 4862 diaconi,
1410 4798 1506 4854 sed
1548 4800 1812 4860 electione

233 4882 458 4940 fratrum
486 4886 837 4955 prmponitur.
874 4885 1008 4942 item
1037 4886 1395 4959 Hieronymus
1421 4905 1585 4960 super
1600 4891 1813 4963 Episto-

232 4972 338 5029 lam
367 4973 434 5029 ad
462 4974 642 5029 Titum
670 4976 699 5015 ιι
732 4993 745 5029 :
782 4994 801 5027 ι
819 4975 1123 5046 Antequam
1148 4976 1437 5034 schismata
1462 4980 1516 5035 iu
1553 4981 1811 5053 religione

233 5068 448 5131 fierent,
474 5075 530 5122 et
553 5066 825 5123 diceretur
860 5068 915 5123 in
950 5069 1161 5138 populis
1188 5087 1201 5123 :
1230 5070 1343 5141 Ego
1382 5085 1504 5126 sum
1545 5071 1719 5141 Pauli,
1760 5083 1816 5130 et

231 5169 461 5227 caztera,
504 5160 779 5215 communi
825 5161 1262 5232 presbyterorum
1303 5164 1527 5220 consilio
1570 5165 1813 5223 Ecclesia

233 5254 538 5325 regebatur.
578 5251 870 5323 Postquam
896 5267 1027 5309 vero
1059 5255 1441 5326 unusquisque,
1474 5273 1612 5328 quos
1640 5259 1816 5330 bapti-

232 5343 411 5410 zabat,
442 5358 570 5399 suos
590 5358 712 5400 esse
732 5344 961 5410 dicebat,
988 5360 1097 5401 non
1124 5346 1323 5402 Christi
1352 5346 1406 5401 in
1433 5354 1548 5404 toto
1565 5351 1698 5405 orbe
1720 5351 1815 5406 de-

231 5447 441 5497 cretum
463 5446 567 5505 est,
591 5447 653 5495 ut
678 5453 819 5494 unus
858 5437 926 5495 de
954 5436 1286 5510 presbyteris
1317 5437 1520 5497 electus
1554 5456 1816 5515 superpo-

230 5539 457 5588 neretur
479 5529 715 5595 caeteris,
741 5528 810 5585 ad
831 5544 992 5600 quem
1022 5531 1200 5586 omnis
1231 5543 1365 5586 cura
1397 5529 1653 5587 Ecclesia:
1690 5548 1816 5603 per-

300 5678 328 5749 ξι
368 5663 428 5722 S.
454 5663 606 5721 Hier.
636 5663 796 5734 epist.
831 5662 934 5720 146
960 5664 1028 5720 ad
1056 5662 1407 5735 Evangelum,
1433 5650 1540 5720 non
1565 5662 1635 5719 ad
1669 5662 1813 5720 Eva-

233 5750 432 5811 gnum.

302 5808 331 5851 δ
369 5806 445 5862 id.
479 5805 533 5862 in
558 5820 676 5876 cap.
710 5822 726 5861 ι
754 5804 925 5875 Epist.
950 5802 1017 5859 ad
1048 5802 1154 5860 Tit.

1917 4702 2081 4757 alium
2106 4702 2340 4759 colorem
2368 4703 2656 4774 recipiens,
2684 4719 2856 4774 usque
2877 4704 2944 4759 ad
2964 4705 3127 4774 pedes
3144 4691 3495 4769 descendens,

1915 4795 2055 4850 sicut
2083 4802 2138 4850 et
2159 4794 2321 4860 linea,
2356 4795 2498 4851 unde
2524 4804 2580 4851 et
2610 4803 2841 4867 utraque
2869 4795 3055 4853 Graece
3080 4796 3309 4869 poderis,
3338 4797 3391 4852 id
3416 4809 3499 4853 est

1915 4885 2108 4942 talaria
2148 4886 2475 4953 vocabatur,
2522 4887 2729 4943 habens
2777 4887 3184 4943 similitudinem
3231 4889 3497 4943 malorum

1915 4985 2265 5048 granatorum
2310 4992 2621 5045 aureorum,
2650 4986 2705 5035 et
2733 4978 3089 5033 tintinnabula
3128 4993 3313 5033 aurea.
3368 4978 3503 5034 Erat

1916 5077 2100 5125 autem
2125 5069 2242 5124 sine
2271 5069 2497 5125 manicis
2526 5063 2593 5125 ad
2619 5069 2954 5124 colobiorum
2986 5068 3413 5135 similitudinem,
3442 5078 3500 5125 ct

1915 5162 2039 5217 ideo
2064 5160 2209 5216 unde
2239 5177 2434 5216 manus
2469 5162 2847 5225 educerentur,
2887 5168 3070 5230 aperta
3106 5168 3245 5215 erat.
3284 5159 3390 5214 Pro
3416 5167 3499 5214 tu-

1915 5253 2037 5308 nica
2066 5253 2413 5324 hyacinthina
2437 5253 2607 5307 nostri
2632 5252 2913 5322 pontifices
2938 5252 3115 5321 primo
3137 5250 3364 5308 colobiis
3388 5260 3502 5307 utc-

1913 5343 2132 5400 hantur.
2173 5344 2271 5399 Est
2289 5351 2467 5399 autem
2491 5342 2750 5398 colobinm
2784 5342 2953 5397 vestis
2982 5343 3101 5398 sine
3120 5342 3363 5397 manicis.
3403 5342 3500 5398 lla?

1915 5438 2036 5492 dua:
2071 5445 2273 5503 vestes,
2307 5434 2359 5491 id
2388 5446 2489 5502 est,
2528 5436 2709 5491 tunica
2741 5434 2960 5507 byssina
2997 5435 3209 5501 stricta,
3232 5444 3295 5502 et.
3317 5434 3495 5491 tunica

1914 5527 2287 5598 hyacinthina,
2313 5526 2483 5582 balteo
2512 5527 2752 5583 astrian
2776 5534 2955 5593 erant,
2981 5526 3127 5598 quod
3148 5533 3269 5581 erat
3297 5524 3495 5598 cinguli

1988 5673 2012 5735 οξ
2056 5663 2115 5735 f5.
2141 5662 2316 5735 _Greg.
2344 5663 2468 5735 libr.
2500 5680 2560 5726 Il,
2588 5664 2746 5735 epist.
2774 5662 2864 5719 5i.

1987 5732 2013 5772 ιι
2055 5734 2111 5805 In
2141 5732 2311 5804 Epist.
2342 5734 2409 5788 ad
2439 5732 2776 5797 Victrieium.
2801 5749 2919 5805 cap.
2950 5734 3001 5789 l.

1994 5814 2019 5842 ι’
2057 5804 2191 5875 Aug.
2218 5820 2337 5874 cap.
2371 5804 2456 5870 16,
2491 5812 2621 5859 tom.
2652 5805 2701 5869 i,
2735 5804 3015 5874 pag.’508.
