4092 6486
569 272 708 328 1239
1406 269 1464 322 Β.
1505 271 1567 324 F.
1609 267 1836 324 ALBlNl
1876 267 2010 325 SEU
2047 256 2326 324 ALClI'lNI
2366 267 2651 326 OPERUM
2690 271 2870 328 PARS
2907 274 2999 330 rx.

3707 272 3852 330 1250

566 401 738 456 genus
767 398 837 440 ex
858 387 1023 454 bysso
1057 390 1280 450 retorta,
1309 387 1622 457 hyacintho,
1655 401 1895 457 purpura
1932 400 1996 439 ac
2032 398 2155 439 ver—
2183 384 2236 444 Α
2258 382 2356 446 He,
2396 383 2541 451 Vau,
2571 385 2709 442 Heth
2737 407 2749 441 :
2777 389 2943 461 [mni]
2973 397 3028 444 et
3049 389 3356 456 dicebatur,
3391 391 3689 454 ineffabile,
3737 407 3850 446 non

569 475 792 543 miculo,
815 491 981 547 opere
1007 477 1258 547 plumari,
1286 477 1338 531 in
1372 479 1778 534 similitudinem
1813 477 1968 547 pellis
2002 477 2145 531 colu-

567 565 677 634 bri,
707 567 1008 623 latitudinis
1035 576 1272 639 quatuor
1293 570 1601 642 digitorum.
1644 569 1750 623 Pro
1781 568 1984 632 balteo,
2010 582 2155 624 nunc

570 672 852 725 zonarum,
897 672 1036 729 quas
1073 657 1343 714 Romanas
1389 659 1692 730 appellant,
1735 674 1868 714 usus
1909 667 2156 730 receptus

570 756 678 804 est.

639 841 1083 911 Superhumerale
1101 843 1248 913 quod
1275 842 1542 899 Hebraice
1589 844 1757 915 ephod
1797 843 2015 912 dicitur,
2074 843 2154 901 sic

569 942 841 999 vocatum,
875 935 1018 1004 quod
1050 935 1307 990 humeros
1331 936 1664 1002 obnuhcret;
1688 936 1840 1005 cujus
1868 946 2156 993 contextus

569 1030 638 1082 de
657 1029 911 1083 omnibus
939 1027 1212 1084 coloribus
1237 1038 1355 1085 erat
1386 1032 1775 1101 magnitudinis
1802 1032 2072 1098 cubitalis,
2098 1033 2154 1091 id

568 1127 674 1183 est,
703 1133 877 1188 usque
913 1118 981 1174 ad
1006 1119 1282 1190 cingulum
1311 1121 1651 1191 pertingens,
1677 1122 2013 1191 amplectens
2038 1139 2156 1180 om-

570 1223 693 1263 nem
719 1208 898 1264 loeum
939 1212 1194 1281 pectoris,
1230 1222 1285 1267 et
1313 1213 1382 1267 ad
1408 1214 1908 1281 manusejiciendas
1925 1215 2154 1271 hincin-

571 1298 639 1354 de
662 1305 937 1370 apertum;
979 1303 1067 1356 cui
1096 1303 1422 1357 vestimento
1450 1304 1603 1358 locus
1631 1319 1832 1361 vacuus
1848 1306 2157 1363 dimitteba-

571 1398 663 1443 tur
695 1389 751 1443 in
777 1390 953 1446 medio
980 1400 1226 1461 pectore,
1258 1394 1629 1463 magnitudine
1652 1395 1837 1466 palmi,
1867 1397 1959 1452 ubi
2010 1397 2155 1454 inse-

569 1479 792 1534 rebatur
821 1481 1102 1548 rationale,
1134 1484 1280 1552 quod
1333 1483 1597 1541 Hebraice
1647 1487 1847 1541 dicitur
1889 1489 2050 1556 casia,
2100 1497 2157 1545 et

563 1572 757 1630 Graece
801 1573 978 1646 logion
1028 1594 1047 1628 :
1105 1576 1341 1631 habebat
1389 1585 1572 1632 autem
1619 1579 2060 1649 superhumerale
2099 1582 2156 1637 in

569 1670 803 1732 utroque
826 1663 1054 1721 humero
1084 1665 1323 1736 Singulos
1371 1667 1580 1737 lapides
1628 1669 1949 1740 ouychinos,
1997 1681 2056 1728 et
2098 1673 2156 1730 in

2255 473 2401 544 quod
2428 473 2536 530 dici
2571 492 2678 531 non
2709 479 2905 548 possit,
2934 483 3029 536 sed
3059 482 3182 550 quia
3222 497 3322 538 nec
3345 483 3575 538 deﬁniri
3612 492 3666 538 et
3697 499 3849 540 com-

2254 566 2517 636 prehendi
2546 582 2706 624 sensu
2738 571 2897 627 ullius
2923 583 3202 639 creaturae,
3234 583 3296 629 ut
3322 574 3484 646 digne
3508 575 3618 631 Deo
3642 576 3854 646 aliquid

2256 658 2361 715 dici
2390 661 2578 730 possit.
2618 661 2910 733 Ligabatur
2939 674 3120 722 autem
3153 668 3286 722 vitta
3313 668 3662 740 hyacinthina
3681 686 3854 740 super

2256 749 2476 817 tiaram,
2500 759 2562 806 ut
2586 759 2754 808 totam
2782 756 3111 824 pontiﬁcalis
3137 767 3363 816 ornatus
3387 761 3853 830 pulchritudinem

2255 840 2354 898 Dei
2383 844 2705 900 vocabulum
2725 857 3014 904 coronaret
3043 865 3108 906 ac
3132 859 3458 924 protegeret.
3495 851 3680 923 Neque
3703 852 3852 909 hanc

2253 937 2562 990 ornamenti
2594 938 2832 1007 speciem
2853 939 3056 996 Christi
3088 945 3298 1013 accepit
3324 944 3522 999 abillis
3544 945 3808 1001 Ecclesia.

2327 1027 2608 1093 Octavum,
2648 1033 2702 1087 id
2737 1042 2850 1100 est,
2886 1034 3240 1091 novissimum
3278 1048 3656 1093 ornamentum
3689 1039 3850 1110 femi-

2255 1123 2402 1178 nalia
2433 1123 2603 1188 linea,
2645 1123 2842 1193 quibus
2886 1127 3207 1196 aperiebant
3245 1143 3466 1186 carnem
3499 1131 3862 1200 turpitudinis

2256 1229 2389 1280 suae,
2418 1217 2487 1271 ab
2513 1215 2734 1273 renibus
2758 1231 2932 1286 usque
2963 1218 3031 1273 ad
3063 1217 3265 1275 femina
3306 1220 3422 1277 sive
3455 1224 3541 1292 (ut
3570 1222 3855 1286 usitatius)

2256 1305 2486 1372 femora,
2521 1322 2646 1362 cum
2680 1307 2748 1362 ad
2778 1308 3105 1364 sacriﬁcium
3135 1311 3488 1367 accedebant.
3528 1312 3854 1382 Huiusmodi

2256 1396 2477 1452 habitus
2502 1399 2578 1452 ita
2602 1405 2761 1454 notus
2797 1407 2882 1455 est
2915 1400 2970 1454 in
3003 1402 3209 1457 nostris
3241 1404 3570 1476 regionibus,
3593 1413 3654 1460 ut
3681 1421 3750 1461 ex
3783 1421 3864 1461 eo

2257 1488 2430 1547 Gallia
2460 1490 2722 1547 Braccata
2747 1495 3124 1563 cognominata
3150 1496 3242 1551 sit.

2328 1583 2790 1654 Comprehensum
2809 1585 3068 1652 breviter,
3092 1587 3291 1656 quibus
3316 1589 3559 1644 vestibus
3589 1604 3856 1645 ornaren-

2257 1679 2348 1727 tur
2374 1675 2685 1729 sacerdotes
2708 1683 2763 1729 et
2789 1675 3024 1730 ministri
3053 1676 3239 1746 templi
3275 1676 3396 1742 Dei,
3434 1677 3682 1734 Mosaicae
3714 1679 3858 1749 legis

557 1753 794 1823 singulis
819 1755 1091 1825 lapidibus
1118 1765 1277 1811 erant
1304 1759 1514 1829 sculpta
1526 1761 1738 1832 singula
1765 1760 2050 1818 duodecim
2063 1779 2150 1835 pa-
2188 1743 2232 1802 Β
2259 1764 2610 1834 temporibus,
2641 1779 2777 1834 quas
2802 1765 3045 1821 adinstar
3067 1743 3280 1823 illorum
3311 1769 3546 1824 revelata
3570 1743 3856 1843 Evangelii

569 1846 932 1901 triarcharum
961 1849 1202 1904 nomina.
1235 1850 1624 1909 l‘labentetiam
1638 1870 1784 1910 nunc
1804 1855 2039 1912 ministri
2055 1857 2163 1914 Ec-

567 1937 747 1993 clesiae
769 1937 971 1993 Christi
995 1943 1456 2011 superhumerale,
1489 1944 1635 2013 quod
1682 1945 1945 2002 amictum
1989 1961 2155 2005 voca~

566 2046 708 2099 mus,
737 2032 952 2101 quando
979 2033 1048 2088 ad
1075 2033 1248 2090 altare
1272 2036 1604 2092 ministrant.

637 2120 942 2186 Rationale,
969 2139 1132 2193 opere
1161 2125 1424 2196 polymito
1453 2127 1657 2182 factum
1685 2138 1804 2184 erat
1843 2129 2002 2200 juxta
2040 2138 2147 2188 tex-

568 2224 750 2270 turam
770 2215 1251 2285 superhumeralis,
1280 2218 1332 2274 id
1353 2225 1461 2285 est,
1499 2221 1704 2276 eisdem
1752 2222 2026 2280 coloribus
2072 2222 2158 2281 fa-

562 2312 712 2387 ctum
737 2314 878 2371 erat,
909 2308 1362 2379 quadrangulum,
1393 2311 1597 2368 habens
1627 2328 1940 2371 mensuram
1990 2316 2156 2387 palmi

567 2387 622 2440 tn
652 2385 1040 2458 longitudinem
1066 2398 1123 2445 et
1147 2391 1510 2450 latitudinem.
1551 2395 1719 2452 Erant
1751 2398 1804 2452 in
1829 2414 1896 2454 eo
1922 2385 2159 2470 quatuor

563 2478 785 2534 ordines
815 2479 1072 2550 lapidum,
1099 2485 1237 2538 terni
1259 2499 1357 2555 per
1376 2486 1615 2558 singulos
1642 2506 1828 2547 versus
1849 2493 2154 2550 distributi:

563 2571 760 2642 sculpti
788 2583 946 2628 erant
967 2574 1192 2646 singulis
1217 2577 1502 2636 duodecim
1526 2582 1961 2651 patriarcharum
1982 2586 2157 2640 nomi-

565 2658 744 2715 nibus.
783 2660 954 2717 Erant
979 2673 1160 2720 autem
1183 2669 1446 2723 catenulae
1470 2685 1672 2737 aureae,
1699 2679 1757 2725 et
1777 2673 1957 2728 nncini
1981 2676 2152 2741 aurei,

563 2765 663 2805 nec
682 2765 792 2806 non
809 2759 866 2806 et
887 2755 1040 2809 aurei
1059 2757 1264 2823 annuli,
1289 2766 1399 2813 tam
1422 2761 1476 2812 in
1500 2770 1734 2830 quatuor
1752 2766 2155 2822 summitatibus

563 2840 864 2907 rationalis,
897 2858 1060 2914 quam
1088 2853 1145 2899 et
1162 2846 1217 2900 in
1244 2851 1646 2907 summitatibus
1668 2855 2149 2923 superbumeralis,

560 2944 682 3000 qua:
715 2938 775 2987 et
804 2934 1069 2990 eatenula:
1107 2935 1511 3006 inserebantur,
1544 2940 1954 3015 jungebantque
1987 2948 2153 3003 ratio-

560 3023 682 3078 nale
712 3033 770 3080 et
794 3028 1238 3096 superhumerale
1272 3033 1542 3103 superius,
1572 3035 1797 3094 inferius
1834 3056 1965 3097 vero
2000 3043 2150 3098 vittis

558 3093 923 3187 hyacinthinis
971 3119 1075 3175 sibi
1128 3093 1504 3181 nectebantur.
1557 3127 1661 3185 Pro
1707 3133 1958 3190 rationali
2002 3093 2220 3194 nuncc

557 3209 755 3298 summi
791 3211 1092 3280 pontiﬁces,
1125 3229 1264 3285 quos
1287 3218 1725 3294 archiepiscopos
1751 3224 2001 3293 dicimus,
2032 3229 2150 3298 palo

557 3295 631 3387 lio
653 3305 900 3367 utuntur,
932 3302 1075 3370 quod
1094 3318 1130 3359 a
1162 3314 1352 3362 sancta
1387 3306 1632 3366 Romana
1669 3314 1821 3382 sede,
1849 3295 2147 3387 apostolico

555 3386 740 3454 dante,
769 3391 1092 3460 suscipiunt.

629 3476 791 3534 Tiara
825 3489 946 3536 erat
989 3486 1186 3553 vestis,
1226 3488 1482 3559 pileolum
1531 3492 1783 3552 videlicet
1821 3500 2148 3570 rotundum,

551 3570 708 3638 quasi
731 3570 943 3641 sphaera
973 3574 1152 3632 media
1174 3577 1256 3634 sic
1285 3579 1456 3636 divisa
1473 3624 1496 3648 ,γ
1526 3592 1587 3638 ιιι
1613 3595 1670 3641 et
1695 3603 1822 3657 pars
1846 3606 1954 3645 una
1983 3608 2148 3662 pona-

509 3729 514 3736 '
552 3668 642 3714 tur
671 3662 726 3715 in
757 3661 953 3734 capite,
992 3666 1067 3720 ita
1103 3677 1166 3721 ut
1192 3671 1355 3727 medii
1376 3674 1598 3730 verticis
1625 3678 1966 3736 medietatem
1986 3661 2147 3740 exce-

552 3751 666 3817 dat,
717 3750 924 3809 habens
971 3756 1158 3822 vittas,
1201 3774 1323 3828 quae
1359 3764 1680 3830 convolutze,
1715 3769 1911 3838 saepius
1947 3787 2147 3829 conne-

550 3847 793 3909 ctuntur,
836 3860 903 3898 ne
936 3843 1094 3901 facile
1125 3847 1434 3906 dilabantur
1461 3872 1474 3906 :
1503 3857 1688 3929 ethoc
1712 3859 1932 3928 quidem
1972 3863 2146 3920 mino-

552 3946 672 3986 rum
693 3944 812 3989 erat
833 3937 1194 3994 sacerdotum.
1234 3939 1491 3999 Summus
1519 3956 1700 4002 autem
1736 3951 1979 4019 pontifex
2007 3968 2146 4023 prae

549 4031 634 4077 ter
673 4024 878 4093 pileum
921 4027 1155 4085 habebat
1187 4045 1447 4089 coronam
1478 4052 1700 4094 auream
1745 4041 2140 4115 triplicemque,

550 4133 712 4186 super
739 4135 903 4188 quam
942 4137 974 4175 a
1009 4124 1187 4178 media
1223 4124 1401 4183 fronte
1429 4132 1689 4202 surgebat
1711 4136 1866 4204 quasi
1903 4136 2142 4193 calamus

545 4212 768 4280 quidam
803 4228 1019 4280 aureus,
1057 4215 1251 4272 similis
1276 4220 1459 4277 herba:
1493 4238 1613 4292 quae
1655 4224 1919 4282 Hebraice
1950 4246 2144 4294 acano,

545 4301 735 4357 (ὲκ-κω
755 4311 938 4358 autem
965 4306 1098 4372 Ilios,
1115 4322 1236 4376 qum
1255 4313 1396 4381 apud
1419 4328 1519 4369 nos
1532 4315 1720 4372 Latine
1744 4320 1940 4375 cidaris
1957 4335 2006 4374 ει.
2036 4321 2142 4377 Per

2258 1857 2453 1925 gratia,
2480 1857 2720 1928 suscepit
2739 1857 3001 1914 Ecclesia.
3045 1857 3184 1916 Sunt
3218 1868 3398 1916 tamen
3427 1863 3531 1917 alia
3561 1878 3681 1933 qua:
3705 1864 3856 1934 apud

2258 1949 2379 2006 illos
2398 1965 2507 2006 non
2530 1950 2890 2018 habebantur,
2915 1959 2977 2008 ut
2996 1951 3154 2020 stola,
3179 1954 3423 2009 sandalia
3474 1962 3529 2009 et
3550 1955 3854 2020 sudarium,

2259 2041 2400 2110 quod
2425 2041 2492 2096 ad
2514 2041 2830 2112 tergendum
2852 2041 3105 2098 sudorem
3126 2043 3181 2098 in
3201 2057 3361 2097 manu
3386 2045 3586 2116 gestari
3607 2060 3726 2101 mos
3742 2053 3857 2109 est,

2258 2132 2402 2202 quod
2427 2133 2629 2187 usitato
2652 2133 2871 2189 nomine
2904 2133 3149 2202 [omnem
3177 2149 3452 2190 vocamus.
3495 2136 3695 2192 Verum
3721 2138 3859 2207 quia

2259 2225 2353 2282 illo
2379 2234 2625 2298 tempore
2647 2225 2834 2297 ﬁguris
2867 2229 3048 2284 omnia
3074 2238 3131 2284 et
3153 2230 3530 2301 aenigmatibus
3557 2233 3854 2288 obumbra-

2258 2320 2478 2386 bantur,
2514 2321 2788 2386 convenit,
2818 2327 2877 2374 ut
2906 2318 3035 2390 quid
3063 2319 3152 2375 illa
3175 2322 3498 2377 vestimenta
3526 2323 3753 2394 mystice
3781 2326 3855 2380 si-

2258 2408 2655 2481 gniﬁcaverint,
2683 2425 2858 2483 quove
2890 2412 3110 2467 nomine
3135 2427 3277 2468 nunc
3311 2413 3620 2484 specialiter
3648 2415 3701 2469 in
3743 2415 3852 2471 Ec-

2258 2503 2424 2560 clesia
2472 2513 2822 2573 venerantur,
2878 2520 2988 2561 non
3030 2505 3314 2575 verhatim,
3364 2508 3461 2565 sed
3513 2509 3857 2582 capitulatim

2256 2597 2624 2654 ostendamus.

2327 2689 2661 2746 Vestimenta
2700 2691 2814 2760 illa,
2860 2707 2980 2764 quae
3019 2695 3073 2750 in
3115 2696 3320 2752 sanctis
3352 2694 3542 2752 ciliciis
3578 2698 3848 2766 portanda

2255 2789 2431 2847 erant,
2459 2790 2620 2854 typus
2648 2796 2806 2840 erant
2828 2796 3135 2843 sanctarum
3161 2789 3444 2854 virtutum,
3471 2789 3611 2845 unde
3636 2799 3690 2845 et
3721 2805 3848 2844 san-

2255 2881 2341 2930 cta
2377 2874 2713 2931 dicebantur.
2763 2876 2845 2934 Ad
2876 2879 2995 2935 haec
3033 2877 3279 2936 facienda
3321 2895 3430 2936 non
3466 2889 3579 2937 tam
3617 2881 3849 2940 diversa

2253 2981 2416 3038 quam
2439 2968 2697 3040 speciosae
2721 2971 2929 3039 species
2955 2973 3324 3040 sumebantur,
3354 2988 3547 3028 aurum
3567 2973 3844 3040 videlicet,

2252 3059 2394 3128 quod
2430 3067 2518 3114 est
2553 3058 2806 3130 splendor
2839 3062 3118 3132 sapientia:
3140 3063 3369 3130 divinae;
3400 3066 3488 3119 cui
3515 3063 3848 3136 iungebatur

2250 3147 2595 3217 hyacinthus,
2611 3151 2702 3220 qui
2729 3159 2812 3208 est
2832 3153 2981 3208 color
3007 3153 3208 3221 aerius,
3237 3155 3458 3210 caeleste
3480 3156 3733 3212 videlicet
3754 3157 3846 3213 de-

2247 3239 2525 3296 siderium.
2563 3239 2810 3313 Purpura
2837 3245 3230 3315 apponebatur,
3262 3262 3382 3317 qua!
3411 3248 3686 3318 sanguinis
3717 3248 3845 3304 imi-

2247 3337 2397 3387 tatur
2431 3333 2686 3400 eolorem,
2719 3345 2781 3388 ut
2813 3350 2912 3406 per
2938 3335 3045 3392 duo
3077 3352 3276 3408 genera
3304 3339 3553 3409 martyrii
3589 3339 3848 3395 noverint

2245 3436 2306 3479 se
2332 3425 2664 3481 exercendos
2683 3426 2860 3492 electi,
2890 3427 2942 3481 id
2975 3436 3076 3494 est,
3108 3430 3152 3484 si
3179 3444 3401 3486 necesse
3427 3431 3516 3497 sit,
3541 3447 3649 3487 non
3677 3433 3844 3490 dubi-

2247 3521 2364 3569 tcnt
2394 3517 2531 3572 mori
2563 3532 2666 3586 pro
2698 3517 2935 3586 Christo,
2978 3528 3035 3575 et
3075 3522 3224 3591 pacis
3264 3531 3507 3592 tempore
3551 3523 3606 3577 in
3643 3525 3847 3595 seipsis

2246 3608 2519 3676 appetitus
2554 3608 2828 3675 occidant,
2865 3609 3256 3667 mortiﬁcaan
3292 3611 3538 3668 membra
3574 3628 3671 3670 sua
3710 3631 3841 3671 cum

2245 3697 2393 3751 vitiis
2428 3705 2484 3752 et
2520 3697 2993 3768 concupiscentiis.
3045 3701 3255 3758 Caecus
3291 3701 3380 3756 bis
3412 3701 3614 3758 tinctus
3652 3702 3748 3759 Dei
3783 3712 3842 3759 et

2243 3789 2476 3858 proximi
2529 3789 2876 3845 dilectionem
2924 3789 3128 3847 indicat
3173 3790 3466 3848 efﬁcaciter
3517 3795 3833 3850 tenendam.

2243 3877 2446 3949 Byssus
2471 3880 2739 3950 geminam
2767 3880 3096 3949 castitatem,
3129 3883 3371 3953 corporis
3401 3884 3608 3941 scilicet
3631 3892 3688 3940 et
3716 3884 3838 3939 ani-

2243 3981 2345 4023 mat
2378 3968 2683 4038 signiﬁcat:
2705 3970 2847 4025 unde
2887 3971 2954 4025 de
2992 3987 3121 4028 vere
3154 3973 3315 4028 vidua
3350 3973 3482 4030 dicit
3514 3973 3838 4045 Apostolus,

2245 4055 2315 4112 Ut
2349 4061 2417 4114 sit
2449 4070 2632 4115 sancta
2663 4077 2879 4130 corpore
2906 4073 2954 4116 et
2988 4063 3173 4133 spiritu
3208 4061 3262 4134 (Ι
3294 4061 3418 4119 Car.
3449 4081 3548 4134 vn,
3577 4065 3690 4137 54).
3735 4066 3840 4123 His

2241 4151 2582 4205 ornamentis
2605 4152 2765 4207 debet
2787 4151 2990 4209 Christi
3023 4154 3263 4226 pontifex
3299 4154 3590 4228 refulgere,
3619 4157 3706 4215 his
3731 4174 3830 4215 co-

2241 4241 2447 4299 loribus
2479 4244 2753 4298 exornari.

2314 4331 2513 4386 Tunica
2546 4332 2718 4397 linea,
2771 4344 2820 4388 et
2856 4334 3066 4405 byssina
3097 4336 3277 4391 stricta
3301 4377 3317 4402 ,
3355 4335 3830 4396 mortiﬁcationem

550 4391 815 4515 circulum
841 4408 970 4449 ταῖτο
992 4396 1420 4515 δθδεξὲιῧοτθε,
1439 4404 1642 4462 Similes
1655 4406 1774 4463 ﬂori
1789 4410 2133 4483 plantaginis,
2163 4453 2216 4515 υ
2239 4422 2418 4477 carnis
2443 4423 2750 4492 praetendit.
2790 4391 3017 4495 Byssum
3039 4425 3185 4480 enim
3208 4425 3296 4480 vel
3320 4424 3512 4493 linum,
3540 4427 3832 4498 multiplici

550 4497 577 4515 σι
639 4483 1117 4515 ΛιιηῖηἷίέΛ-ωηηη..
1170 4497 1646 4515 ..ο.......----.-κ-μηη
1742 4501 1759 4515 ι
1815 4501 1838 4515 ρ
1943 4511 1950 4515 .
2271 4512 2284 4515 _
2324 4513 2332 4515 _

547 4481 618 4535 ab
639 4483 1075 4581 οξείρίιὶοιιείιιιθ
1089 4490 1702 4581 adultamquetempus.
1738 4501 1797 4555 in
1812 4481 1995 4558 fronte
2007 4520 2135 4562 vero
2163 4481 2216 4515 ν
2237 4481 2574 4569 elaboratum
2614 4481 2951 4581 contusione,
2995 4525 3051 4571 et
3085 4526 3295 4572 natura:
3329 4519 3628 4574 subtilitate
3654 4481 3827 4575 dedu-

543 4579 665 4626 erat
689 4572 838 4629 locus
861 4585 1072 4645 patens,
1105 4580 1196 4635 ubi
1227 4582 1566 4643 inserebatur
1585 4589 1784 4646 lamina
1810 4610 1992 4661 aurea,
2015 4615 2135 4668 quae

545 4673 780 4732 quatuor
808 4667 1003 4725 litteris
1023 4688 1216 4728 nomen
1240 4675 1336 4730 Dei
1358 4676 1593 4734 habebat
1617 4683 1896 4753 scriptum.
1938 4667 2134 4757 Hujus-

543 4756 756 4810 cemodi
782 4758 951 4813 vestis
983 4777 1089 4815 non
1119 4763 1350 4820 habetur
1383 4766 1439 4821 in
1478 4767 1719 4826 Romana
1755 4756 2028 4843 Ecclesia,
2047 4777 2132 4834 vel

545 4848 602 4902 in
634 4850 834 4906 nostris
859 4853 1184 4922 regionibus.
1225 4855 1344 4913 Non
1367 4861 1512 4916 enim
1537 4865 1704 4920 moris
1732 4874 1834 4931 est,
1863 4875 1925 4921 ut
1946 4869 2133 4938 pileati

543 4941 723 4998 divina
753 4946 1011 5014 mysteria
1046 4949 1340 5006 celebrent.
1378 4951 1535 5025 Apud
1563 4954 1779 5014 Gmcos
1815 4968 1996 5017 autem
2028 4963 2133 5020 hoc

543 5029 761 5121 dicitur,
789 5032 882 5101 qui
910 5033 1100 5103 pileos,
1132 5037 1187 5093 id
1215 5047 1320 5105 est,
1351 5043 1577 5113 cuphias
1612 5055 1827 5114 gestant
1850 5049 1905 5105 in
1929 5052 2130 5121 capite,

541 5117 669 5174 dum
694 5122 955 5178 assistunt
974 5125 1257 5184 altaribus.
1291 5129 1514 5188 Lamina
1539 5150 1703 5193 aurea
1726 5138 1779 5194 in
1800 5138 1976 5197 fronte
1996 5117 2130 5213 pone

543 5211 725 5276 tiﬁcis,
752 5215 806 5268 in
836 5231 942 5286 qua
959 5225 1210 5274 sanctum
1244 5221 1471 5279 Domino
1496 5227 1610 5283 sive
1636 5238 1880 5286 sanctum
1914 5211 2127 5290 Domini

541 5301 812 5372 sculptum
841 5306 1159 5374 habebatur,
1187 5325 1560 5372 ornamentum
1582 5332 1700 5376 erat
1718 5325 1926 5378 caeteris
1951 5341 2131 5381 sacra-

542 5395 649 5448 tius
685 5397 1030 5457 indumentis.
1081 5401 1339 5461 Sanclum
1370 5419 1549 5466 autem
1588 5414 1836 5482 Domino,
1877 5420 2018 5488 quod
2056 5420 2128 5478 ibi

543 5486 812 5557 sculptum
851 5501 970 5546 erat
1013 5508 1207 5551 nomen
1254 5509 1497 5557 sanctum
1547 5514 1604 5560 et
1647 5486 1953 5564 venerabile
1997 5511 2122 5576 Dei,

542 5578 683 5645 quod
709 5592 806 5649 per
837 5591 1069 5651 quatuor
1103 5586 1312 5646 litteras
1341 5593 1703 5662 scribebatur,
1739 5601 1966 5667 scilicet,
1999 5601 2119 5663 Jod.

2237 4613 2387 4660 etum
2412 4619 2478 4660 ae
2506 4611 2735 4671 textum,
2767 4605 2823 4661 in
2847 4615 3049 4662 vestem
3077 4608 3311 4678 proﬁcit.
3361 4607 3453 4664 Sic
3473 4609 3651 4664 nullus
3670 4609 3829 4666 Chri-

2234 4703 2319 4749 sto
2344 4695 2530 4749 ornari
2551 4696 2767 4765 poterit,
2796 4697 2902 4752 nisi
2924 4699 3198 4768 castigatis
3218 4706 3274 4753 et
3296 4699 3637 4756 mortificatis
3654 4703 3826 4755 omni-

2233 4785 2336 4840 bus
2361 4785 2543 4841 carnis
2560 4786 2903 4856 passionibus
2927 4803 2942 4841 :
2967 4789 3107 4844 unde
3131 4797 3186 4843 et
3209 4791 3345 4845 bene
3372 4792 3562 4845 stricta
3591 4792 3818 4857 dicitur;

2233 4877 2483 4933 strictum
2505 4879 2650 4935 enim
2680 4887 2888 4935 castum
2932 4879 3169 4937 dicimus
3204 4900 3220 4935 :
3259 4896 3292 4937 e
3327 4891 3521 4939 contra
3555 4883 3819 4941 lascivum

2231 4967 2553 5024 dissolutum
2587 4985 2868 5028 vocamus.

2306 5056 2505 5121 Tunica
2533 5069 2645 5116 tota
2675 5061 3040 5133 hyacinthina,
3069 5079 3192 5137 quae
3227 5064 3378 5119 aerio
3408 5064 3706 5136 refulgebat
3730 5080 3819 5123 co-

2230 5150 2374 5218 lore,
2413 5150 2690 5208 caalestem
2727 5153 2974 5225 designat
3010 5157 3476 5212 conversationem
3500 5175 3515 5209 :
3537 5173 3657 5226 quze
3701 5167 3816 5213 tota

2229 5250 2349 5297 erat
2377 5242 2750 5312 hyacinthina,
2799 5243 2924 5312 quia
2970 5246 3227 5300 sacerdos
3270 5245 3406 5300 nihil
3445 5246 3606 5302 debet
3647 5247 3813 5319 ‘95

2227 5348 2423 5390 curare
2466 5341 2740 5388 terrenum
2769 5351 2781 5384 :
2809 5333 2978 5388 Nemo
3011 5335 3168 5401 sitim,
3205 5337 3282 5390 ait
3317 5336 3621 5407 Apostolus,
3665 5339 3812 5392 utili-

2229 5434 2346 5477 tans
2369 5422 2501 5486 Deo,
2535 5421 2767 5493 implicat
2793 5439 2848 5477 se
2869 5425 3088 5494 negotiis
3121 5425 3486 5493 arcularibua,
3527 5437 3583 5481 ut
3615 5428 3664 5482 ei
3693 5427 3811 5497 pla~

2229 5523 2341 5568 σθαι
2369 5515 2455 5569 cui
2486 5531 2540 5568 se
2568 5515 2801 5584 probavit
2830 5515 2917 5586 (II
2951 5515 3085 5570 Tim.
3124 5532 3187 5582 ιι,
3214 5516 3293 5589 4).

2297 5604 2512 5660 Balteus
2539 5604 2651 5660 sive
2679 5606 2946 5678 cingulum
2968 5648 2981 5673 ,
3013 5622 3119 5676 quo
3156 5610 3335 5663 tunica
3371 5609 3487 5666 haec
3515 5625 3637 5665 cum
3661 5608 3807 5666 inte-

615 5705 636 5733 υ
681 5691 876 5750 Similis
899 5698 1069 5754 herba
1188 5703 1371 5761 Latine
1393 5709 1603 5766 cidaris.
1642 5713 1781 5769 Nihil
1815 5718 1948 5771 sani.
1990 5717 2208 5773 Smne)»
2241 5761 2246 5766 .
2276 5718 2328 5769 in
2354 5715 2450 5772 Ms.
