4092 6484
287 344 423 399 1241
1098 352 1248 408 ΟΡΡ.
1295 352 1697 411 SUPPOSITA.
1736 384 1805 392 ——-
1844 350 1975 406 LIB.
2020 353 2105 408 DE
2146 354 2394 412 DlVlNlS
2432 358 2519 414 OF
2524 360 2563 414 F
2570 361 2741 417 lCIlS.
3427 364 3566 420 1942

282 461 452 530 riore,
495 462 551 520 id
592 472 697 533 est,
741 466 905 533 linea,
947 468 1282 536 cingebatur,
1316 469 1702 525 continentiam
1733 468 1862 522 insi—
1890 470 1944 527 Α
1969 465 2146 522 fronte
2175 469 2446 539 pontiﬁcis
2470 488 2589 529 esse
2615 474 2920 542 videbatur,
2950 480 3206 543 ostendit,
3233 482 3359 550 quia
3384 481 3559 552 digni-

282 562 438 620 nuat,
461 569 582 624 quae
599 566 776 613 mater
801 566 963 615 estet
987 569 1171 616 custos
1188 561 1480 631 pudicitize,
1501 576 1607 630 qua
1632 559 1870 614 maxime

281 648 469 702 ornari
509 649 796 719 pontiﬁces
838 653 1137 709 condecet:
1178 654 1343 720 hanc,
1384 656 1478 725 qui
1516 656 1759 726 ingratus
1786 662 1870 709 est

281 733 419 803 Deo,
446 740 646 809 perdit,
675 741 815 796 sicut
840 740 941 798 Job
968 744 1034 798 de
1063 744 1264 799 talibus
1302 745 1468 800 dicit:
1506 744 1750 799 Balteum
1787 759 1869 798 re-

279 842 406 897 gum
449 828 703 896 dissolvit,
739 840 789 885 et
833 834 1107 905 pracingit
1149 836 1277 905 {une
1304 852 1452 891 renes
1494 853 1677 890 eorum
1706 833 1862 907 (Job.

278 932 383 983 xu,
411 918 479 975 18
495 917 536 990 ).
565 918 771 990 Regum
798 924 965 989 enim,
998 924 1054 978 id
1079 932 1166 980 est
1189 933 1500 980 sanctorum
1524 926 1867 981 sacerdotum

278 1007 545 1076 balteum,
571 1010 675 1066 hoc
695 1020 801 1079 est,
821 1013 1074 1083 pudicam
1100 1015 1488 1071 continentiam
1518 1018 1783 1084 dissolvit,
1810 1018 1865 1074 id

276 1107 383 1166 est,
408 1100 627 1158 dissolvi
656 1105 945 1175 permittit,
974 1120 1099 1161 cum
1121 1106 1196 1162 de
1222 1107 1336 1161 suis
1361 1107 1651 1163 virtutibus
1677 1108 1865 1165 extolli

279 1192 583 1261 coeperint:
615 1201 672 1248 et
698 1194 984 1264 praecingit
1010 1193 1139 1250 l‘une
1175 1209 1380 1265 aspera:
1420 1197 1749 1268 paenitentiae
1778 1213 1865 1254 re-

276 1294 378 1335 nes
402 1297 623 1350 eorum,
654 1292 717 1339 ut
761 1285 1021 1355 incipiant
1067 1285 1182 1341 suis
1224 1286 1442 1342 casibus
1474 1289 1863 1358 ingemiscere,

277 1372 371 1443 qui
400 1372 629 1429 aliorum
656 1373 894 1446 lapsibus
922 1376 1221 1431 debuerant
1248 1377 1450 1432 auxilio
1480 1378 1787 1435 subvenire.

348 1462 812 1534 Superhumerale,
834 1466 975 1536 quod
1005 1466 1272 1523 Hebraicc
1293 1467 1464 1537 ephod
1486 1468 1705 1534 dicitur,
1735 1469 1862 1525 obe-

276 1553 536 1611 dientiam
557 1558 936 1615 mandatorum
964 1559 1064 1615 Dei
1092 1560 1381 1632 signiﬁcat,
1404 1578 1511 1633 quo
1540 1563 1862 1620 induebatur

276 1647 555 1714 sacerdos,
581 1658 639 1703 ut
665 1652 975 1707 meminerit
994 1662 1263 1725 praecepta
1299 1654 1395 1710 Dei
1422 1663 1641 1713 strenue
1657 1699 1673 1724 ,
1702 1658 1861 1730 quasi

273 1752 413 1793 onus
440 1739 684 1796 humeris
711 1741 1044 1813 impositum,
1070 1742 1270 1801 debere
1289 1754 1528 1815 portare.
1552 1747 1706 1815 Quod
1729 1765 1860 1806 vero

1972 565 2174 625 tatem,
2201 573 2364 628 quam
2393 564 2681 631 praetendit
2710 566 2763 619 in
2805 567 2991 621 habitu
3013 608 3029 633 ,
3055 584 3309 624 exercere
3348 584 3564 642 seniper

1971 650 2133 704 debet
2162 650 2218 704 in
2248 665 2435 720 opere,
2464 662 2525 707 ut
2549 654 2761 709 Domini
2789 656 3046 726 placitum
3086 676 3297 730 semper
3321 663 3524 716 habere
3544 704 3560 727 ,

1967 747 2025 795 et
2052 740 2394 798 subditorum
2431 752 2558 800 vota
2597 744 2827 803 Domino
2862 748 3087 805 idoneus
3122 752 3194 806 sit
3223 767 3437 823 semper
3474 755 3562 809 ol-

1966 831 2132 889 ferre.

2040 924 2367 992 Feminalt‘a,
2399 928 2596 999 quibus
2622 933 2875 1001 pudenda
2896 934 3011 989 loca
3038 936 3285 1005 corporis
3307 941 3563 1009 tegebano

1965 1022 2075 1080 tur,
2105 1018 2494 1072 continentiam
2535 1035 2566 1073 a
2596 1022 2888 1078 concubitu
2928 1025 3241 1095 designant,
3288 1043 3409 1097 quze
3448 1046 3562 1086 ma-

1965 1118 2202 1175 gnopere
2240 1107 2496 1164 omnibus
2541 1111 2800 1181 gradibus
2841 1114 3181 1171 observanda
3228 1119 3555 1189 praccipitur.

1965 1193 2121 1250 Unde
2148 1195 2366 1260 dicitur,
2408 1198 2478 1253 ad
2504 1200 2791 1256 velandam
2823 1204 3233 1273 turpitudinem.
3269 1207 3448 1279 Turpe
3477 1220 3564 1265 est

1962 1286 2109 1338 enim
2149 1286 2488 1343 sacerdotem
2510 1299 2640 1345 nota
2662 1291 2876 1349 lascivae
2897 1296 3073 1352 tetatis
3102 1297 3371 1363 infamari,
3396 1315 3556 1370 quem

1962 1376 2217 1431 convenit
2245 1379 2393 1433 velut
2432 1379 2487 1435 in
2518 1398 2644 1439 arce
2671 1385 3006 1442 castimoniae
3025 1430 3040 1455 ,
3072 1390 3142 1444 ab
3165 1393 3416 1449 omnibus
3442 1410 3559 1449 sus-

1960 1466 2067 1535 pici
2097 1475 2151 1522 et
2176 1471 2443 1526 venerari.
2473 1470 2631 1539 Quod
2655 1490 2786 1532 vero
2816 1475 3091 1535 feminalia
3120 1483 3221 1552 ipsi
3254 1484 3357 1538 sibi
3387 1484 3557 1554 impo-

1960 1562 2126 1622 nant,
2174 1566 2370 1614 caztera
2422 1560 2633 1633 Moyses
2689 1565 2968 1638 designat,
3014 1586 3292 1642 unumque
3340 1573 3554 1646 [Forte,

1960 1648 2422 1722 unumquemque]
2444 1667 2503 1706 se
2529 1668 2561 1707 a
2586 1657 2794 1710 carnali
2814 1662 3250 1731 concupiscentia
3278 1664 3558 1722 refrenare

1959 1734 2157 1793 debere
2178 1755 2193 1805 ;
2219 1739 2413 1797 deinde
2432 1742 2725 1801 virtutibus
2744 1750 2845 1804 sibi
2866 1750 3133 1821 subditos,
3156 1757 3308 1825 quasi
3338 1757 3557 1828 Moysen

274 1830 492 1885 nomina
515 1811 949 1901 patriarcharum
977 1833 1121 1889 inter
1143 1837 1415 1892 sacriﬁcia
1433 1848 1489 1893 et
1512 1839 1565 1893 in
1593 1839 1853 1907 humeris,
1888 1811 1933 1872 Β
1960 1831 2272 1888 ministrum
2303 1836 2510 1906 temp“:
2541 1837 2783 1897 vestibus
2811 1857 3103 1902 θιοτηπθσ

271 1918 415 1975 sicut
444 1926 499 1975 et
522 1919 579 1975 in
611 1929 834 1991 pectore
861 1923 1133 1992 portabat,
1158 1937 1409 1981 monetur
1434 1943 1535 1996 per
1554 1930 1656 1986 hoc
1678 1946 1860 1988 sacer-

272 2008 393 2076 dos,
422 2018 486 2065 ut
506 2012 749 2082 priorum
777 2012 999 2068 Patrum
1028 2014 1194 2071 ﬁdem
1217 2024 1275 2073 et
1297 2019 1543 2089 exempla
1573 2032 1855 2093 sequatur,

271 2111 335 2158 ut
358 2102 618 2171 ﬁdelium,
647 2106 743 2177 qui
768 2113 895 2162 sunt
928 2105 1025 2163 ﬁlii
1058 2109 1452 2179 apostolorum,
1493 2112 1548 2167 in
1591 2114 1704 2170 suis
1729 2128 1857 2171 ora-

272 2196 508 2253 tionibus
536 2199 962 2269 meminerit,oet
998 2208 1058 2256 ut
1086 2202 1219 2275 ipsis
1257 2206 1447 2261 eadem
1488 2209 1733 2280 exempla
1769 2224 1856 2267 se-

269 2288 484 2360 quenda
503 2296 785 2360 proponat.

339 2376 644 2447 Rationale,
675 2379 819 2450 quod
847 2390 967 2437 erat
994 2382 1051 2437 in
1078 2383 1258 2441 fronte
1284 2387 1577 2458 pontiﬁcis,
1610 2389 1857 2461 designat

267 2470 395 2540 quia
417 2478 603 2540 pastor
623 2474 890 2544 sapientia
915 2484 971 2531 et
992 2475 1236 2532 doctrina
1257 2478 1414 2535 debet
1433 2481 1691 2551 prmditus
1708 2497 1850 2539 esse.

267 2557 402 2617 Nam
431 2569 487 2615 et
511 2560 634 2619 ideo
660 2564 924 2621 rationale
943 2566 1135 2635 judicii
1157 2568 1390 2637 dicitur,
1418 2573 1546 2643 quia
1573 2573 1732 2630 debet
1766 2590 1853 2631 rc-

264 2659 385 2708 ctor
410 2652 667 2710 Ecclesia:
692 2656 878 2713 subtili
904 2674 1121 2732 semper
1143 2662 1544 2721 examinatione
1564 2665 1706 2722 bona
1735 2681 1850 2723 ma-

264 2745 423 2817 laque
450 2747 778 2817 discernere,
806 2759 863 2805 et
881 2753 1013 2822 quid
1044 2753 1129 2809 vel
1152 2756 1369 2825 quibus,
1395 2758 1611 2828 quando
1639 2766 1696 2815 et
1716 2776 1850 2831 qua-
1882 2779 1889 2783 ·

263 2833 388 2892 liter
430 2839 748 2908 conveniat,
796 2843 1039 2901 studiose
1086 2846 1344 2917 cogitare.
1376 2845 1490 2904 Hoc
1531 2849 1677 2905 enim
1705 2853 1850 2922 quod

261 2927 461 2984 dicitur
483 2943 497 2984 :
526 2928 701 2988 Ponet
725 2932 783 2989 in
807 2935 1067 2991 rationale
1082 2938 1279 3008 ,ξιιάὶάὶ
1313 2940 1608 2997 doctrinam
1635 2952 1685 2999 et
1713 2947 1849 3000 veri-

259 3026 421 3073 tatem
450 3018 647 3093 (Exod.
680 3038 873 3093 xxvur,
895 3024 1010 3100 36),
1046 3036 1125 3084 ut-
1144 3030 1393 3088 videlicet
1431 3033 1633 3091 habeat
1663 3038 1843 3094 scien-

262 3107 393 3164 tiam
423 3107 851 3182 Scripturarum,
883 3131 991 3188 quo
1015 3120 1190 3189 possit
1222 3121 1358 3177 alios
1387 3122 1585 3181 docere
1631 3134 1689 3183 et
1713 3142 1844 3185 con-

2497 1993 2730 2053 CAPUT
2766 1998 3013 2057 XXXIX.

2170 2141 2298 2192 QUID
2325 2143 2659 2189 SIGNIFICKNT
2689 2149 3031 2194 VESTIMENTA
3054 2154 3340 2198 εαειεειε.

2027 2257 2301 2318 Sandaliw
2321 2263 2578 2320 dicuntur
2603 2265 2781 2323 soleae.
2813 2267 2912 2323 Est
2937 2277 3119 2325 autem
3145 2287 3316 2344 genus
3339 2274 3550 2335 calcea-

1956 2353 2158 2419 menti,
2198 2368 2308 2424 quo
2343 2355 2642 2412 induuntur
2670 2358 2903 2415 ministri
2946 2360 3234 2430 Ecclesiae,
3275 2366 3550 2426 subterius

1952 2444 2171 2515 quidem
2196 2446 2343 2503 solea
2370 2450 2622 2506 muniens
2642 2452 2807 2521 pedes
2833 2466 2863 2507 a
2898 2461 3044 2508 terra
3069 2471 3083 2521 ;
3116 2458 3371 2527 superius
3393 2475 3545 2527 vero,

1953 2534 2027 2589 nil
2057 2537 2381 2605 operimenti
2428 2539 2657 2607 habens,
2697 2550 2882 2613 patet:
2924 2560 3033 2614 quo
3052 2544 3192 2615 iussi
3238 2558 3367 2607 sunt
3411 2567 3546 2625 apo-

1951 2627 2076 2683 stoli
2113 2644 2147 2683 a
2171 2627 2404 2687 Domino
2430 2632 2599 2688 indui.
2672 2632 2959 2705 Signiﬁcat
2999 2646 3183 2696 autem
3228 2642 3540 2700 ministrum

1949 2719 2103 2774 verbi
2133 2719 2230 2775 Dei
2257 2735 2365 2777 non
2392 2722 2591 2779 debere
2614 2726 2848 2782 terrenis
2870 2726 3209 2798 incumbere,
3238 2731 3333 2789 sed
3366 2735 3546 2805 potius

1951 2811 2264 2869 coelestibus
2287 2813 2521 2883 inhiare,
2549 2824 2604 2873 et
2629 2817 3072 2887 praedicationem
3097 2836 3254 2879 suam
3290 2825 3423 2881 nulli
3451 2842 3543 2883 oc-

1948 2899 2174 2959 euitare.

2019 2992 2151 3051 Post
2180 2997 2455 3054 sandalias
2497 2998 2553 3054 iu
2594 2997 2854 3057 Ecclesize
2890 3002 3259 3073 vestimentis,
3299 3010 3546 3079 sequitur

1944 3088 2393 3157 superltumerale,
2422 3090 2569 3162 quod
2591 3090 2654 3146 ﬁt
2679 3108 2746 3147 ex
2776 3090 2886 3149 lino
2911 3096 3220 3165 purissimo.
3248 3096 3354 3154 Per
3372 3100 3541 3157 linum

259 3174 591 3259 tradieentes
634 3174 883 3278 arguere.
900 3174 919 3188 .
934 3174 1376 3285 Quadrangulum
1393 3174 1544 3272 “erat
1555 3174 1583 3284 :
1866 3174 1914 3242 α
1942 3178 2090 3290 eum
2109 3185 2351 3290 eius?
2371 3181 2709 3290 suarm???
2728 3198 2827 3290 Γ
2850 3184 3051 3290 multos.
3074 3185 3289 3244 labores
3308 3192 3375 3245 ad
3400 3206 3535 3290 cant

256 3299 488 3361 quatuor
513 3292 930 3368 Evangeliorum
975 3302 1316 3371 doctrinam;
1357 3306 1573 3378 duplex,
1618 3319 1845 3383 propter

255 3384 500 3442 scientize
525 3394 581 3443 et
607 3390 789 3460 operis
816 3389 1149 3450 ﬁrmitatem.
1180 3395 1430 3455 Mensura
1469 3400 1659 3473 palmi,
1697 3406 1841 3475 quod

255 3484 342 3533 est
359 3478 654 3551 digitorum
676 3486 941 3552 extensio,
972 3486 1219 3561 designat
1236 3489 1622 3551 discretionem
1640 3497 1695 3554 in
1716 3512 1842 3570 per-

254 3571 559 3627 severantia
587 3571 853 3630 bonorum
889 3592 1133 3648 operum.
1178 3579 1423 3649 Quatuor
1458 3586 1677 3644 ordines
1698 3588 1839 3661 lapi-

255 3659 406 3727 dum,
421 3660 514 3730 qui
539 3670 694 3718 erant
718 3663 775 3718 in
795 3667 1046 3724 rationali
1071 3671 1379 3730 nominibus
1398 3659 1838 3744 patrlarcharum

253 3748 531 3824 insculpti,
576 3766 814 3827 quatuor
842 3762 1154 3831 exprimunt
1198 3764 1528 3837 principales
1569 3771 1834 3842 virtutes,

251 3842 618 3934 prudentiam,
647 3855 1082 3923 temperantiam,
1121 3854 1493 3916 fortitudinem
1510 3900 1526 3929 ,
1546 3863 1832 3934 justitiam.

252 3931 418 3991 Terni
463 3936 516 3992 in
556 3955 881 4014 unoquoque
926 3945 1161 4017 lapides,
1210 3947 1373 4007 ﬁdem
1414 3931 1616 4011 sancta:
1659 3955 1836 4018 Trini-

251 4025 404 4093 tatis,
445 4026 560 4083 sive
603 4028 798 4099 ﬁdem,
837 4049 987 4106 spem
1011 4040 1413 4110 et‘charitatcm
1440 4044 1831 4105 demonstrant.

250 4117 383 4186 Quae
406 4122 592 4178 omnia
618 4122 672 4179 in
695 4133 916 4195 pectore
941 4129 1215 4200 pontiﬁcis
1254 4138 1564 4195 necessario
1591 4155 1713 4195 esse
1740 4143 1835 4199 de-

247 4206 399 4275 bere,
431 4208 592 4282 hujus
612 4215 938 4284 ornamenti,
961 4218 1019 4275 id
1047 4226 1150 4287 est,
1184 4214 1467 4282 rationalis
1485 4229 1666 4301 specie
1694 4244 1834 4301 pm—

248 4306 519 4356 monetur.

319 4391 502 4461 Tiara,
533 4408 653 4465 quae
678 4405 735 4453 et
774 4398 976 4456 cidaris
999 4409 1055 4458 et
1077 4401 1239 4461 mitra
1267 4414 1527 4477 vocatur,
1549 4412 1619 4467 'et
1647 4421 1832 4470 conte-

1946 3266 2133 3325 dorem
2163 3271 2398 3337 ducitur,
2440 3273 2753 3344 designatur
2796 3289 2998 3346 corpus
3035 3278 3331 3335 humanum
3352 3323 3367 3349 ,
3394 3283 3542 3351 quod

1941 3371 2012 3414 ex
2038 3365 2185 3416 terra
2215 3369 2449 3417 constat.
2482 3361 2638 3419 Sicut
2670 3379 2804 3436 ergo
2838 3364 3009 3422 linum
3036 3383 3138 3439 per
3165 3370 3365 3427 multos
3392 3372 3541 3429 labo-

1941 3464 2032 3507 res
2065 3451 2134 3507 ad
2175 3454 2471 3509 candorem
2514 3456 2859 3525 perducitur,
2890 3457 2968 3513 ita
3011 3474 3209 3530 corpus
3240 3462 3536 3521 humanum

1940 3542 2129 3599 multis
2158 3544 2560 3603 calamitatibus
2586 3549 2863 3617 attritum,
2908 3553 3199 3610 candidum
3240 3564 3298 3611 et
3338 3574 3533 3629 purum

1938 3645 2062 3689 esse
2084 3632 2245 3691 debet
2272 3635 2341 3692 ab
2364 3636 2514 3691 omni
2538 3637 2700 3694 sorde
2724 3648 3092 3709 peccatorum.

2006 3747 2204 3805 Postea
2232 3751 2483 3821 sequitur
2525 3750 2763 3823 poderis,
2795 3770 2917 3826 qua:
2944 3755 3105 3827 vulgo
3139 3758 3261 3814 alba
3308 3761 3527 3820 dicitur.

1935 3837 2221 3912 Signiﬁcat
2262 3851 2445 3898 autem
2490 3848 2952 3915 perseverantiam
3002 3847 3061 3904 in
3105 3850 3247 3907 bona
3298 3856 3529 3912 actione.

1934 3929 2077 3985 Hinc
2100 3928 2302 4003 Ioseph
2331 3932 2477 3991 inter
2499 3933 2700 3991 fratres
2726 3951 2871 4003 suos,
2904 3938 3132 3998 talarem
3160 3943 3402 4001 tunicam
3428 3948 3496 4003 ha

1933 4023 2117 4081 buisse
2145 4023 2495 4083 describitur.

2008 4134 2209 4192 Tunica
2231 4153 2405 4211 usque
2430 4138 2499 4195 ad
2522 4139 2710 4209 talum,
2739 4151 2826 4200 est
2858 4158 2997 4215 opus
3028 4145 3231 4202 bonum
3261 4164 3435 4221 usque
3459 4154 3529 4210 ad

1932 4230 2491 4297 consummationem,
2538 4231 2596 4288 in
2642 4232 2753 4289 talo
2794 4236 2941 4291 enim
2972 4235 3096 4293 ﬁnis
3134 4247 3222 4295 est
3252 4234 3519 4313 corporis.

1929 4319 2026 4376 Ille
2050 4336 2182 4394 ergo
2206 4321 2348 4379 bene
2374 4322 2595 4381 inchoat
2613 4364 2627 4391 ,
2657 4326 2751 4396 qui
2783 4327 3162 4385 rectitudinem
3187 4331 3313 4387 boni
3343 4334 3526 4404 operis

1930 4426 2105 4482 usque
2148 4413 2218 4469 ad
2261 4413 2423 4469 ﬁnem
2453 4414 2650 4470 debitte
2676 4417 2926 4487 perducit
2968 4419 3213 4476 actionis.
3253 4421 3356 4488 Qui
3382 4424 3523 4479 enim

246 4487 409 4559 gebat
437 4495 493 4543 et
514 4489 741 4546 ornabat
768 4501 930 4565 caput
956 4497 1243 4566 pontiﬁcis,
1283 4502 1541 4560 admonet
1561 4518 1684 4560 eum
1710 4521 1828 4563 om—
1857 4537 1907 4598 ο
1928 4507 2331 4576 perseveraverit
2359 4521 2524 4577 usque
2554 4506 2610 4561 in
2636 4508 2818 4577 ﬁnem,
2846 4508 2932 4564 hic
2955 4510 3135 4568 salvus
3163 4512 3261 4568 erit
3292 4512 3519 4587 (Matth.

246 4593 345 4634 nes
383 4593 574 4636 sensus
617 4582 809 4653 capitis
835 4582 949 4640 Deo
991 4601 1315 4646 consecrare
1359 4592 1592 4662 debere,
1629 4608 1700 4650 ne
1741 4596 1825 4653 vel
1857 4582 1904 4598 ’”
1929 4609 1968 4649 x
1990 4635 2006 4661 ,
2035 4594 2163 4667 22).

245 4671 389 4726 oculi
410 4681 635 4743 pateant
655 4676 723 4731 ad
746 4676 1037 4735 videndum
1055 4683 1372 4752 vanitatem,
1394 4685 1479 4742 vel
1498 4690 1682 4745 cmteri
1701 4704 1817 4748 sen~

243 4777 338 4818 sus
380 4764 471 4832 qui
514 4764 571 4820 in
597 4767 772 4837 capite
792 4767 1011 4839 vigent,
1054 4771 1325 4843 iniquitati
1369 4780 1727 4847 consentiant,
1767 4791 1826 4839 et

243 4870 342 4927 per
368 4855 489 4912 illos
514 4856 823 4915 intromissa
848 4859 1133 4919 delectatio
1172 4863 1401 4921 incestet
1426 4868 1594 4925 animi
1620 4873 1823 4929 sancti-

243 4952 430 5000 tatem.
486 4943 713 5002 Lamina
742 4962 905 5005 aurea
964 4950 1160 5008 divina)
1202 4955 1503 5026 maiestatis
1527 4969 1692 5032 atque
1718 4980 1815 5035 po-

243 5036 427 5092 tentire
452 5034 626 5107 ﬁgura
653 5047 738 5094 est
756 5079 774 5105 ,
815 5054 938 5110 qua:
961 5040 1018 5097 in
1043 5039 1224 5099 fronte
1255 5046 1526 5117 pontiﬁcis
1570 5034 1822 5123 deporta-

2001 4702 2207 4760 Deiude
2227 4705 2473 4776 sequitur
2496 4723 2651 4774 zona,
2674 4723 2797 4779 quae
2832 4709 3107 4783 cingulum
3137 4712 3338 4769 dicitur
3355 4754 3372 4781 ,
3408 4730 3517 4786 qua

1928 4793 2277 4865 restringitur
2302 4796 2541 4865 poderis,
2582 4813 2652 4853 ne
2696 4798 2820 4854 laxe
2845 4813 2943 4869 per
2968 4802 3132 4871 pedes
3158 4803 3381 4859 dililuat.
3412 4806 3518 4862 Per

1927 4898 2093 4955 quam
2136 4884 2452 4958 designatur
2480 4889 2739 4946 discretio
2783 4893 3026 4949 omnium
3064 4893 3364 4952 virtutum:
3402 4900 3516 4955 vir-

1928 4982 2070 5031 tutes
2095 4976 2242 5032 enim
2269 4976 2389 5035 sine
2416 4978 2758 5046 discretione,
2805 4997 2914 5038 non
2959 4985 3207 5054 virtutes,
3255 4989 3353 5045 sed
3379 4991 3511 5049 vitia

1921 5074 2086 5133 sunt;
2125 5081 2256 5124 nam
2282 5068 2514 5127 virtutes
2539 5070 2594 5126 in
2618 5073 2855 5143 quodam
2896 5076 3193 5136 meditullio
3224 5088 3355 5139 sunt
3382 5097 3513 5140 oon-

242 5129 423 5193 batur,
462 5129 590 5200 quia
618 5127 709 5184 illa
746 5129 1033 5188 ineﬁ'abilis
1069 5133 1300 5191 Deitatis
1324 5140 1563 5207 potentia
1609 5144 1822 5201 cunctis
1920 5127 2146 5212 διίιιιίω.

240 5233 362 5289 quae
394 5219 620 5287 creavit,
650 5223 1051 5291 supereminet:
1091 5232 1149 5281 et
1184 5225 1407 5295 idcirco,
1436 5231 1594 5300 quasi
1622 5245 1819 5292 cuncta

240 5309 609 5379 sanctiﬁcans,
634 5313 890 5371 eximiam
928 5316 1032 5373 sibi
1061 5320 1243 5376 sedem
1268 5320 1326 5376 in
1354 5320 1556 5391 fronte,
1582 5325 1687 5381 hoc
1709 5335 1815 5394 est,

239 5400 299 5456 in
322 5402 522 5459 mentis
553 5403 950 5475 principalitate
985 5410 1283 5467 constituit.
1335 5410 1579 5480 Quatuor
1622 5415 1817 5475 litterae

240 5490 296 5546 in
325 5490 520 5547 lamina
552 5495 786 5565 scriptae,
824 5505 1061 5566 quatuor
1096 5508 1223 5555 sunt
1248 5515 1448 5556 cornua
1478 5504 1686 5573 crucis,
1738 5515 1817 5562 to-

240 5587 355 5637 tum
383 5581 640 5638 mundum
684 5585 1124 5656 complectentis,
1153 5589 1302 5644 cruci
1330 5590 1478 5646 enim
1513 5591 1716 5650 Christi
1760 5595 1815 5652 in

239 5672 385 5728 omni
426 5682 675 5731 creatura
723 5692 854 5747 apex
884 5679 1228 5745 conceditur,
1273 5696 1379 5752 qua
1414 5678 1654 5741 omnium
1686 5688 1817 5745 ﬁde-

240 5761 371 5818 lium
419 5763 625 5823 frontes
677 5768 976 5839 signantur.
1033 5770 1188 5838 Quod
1237 5771 1439 5829 lamina
1489 5790 1701 5849 semper
1757 5780 1811 5836 in

1984 5242 2245 5314 Sequitur
2267 5246 2528 5304 orarium.
2564 5249 2836 5321 Orarium,
2884 5254 2939 5312 id
2981 5265 3069 5313 est
3107 5258 3245 5317 stola
3266 5303 3284 5331 ,
3310 5262 3511 5321 dicitur

1917 5348 1986 5390 eo
2016 5334 2519 5406 quocforatoribus,
2548 5340 2603 5395 id
2628 5349 2735 5409 est,
2772 5346 3217 5414 prmdicatoﬁbus
3243 5355 3510 5411 concedav

1922 5432 2033 5479 tur.
2062 5423 2331 5482 Admonet
2352 5428 2522 5497 illum,
2559 5432 2652 5501 qui
2680 5433 2771 5491 illo
2806 5436 3064 5507 induitur,
3093 5448 3153 5495 ut
3177 5457 3387 5500 memor
3411 5447 3508 5515 sit,

1921 5516 2024 5571 sub
2047 5515 2179 5588 jugo
2202 5517 2428 5587 Christi,
2454 5523 2601 5593 quod
2632 5522 2749 5582 leve
2771 5536 2829 5584 et
2849 5543 3015 5586 suave
3034 5540 3137 5598 est,
3159 5548 3279 5590 esse
3299 5551 3358 5592 se
3377 5550 3503 5593 oon-

1922 5607 2194 5662 stitutum.

1990 5695 2157 5768 596
2184 5697 2481 5756 Dalmatica
2513 5719 2633 5775 qua:
2665 5708 2932 5779 sequitur,
2960 5712 3029 5768 ob
3058 5714 3160 5771 hoc
3188 5715 3403 5782 dicitur,
3436 5732 3503 5772 eo

1921 5786 2063 5857 quod
2106 5789 2160 5844 in
2204 5788 2467 5850 Dalmatia
2492 5795 2562 5850 sit
2592 5806 2826 5870 reperta.
2870 5800 3011 5860 Usus
3038 5813 3219 5862 autem
3250 5806 3499 5864 dalmati—
