  <div class='ocr_page' id='page_1' title='image "/cluster/home/n/w/nwhite01/storage/ocr_20150623/101/umn.31951002477394h/635.png"; bbox 0 0 4092 6498; ppageno 0'>
   <div class='ocr_carea' id='block_1_1' title="bbox 523 375 661 435">
    <p class='ocr_par' dir='ltr' id='par_1_1' title="bbox 523 375 661 435">
     <span class='ocr_line' id='line_1_1' title="bbox 523 375 661 435; baseline -0.036 0"><span class='ocrx_word' id='word_1_1' title='bbox 523 375 661 435; x_wconf 80' lang='lat' dir='ltr'><strong>m3</strong></span> 
     </span>
    </p>
   </div>
   <div class='ocr_carea' id='block_1_2' title="bbox 1351 353 2955 425">
    <p class='ocr_par' dir='ltr' id='par_1_2' title="bbox 1351 353 2955 425">
     <span class='ocr_line' id='line_1_2' title="bbox 1351 353 2955 425; baseline -0.01 0"><span class='ocrx_word' id='word_1_2' title='bbox 1351 368 1413 425; x_wconf 85' lang='grc' dir='ltr'><strong>Β.</strong></span> <span class='ocrx_word' id='word_1_3' title='bbox 1452 366 1516 422; x_wconf 83' lang='lat' dir='ltr'><strong>F.</strong></span> <span class='ocrx_word' id='word_1_4' title='bbox 1557 360 1782 419; x_wconf 74' lang='lat' dir='ltr'><strong>ALBiNl</strong></span> <span class='ocrx_word' id='word_1_5' title='bbox 1820 357 1955 416; x_wconf 83' lang='lat' dir='ltr'><strong>SEU</strong></span> <span class='ocrx_word' id='word_1_6' title='bbox 1991 354 2273 415; x_wconf 73' lang='lat' dir='ltr'><strong>ALCUINI</strong></span> <span class='ocrx_word' id='word_1_7' title='bbox 2312 353 2601 412; x_wconf 80' lang='lat' dir='ltr'><strong>OPEitUM</strong></span> <span class='ocrx_word' id='word_1_8' title='bbox 2643 353 2826 410; x_wconf 77' lang='lat' dir='ltr'><strong>PARS</strong></span> <span class='ocrx_word' id='word_1_9' title='bbox 2862 354 2955 410; x_wconf 75' lang='lat' dir='ltr'><strong>IX.</strong></span> 
     </span>
    </p>
   </div>
   <div class='ocr_carea' id='block_1_3' title="bbox 3668 326 3821 409">
    <p class='ocr_par' dir='ltr' id='par_1_3' title="bbox 3668 326 3821 409">
     <span class='ocr_line' id='line_1_3' title="bbox 3668 326 3821 409; baseline -0.02 0"><span class='ocrx_word' id='word_1_10' title='bbox 3668 326 3821 409; x_wconf 65' lang='lat' dir='ltr'><strong>ista</strong></span> 
     </span>
    </p>
   </div>
   <div class='ocr_carea' id='block_1_4' title="bbox 523 464 3822 557">
    <p class='ocr_par' dir='ltr' id='par_1_4' title="bbox 523 464 3822 557">
     <span class='ocr_line' id='line_1_4' title="bbox 523 464 3822 557; baseline -0.008 -10"><span class='ocrx_word' id='word_1_11' title='bbox 523 506 708 550; x_wconf 86' lang='lat' dir='ltr'><strong>carum</strong></span> <span class='ocrx_word' id='word_1_12' title='bbox 732 505 766 543; x_wconf 91' lang='lat' dir='ltr'><strong>a</strong></span> <span class='ocrx_word' id='word_1_13' title='bbox 789 488 952 544; x_wconf 88' lang='lat' dir='ltr'><strong>beato</strong></span> <span class='ocrx_word' id='word_1_14' title='bbox 980 482 1259 557; x_wconf 80' lang='lat' dir='ltr'><strong>Sylvestro</strong></span> <span class='ocrx_word' id='word_1_15' title='bbox 1282 499 1421 555; x_wconf 85' lang='lat' dir='ltr'><strong>papa</strong></span> <span class='ocrx_word' id='word_1_16' title='bbox 1450 495 1478 524; x_wconf 79' lang='grc' dir='ltr'>ι</span> <span class='ocrx_word' id='word_1_17' title='bbox 1518 482 1803 537; x_wconf 89' lang='lat' dir='ltr'><strong>institutus</strong></span> <span class='ocrx_word' id='word_1_18' title='bbox 1831 484 1916 533; x_wconf 89' lang='lat' dir='ltr'><strong>est</strong></span> <span class='ocrx_word' id='word_1_19' title='bbox 1939 495 1952 529; x_wconf 86' lang='lat'><strong>:</strong></span> <span class='ocrx_word' id='word_1_20' title='bbox 1985 488 2109 529; x_wconf 88' lang='lat' dir='ltr'><strong>nam</strong></span> <span class='ocrx_word' id='word_1_21' title='bbox 2137 474 2190 536; x_wconf 74' lang='grc' dir='ltr'><strong>Δ</strong></span> <span class='ocrx_word' id='word_1_22' title='bbox 2216 480 2305 528; x_wconf 91' lang='lat' dir='ltr'><strong>tur</strong></span> <span class='ocrx_word' id='word_1_23' title='bbox 2332 470 2634 534; x_wconf 71' lang='lat' dir='ltr'><strong>ineffabile,</strong></span> <span class='ocrx_word' id='word_1_24' title='bbox 2660 485 2767 525; x_wconf 90' lang='lat' dir='ltr'><strong>non</strong></span> <span class='ocrx_word' id='word_1_25' title='bbox 2792 468 3071 557; x_wconf 82' lang='lat' dir='ltr'><strong>quodnon</strong></span> <span class='ocrx_word' id='word_1_26' title='bbox 3099 465 3223 531; x_wconf 84' lang='lat' dir='ltr'><strong>fari,</strong></span> <span class='ocrx_word' id='word_1_27' title='bbox 3263 464 3361 521; x_wconf 85' lang='lat' dir='ltr'><strong>sed</strong></span> <span class='ocrx_word' id='word_1_28' title='bbox 3388 465 3535 535; x_wconf 80' lang='lat' dir='ltr'><strong>quod</strong></span> <span class='ocrx_word' id='word_1_29' title='bbox 3559 464 3822 531; x_wconf 82' lang='lat' dir='ltr'><strong>diﬁiniri,</strong></span> 
     </span>
    </p>
   </div>
   <div class='ocr_carea' id='block_1_5' title="bbox 521 565 2117 641">
    <p class='ocr_par' dir='ltr' id='par_1_5' title="bbox 521 565 2117 641">
     <span class='ocr_line' id='line_1_5' title="bbox 521 565 2117 641; baseline -0.013 -2"><span class='ocrx_word' id='word_1_30' title='bbox 521 593 685 641; x_wconf 80' lang='lat' dir='ltr'><strong>antea</strong></span> <span class='ocrx_word' id='word_1_31' title='bbox 727 579 954 637; x_wconf 75' lang='lat' dir='ltr'><strong>colobiis</strong></span> <span class='ocrx_word' id='word_1_32' title='bbox 993 579 1305 633; x_wconf 93' lang='lat' dir='ltr'><strong>utebantur.</strong></span> <span class='ocrx_word' id='word_1_33' title='bbox 1353 573 1625 630; x_wconf 84' lang='lat' dir='ltr'><strong>Colobium</strong></span> <span class='ocrx_word' id='word_1_34' title='bbox 1653 587 1785 627; x_wconf 88' lang='lat' dir='ltr'><strong>vero</strong></span> <span class='ocrx_word' id='word_1_35' title='bbox 1825 577 1909 624; x_wconf 88' lang='lat' dir='ltr'><strong>est</strong></span> <span class='ocrx_word' id='word_1_36' title='bbox 1945 565 2117 622; x_wconf 81' lang='lat' dir='ltr'><strong>vestis</strong></span> 
     </span>
    </p>
   </div>
   <div class='ocr_carea' id='block_1_6' title="bbox 524 659 2119 743">
    <p class='ocr_par' dir='ltr' id='par_1_6' title="bbox 524 659 2119 743">
     <span class='ocr_line' id='line_1_6' title="bbox 524 659 2119 743; baseline -0.016 -6"><span class='ocrx_word' id='word_1_37' title='bbox 524 680 643 738; x_wconf 81' lang='lat' dir='ltr'><strong>sine</strong></span> <span class='ocrx_word' id='word_1_38' title='bbox 667 674 916 733; x_wconf 85' lang='lat' dir='ltr'><strong>manicis.</strong></span> <span class='ocrx_word' id='word_1_39' title='bbox 944 672 1229 743; x_wconf 88' lang='lat' dir='ltr'><strong>Signiﬁcat</strong></span> <span class='ocrx_word' id='word_1_40' title='bbox 1261 679 1445 726; x_wconf 88' lang='lat' dir='ltr'><strong>autem</strong></span> <span class='ocrx_word' id='word_1_41' title='bbox 1488 668 1543 722; x_wconf 90' lang='lat' dir='ltr'><strong>in</strong></span> <span class='ocrx_word' id='word_1_42' title='bbox 1583 682 1672 733; x_wconf 91' lang='lat' dir='ltr'><strong>eo,</strong></span> <span class='ocrx_word' id='word_1_43' title='bbox 1713 664 1857 735; x_wconf 91' lang='lat' dir='ltr'><strong>quod</strong></span> <span class='ocrx_word' id='word_1_44' title='bbox 1878 668 1964 716; x_wconf 88' lang='lat' dir='ltr'><strong>est</strong></span> <span class='ocrx_word' id='word_1_45' title='bbox 2000 659 2119 715; x_wconf 84' lang='lat' dir='ltr'><strong>sine</strong></span> 
     </span>
    </p>
   </div>
   <div class='ocr_carea' id='block_1_7' title="bbox 525 752 2124 835">
    <p class='ocr_par' dir='ltr' id='par_1_7' title="bbox 525 752 2124 835">
     <span class='ocr_line' id='line_1_7' title="bbox 525 752 2124 835; baseline -0.014 -9"><span class='ocrx_word' id='word_1_46' title='bbox 525 769 777 834; x_wconf 79' lang='lat' dir='ltr'><strong>manicis,</strong></span> <span class='ocrx_word' id='word_1_47' title='bbox 803 776 1243 835; x_wconf 82' lang='lat' dir='ltr'><strong>unumquemque</strong></span> <span class='ocrx_word' id='word_1_48' title='bbox 1264 760 1478 816; x_wconf 90' lang='lat' dir='ltr'><strong>ﬁdelem</strong></span> <span class='ocrx_word' id='word_1_49' title='bbox 1499 757 1858 815; x_wconf 88' lang='lat' dir='ltr'><strong>exercitatum</strong></span> <span class='ocrx_word' id='word_1_50' title='bbox 1887 768 2009 809; x_wconf 88' lang='lat' dir='ltr'><strong>esse</strong></span> <span class='ocrx_word' id='word_1_51' title='bbox 2033 752 2124 806; x_wconf 85' lang='lat' dir='ltr'><strong>de-</strong></span> 
     </span>
    </p>
   </div>
   <div class='ocr_carea' id='block_1_8' title="bbox 524 842 2122 932">
    <p class='ocr_par' dir='ltr' id='par_1_8' title="bbox 524 842 2122 932">
     <span class='ocr_line' id='line_1_8' title="bbox 524 842 2122 932; baseline -0.015 -12"><span class='ocrx_word' id='word_1_52' title='bbox 524 863 660 920; x_wconf 83' lang='lat' dir='ltr'><strong>bere</strong></span> <span class='ocrx_word' id='word_1_53' title='bbox 696 861 766 917; x_wconf 90' lang='lat' dir='ltr'><strong>ad</strong></span> <span class='ocrx_word' id='word_1_54' title='bbox 795 859 937 915; x_wconf 92' lang='lat' dir='ltr'><strong>bona</strong></span> <span class='ocrx_word' id='word_1_55' title='bbox 970 872 1137 932; x_wconf 75' lang='lat' dir='ltr'><strong>opera</strong></span> <span class='ocrx_word' id='word_1_56' title='bbox 1179 852 1506 909; x_wconf 88' lang='lat' dir='ltr'><strong>exercenda.</strong></span> <span class='ocrx_word' id='word_1_57' title='bbox 1549 849 1686 905; x_wconf 91' lang='lat' dir='ltr'><strong>Cum</strong></span> <span class='ocrx_word' id='word_1_58' title='bbox 1733 862 1864 919; x_wconf 85' lang='lat' dir='ltr'><strong>ergo</strong></span> <span class='ocrx_word' id='word_1_59' title='bbox 1901 842 2122 900; x_wconf 78' lang='lat' dir='ltr'><strong>auditas</strong></span> 
     </span>
    </p>
   </div>
   <div class='ocr_carea' id='block_1_9' title="bbox 524 937 2125 1020">
    <p class='ocr_par' dir='ltr' id='par_1_9' title="bbox 524 937 2125 1020">
     <span class='ocr_line' id='line_1_9' title="bbox 524 937 2125 1020; baseline -0.014 -6"><span class='ocrx_word' id='word_1_60' title='bbox 524 953 879 1014; x_wconf 83' lang='lat' dir='ltr'><strong>brachion</strong></span> <span class='ocrx_word' id='word_1_61' title='bbox 907 950 1261 1020; x_wconf 77' lang='lat' dir='ltr'><strong>culparetur,</strong></span> <span class='ocrx_word' id='word_1_62' title='bbox 1299 953 1359 1001; x_wconf 93' lang='lat' dir='ltr'><strong>ut</strong></span> <span class='ocrx_word' id='word_1_63' title='bbox 1399 945 1669 1011; x_wconf 76' lang='lat' dir='ltr'><strong>diximus,</strong></span> <span class='ocrx_word' id='word_1_64' title='bbox 1701 956 1733 998; x_wconf 88' lang='lat' dir='ltr'><strong>a</strong></span> <span class='ocrx_word' id='word_1_65' title='bbox 1754 941 1918 996; x_wconf 89' lang='lat' dir='ltr'><strong>beato</strong></span> <span class='ocrx_word' id='word_1_66' title='bbox 1952 937 2125 993; x_wconf 79' lang='lat' dir='ltr'><strong>Silve-</strong></span> 
     </span>
    </p>
   </div>
   <div class='ocr_carea' id='block_1_10' title="bbox 528 1032 2123 1111">
    <p class='ocr_par' dir='ltr' id='par_1_10' title="bbox 528 1032 2123 1111">
     <span class='ocr_line' id='line_1_10' title="bbox 528 1032 2123 1111; baseline -0.014 -5"><span class='ocrx_word' id='word_1_67' title='bbox 528 1058 647 1107; x_wconf 78' lang='lat' dir='ltr'><strong>stre</strong></span> <span class='ocrx_word' id='word_1_68' title='bbox 673 1042 1086 1103; x_wconf 89' lang='lat' dir='ltr'><strong>dalmaticarum</strong></span> <span class='ocrx_word' id='word_1_69' title='bbox 1115 1048 1371 1111; x_wconf 88' lang='lat' dir='ltr'><strong>repertus</strong></span> <span class='ocrx_word' id='word_1_70' title='bbox 1392 1045 1477 1092; x_wconf 88' lang='lat' dir='ltr'><strong>est</strong></span> <span class='ocrx_word' id='word_1_71' title='bbox 1505 1032 1655 1092; x_wconf 86' lang='lat' dir='ltr'><strong>usus.</strong></span> <span class='ocrx_word' id='word_1_72' title='bbox 1690 1035 1786 1089; x_wconf 86' lang='lat' dir='ltr'><strong>Est</strong></span> <span class='ocrx_word' id='word_1_73' title='bbox 1822 1042 2002 1087; x_wconf 89' lang='lat' dir='ltr'><strong>autem</strong></span> <span class='ocrx_word' id='word_1_74' title='bbox 2026 1044 2123 1084; x_wconf 74' lang='lat' dir='ltr'><strong>re-</strong></span> 
     </span>
    </p>
   </div>
   <div class='ocr_carea' id='block_1_11' title="bbox 528 1125 2126 1196">
    <p class='ocr_par' dir='ltr' id='par_1_11' title="bbox 528 1125 2126 1196">
     <span class='ocr_line' id='line_1_11' title="bbox 528 1125 2126 1196; baseline -0.014 -1"><span class='ocrx_word' id='word_1_75' title='bbox 528 1140 843 1196; x_wconf 85' lang='lat' dir='ltr'><strong>stimentum</strong></span> <span class='ocrx_word' id='word_1_76' title='bbox 860 1134 915 1190; x_wconf 92' lang='lat' dir='ltr'><strong>in</strong></span> <span class='ocrx_word' id='word_1_77' title='bbox 934 1132 1154 1189; x_wconf 89' lang='lat' dir='ltr'><strong>modum</strong></span> <span class='ocrx_word' id='word_1_78' title='bbox 1176 1129 1374 1193; x_wconf 90' lang='lat' dir='ltr'><strong>crucis,</strong></span> <span class='ocrx_word' id='word_1_79' title='bbox 1394 1142 1622 1182; x_wconf 82' lang='lat' dir='ltr'><strong>monens</strong></span> <span class='ocrx_word' id='word_1_80' title='bbox 1641 1125 1946 1180; x_wconf 89' lang='lat' dir='ltr'><strong>indutorem</strong></span> <span class='ocrx_word' id='word_1_81' title='bbox 1967 1134 2126 1175; x_wconf 90' lang='lat' dir='ltr'><strong>suum</strong></span> 
     </span>
    </p>
   </div>
   <div class='ocr_carea' id='block_1_12' title="bbox 533 1211 2121 1288">
    <p class='ocr_par' dir='ltr' id='par_1_12' title="bbox 533 1211 2121 1288">
     <span class='ocr_line' id='line_1_12' title="bbox 533 1211 2121 1288; baseline -0.015 -1"><span class='ocrx_word' id='word_1_82' title='bbox 533 1227 857 1288; x_wconf 88' lang='lat' dir='ltr'><strong>cruciﬁxum</strong></span> <span class='ocrx_word' id='word_1_83' title='bbox 902 1236 1024 1282; x_wconf 83' lang='lat' dir='ltr'><strong>esse</strong></span> <span class='ocrx_word' id='word_1_84' title='bbox 1068 1222 1265 1279; x_wconf 87' lang='lat' dir='ltr'><strong>debere</strong></span> <span class='ocrx_word' id='word_1_85' title='bbox 1308 1220 1542 1284; x_wconf 90' lang='lat' dir='ltr'><strong>mundo,</strong></span> <span class='ocrx_word' id='word_1_86' title='bbox 1563 1215 1720 1285; x_wconf 83' lang='lat' dir='ltr'><strong>juxta</strong></span> <span class='ocrx_word' id='word_1_87' title='bbox 1763 1211 2121 1284; x_wconf 76' lang='lat' dir='ltr'><strong>Apostolum:</strong></span> 
     </span>
    </p>
   </div>
   <div class='ocr_carea' id='block_1_13' title="bbox 533 1300 2125 1385">
    <p class='ocr_par' dir='ltr' id='par_1_13' title="bbox 533 1300 2125 1385">
     <span class='ocr_line' id='line_1_13' title="bbox 533 1300 2125 1385; baseline -0.016 -6"><span class='ocrx_word' id='word_1_88' title='bbox 533 1321 670 1381; x_wconf 73' lang='lat' dir='ltr'><strong>Hilii</strong></span> <span class='ocrx_word' id='word_1_89' title='bbox 690 1319 920 1376; x_wconf 78' lang='lat' dir='ltr'><strong>mundus</strong></span> <span class='ocrx_word' id='word_1_90' title='bbox 940 1314 1225 1385; x_wconf 79' lang='lat' dir='ltr'><strong>cruciﬁxus</strong></span> <span class='ocrx_word' id='word_1_91' title='bbox 1247 1320 1406 1377; x_wconf 82' lang='lat' dir='ltr'><strong>est,et</strong></span> <span class='ocrx_word' id='word_1_92' title='bbox 1428 1326 1521 1381; x_wconf 81' lang='lat' dir='ltr'><strong>ego</strong></span> <span class='ocrx_word' id='word_1_93' title='bbox 1548 1302 1990 1376; x_wconf 81' lang='lat' dir='ltr'><strong>mundo(Gal.vt,</strong></span> <span class='ocrx_word' id='word_1_94' title='bbox 2013 1300 2125 1373; x_wconf 72' lang='grc'><strong>14).</strong></span> 
     </span>
    </p>
   </div>
   <div class='ocr_carea' id='block_1_14' title="bbox 533 1392 2129 1474">
    <p class='ocr_par' dir='ltr' id='par_1_14' title="bbox 533 1392 2129 1474">
     <span class='ocr_line' id='line_1_14' title="bbox 533 1392 2129 1474; baseline -0.016 -3"><span class='ocrx_word' id='word_1_95' title='bbox 533 1415 712 1472; x_wconf 78' lang='lat' dir='ltr'><strong>liabet</strong></span> <span class='ocrx_word' id='word_1_96' title='bbox 736 1410 902 1467; x_wconf 91' lang='lat' dir='ltr'><strong>etiam</strong></span> <span class='ocrx_word' id='word_1_97' title='bbox 932 1410 987 1463; x_wconf 92' lang='lat' dir='ltr'><strong>in</strong></span> <span class='ocrx_word' id='word_1_98' title='bbox 1016 1406 1240 1462; x_wconf 88' lang='lat' dir='ltr'><strong>sinistra</strong></span> <span class='ocrx_word' id='word_1_99' title='bbox 1273 1410 1429 1474; x_wconf 89' lang='lat' dir='ltr'><strong>parte</strong></span> <span class='ocrx_word' id='word_1_100' title='bbox 1455 1400 1538 1456; x_wconf 89' lang='lat' dir='ltr'><strong>sui</strong></span> <span class='ocrx_word' id='word_1_101' title='bbox 1568 1397 1831 1454; x_wconf 89' lang='lat' dir='ltr'><strong>ﬁmbrias.</strong></span> <span class='ocrx_word' id='word_1_102' title='bbox 1865 1394 1972 1450; x_wconf 89' lang='lat' dir='ltr'><strong>Per</strong></span> <span class='ocrx_word' id='word_1_103' title='bbox 1998 1392 2129 1449; x_wconf 89' lang='lat' dir='ltr'><strong>sini-</strong></span> 
     </span>
    </p>
   </div>
   <div class='ocr_carea' id='block_1_15' title="bbox 531 1483 2132 1574">
    <p class='ocr_par' dir='ltr' id='par_1_15' title="bbox 531 1483 2132 1574">
     <span class='ocr_line' id='line_1_15' title="bbox 531 1483 2132 1574; baseline -0.017 -11"><span class='ocrx_word' id='word_1_104' title='bbox 531 1514 703 1562; x_wconf 83' lang='lat' dir='ltr'><strong>stram</strong></span> <span class='ocrx_word' id='word_1_105' title='bbox 740 1510 951 1574; x_wconf 88' lang='lat' dir='ltr'><strong>partem</strong></span> <span class='ocrx_word' id='word_1_106' title='bbox 992 1509 1234 1570; x_wconf 66' lang='lat' dir='ltr'><strong>praesens</strong></span> <span class='ocrx_word' id='word_1_107' title='bbox 1260 1493 1374 1547; x_wconf 85' lang='lat' dir='ltr'><strong>vita</strong></span> <span class='ocrx_word' id='word_1_108' title='bbox 1415 1491 1699 1561; x_wconf 85' lang='lat' dir='ltr'><strong>ﬁguratur,</strong></span> <span class='ocrx_word' id='word_1_109' title='bbox 1743 1501 1865 1557; x_wconf 63' lang='lat' dir='ltr'><strong>quae</strong></span> <span class='ocrx_word' id='word_1_110' title='bbox 1901 1483 2132 1540; x_wconf 80' lang='lat' dir='ltr'><strong>diversis</strong></span> 
     </span>
    </p>
   </div>
   <div class='ocr_carea' id='block_1_16' title="bbox 533 1575 2133 1660">
    <p class='ocr_par' dir='ltr' id='par_1_16' title="bbox 533 1575 2133 1660">
     <span class='ocr_line' id='line_1_16' title="bbox 533 1575 2133 1660; baseline -0.016 -5"><span class='ocrx_word' id='word_1_111' title='bbox 533 1596 683 1655; x_wconf 87' lang='lat' dir='ltr'><strong>curis</strong></span> <span class='ocrx_word' id='word_1_112' title='bbox 708 1590 982 1657; x_wconf 83' lang='lat' dir='ltr'><strong>abundat;</strong></span> <span class='ocrx_word' id='word_1_113' title='bbox 1024 1604 1147 1660; x_wconf 78' lang='lat' dir='ltr'><strong>qua:</strong></span> <span class='ocrx_word' id='word_1_114' title='bbox 1171 1601 1315 1642; x_wconf 70' lang='lat' dir='ltr'><strong>curae</strong></span> <span class='ocrx_word' id='word_1_115' title='bbox 1343 1580 1721 1655; x_wconf 84' lang='lat' dir='ltr'><strong>signiﬁcantur</strong></span> <span class='ocrx_word' id='word_1_116' title='bbox 1749 1592 1848 1650; x_wconf 92' lang='lat' dir='ltr'><strong>per</strong></span> <span class='ocrx_word' id='word_1_117' title='bbox 1890 1575 2133 1631; x_wconf 89' lang='lat' dir='ltr'><strong>ﬁmbrias</strong></span> 
     </span>
    </p>
   </div>
   <div class='ocr_carea' id='block_1_17' title="bbox 536 1677 2127 1763">
    <p class='ocr_par' dir='ltr' id='par_1_17' title="bbox 536 1677 2127 1763">
     <span class='ocr_line' id='line_1_17' title="bbox 536 1677 2127 1763; baseline -0.013 -14"><span class='ocrx_word' id='word_1_118' title='bbox 536 1692 772 1749; x_wconf 81' lang='lat' dir='ltr'><strong>sinistrae</strong></span> <span class='ocrx_word' id='word_1_119' title='bbox 812 1691 1026 1763; x_wconf 90' lang='lat' dir='ltr'><strong>partis;</strong></span> <span class='ocrx_word' id='word_1_120' title='bbox 1055 1689 1164 1758; x_wconf 82' lang='lat' dir='ltr'><strong>&#39;per</strong></span> <span class='ocrx_word' id='word_1_121' title='bbox 1208 1685 1511 1746; x_wconf 79' lang='lat' dir='ltr'><strong>dexteram,</strong></span> <span class='ocrx_word' id='word_1_122' title='bbox 1543 1694 1664 1750; x_wconf 67' lang='lat' dir='ltr'><strong>qute</strong></span> <span class='ocrx_word' id='word_1_123' title='bbox 1708 1677 1936 1732; x_wconf 90' lang='lat' dir='ltr'><strong>ﬁmbriis</strong></span> <span class='ocrx_word' id='word_1_124' title='bbox 1961 1681 2127 1737; x_wconf 86' lang='lat' dir='ltr'><strong>caret,</strong></span> 
     </span>
    </p>
   </div>
   <div class='ocr_carea' id='block_1_18' title="bbox 2218 556 3827 631">
    <p class='ocr_par' dir='ltr' id='par_1_18' title="bbox 2218 556 3827 631">
     <span class='ocr_line' id='line_1_18' title="bbox 2218 556 3827 631; baseline -0.002 -12"><span class='ocrx_word' id='word_1_125' title='bbox 2218 572 2283 619; x_wconf 91' lang='lat' dir='ltr'><strong>ut</strong></span> <span class='ocrx_word' id='word_1_126' title='bbox 2301 571 2408 629; x_wconf 91' lang='lat' dir='ltr'><strong>est,</strong></span> <span class='ocrx_word' id='word_1_127' title='bbox 2456 562 2679 617; x_wconf 89' lang='lat' dir='ltr'><strong>minime</strong></span> <span class='ocrx_word' id='word_1_128' title='bbox 2706 561 2898 631; x_wconf 86' lang='lat' dir='ltr'><strong>possit.</strong></span> <span class='ocrx_word' id='word_1_129' title='bbox 2925 556 3234 628; x_wconf 86' lang='lat' dir='ltr'><strong>Stephanus</strong></span> <span class='ocrx_word' id='word_1_130' title='bbox 3261 558 3481 613; x_wconf 87' lang='lat' dir='ltr'><strong>natione</strong></span> <span class='ocrx_word' id='word_1_131' title='bbox 3526 556 3827 615; x_wconf 80' lang='lat' dir='ltr'><strong>Romanus</strong></span> 
     </span>
    </p>
   </div>
   <div class='ocr_carea' id='block_1_19' title="bbox 2220 646 3822 724">
    <p class='ocr_par' dir='ltr' id='par_1_19' title="bbox 2220 646 3822 724">
     <span class='ocr_line' id='line_1_19' title="bbox 2220 646 3822 724; baseline -0.004 -13"><span class='ocrx_word' id='word_1_132' title='bbox 2220 670 2287 711; x_wconf 87' lang='lat' dir='ltr'><strong>ex</strong></span> <span class='ocrx_word' id='word_1_133' title='bbox 2329 662 2484 724; x_wconf 86' lang='lat' dir='ltr'><strong>patre</strong></span> <span class='ocrx_word' id='word_1_134' title='bbox 2510 651 2701 717; x_wconf 84' lang='lat' dir='ltr'><strong>Jobio,</strong></span> <span class='ocrx_word' id='word_1_135' title='bbox 2733 658 2793 704; x_wconf 92' lang='lat' dir='ltr'><strong>ut</strong></span> <span class='ocrx_word' id='word_1_136' title='bbox 2832 649 3032 721; x_wconf 81' lang='lat' dir='ltr'><strong>legitur</strong></span> <span class='ocrx_word' id='word_1_137' title='bbox 3060 649 3115 703; x_wconf 92' lang='lat' dir='ltr'><strong>in</strong></span> <span class='ocrx_word' id='word_1_138' title='bbox 3150 646 3334 704; x_wconf 89' lang='lat' dir='ltr'><strong>Gestis</strong></span> <span class='ocrx_word' id='word_1_139' title='bbox 3361 646 3822 716; x_wconf 84' lang='lat' dir='ltr'><strong>Pontiﬁeialibus,</strong></span> 
     </span>
    </p>
   </div>
   <div class='ocr_carea' id='block_1_20' title="bbox 2222 739 3826 811">
    <p class='ocr_par' dir='ltr' id='par_1_20' title="bbox 2222 739 3826 811">
     <span class='ocr_line' id='line_1_20' title="bbox 2222 739 3826 811; baseline -0.004 -9"><span class='ocrx_word' id='word_1_140' title='bbox 2222 746 2508 802; x_wconf 87' lang='lat' dir='ltr'><strong>constituit</strong></span> <span class='ocrx_word' id='word_1_141' title='bbox 2546 742 2942 807; x_wconf 85' lang='lat' dir='ltr'><strong>sacerdotibus,</strong></span> <span class='ocrx_word' id='word_1_142' title='bbox 2990 740 3276 811; x_wconf 83' lang='lat' dir='ltr'><strong>levitisque</strong></span> <span class='ocrx_word' id='word_1_143' title='bbox 3303 748 3486 795; x_wconf 78' lang='lat' dir='ltr'><strong>vestes</strong></span> <span class='ocrx_word' id='word_1_144' title='bbox 3528 754 3717 796; x_wconf 86' lang='lat' dir='ltr'><strong>sacras</strong></span> <span class='ocrx_word' id='word_1_145' title='bbox 3758 739 3826 795; x_wconf 88' lang='lat' dir='ltr'><strong>in</strong></span> 
     </span>
    </p>
   </div>
   <div class='ocr_carea' id='block_1_21' title="bbox 2223 827 3829 907">
    <p class='ocr_par' dir='ltr' id='par_1_21' title="bbox 2223 827 3829 907">
     <span class='ocr_line' id='line_1_21' title="bbox 2223 827 3829 907; baseline -0.006 -14"><span class='ocrx_word' id='word_1_146' title='bbox 2223 852 2325 893; x_wconf 87' lang='lat' dir='ltr'><strong>usu</strong></span> <span class='ocrx_word' id='word_1_147' title='bbox 2354 835 2674 907; x_wconf 88' lang='lat' dir='ltr'><strong>quotidiano</strong></span> <span class='ocrx_word' id='word_1_148' title='bbox 2695 849 2806 888; x_wconf 90' lang='lat' dir='ltr'><strong>non</strong></span> <span class='ocrx_word' id='word_1_149' title='bbox 2842 832 2946 898; x_wconf 86' lang='lat' dir='ltr'><strong>uti,</strong></span> <span class='ocrx_word' id='word_1_150' title='bbox 2977 831 3083 886; x_wconf 86' lang='lat' dir='ltr'><strong>nisi</strong></span> <span class='ocrx_word' id='word_1_151' title='bbox 3122 830 3178 884; x_wconf 91' lang='lat' dir='ltr'><strong>in</strong></span> <span class='ocrx_word' id='word_1_152' title='bbox 3208 828 3475 885; x_wconf 86' lang='lat' dir='ltr'><strong>Ecclesia.</strong></span> <span class='ocrx_word' id='word_1_153' title='bbox 3507 827 3647 884; x_wconf 83' lang='lat' dir='ltr'><strong>Hinc</strong></span> <span class='ocrx_word' id='word_1_154' title='bbox 3689 827 3829 883; x_wconf 83' lang='lat' dir='ltr'><strong>Hie-</strong></span> 
     </span>
    </p>
   </div>
   <div class='ocr_carea' id='block_1_22' title="bbox 2224 919 3830 999">
    <p class='ocr_par' dir='ltr' id='par_1_22' title="bbox 2224 919 3830 999">
     <span class='ocr_line' id='line_1_22' title="bbox 2224 919 3830 999; baseline -0.004 -16"><span class='ocrx_word' id='word_1_155' title='bbox 2224 943 2485 999; x_wconf 83' lang='lat' dir='ltr'><strong>ronymus</strong></span> <span class='ocrx_word' id='word_1_156' title='bbox 2522 927 2579 982; x_wconf 90' lang='lat' dir='ltr'><strong>in</strong></span> <span class='ocrx_word' id='word_1_157' title='bbox 2619 925 2760 982; x_wconf 90' lang='lat' dir='ltr'><strong>libro</strong></span> <span class='ocrx_word' id='word_1_158' title='bbox 2788 940 2881 979; x_wconf 83' lang='lat' dir='ltr'><strong>xiv</strong></span> <span class='ocrx_word' id='word_1_159' title='bbox 2923 937 3088 992; x_wconf 88' lang='lat' dir='ltr'><strong>super</strong></span> <span class='ocrx_word' id='word_1_160' title='bbox 3123 920 3466 977; x_wconf 88' lang='lat' dir='ltr'><strong>Ezechielem</strong></span> <span class='ocrx_word' id='word_1_161' title='bbox 3504 929 3553 974; x_wconf 75' lang='grc' dir='ltr'><strong>ο.</strong></span> <span class='ocrx_word' id='word_1_162' title='bbox 3588 937 3610 970; x_wconf 80' lang='grc' dir='ltr'>σ</span> <span class='ocrx_word' id='word_1_163' title='bbox 3643 919 3830 976; x_wconf 85' lang='lat' dir='ltr'><strong>Porro</strong></span> 
     </span>
    </p>
   </div>
   <div class='ocr_carea' id='block_1_23' title="bbox 2223 1012 3825 1091">
    <p class='ocr_par' dir='ltr' id='par_1_23' title="bbox 2223 1012 3825 1091">
     <span class='ocr_line' id='line_1_23' title="bbox 2223 1012 3825 1091; baseline -0.004 -17"><span class='ocrx_word' id='word_1_164' title='bbox 2223 1020 2417 1091; x_wconf 78' lang='lat' dir='ltr'><strong>religio</strong></span> <span class='ocrx_word' id='word_1_165' title='bbox 2446 1018 2676 1074; x_wconf 88' lang='lat' dir='ltr'><strong>alterum</strong></span> <span class='ocrx_word' id='word_1_166' title='bbox 2697 1017 2943 1073; x_wconf 87' lang='lat' dir='ltr'><strong>habitum</strong></span> <span class='ocrx_word' id='word_1_167' title='bbox 2968 1012 3136 1069; x_wconf 83' lang='lat' dir='ltr'><strong>habet</strong></span> <span class='ocrx_word' id='word_1_168' title='bbox 3159 1013 3215 1069; x_wconf 93' lang='lat' dir='ltr'><strong>in</strong></span> <span class='ocrx_word' id='word_1_169' title='bbox 3238 1013 3562 1079; x_wconf 90' lang='lat' dir='ltr'><strong>ministerio,</strong></span> <span class='ocrx_word' id='word_1_170' title='bbox 3580 1012 3825 1069; x_wconf 76' lang='lat' dir='ltr'><strong>alterum</strong></span> 
     </span>
    </p>
   </div>
   <div class='ocr_carea' id='block_1_24' title="bbox 2226 1102 3831 1181">
    <p class='ocr_par' dir='ltr' id='par_1_24' title="bbox 2226 1102 3831 1181">
     <span class='ocr_line' id='line_1_24' title="bbox 2226 1102 3831 1181; baseline -0.004 -15"><span class='ocrx_word' id='word_1_171' title='bbox 2226 1112 2281 1167; x_wconf 91' lang='lat' dir='ltr'><strong>in</strong></span> <span class='ocrx_word' id='word_1_172' title='bbox 2311 1127 2413 1166; x_wconf 91' lang='lat' dir='ltr'><strong>usu</strong></span> <span class='ocrx_word' id='word_1_173' title='bbox 2437 1113 2661 1181; x_wconf 82' lang='lat' dir='ltr'><strong>vitaque</strong></span> <span class='ocrx_word' id='word_1_174' title='bbox 2688 1106 2983 1164; x_wconf 88' lang='lat' dir='ltr'><strong>communi.</strong></span> <span class='ocrx_word' id='word_1_175' title='bbox 3018 1124 3038 1159; x_wconf 74' lang='grc' dir='ltr'><strong>ι</strong></span> <span class='ocrx_word' id='word_1_176' title='bbox 3074 1102 3305 1159; x_wconf 84' lang='lat' dir='ltr'><strong>Sudario</strong></span> <span class='ocrx_word' id='word_1_177' title='bbox 3343 1104 3582 1160; x_wconf 86' lang='lat' dir='ltr'><strong>solemus</strong></span> <span class='ocrx_word' id='word_1_178' title='bbox 3604 1110 3831 1176; x_wconf 79' lang='lat' dir='ltr'><strong>tergere</strong></span> 
     </span>
    </p>
   </div>
   <div class='ocr_carea' id='block_1_25' title="bbox 2226 1194 3831 1273">
    <p class='ocr_par' dir='ltr' id='par_1_25' title="bbox 2226 1194 3831 1273">
     <span class='ocr_line' id='line_1_25' title="bbox 2226 1194 3831 1273; baseline -0.004 -18"><span class='ocrx_word' id='word_1_179' title='bbox 2226 1201 2479 1273; x_wconf 87' lang='lat' dir='ltr'><strong>pituitam</strong></span> <span class='ocrx_word' id='word_1_180' title='bbox 2502 1198 2788 1256; x_wconf 86' lang='lat' dir='ltr'><strong>oculorum</strong></span> <span class='ocrx_word' id='word_1_181' title='bbox 2810 1205 2868 1253; x_wconf 91' lang='lat' dir='ltr'><strong>et</strong></span> <span class='ocrx_word' id='word_1_182' title='bbox 2891 1197 3126 1262; x_wconf 90' lang='lat' dir='ltr'><strong>narium,</strong></span> <span class='ocrx_word' id='word_1_183' title='bbox 3151 1205 3316 1267; x_wconf 88' lang='lat' dir='ltr'><strong>atque</strong></span> <span class='ocrx_word' id='word_1_184' title='bbox 3341 1194 3667 1267; x_wconf 83' lang='lat' dir='ltr'><strong>superﬂuam</strong></span> <span class='ocrx_word' id='word_1_185' title='bbox 3689 1194 3831 1250; x_wconf 82' lang='lat' dir='ltr'><strong>sali-</strong></span> 
     </span>
    </p>
   </div>
   <div class='ocr_carea' id='block_1_26' title="bbox 2226 1289 3833 1363">
    <p class='ocr_par' dir='ltr' id='par_1_26' title="bbox 2226 1289 3833 1363">
     <span class='ocr_line' id='line_1_26' title="bbox 2226 1289 3833 1363; baseline -0.002 -13"><span class='ocrx_word' id='word_1_186' title='bbox 2226 1310 2352 1350; x_wconf 90' lang='lat' dir='ltr'><strong>vam</strong></span> <span class='ocrx_word' id='word_1_187' title='bbox 2383 1294 2761 1350; x_wconf 88' lang='lat' dir='ltr'><strong>decurrentem</strong></span> <span class='ocrx_word' id='word_1_188' title='bbox 2781 1307 2879 1363; x_wconf 90' lang='lat' dir='ltr'><strong>per</strong></span> <span class='ocrx_word' id='word_1_189' title='bbox 2902 1291 3045 1347; x_wconf 85' lang='lat' dir='ltr'><strong>labia</strong></span> <span class='ocrx_word' id='word_1_190' title='bbox 3068 1308 3081 1344; x_wconf 91' lang='lat'><strong>:</strong></span> <span class='ocrx_word' id='word_1_191' title='bbox 3107 1289 3379 1361; x_wconf 88' lang='lat' dir='ltr'><strong>signiﬁcat</strong></span> <span class='ocrx_word' id='word_1_192' title='bbox 3404 1291 3641 1346; x_wconf 90' lang='lat' dir='ltr'><strong>studium</strong></span> <span class='ocrx_word' id='word_1_193' title='bbox 3661 1305 3833 1346; x_wconf 86' lang='lat' dir='ltr'><strong>mun-</strong></span> 
     </span>
    </p>
   </div>
   <div class='ocr_carea' id='block_1_27' title="bbox 2229 1384 3835 1458">
    <p class='ocr_par' dir='ltr' id='par_1_27' title="bbox 2229 1384 3835 1458">
     <span class='ocr_line' id='line_1_27' title="bbox 2229 1384 3835 1458; baseline -0.001 -16"><span class='ocrx_word' id='word_1_194' title='bbox 2229 1388 2385 1442; x_wconf 61' lang='lat' dir='ltr'><strong>danae</strong></span> <span class='ocrx_word' id='word_1_195' title='bbox 2408 1385 2787 1458; x_wconf 89' lang='lat' dir='ltr'><strong>cogitationis;</strong></span> <span class='ocrx_word' id='word_1_196' title='bbox 2826 1385 2884 1441; x_wconf 92' lang='lat' dir='ltr'><strong>in</strong></span> <span class='ocrx_word' id='word_1_197' title='bbox 2906 1398 3071 1439; x_wconf 88' lang='lat' dir='ltr'><strong>manu</strong></span> <span class='ocrx_word' id='word_1_198' title='bbox 3101 1384 3322 1439; x_wconf 86' lang='lat' dir='ltr'><strong>sinistra</strong></span> <span class='ocrx_word' id='word_1_199' title='bbox 3347 1389 3618 1455; x_wconf 87' lang='lat' dir='ltr'><strong>portatur,</strong></span> <span class='ocrx_word' id='word_1_200' title='bbox 3641 1389 3707 1439; x_wconf 90' lang='lat' dir='ltr'><strong>ut</strong></span> <span class='ocrx_word' id='word_1_201' title='bbox 3730 1399 3835 1440; x_wconf 86' lang='lat' dir='ltr'><strong>os-</strong></span> 
     </span>
    </p>
   </div>
   <div class='ocr_carea' id='block_1_28' title="bbox 2228 1472 3831 1548">
    <p class='ocr_par' dir='ltr' id='par_1_28' title="bbox 2228 1472 3831 1548">
     <span class='ocr_line' id='line_1_28' title="bbox 2228 1472 3831 1548; baseline -0.004 -14"><span class='ocrx_word' id='word_1_202' title='bbox 2228 1477 2488 1534; x_wconf 85' lang='lat' dir='ltr'><strong>tendatur</strong></span> <span class='ocrx_word' id='word_1_203' title='bbox 2514 1478 2570 1534; x_wconf 89' lang='lat' dir='ltr'><strong>in</strong></span> <span class='ocrx_word' id='word_1_204' title='bbox 2596 1475 2884 1548; x_wconf 87' lang='lat' dir='ltr'><strong>temporali</strong></span> <span class='ocrx_word' id='word_1_205' title='bbox 2913 1475 3027 1531; x_wconf 89' lang='lat' dir='ltr'><strong>vita</strong></span> <span class='ocrx_word' id='word_1_206' title='bbox 3057 1474 3276 1531; x_wconf 64' lang='lat' dir='ltr'><strong>talium</strong></span> <span class='ocrx_word' id='word_1_207' title='bbox 3304 1489 3405 1533; x_wconf 88' lang='lat' dir='ltr'><strong>nos</strong></span> <span class='ocrx_word' id='word_1_208' title='bbox 3427 1473 3540 1546; x_wconf 91' lang='lat' dir='ltr'><strong>pati</strong></span> <span class='ocrx_word' id='word_1_209' title='bbox 3562 1472 3831 1545; x_wconf 84' lang='lat' dir='ltr'><strong>superﬁui</strong></span> 
     </span>
    </p>
   </div>
   <div class='ocr_carea' id='block_1_29' title="bbox 2230 1568 2494 1625">
    <p class='ocr_par' dir='ltr' id='par_1_29' title="bbox 2230 1568 2494 1625">
     <span class='ocr_line' id='line_1_29' title="bbox 2230 1568 2494 1625; baseline -0.004 0"><span class='ocrx_word' id='word_1_210' title='bbox 2230 1568 2494 1625; x_wconf 87' lang='lat' dir='ltr'><strong>humoris.</strong></span> 
     </span>
    </p>
   </div>
   <div class='ocr_carea' id='block_1_30' title="bbox 2304 1656 3835 1730">
    <p class='ocr_par' dir='ltr' id='par_1_30' title="bbox 2304 1656 3835 1730">
     <span class='ocr_line' id='line_1_30' title="bbox 2304 1656 3835 1730; baseline -0.003 -13"><span class='ocrx_word' id='word_1_211' title='bbox 2304 1662 2556 1719; x_wconf 79' lang='lat' dir='ltr'><strong>Varietas</strong></span> <span class='ocrx_word' id='word_1_212' title='bbox 2581 1659 2609 1700; x_wconf 77' lang='grc' dir='ltr'><em>δ</em></span> <span class='ocrx_word' id='word_1_213' title='bbox 2638 1659 3010 1715; x_wconf 89' lang='lat' dir='ltr'><strong>sandaliorum</strong></span> <span class='ocrx_word' id='word_1_214' title='bbox 3047 1658 3370 1714; x_wconf 84' lang='lat' dir='ltr'><strong>varietatem</strong></span> <span class='ocrx_word' id='word_1_215' title='bbox 3414 1656 3686 1730; x_wconf 87' lang='lat' dir='ltr'><strong>signiﬁcat</strong></span> <span class='ocrx_word' id='word_1_216' title='bbox 3714 1657 3835 1729; x_wconf 71' lang='lat' dir='ltr'><strong>mi-</strong></span> 
     </span>
    </p>
   </div>
   <div class='ocr_carea' id='block_1_31' title="bbox 537 1748 3827 1850">
    <p class='ocr_par' dir='ltr' id='par_1_31' title="bbox 537 1748 3827 1850">
     <span class='ocr_line' id='line_1_31' title="bbox 537 1748 3827 1850; baseline -0.01 -12"><span class='ocrx_word' id='word_1_217' title='bbox 537 1748 719 1837; x_wconf 86' lang='lat' dir='ltr'><strong>futura</strong></span> <span class='ocrx_word' id='word_1_218' title='bbox 746 1748 856 1836; x_wconf 64' lang='lat' dir='ltr'><strong>vita</strong></span> <span class='ocrx_word' id='word_1_219' title='bbox 881 1748 1229 1850; x_wconf 77' lang='lat' dir='ltr'><strong>exprimitur,</strong></span> <span class='ocrx_word' id='word_1_220' title='bbox 1262 1775 1315 1828; x_wconf 88' lang='lat' dir='ltr'><strong>in</strong></span> <span class='ocrx_word' id='word_1_221' title='bbox 1343 1787 1450 1844; x_wconf 85' lang='lat' dir='ltr'><strong>qua</strong></span> <span class='ocrx_word' id='word_1_222' title='bbox 1477 1748 1637 1825; x_wconf 67' lang='lat' dir='ltr'><strong>nullae</strong></span> <span class='ocrx_word' id='word_1_223' title='bbox 1668 1782 1813 1822; x_wconf 59' lang='lat' dir='ltr'><strong>curas</strong></span> <span class='ocrx_word' id='word_1_224' title='bbox 1841 1764 2134 1821; x_wconf 83' lang='lat' dir='ltr'><strong>sollicitant</strong></span> <span class='ocrx_word' id='word_1_225' title='bbox 2158 1830 2207 1850; x_wconf 50' lang='lat' dir='ltr'><strong>ﬁ</strong></span> <span class='ocrx_word' id='word_1_226' title='bbox 2233 1755 2606 1810; x_wconf 85' lang='lat' dir='ltr'><strong>nisteriorum.</strong></span> <span class='ocrx_word' id='word_1_227' title='bbox 2638 1751 2890 1824; x_wconf 88' lang='lat' dir='ltr'><strong>Episcopi</strong></span> <span class='ocrx_word' id='word_1_228' title='bbox 2917 1758 2973 1806; x_wconf 90' lang='lat' dir='ltr'><strong>et</strong></span> <span class='ocrx_word' id='word_1_229' title='bbox 3000 1751 3298 1807; x_wconf 87' lang='lat' dir='ltr'><strong>sacerdotis</strong></span> <span class='ocrx_word' id='word_1_230' title='bbox 3323 1763 3465 1823; x_wconf 87' lang='lat' dir='ltr'><strong>pene</strong></span> <span class='ocrx_word' id='word_1_231' title='bbox 3500 1767 3667 1807; x_wconf 89' lang='lat' dir='ltr'><strong>unum</strong></span> <span class='ocrx_word' id='word_1_232' title='bbox 3694 1748 3827 1805; x_wconf 79' lang='lat' dir='ltr'><strong>ofﬁ-</strong></span> 
     </span>
    </p>
   </div>
   <div class='ocr_carea' id='block_1_32' title="bbox 537 1830 3833 1932">
    <p class='ocr_par' dir='ltr' id='par_1_32' title="bbox 537 1830 3833 1932">
     <span class='ocr_line' id='line_1_32' title="bbox 537 1830 3833 1932; baseline -0.013 0"><span class='ocrx_word' id='word_1_233' title='bbox 537 1876 751 1932; x_wconf 87' lang='lat' dir='ltr'><strong>animas</strong></span> <span class='ocrx_word' id='word_1_234' title='bbox 790 1830 1122 1931; x_wconf 63' lang='lat' dir='ltr'><strong>sanctorum.</strong></span> <span class='ocrx_word' id='word_1_235' title='bbox 1171 1830 1513 1924; x_wconf 66' lang='lat' dir='ltr'><strong>lnconsintilis</strong></span> <span class='ocrx_word' id='word_1_236' title='bbox 1557 1864 1720 1920; x_wconf 88' lang='lat' dir='ltr'><strong>etiam</strong></span> <span class='ocrx_word' id='word_1_237' title='bbox 1747 1868 1865 1924; x_wconf 89' lang='lat' dir='ltr'><strong>est,</strong></span> <span class='ocrx_word' id='word_1_238' title='bbox 1908 1856 2035 1927; x_wconf 89' lang='lat' dir='ltr'><strong>quia</strong></span> <span class='ocrx_word' id='word_1_239' title='bbox 2072 1854 2126 1909; x_wconf 88' lang='lat' dir='ltr'><strong>in</strong></span> <span class='ocrx_word' id='word_1_240' title='bbox 2158 1830 2209 1893; x_wconf 75' lang='grc' dir='ltr'><strong>Β</strong></span> <span class='ocrx_word' id='word_1_241' title='bbox 2235 1847 2378 1901; x_wconf 85' lang='lat' dir='ltr'><strong>cium</strong></span> <span class='ocrx_word' id='word_1_242' title='bbox 2423 1853 2543 1900; x_wconf 84' lang='lat' dir='ltr'><strong>est:</strong></span> <span class='ocrx_word' id='word_1_243' title='bbox 2584 1852 2640 1898; x_wconf 86' lang='lat' dir='ltr'><strong>at</strong></span> <span class='ocrx_word' id='word_1_244' title='bbox 2670 1843 2797 1914; x_wconf 85' lang='lat' dir='ltr'><strong>quia</strong></span> <span class='ocrx_word' id='word_1_245' title='bbox 2843 1842 3064 1897; x_wconf 89' lang='lat' dir='ltr'><strong>nomine</strong></span> <span class='ocrx_word' id='word_1_246' title='bbox 3089 1850 3149 1897; x_wconf 89' lang='lat' dir='ltr'><strong>et</strong></span> <span class='ocrx_word' id='word_1_247' title='bbox 3174 1841 3382 1898; x_wconf 86' lang='lat' dir='ltr'><strong>honore</strong></span> <span class='ocrx_word' id='word_1_248' title='bbox 3418 1842 3833 1909; x_wconf 72' lang='lat' dir='ltr'><strong>discernuntur,</strong></span> 
     </span>
    </p>
   </div>
   <div class='ocr_carea' id='block_1_33' title="bbox 535 1946 2129 2029">
    <p class='ocr_par' dir='ltr' id='par_1_33' title="bbox 535 1946 2129 2029">
     <span class='ocr_line' id='line_1_33' title="bbox 535 1946 2129 2029; baseline -0.013 -5"><span class='ocrx_word' id='word_1_249' title='bbox 535 1968 783 2024; x_wconf 87' lang='lat' dir='ltr'><strong>Ecclesia</strong></span> <span class='ocrx_word' id='word_1_250' title='bbox 809 1965 894 2020; x_wconf 87' lang='lat' dir='ltr'><strong>vel</strong></span> <span class='ocrx_word' id='word_1_251' title='bbox 927 1965 980 2019; x_wconf 91' lang='lat' dir='ltr'><strong>in</strong></span> <span class='ocrx_word' id='word_1_252' title='bbox 1010 1962 1174 2019; x_wconf 86' lang='lat' dir='ltr'><strong>corde</strong></span> <span class='ocrx_word' id='word_1_253' title='bbox 1199 1958 1620 2029; x_wconf 76' lang='lat' dir='ltr'><strong>uniuscujusque</strong></span> <span class='ocrx_word' id='word_1_254' title='bbox 1647 1954 1843 2018; x_wconf 88' lang='lat' dir='ltr'><strong>ﬁdelis,</strong></span> <span class='ocrx_word' id='word_1_255' title='bbox 1865 1948 2008 2006; x_wconf 87' lang='lat' dir='ltr'><strong>nulla</strong></span> <span class='ocrx_word' id='word_1_256' title='bbox 2035 1946 2129 2004; x_wconf 84' lang='lat' dir='ltr'><strong>de-</strong></span> 
     </span>
    </p>
   </div>
   <div class='ocr_carea' id='block_1_34' title="bbox 536 2041 2131 2123">
    <p class='ocr_par' dir='ltr' id='par_1_34' title="bbox 536 2041 2131 2123">
     <span class='ocr_line' id='line_1_34' title="bbox 536 2041 2131 2123; baseline -0.014 -6"><span class='ocrx_word' id='word_1_257' title='bbox 536 2060 629 2116; x_wconf 90' lang='lat' dir='ltr'><strong>bet</strong></span> <span class='ocrx_word' id='word_1_258' title='bbox 653 2074 775 2116; x_wconf 88' lang='lat' dir='ltr'><strong>esse</strong></span> <span class='ocrx_word' id='word_1_259' title='bbox 796 2059 1056 2123; x_wconf 85' lang='lat' dir='ltr'><strong>scissura,</strong></span> <span class='ocrx_word' id='word_1_260' title='bbox 1084 2055 1177 2111; x_wconf 89' lang='lat' dir='ltr'><strong>sed</strong></span> <span class='ocrx_word' id='word_1_261' title='bbox 1206 2053 1488 2108; x_wconf 90' lang='lat' dir='ltr'><strong>indiscissa</strong></span> <span class='ocrx_word' id='word_1_262' title='bbox 1511 2049 1635 2104; x_wconf 90' lang='lat' dir='ltr'><strong>ﬁdei</strong></span> <span class='ocrx_word' id='word_1_263' title='bbox 1660 2046 1962 2117; x_wconf 84' lang='lat' dir='ltr'><strong>integritas.</strong></span> <span class='ocrx_word' id='word_1_264' title='bbox 1987 2041 2131 2098; x_wconf 88' lang='lat' dir='ltr'><strong>Sini-</strong></span> 
     </span>
    </p>
   </div>
   <div class='ocr_carea' id='block_1_35' title="bbox 539 2132 2121 2211">
    <p class='ocr_par' dir='ltr' id='par_1_35' title="bbox 539 2132 2121 2211">
     <span class='ocr_line' id='line_1_35' title="bbox 539 2132 2121 2211; baseline -0.012 -5"><span class='ocrx_word' id='word_1_265' title='bbox 539 2162 715 2208; x_wconf 88' lang='lat' dir='ltr'><strong>strum</strong></span> <span class='ocrx_word' id='word_1_266' title='bbox 746 2150 889 2205; x_wconf 87' lang='lat' dir='ltr'><strong>latus</strong></span> <span class='ocrx_word' id='word_1_267' title='bbox 917 2148 1080 2203; x_wconf 86' lang='lat' dir='ltr'><strong>habet</strong></span> <span class='ocrx_word' id='word_1_268' title='bbox 1110 2144 1371 2208; x_wconf 87' lang='lat' dir='ltr'><strong>ﬁmbrias,</strong></span> <span class='ocrx_word' id='word_1_269' title='bbox 1421 2141 1550 2211; x_wconf 87' lang='lat' dir='ltr'><strong>quia</strong></span> <span class='ocrx_word' id='word_1_270' title='bbox 1579 2138 1810 2194; x_wconf 89' lang='lat' dir='ltr'><strong>actualis</strong></span> <span class='ocrx_word' id='word_1_271' title='bbox 1845 2136 1954 2191; x_wconf 86' lang='lat' dir='ltr'><strong>vita</strong></span> <span class='ocrx_word' id='word_1_272' title='bbox 1979 2132 2121 2189; x_wconf 90' lang='lat' dir='ltr'><strong>solli-</strong></span> 
     </span>
    </p>
   </div>
   <div class='ocr_carea' id='block_1_36' title="bbox 539 2225 2133 2309">
    <p class='ocr_par' dir='ltr' id='par_1_36' title="bbox 539 2225 2133 2309">
     <span class='ocr_line' id='line_1_36' title="bbox 539 2225 2133 2309; baseline -0.014 -8"><span class='ocrx_word' id='word_1_273' title='bbox 539 2246 649 2301; x_wconf 87' lang='lat' dir='ltr'><strong>cita</strong></span> <span class='ocrx_word' id='word_1_274' title='bbox 676 2251 777 2309; x_wconf 90' lang='lat' dir='ltr'><strong>est,</strong></span> <span class='ocrx_word' id='word_1_275' title='bbox 806 2250 862 2297; x_wconf 89' lang='lat' dir='ltr'><strong>et</strong></span> <span class='ocrx_word' id='word_1_276' title='bbox 891 2239 1142 2296; x_wconf 87' lang='lat' dir='ltr'><strong>turbatur</strong></span> <span class='ocrx_word' id='word_1_277' title='bbox 1168 2251 1294 2307; x_wconf 85' lang='lat' dir='ltr'><strong>erga</strong></span> <span class='ocrx_word' id='word_1_278' title='bbox 1320 2234 1585 2305; x_wconf 89' lang='lat' dir='ltr'><strong>plurima:</strong></span> <span class='ocrx_word' id='word_1_279' title='bbox 1611 2239 1666 2285; x_wconf 91' lang='lat' dir='ltr'><strong>at</strong></span> <span class='ocrx_word' id='word_1_280' title='bbox 1687 2230 1970 2284; x_wconf 83' lang='lat' dir='ltr'><strong>dexterum</strong></span> <span class='ocrx_word' id='word_1_281' title='bbox 1990 2225 2133 2279; x_wconf 90' lang='lat' dir='ltr'><strong>latus</strong></span> 
     </span>
    </p>
   </div>
   <div class='ocr_carea' id='block_1_37' title="bbox 543 2316 2133 2404">
    <p class='ocr_par' dir='ltr' id='par_1_37' title="bbox 543 2316 2133 2404">
     <span class='ocr_line' id='line_1_37' title="bbox 543 2316 2133 2404; baseline -0.016 -10"><span class='ocrx_word' id='word_1_282' title='bbox 543 2353 654 2394; x_wconf 91' lang='lat' dir='ltr'><strong>non</strong></span> <span class='ocrx_word' id='word_1_283' title='bbox 681 2335 867 2401; x_wconf 89' lang='lat' dir='ltr'><strong>habet,</strong></span> <span class='ocrx_word' id='word_1_284' title='bbox 890 2332 1017 2404; x_wconf 88' lang='lat' dir='ltr'><strong>quia</strong></span> <span class='ocrx_word' id='word_1_285' title='bbox 1045 2326 1465 2399; x_wconf 85' lang='lat' dir='ltr'><strong>contemplativa</strong></span> <span class='ocrx_word' id='word_1_286' title='bbox 1494 2324 1605 2380; x_wconf 86' lang='lat' dir='ltr'><strong>vita</strong></span> <span class='ocrx_word' id='word_1_287' title='bbox 1637 2320 1771 2378; x_wconf 89' lang='lat' dir='ltr'><strong>nihil</strong></span> <span class='ocrx_word' id='word_1_288' title='bbox 1794 2319 1850 2375; x_wconf 91' lang='lat' dir='ltr'><strong>in</strong></span> <span class='ocrx_word' id='word_1_289' title='bbox 1884 2333 1941 2373; x_wconf 88' lang='lat' dir='ltr'><strong>se</strong></span> <span class='ocrx_word' id='word_1_290' title='bbox 1970 2316 2133 2371; x_wconf 80' lang='lat' dir='ltr'><strong>habet</strong></span> 
     </span>
    </p>
   </div>
   <div class='ocr_carea' id='block_1_38' title="bbox 543 2408 2136 2499">
    <p class='ocr_par' dir='ltr' id='par_1_38' title="bbox 543 2408 2136 2499">
     <span class='ocr_line' id='line_1_38' title="bbox 543 2408 2136 2499; baseline -0.016 -11"><span class='ocrx_word' id='word_1_291' title='bbox 543 2432 849 2489; x_wconf 87' lang='lat' dir='ltr'><strong>sinistrum.</strong></span> <span class='ocrx_word' id='word_1_292' title='bbox 882 2428 1133 2499; x_wconf 86' lang='lat' dir='ltr'><strong>Largitas</strong></span> <span class='ocrx_word' id='word_1_293' title='bbox 1158 2423 1530 2484; x_wconf 85' lang='lat' dir='ltr'><strong>brachiorum,</strong></span> <span class='ocrx_word' id='word_1_294' title='bbox 1559 2417 1869 2487; x_wconf 81' lang='lat' dir='ltr'><strong>largitatem</strong></span> <span class='ocrx_word' id='word_1_295' title='bbox 1911 2419 1968 2467; x_wconf 91' lang='lat' dir='ltr'><strong>et</strong></span> <span class='ocrx_word' id='word_1_296' title='bbox 2000 2408 2136 2465; x_wconf 82' lang='lat' dir='ltr'><strong>hila-</strong></span> 
     </span>
    </p>
   </div>
   <div class='ocr_carea' id='block_1_39' title="bbox 542 2501 2135 2588">
    <p class='ocr_par' dir='ltr' id='par_1_39' title="bbox 542 2501 2135 2588">
     <span class='ocr_line' id='line_1_39' title="bbox 542 2501 2135 2588; baseline -0.015 -9"><span class='ocrx_word' id='word_1_297' title='bbox 542 2524 760 2579; x_wconf 89' lang='lat' dir='ltr'><strong>ritatcm</strong></span> <span class='ocrx_word' id='word_1_298' title='bbox 783 2520 989 2577; x_wconf 90' lang='lat' dir='ltr'><strong>datoris</strong></span> <span class='ocrx_word' id='word_1_299' title='bbox 1014 2516 1316 2588; x_wconf 79' lang='lat' dir='ltr'><strong>signiﬁcat.</strong></span> <span class='ocrx_word' id='word_1_300' title='bbox 1359 2514 1651 2574; x_wconf 89' lang='lat' dir='ltr'><strong>Diaconus,</strong></span> <span class='ocrx_word' id='word_1_301' title='bbox 1679 2506 1772 2577; x_wconf 91' lang='lat' dir='ltr'><strong>qui</strong></span> <span class='ocrx_word' id='word_1_302' title='bbox 1804 2519 1910 2559; x_wconf 87' lang='lat' dir='ltr'><strong>non</strong></span> <span class='ocrx_word' id='word_1_303' title='bbox 1940 2509 2024 2558; x_wconf 87' lang='lat' dir='ltr'><strong>est</strong></span> <span class='ocrx_word' id='word_1_304' title='bbox 2050 2501 2135 2556; x_wconf 89' lang='lat' dir='ltr'><strong>in-</strong></span> 
     </span>
    </p>
   </div>
   <div class='ocr_carea' id='block_1_40' title="bbox 547 2596 2137 2674">
    <p class='ocr_par' dir='ltr' id='par_1_40' title="bbox 547 2596 2137 2674">
     <span class='ocr_line' id='line_1_40' title="bbox 547 2596 2137 2674; baseline -0.016 -3"><span class='ocrx_word' id='word_1_305' title='bbox 547 2615 706 2671; x_wconf 87' lang='lat' dir='ltr'><strong>dutus</strong></span> <span class='ocrx_word' id='word_1_306' title='bbox 731 2609 1038 2674; x_wconf 88' lang='lat' dir='ltr'><strong>dalmatica,</strong></span> <span class='ocrx_word' id='word_1_307' title='bbox 1063 2606 1245 2664; x_wconf 88' lang='lat' dir='ltr'><strong>casula</strong></span> <span class='ocrx_word' id='word_1_308' title='bbox 1270 2602 1691 2661; x_wconf 89' lang='lat' dir='ltr'><strong>circumcinctus</strong></span> <span class='ocrx_word' id='word_1_309' title='bbox 1709 2596 1858 2668; x_wconf 88' lang='lat' dir='ltr'><strong>legit,</strong></span> <span class='ocrx_word' id='word_1_310' title='bbox 1889 2600 1949 2648; x_wconf 89' lang='lat' dir='ltr'><strong>ut</strong></span> <span class='ocrx_word' id='word_1_311' title='bbox 1973 2608 2137 2663; x_wconf 86' lang='lat' dir='ltr'><strong>expe-</strong></span> 
     </span>
    </p>
   </div>
   <div class='ocr_carea' id='block_1_41' title="bbox 547 2686 2137 2776">
    <p class='ocr_par' dir='ltr' id='par_1_41' title="bbox 547 2686 2137 2776">
     <span class='ocr_line' id='line_1_41' title="bbox 547 2686 2137 2776; baseline -0.013 -14"><span class='ocrx_word' id='word_1_312' title='bbox 547 2706 660 2762; x_wconf 87' lang='lat' dir='ltr'><strong>dite</strong></span> <span class='ocrx_word' id='word_1_313' title='bbox 683 2705 856 2776; x_wconf 88' lang='lat' dir='ltr'><strong>possit</strong></span> <span class='ocrx_word' id='word_1_314' title='bbox 876 2702 1189 2757; x_wconf 84' lang='lat' dir='ltr'><strong>ministrare</strong></span> <span class='ocrx_word' id='word_1_315' title='bbox 1211 2715 1227 2767; x_wconf 90' lang='lat'><strong>;</strong></span> <span class='ocrx_word' id='word_1_316' title='bbox 1259 2698 1345 2759; x_wconf 88' lang='lat' dir='ltr'><strong>vel</strong></span> <span class='ocrx_word' id='word_1_317' title='bbox 1374 2695 1499 2767; x_wconf 85' lang='lat' dir='ltr'><strong>quia</strong></span> <span class='ocrx_word' id='word_1_318' title='bbox 1527 2692 1697 2764; x_wconf 85' lang='lat' dir='ltr'><strong>ipsius</strong></span> <span class='ocrx_word' id='word_1_319' title='bbox 1722 2697 1808 2745; x_wconf 89' lang='lat' dir='ltr'><strong>est</strong></span> <span class='ocrx_word' id='word_1_320' title='bbox 1832 2688 1912 2744; x_wconf 91' lang='lat' dir='ltr'><strong>ire</strong></span> <span class='ocrx_word' id='word_1_321' title='bbox 1947 2686 2015 2742; x_wconf 87' lang='lat' dir='ltr'><strong>ad</strong></span> <span class='ocrx_word' id='word_1_322' title='bbox 2039 2700 2137 2742; x_wconf 88' lang='lat' dir='ltr'><strong>co-</strong></span> 
     </span>
    </p>
   </div>
   <div class='ocr_carea' id='block_1_42' title="bbox 548 2786 1742 2868">
    <p class='ocr_par' dir='ltr' id='par_1_42' title="bbox 548 2786 1742 2868">
     <span class='ocr_line' id='line_1_42' title="bbox 548 2786 1742 2868; baseline -0.016 -12"><span class='ocrx_word' id='word_1_323' title='bbox 548 2799 799 2856; x_wconf 87' lang='lat' dir='ltr'><strong>mitatum</strong></span> <span class='ocrx_word' id='word_1_324' title='bbox 828 2804 1049 2868; x_wconf 89' lang='lat' dir='ltr'><strong>pr0pter</strong></span> <span class='ocrx_word' id='word_1_325' title='bbox 1076 2794 1340 2848; x_wconf 80' lang='lat' dir='ltr'><strong>instantes</strong></span> <span class='ocrx_word' id='word_1_326' title='bbox 1367 2786 1742 2843; x_wconf 86' lang='lat' dir='ltr'><strong>necessitates.</strong></span> 
     </span>
    </p>
   </div>
   <div class='ocr_carea' id='block_1_43' title="bbox 622 2870 2141 2963">
    <p class='ocr_par' dir='ltr' id='par_1_43' title="bbox 622 2870 2141 2963">
     <span class='ocr_line' id='line_1_43' title="bbox 622 2870 2141 2963; baseline -0.015 -16"><span class='ocrx_word' id='word_1_327' title='bbox 622 2888 877 2963; x_wconf 73' lang='lat' dir='ltr'><strong>Mappula</strong></span> <span class='ocrx_word' id='word_1_328' title='bbox 907 2904 1027 2958; x_wconf 75' lang='lat' dir='ltr'><strong>qua:</strong></span> <span class='ocrx_word' id='word_1_329' title='bbox 1057 2886 1111 2941; x_wconf 91' lang='lat' dir='ltr'><strong>in</strong></span> <span class='ocrx_word' id='word_1_330' title='bbox 1138 2885 1357 2940; x_wconf 90' lang='lat' dir='ltr'><strong>sinistra</strong></span> <span class='ocrx_word' id='word_1_331' title='bbox 1387 2888 1543 2953; x_wconf 89' lang='lat' dir='ltr'><strong>parte</strong></span> <span class='ocrx_word' id='word_1_332' title='bbox 1566 2884 1829 2950; x_wconf 80' lang='lat' dir='ltr'><strong>gestatur,</strong></span> <span class='ocrx_word' id='word_1_333' title='bbox 1855 2888 1962 2945; x_wconf 86' lang='lat' dir='ltr'><strong>qua</strong></span> <span class='ocrx_word' id='word_1_334' title='bbox 1982 2870 2141 2943; x_wconf 88' lang='lat' dir='ltr'><strong>pitui-</strong></span> 
     </span>
    </p>
   </div>
   <div class='ocr_carea' id='block_1_44' title="bbox 548 2962 2137 3042">
    <p class='ocr_par' dir='ltr' id='par_1_44' title="bbox 548 2962 2137 3042">
     <span class='ocr_line' id='line_1_44' title="bbox 548 2962 2137 3042; baseline -0.015 -1"><span class='ocrx_word' id='word_1_335' title='bbox 548 2992 661 3041; x_wconf 83' lang='lat' dir='ltr'><strong>tam</strong></span> <span class='ocrx_word' id='word_1_336' title='bbox 692 2981 970 3039; x_wconf 89' lang='lat' dir='ltr'><strong>oculorum</strong></span> <span class='ocrx_word' id='word_1_337' title='bbox 992 2987 1047 3035; x_wconf 85' lang='lat' dir='ltr'><strong>et</strong></span> <span class='ocrx_word' id='word_1_338' title='bbox 1075 2977 1289 3034; x_wconf 90' lang='lat' dir='ltr'><strong>narium</strong></span> <span class='ocrx_word' id='word_1_339' title='bbox 1316 2972 1671 3042; x_wconf 86' lang='lat' dir='ltr'><strong>detergimus,</strong></span> <span class='ocrx_word' id='word_1_340' title='bbox 1701 2973 2027 3039; x_wconf 79' lang='lat' dir='ltr'><strong>praesentem</strong></span> <span class='ocrx_word' id='word_1_341' title='bbox 2054 2962 2137 3019; x_wconf 83' lang='lat' dir='ltr'><strong>vi-</strong></span> 
     </span>
    </p>
   </div>
   <div class='ocr_carea' id='block_1_45' title="bbox 550 3057 2139 3146">
    <p class='ocr_par' dir='ltr' id='par_1_45' title="bbox 550 3057 2139 3146">
     <span class='ocr_line' id='line_1_45' title="bbox 550 3057 2139 3146; baseline -0.015 -13"><span class='ocrx_word' id='word_1_342' title='bbox 550 3086 662 3133; x_wconf 88' lang='lat' dir='ltr'><strong>tam</strong></span> <span class='ocrx_word' id='word_1_343' title='bbox 698 3076 961 3146; x_wconf 85' lang='lat' dir='ltr'><strong>designat,</strong></span> <span class='ocrx_word' id='word_1_344' title='bbox 1009 3073 1064 3127; x_wconf 91' lang='lat' dir='ltr'><strong>in</strong></span> <span class='ocrx_word' id='word_1_345' title='bbox 1108 3086 1214 3141; x_wconf 89' lang='lat' dir='ltr'><strong>qua</strong></span> <span class='ocrx_word' id='word_1_346' title='bbox 1242 3065 1545 3139; x_wconf 82' lang='lat' dir='ltr'><strong>superﬂuos</strong></span> <span class='ocrx_word' id='word_1_347' title='bbox 1586 3064 1843 3118; x_wconf 86' lang='lat' dir='ltr'><strong>humores</strong></span> <span class='ocrx_word' id='word_1_348' title='bbox 1882 3057 2139 3130; x_wconf 87' lang='lat' dir='ltr'><strong>patimur.</strong></span> 
     </span>
    </p>
   </div>
   <div class='ocr_carea' id='block_1_46' title="bbox 550 3148 2137 3238">
    <p class='ocr_par' dir='ltr' id='par_1_46' title="bbox 550 3148 2137 3238">
     <span class='ocr_line' id='line_1_46' title="bbox 550 3148 2137 3238; baseline -0.014 -14"><span class='ocrx_word' id='word_1_349' title='bbox 550 3166 749 3224; x_wconf 77' lang='lat' dir='ltr'><strong>Casula</strong></span> <span class='ocrx_word' id='word_1_350' title='bbox 779 3181 901 3238; x_wconf 66' lang='lat' dir='ltr'><strong>qua:</strong></span> <span class='ocrx_word' id='word_1_351' title='bbox 929 3180 1095 3235; x_wconf 85' lang='lat' dir='ltr'><strong>super</strong></span> <span class='ocrx_word' id='word_1_352' title='bbox 1122 3161 1301 3218; x_wconf 86' lang='lat' dir='ltr'><strong>omnia</strong></span> <span class='ocrx_word' id='word_1_353' title='bbox 1346 3158 1661 3214; x_wconf 87' lang='lat' dir='ltr'><strong>indumenta</strong></span> <span class='ocrx_word' id='word_1_354' title='bbox 1697 3152 1934 3225; x_wconf 89' lang='lat' dir='ltr'><strong>ponitur,</strong></span> <span class='ocrx_word' id='word_1_355' title='bbox 1966 3148 2137 3219; x_wconf 78' lang='lat' dir='ltr'><strong>signi-</strong></span> 
     </span>
    </p>
   </div>
   <div class='ocr_carea' id='block_1_47' title="bbox 552 3242 2140 3326">
    <p class='ocr_par' dir='ltr' id='par_1_47' title="bbox 552 3242 2140 3326">
     <span class='ocr_line' id='line_1_47' title="bbox 552 3242 2140 3326; baseline -0.014 -8"><span class='ocrx_word' id='word_1_356' title='bbox 552 3263 679 3317; x_wconf 87' lang='lat' dir='ltr'><strong>ﬁcat</strong></span> <span class='ocrx_word' id='word_1_357' title='bbox 704 3260 1047 3323; x_wconf 86' lang='lat' dir='ltr'><strong>charitatem,</strong></span> <span class='ocrx_word' id='word_1_358' title='bbox 1078 3271 1203 3326; x_wconf 71' lang='lat' dir='ltr'><strong>qum</strong></span> <span class='ocrx_word' id='word_1_359' title='bbox 1240 3253 1375 3309; x_wconf 87' lang='lat' dir='ltr'><strong>alias</strong></span> <span class='ocrx_word' id='word_1_360' title='bbox 1400 3251 1630 3305; x_wconf 86' lang='lat' dir='ltr'><strong>virtutes</strong></span> <span class='ocrx_word' id='word_1_361' title='bbox 1660 3244 1898 3302; x_wconf 81' lang='lat' dir='ltr'><strong>&#39;excellit.</strong></span> <span class='ocrx_word' id='word_1_362' title='bbox 1931 3242 2007 3297; x_wconf 90' lang='lat' dir='ltr'><strong>De</strong></span> <span class='ocrx_word' id='word_1_363' title='bbox 2032 3256 2140 3311; x_wconf 89' lang='lat' dir='ltr'><strong>qua</strong></span> 
     </span>
    </p>
   </div>
   <div class='ocr_carea' id='block_1_48' title="bbox 551 3334 2137 3428">
    <p class='ocr_par' dir='ltr' id='par_1_48' title="bbox 551 3334 2137 3428">
     <span class='ocr_line' id='line_1_48' title="bbox 551 3334 2137 3428; baseline -0.015 -18"><span class='ocrx_word' id='word_1_364' title='bbox 551 3352 864 3428; x_wconf 77' lang='lat' dir='ltr'><strong>Apostolus,</strong></span> <span class='ocrx_word' id='word_1_365' title='bbox 887 3346 1328 3406; x_wconf 75' lang='lat' dir='ltr'><strong>commcmOratis</strong></span> <span class='ocrx_word' id='word_1_366' title='bbox 1348 3343 1671 3416; x_wconf 91' lang='lat' dir='ltr'><strong>quibusdam</strong></span> <span class='ocrx_word' id='word_1_367' title='bbox 1692 3337 2004 3401; x_wconf 81' lang='lat' dir='ltr'><strong>virtutibus,</strong></span> <span class='ocrx_word' id='word_1_368' title='bbox 2032 3334 2137 3388; x_wconf 89' lang='lat' dir='ltr'><strong>ait:</strong></span> 
     </span>
    </p>
   </div>
   <div class='ocr_carea' id='block_1_49' title="bbox 555 3428 2022 3516">
    <p class='ocr_par' dir='ltr' id='par_1_49' title="bbox 555 3428 2022 3516">
     <span class='ocr_line' id='line_1_49' title="bbox 555 3428 2022 3516; baseline -0.013 -14"><span class='ocrx_word' id='word_1_369' title='bbox 555 3444 735 3516; x_wconf 79' lang='lat' dir='ltr'><strong>Major</strong></span> <span class='ocrx_word' id='word_1_370' title='bbox 756 3455 930 3500; x_wconf 80' lang='lat' dir='ltr'><strong>autem</strong></span> <span class='ocrx_word' id='word_1_371' title='bbox 958 3444 1147 3496; x_wconf 84' lang='lat' dir='ltr'><strong>horum</strong></span> <span class='ocrx_word' id='word_1_372' title='bbox 1170 3450 1244 3495; x_wconf 85' lang='lat' dir='ltr'><strong>est</strong></span> <span class='ocrx_word' id='word_1_373' title='bbox 1267 3439 1500 3493; x_wconf 71' lang='lat' dir='ltr'><strong>Charitas</strong></span> <span class='ocrx_word' id='word_1_374' title='bbox 1528 3434 1581 3507; x_wconf 83' lang='grc' dir='ltr'><strong>(Ι</strong></span> <span class='ocrx_word' id='word_1_375' title='bbox 1607 3432 1733 3489; x_wconf 89' lang='lat' dir='ltr'><strong>Cor.</strong></span> <span class='ocrx_word' id='word_1_376' title='bbox 1755 3448 1878 3496; x_wconf 84' lang='lat' dir='ltr'><strong>xm,</strong></span> <span class='ocrx_word' id='word_1_377' title='bbox 1909 3428 2022 3500; x_wconf 80' lang='lat' dir='ltr'><strong>l3).</strong></span> 
     </span>
    </p>
   </div>
   <div class='ocr_carea' id='block_1_50' title="bbox 574 3520 2145 3602">
    <p class='ocr_par' dir='ltr' id='par_1_50' title="bbox 574 3520 2145 3602">
     <span class='ocr_line' id='line_1_50' title="bbox 574 3520 2145 3602; baseline -0.013 -9"><span class='ocrx_word' id='word_1_378' title='bbox 574 3563 580 3569; x_wconf 89' lang='lat'><strong><em>-</em></strong></span> <span class='ocrx_word' id='word_1_379' title='bbox 628 3538 656 3579; x_wconf 71' lang='grc' dir='ltr'>δ</span> <span class='ocrx_word' id='word_1_380' title='bbox 712 3534 948 3591; x_wconf 81' lang='lat' dir='ltr'><strong>Pallium</strong></span> <span class='ocrx_word' id='word_1_381' title='bbox 995 3532 1526 3602; x_wconf 86' lang='lat' dir='ltr'><strong>archiepiscoporum</strong></span> <span class='ocrx_word' id='word_1_382' title='bbox 1571 3540 1735 3596; x_wconf 88' lang='lat' dir='ltr'><strong>super</strong></span> <span class='ocrx_word' id='word_1_383' title='bbox 1760 3521 1939 3579; x_wconf 86' lang='lat' dir='ltr'><strong>omnia</strong></span> <span class='ocrx_word' id='word_1_384' title='bbox 1987 3520 2145 3576; x_wconf 91' lang='lat' dir='ltr'><strong>indu-</strong></span> 
     </span>
    </p>
   </div>
   <div class='ocr_carea' id='block_1_51' title="bbox 561 3612 2147 3692">
    <p class='ocr_par' dir='ltr' id='par_1_51' title="bbox 561 3612 2147 3692">
     <span class='ocr_line' id='line_1_51' title="bbox 561 3612 2147 3692; baseline -0.011 -7"><span class='ocrx_word' id='word_1_385' title='bbox 561 3638 742 3685; x_wconf 90' lang='lat' dir='ltr'><strong>menta</strong></span> <span class='ocrx_word' id='word_1_386' title='bbox 780 3636 883 3692; x_wconf 86' lang='lat' dir='ltr'><strong>est,</strong></span> <span class='ocrx_word' id='word_1_387' title='bbox 913 3632 976 3681; x_wconf 91' lang='lat' dir='ltr'><strong>ut</strong></span> <span class='ocrx_word' id='word_1_388' title='bbox 1009 3625 1212 3680; x_wconf 89' lang='lat' dir='ltr'><strong>lamina</strong></span> <span class='ocrx_word' id='word_1_389' title='bbox 1258 3622 1313 3677; x_wconf 90' lang='lat' dir='ltr'><strong>in</strong></span> <span class='ocrx_word' id='word_1_390' title='bbox 1362 3622 1540 3677; x_wconf 79' lang='lat' dir='ltr'><strong>fronte</strong></span> <span class='ocrx_word' id='word_1_391' title='bbox 1578 3615 1871 3689; x_wconf 89' lang='lat' dir='ltr'><strong>pontiﬁcis.</strong></span> <span class='ocrx_word' id='word_1_392' title='bbox 1918 3612 2147 3668; x_wconf 90' lang='lat' dir='ltr'><strong>Pallium</strong></span> 
     </span>
    </p>
   </div>
   <div class='ocr_carea' id='block_1_52' title="bbox 561 3706 2148 3781">
    <p class='ocr_par' dir='ltr' id='par_1_52' title="bbox 561 3706 2148 3781">
     <span class='ocr_line' id='line_1_52' title="bbox 561 3706 2148 3781; baseline -0.013 -4"><span class='ocrx_word' id='word_1_393' title='bbox 561 3719 696 3777; x_wconf 85' lang='lat' dir='ltr'><strong>nihil</strong></span> <span class='ocrx_word' id='word_1_394' title='bbox 723 3726 808 3778; x_wconf 83' lang='lat' dir='ltr'><strong>cst</strong></span> <span class='ocrx_word' id='word_1_395' title='bbox 837 3716 985 3773; x_wconf 88' lang='lat' dir='ltr'><strong>aliud</strong></span> <span class='ocrx_word' id='word_1_396' title='bbox 1004 3756 1019 3781; x_wconf 96' lang='lat'><strong>,</strong></span> <span class='ocrx_word' id='word_1_397' title='bbox 1064 3714 1169 3770; x_wconf 90' lang='lat' dir='ltr'><strong>nisi</strong></span> <span class='ocrx_word' id='word_1_398' title='bbox 1216 3710 1474 3767; x_wconf 89' lang='lat' dir='ltr'><strong>discretio</strong></span> <span class='ocrx_word' id='word_1_399' title='bbox 1504 3709 1648 3764; x_wconf 87' lang='lat' dir='ltr'><strong>inter</strong></span> <span class='ocrx_word' id='word_1_400' title='bbox 1677 3706 2148 3776; x_wconf 89' lang='lat' dir='ltr'><strong>archiepisc0pum</strong></span> 
     </span>
    </p>
   </div>
   <div class='ocr_carea' id='block_1_53' title="bbox 556 3800 2147 3883">
    <p class='ocr_par' dir='ltr' id='par_1_53' title="bbox 556 3800 2147 3883">
     <span class='ocr_line' id='line_1_53' title="bbox 556 3800 2147 3883; baseline -0.013 -13"><span class='ocrx_word' id='word_1_401' title='bbox 556 3820 615 3870; x_wconf 84' lang='lat' dir='ltr'><strong>et</strong></span> <span class='ocrx_word' id='word_1_402' title='bbox 658 3811 776 3883; x_wconf 82' lang='lat' dir='ltr'><strong>ejus</strong></span> <span class='ocrx_word' id='word_1_403' title='bbox 820 3810 1214 3881; x_wconf 86' lang='lat' dir='ltr'><strong>suffragancos.</strong></span> <span class='ocrx_word' id='word_1_404' title='bbox 1262 3804 1490 3860; x_wconf 88' lang='lat' dir='ltr'><strong>Pallium</strong></span> <span class='ocrx_word' id='word_1_405' title='bbox 1544 3800 1813 3871; x_wconf 85' lang='lat' dir='ltr'><strong>signiﬁcat</strong></span> <span class='ocrx_word' id='word_1_406' title='bbox 1860 3807 2147 3866; x_wconf 83' lang='lat' dir='ltr'><strong>torquem,</strong></span> 
     </span>
    </p>
   </div>
   <div class='ocr_carea' id='block_1_54' title="bbox 561 3887 2151 3972">
    <p class='ocr_par' dir='ltr' id='par_1_54' title="bbox 561 3887 2151 3972">
     <span class='ocr_line' id='line_1_54' title="bbox 561 3887 2151 3972; baseline -0.012 -14"><span class='ocrx_word' id='word_1_407' title='bbox 561 3918 724 3972; x_wconf 87' lang='lat' dir='ltr'><strong>quem</strong></span> <span class='ocrx_word' id='word_1_408' title='bbox 748 3902 995 3957; x_wconf 90' lang='lat' dir='ltr'><strong>solebant</strong></span> <span class='ocrx_word' id='word_1_409' title='bbox 1014 3897 1251 3970; x_wconf 80' lang='lat' dir='ltr'><strong>legitime</strong></span> <span class='ocrx_word' id='word_1_410' title='bbox 1272 3901 1544 3950; x_wconf 86' lang='lat' dir='ltr'><strong>certantes</strong></span> <span class='ocrx_word' id='word_1_411' title='bbox 1564 3891 1831 3960; x_wconf 89' lang='lat' dir='ltr'><strong>accipere.</strong></span> <span class='ocrx_word' id='word_1_412' title='bbox 1849 3887 1965 3943; x_wconf 79' lang='lat' dir='ltr'><strong>Hoc</strong></span> <span class='ocrx_word' id='word_1_413' title='bbox 1985 3887 2151 3941; x_wconf 90' lang='lat' dir='ltr'><strong>etiam</strong></span> 
     </span>
    </p>
   </div>
   <div class='ocr_carea' id='block_1_55' title="bbox 566 3976 2154 4057">
    <p class='ocr_par' dir='ltr' id='par_1_55' title="bbox 566 3976 2154 4057">
     <span class='ocr_line' id='line_1_55' title="bbox 566 3976 2154 4057; baseline -0.014 -4"><span class='ocrx_word' id='word_1_414' title='bbox 566 4005 688 4053; x_wconf 88' lang='lat' dir='ltr'><strong>erat</strong></span> <span class='ocrx_word' id='word_1_415' title='bbox 730 3995 932 4050; x_wconf 90' lang='lat' dir='ltr'><strong>lamina</strong></span> <span class='ocrx_word' id='word_1_416' title='bbox 962 3993 1083 4057; x_wconf 90' lang='lat' dir='ltr'><strong>illa,</strong></span> <span class='ocrx_word' id='word_1_417' title='bbox 1123 3998 1185 4045; x_wconf 91' lang='lat' dir='ltr'><strong>ut</strong></span> <span class='ocrx_word' id='word_1_418' title='bbox 1214 3988 1360 4054; x_wconf 77' lang='lat' dir='ltr'><strong>dixi,</strong></span> <span class='ocrx_word' id='word_1_419' title='bbox 1411 4002 1576 4057; x_wconf 90' lang='lat' dir='ltr'><strong>quam</strong></span> <span class='ocrx_word' id='word_1_420' title='bbox 1623 3998 1869 4040; x_wconf 89' lang='lat' dir='ltr'><strong>summus</strong></span> <span class='ocrx_word' id='word_1_421' title='bbox 1909 3976 2154 4052; x_wconf 75' lang='lat' dir='ltr'><strong>pontifex</strong></span> 
     </span>
    </p>
   </div>
   <div class='ocr_carea' id='block_1_56' title="bbox 560 4070 2155 4155">
    <p class='ocr_par' dir='ltr' id='par_1_56' title="bbox 560 4070 2155 4155">
     <span class='ocr_line' id='line_1_56' title="bbox 560 4070 2155 4155; baseline -0.013 -12"><span class='ocrx_word' id='word_1_422' title='bbox 560 4088 710 4143; x_wconf 85' lang='lat' dir='ltr'><strong>circa</strong></span> <span class='ocrx_word' id='word_1_423' title='bbox 741 4070 985 4155; x_wconf 79' lang='lat' dir='ltr'><strong>tempora</strong></span> <span class='ocrx_word' id='word_1_424' title='bbox 1013 4081 1254 4146; x_wconf 90' lang='lat' dir='ltr'><strong>ferebat,</strong></span> <span class='ocrx_word' id='word_1_425' title='bbox 1289 4078 1344 4133; x_wconf 91' lang='lat' dir='ltr'><strong>in</strong></span> <span class='ocrx_word' id='word_1_426' title='bbox 1382 4092 1491 4147; x_wconf 88' lang='lat' dir='ltr'><strong>qua</strong></span> <span class='ocrx_word' id='word_1_427' title='bbox 1517 4075 1781 4144; x_wconf 88' lang='lat' dir='ltr'><strong>scriptum</strong></span> <span class='ocrx_word' id='word_1_428' title='bbox 1809 4077 1929 4126; x_wconf 90' lang='lat' dir='ltr'><strong>erat</strong></span> <span class='ocrx_word' id='word_1_429' title='bbox 1957 4084 2155 4125; x_wconf 88' lang='lat' dir='ltr'><strong>nomen</strong></span> 
     </span>
    </p>
   </div>
   <div class='ocr_carea' id='block_1_57' title="bbox 565 4164 2154 4252">
    <p class='ocr_par' dir='ltr' id='par_1_57' title="bbox 565 4164 2154 4252">
     <span class='ocr_line' id='line_1_57' title="bbox 565 4164 2154 4252; baseline -0.014 -13"><span class='ocrx_word' id='word_1_430' title='bbox 565 4183 661 4239; x_wconf 80' lang='lat' dir='ltr'><strong>Dei</strong></span> <span class='ocrx_word' id='word_1_431' title='bbox 685 4186 1188 4252; x_wconf 89' lang='lat' dir='ltr'><strong>tetragrammaton,</strong></span> <span class='ocrx_word' id='word_1_432' title='bbox 1215 4176 1393 4239; x_wconf 89' lang='lat' dir='ltr'><strong>idest,</strong></span> <span class='ocrx_word' id='word_1_433' title='bbox 1415 4180 1647 4242; x_wconf 86' lang='lat' dir='ltr'><strong>quatuor</strong></span> <span class='ocrx_word' id='word_1_434' title='bbox 1664 4169 1997 4231; x_wconf 89' lang='lat' dir='ltr'><strong>litterarum,</strong></span> <span class='ocrx_word' id='word_1_435' title='bbox 2023 4164 2154 4229; x_wconf 69' lang='grc' dir='ltr'><strong>,1οά,</strong></span> 
     </span>
    </p>
   </div>
   <div class='ocr_carea' id='block_1_58' title="bbox 568 4252 2154 4335">
    <p class='ocr_par' dir='ltr' id='par_1_58' title="bbox 568 4252 2154 4335">
     <span class='ocr_line' id='line_1_58' title="bbox 568 4252 2154 4335; baseline -0.013 -8"><span class='ocrx_word' id='word_1_436' title='bbox 568 4272 680 4335; x_wconf 78' lang='lat' dir='ltr'><strong>lle,</strong></span> <span class='ocrx_word' id='word_1_437' title='bbox 724 4271 840 4325; x_wconf 83' lang='lat' dir='ltr'><strong>Vau</strong></span> <span class='ocrx_word' id='word_1_438' title='bbox 915 4276 974 4323; x_wconf 92' lang='lat' dir='ltr'><strong>et</strong></span> <span class='ocrx_word' id='word_1_439' title='bbox 1016 4267 1176 4321; x_wconf 75' lang='lat' dir='ltr'><strong>&quot;eth.</strong></span> <span class='ocrx_word' id='word_1_440' title='bbox 1218 4264 1315 4319; x_wconf 89' lang='lat' dir='ltr'><strong>Est</strong></span> <span class='ocrx_word' id='word_1_441' title='bbox 1346 4272 1528 4317; x_wconf 87' lang='lat' dir='ltr'><strong>autem</strong></span> <span class='ocrx_word' id='word_1_442' title='bbox 1570 4256 1979 4328; x_wconf 89' lang='lat' dir='ltr'><strong>interpretatio,</strong></span> <span class='ocrx_word' id='word_1_443' title='bbox 2009 4252 2116 4308; x_wconf 81' lang='lat' dir='ltr'><strong>Jod</strong></span> <span class='ocrx_word' id='word_1_444' title='bbox 2140 4294 2154 4321; x_wconf 90' lang='lat'><strong>,</strong></span> 
     </span>
    </p>
   </div>
   <div class='ocr_carea' id='block_1_59' title="bbox 568 4346 2159 4436">
    <p class='ocr_par' dir='ltr' id='par_1_59' title="bbox 568 4346 2159 4436">
     <span class='ocr_line' id='line_1_59' title="bbox 568 4346 2159 4436; baseline -0.012 -16"><span class='ocrx_word' id='word_1_445' title='bbox 568 4361 928 4436; x_wconf 83' lang='lat' dir='ltr'><strong>principium,</strong></span> <span class='ocrx_word' id='word_1_446' title='bbox 977 4357 1087 4423; x_wconf 81' lang='lat' dir='ltr'><strong>Hc,</strong></span> <span class='ocrx_word' id='word_1_447' title='bbox 1120 4359 1255 4422; x_wconf 88' lang='lat' dir='ltr'><strong>iste,</strong></span> <span class='ocrx_word' id='word_1_448' title='bbox 1291 4355 1410 4409; x_wconf 87' lang='lat' dir='ltr'><strong>Vau</strong></span> <span class='ocrx_word' id='word_1_449' title='bbox 1441 4354 1570 4417; x_wconf 86' lang='lat' dir='ltr'><strong>vita,</strong></span> <span class='ocrx_word' id='word_1_450' title='bbox 1603 4361 1660 4405; x_wconf 87' lang='lat' dir='ltr'><strong>et</strong></span> <span class='ocrx_word' id='word_1_451' title='bbox 1691 4349 1828 4404; x_wconf 83' lang='lat' dir='ltr'><strong>Ileth</strong></span> <span class='ocrx_word' id='word_1_452' title='bbox 1854 4347 2057 4419; x_wconf 88' lang='lat' dir='ltr'><strong>passio,</strong></span> <span class='ocrx_word' id='word_1_453' title='bbox 2105 4346 2159 4401; x_wconf 90' lang='lat' dir='ltr'><strong>id</strong></span> 
     </span>
    </p>
   </div>
   <div class='ocr_carea' id='block_1_60' title="bbox 567 4440 2163 4523">
    <p class='ocr_par' dir='ltr' id='par_1_60' title="bbox 567 4440 2163 4523">
     <span class='ocr_line' id='line_1_60' title="bbox 567 4440 2163 4523; baseline -0.012 -11"><span class='ocrx_word' id='word_1_454' title='bbox 567 4466 689 4513; x_wconf 89' lang='lat' dir='ltr'><strong>est:</strong></span> <span class='ocrx_word' id='word_1_455' title='bbox 732 4456 837 4511; x_wconf 90' lang='lat' dir='ltr'><strong>iste</strong></span> <span class='ocrx_word' id='word_1_456' title='bbox 866 4461 951 4510; x_wconf 90' lang='lat' dir='ltr'><strong>est</strong></span> <span class='ocrx_word' id='word_1_457' title='bbox 975 4451 1302 4523; x_wconf 87' lang='lat' dir='ltr'><strong>principium</strong></span> <span class='ocrx_word' id='word_1_458' title='bbox 1343 4448 1614 4519; x_wconf 87' lang='lat' dir='ltr'><strong>passionis</strong></span> <span class='ocrx_word' id='word_1_459' title='bbox 1638 4445 1783 4498; x_wconf 65' lang='lat' dir='ltr'><strong>vine.</strong></span> <span class='ocrx_word' id='word_1_460' title='bbox 1816 4440 1969 4497; x_wconf 88' lang='lat' dir='ltr'><strong>Passi</strong></span> <span class='ocrx_word' id='word_1_461' title='bbox 1995 4440 2163 4509; x_wconf 82' lang='lat' dir='ltr'><strong>igitur</strong></span> 
     </span>
    </p>
   </div>
   <div class='ocr_carea' id='block_1_61' title="bbox 567 4539 2160 4606">
    <p class='ocr_par' dir='ltr' id='par_1_61' title="bbox 567 4539 2160 4606">
     <span class='ocr_line' id='line_1_61' title="bbox 567 4539 2160 4606; baseline -0.011 -3"><span class='ocrx_word' id='word_1_462' title='bbox 567 4554 698 4605; x_wconf 84' lang='lat' dir='ltr'><strong>sunt</strong></span> <span class='ocrx_word' id='word_1_463' title='bbox 726 4544 877 4599; x_wconf 90' lang='lat' dir='ltr'><strong>multi</strong></span> <span class='ocrx_word' id='word_1_464' title='bbox 900 4553 1028 4597; x_wconf 88' lang='lat' dir='ltr'><strong>ante</strong></span> <span class='ocrx_word' id='word_1_465' title='bbox 1048 4542 1347 4606; x_wconf 88' lang='lat' dir='ltr'><strong>Christum,</strong></span> <span class='ocrx_word' id='word_1_466' title='bbox 1374 4539 1468 4594; x_wconf 91' lang='lat' dir='ltr'><strong>sed</strong></span> <span class='ocrx_word' id='word_1_467' title='bbox 1497 4552 1657 4592; x_wconf 87' lang='lat' dir='ltr'><strong>nemo</strong></span> <span class='ocrx_word' id='word_1_468' title='bbox 1680 4550 1867 4590; x_wconf 91' lang='lat' dir='ltr'><strong>eorum</strong></span> <span class='ocrx_word' id='word_1_469' title='bbox 1888 4548 1988 4604; x_wconf 88' lang='lat' dir='ltr'><strong>per</strong></span> <span class='ocrx_word' id='word_1_470' title='bbox 2007 4546 2160 4587; x_wconf 89' lang='lat' dir='ltr'><strong>suam</strong></span> 
     </span>
    </p>
   </div>
   <div class='ocr_carea' id='block_1_62' title="bbox 564 4629 2150 4715">
    <p class='ocr_par' dir='ltr' id='par_1_62' title="bbox 564 4629 2150 4715">
     <span class='ocr_line' id='line_1_62' title="bbox 564 4629 2150 4715; baseline -0.009 -19"><span class='ocrx_word' id='word_1_471' title='bbox 564 4640 875 4715; x_wconf 85' lang='lat' dir='ltr'><strong>passionem</strong></span> <span class='ocrx_word' id='word_1_472' title='bbox 911 4636 1224 4693; x_wconf 90' lang='lat' dir='ltr'><strong>hominibus</strong></span> <span class='ocrx_word' id='word_1_473' title='bbox 1249 4635 1418 4688; x_wconf 89' lang='lat' dir='ltr'><strong>vitam</strong></span> <span class='ocrx_word' id='word_1_474' title='bbox 1458 4634 1677 4688; x_wconf 86' lang='lat' dir='ltr'><strong>attulit:</strong></span> <span class='ocrx_word' id='word_1_475' title='bbox 1716 4629 1964 4685; x_wconf 86' lang='lat' dir='ltr'><strong>Christus</strong></span> <span class='ocrx_word' id='word_1_476' title='bbox 1988 4643 2150 4693; x_wconf 84' lang='lat' dir='ltr'><strong>vero,</strong></span> 
     </span>
    </p>
   </div>
   <div class='ocr_carea' id='block_1_63' title="bbox 565 4719 2156 4802">
    <p class='ocr_par' dir='ltr' id='par_1_63' title="bbox 565 4719 2156 4802">
     <span class='ocr_line' id='line_1_63' title="bbox 565 4719 2156 4802; baseline -0.009 -15"><span class='ocrx_word' id='word_1_477' title='bbox 565 4728 724 4802; x_wconf 79' lang='lat' dir='ltr'><strong>cuius</strong></span> <span class='ocrx_word' id='word_1_478' title='bbox 747 4726 968 4798; x_wconf 88' lang='lat' dir='ltr'><strong>sanguis</strong></span> <span class='ocrx_word' id='word_1_479' title='bbox 992 4726 1048 4780; x_wconf 90' lang='lat' dir='ltr'><strong>iu</strong></span> <span class='ocrx_word' id='word_1_480' title='bbox 1072 4738 1237 4781; x_wconf 90' lang='lat' dir='ltr'><strong>cruce</strong></span> <span class='ocrx_word' id='word_1_481' title='bbox 1266 4723 1418 4778; x_wconf 87' lang='lat' dir='ltr'><strong>fusus</strong></span> <span class='ocrx_word' id='word_1_482' title='bbox 1440 4732 1525 4778; x_wconf 87' lang='lat' dir='ltr'><strong>est</strong></span> <span class='ocrx_word' id='word_1_483' title='bbox 1546 4737 1646 4791; x_wconf 91' lang='lat' dir='ltr'><strong>pro</strong></span> <span class='ocrx_word' id='word_1_484' title='bbox 1667 4720 1837 4776; x_wconf 86' lang='lat' dir='ltr'><strong>totius</strong></span> <span class='ocrx_word' id='word_1_485' title='bbox 1860 4719 2046 4774; x_wconf 90' lang='lat' dir='ltr'><strong>mundi</strong></span> <span class='ocrx_word' id='word_1_486' title='bbox 2070 4734 2156 4773; x_wconf 84' lang='lat' dir='ltr'><strong>re-</strong></span> 
     </span>
    </p>
   </div>
   <div class='ocr_carea' id='block_1_64' title="bbox 567 4809 2158 4889">
    <p class='ocr_par' dir='ltr' id='par_1_64' title="bbox 567 4809 2158 4889">
     <span class='ocr_line' id='line_1_64' title="bbox 567 4809 2158 4889; baseline -0.008 -14"><span class='ocrx_word' id='word_1_487' title='bbox 567 4819 913 4889; x_wconf 88' lang='lat' dir='ltr'><strong>demptione,</strong></span> <span class='ocrx_word' id='word_1_488' title='bbox 942 4818 1181 4872; x_wconf 90' lang='lat' dir='ltr'><strong>humano</strong></span> <span class='ocrx_word' id='word_1_489' title='bbox 1201 4815 1385 4885; x_wconf 84' lang='lat' dir='ltr'><strong>generi</strong></span> <span class='ocrx_word' id='word_1_490' title='bbox 1411 4813 1593 4868; x_wconf 88' lang='lat' dir='ltr'><strong>attulit</strong></span> <span class='ocrx_word' id='word_1_491' title='bbox 1619 4812 1806 4865; x_wconf 79' lang='lat' dir='ltr'><strong>vitam.</strong></span> <span class='ocrx_word' id='word_1_492' title='bbox 1850 4809 2158 4864; x_wconf 87' lang='lat' dir='ltr'><strong>Secundum</strong></span> 
     </span>
    </p>
   </div>
   <div class='ocr_carea' id='block_1_65' title="bbox 568 4899 2166 4976">
    <p class='ocr_par' dir='ltr' id='par_1_65' title="bbox 568 4899 2166 4976">
     <span class='ocr_line' id='line_1_65' title="bbox 568 4899 2166 4976; baseline -0.006 -12"><span class='ocrx_word' id='word_1_493' title='bbox 568 4909 736 4965; x_wconf 82' lang='lat' dir='ltr'><strong>alium</strong></span> <span class='ocrx_word' id='word_1_494' title='bbox 776 4910 1085 4972; x_wconf 89' lang='lat' dir='ltr'><strong>doctorem,</strong></span> <span class='ocrx_word' id='word_1_495' title='bbox 1120 4905 1227 4961; x_wconf 83' lang='lat' dir='ltr'><strong>Jod</strong></span> <span class='ocrx_word' id='word_1_496' title='bbox 1266 4904 1623 4976; x_wconf 87' lang='lat' dir='ltr'><strong>principium,</strong></span> <span class='ocrx_word' id='word_1_497' title='bbox 1656 4901 1739 4956; x_wconf 80' lang='lat' dir='ltr'><strong>He</strong></span> <span class='ocrx_word' id='word_1_498' title='bbox 1784 4902 1918 4967; x_wconf 86' lang='lat' dir='ltr'><strong>iste,</strong></span> <span class='ocrx_word' id='word_1_499' title='bbox 1961 4899 2079 4953; x_wconf 77' lang='lat' dir='ltr'><strong>Van</strong></span> <span class='ocrx_word' id='word_1_500' title='bbox 2108 4907 2166 4954; x_wconf 89' lang='lat' dir='ltr'><strong>et</strong></span> 
     </span>
    </p>
   </div>
   <div class='ocr_carea' id='block_1_66' title="bbox 575 4992 2160 5069">
    <p class='ocr_par' dir='ltr' id='par_1_66' title="bbox 575 4992 2160 5069">
     <span class='ocr_line' id='line_1_66' title="bbox 575 4992 2160 5069; baseline -0.008 -12"><span class='ocrx_word' id='word_1_501' title='bbox 575 4998 717 5057; x_wconf 74' lang='lat' dir='ltr'><strong>Hetlt</strong></span> <span class='ocrx_word' id='word_1_502' title='bbox 740 5000 852 5055; x_wconf 92' lang='lat' dir='ltr'><strong>vita</strong></span> <span class='ocrx_word' id='word_1_503' title='bbox 881 5000 1305 5069; x_wconf 82' lang='lat' dir='ltr'><strong>interpretatur:</strong></span> <span class='ocrx_word' id='word_1_504' title='bbox 1345 4996 1488 5066; x_wconf 90' lang='lat' dir='ltr'><strong>quod</strong></span> <span class='ocrx_word' id='word_1_505' title='bbox 1524 4995 1599 5049; x_wconf 89' lang='lat' dir='ltr'><strong>ita</strong></span> <span class='ocrx_word' id='word_1_506' title='bbox 1638 5000 1818 5063; x_wconf 89' lang='lat' dir='ltr'><strong>potest</strong></span> <span class='ocrx_word' id='word_1_507' title='bbox 1860 4992 2112 5061; x_wconf 82' lang='lat' dir='ltr'><strong>conjungi</strong></span> <span class='ocrx_word' id='word_1_508' title='bbox 2145 5008 2160 5045; x_wconf 71' lang='grc' dir='ltr'><strong><em>ι</em></strong></span> 
     </span>
    </p>
   </div>
   <div class='ocr_carea' id='block_1_67' title="bbox 569 5084 2166 5161">
    <p class='ocr_par' dir='ltr' id='par_1_67' title="bbox 569 5084 2166 5161">
     <span class='ocr_line' id='line_1_67' title="bbox 569 5084 2166 5161; baseline -0.01 -12"><span class='ocrx_word' id='word_1_509' title='bbox 569 5090 685 5149; x_wconf 84' lang='lat' dir='ltr'><strong>Iste</strong></span> <span class='ocrx_word' id='word_1_510' title='bbox 708 5096 796 5145; x_wconf 90' lang='lat' dir='ltr'><strong>est</strong></span> <span class='ocrx_word' id='word_1_511' title='bbox 820 5090 1147 5161; x_wconf 84' lang='lat' dir='ltr'><strong>principium</strong></span> <span class='ocrx_word' id='word_1_512' title='bbox 1176 5095 1232 5142; x_wconf 87' lang='lat' dir='ltr'><strong>et</strong></span> <span class='ocrx_word' id='word_1_513' title='bbox 1260 5088 1371 5141; x_wconf 80' lang='lat' dir='ltr'><strong>vita</strong></span> <span class='ocrx_word' id='word_1_514' title='bbox 1414 5085 1685 5141; x_wconf 85' lang='lat' dir='ltr'><strong>Christus.</strong></span> <span class='ocrx_word' id='word_1_515' title='bbox 1728 5084 2037 5140; x_wconf 69' lang='lat' dir='ltr'><strong>Vocabatur</strong></span> <span class='ocrx_word' id='word_1_516' title='bbox 2068 5098 2166 5135; x_wconf 84' lang='lat' dir='ltr'><strong>att-</strong></span> 
     </span>
    </p>
   </div>
   <div class='ocr_carea' id='block_1_68' title="bbox 574 5172 2165 5241">
    <p class='ocr_par' dir='ltr' id='par_1_68' title="bbox 574 5172 2165 5241">
     <span class='ocr_line' id='line_1_68' title="bbox 574 5172 2165 5241; baseline -0.01 -1"><span class='ocrx_word' id='word_1_517' title='bbox 574 5195 687 5241; x_wconf 86' lang='lat' dir='ltr'><strong>tem</strong></span> <span class='ocrx_word' id='word_1_518' title='bbox 714 5185 821 5240; x_wconf 91' lang='lat' dir='ltr'><strong>hoc</strong></span> <span class='ocrx_word' id='word_1_519' title='bbox 861 5197 1060 5237; x_wconf 89' lang='lat' dir='ltr'><strong>nomen</strong></span> <span class='ocrx_word' id='word_1_520' title='bbox 1091 5188 1338 5235; x_wconf 88' lang='lat' dir='ltr'><strong>sanctum</strong></span> <span class='ocrx_word' id='word_1_521' title='bbox 1376 5176 1589 5231; x_wconf 88' lang='lat' dir='ltr'><strong>Domini</strong></span> <span class='ocrx_word' id='word_1_522' title='bbox 1614 5217 1628 5241; x_wconf 90' lang='lat'><strong>,</strong></span> <span class='ocrx_word' id='word_1_523' title='bbox 1653 5184 1714 5229; x_wconf 89' lang='lat' dir='ltr'><strong>ut</strong></span> <span class='ocrx_word' id='word_1_524' title='bbox 1740 5185 1824 5229; x_wconf 89' lang='lat' dir='ltr'><strong>est</strong></span> <span class='ocrx_word' id='word_1_525' title='bbox 1851 5192 1862 5228; x_wconf 88' lang='lat'><strong>:</strong></span> <span class='ocrx_word' id='word_1_526' title='bbox 1903 5172 2165 5226; x_wconf 83' lang='lat' dir='ltr'><strong>Fecerunt</strong></span> 
     </span>
    </p>
   </div>
   <div class='ocr_carea' id='block_1_69' title="bbox 575 5265 2166 5340">
    <p class='ocr_par' dir='ltr' id='par_1_69' title="bbox 575 5265 2166 5340">
     <span class='ocr_line' id='line_1_69' title="bbox 575 5265 2166 5340; baseline -0.011 -9"><span class='ocrx_word' id='word_1_527' title='bbox 575 5275 864 5340; x_wconf 77' lang='lat' dir='ltr'><strong>laminam,</strong></span> <span class='ocrx_word' id='word_1_528' title='bbox 913 5272 966 5328; x_wconf 90' lang='lat' dir='ltr'><strong>id</strong></span> <span class='ocrx_word' id='word_1_529' title='bbox 995 5279 1113 5338; x_wconf 84' lang='lat' dir='ltr'><strong>est,</strong></span> <span class='ocrx_word' id='word_1_530' title='bbox 1160 5277 1545 5331; x_wconf 88' lang='lat' dir='ltr'><strong>sacraverunt,</strong></span> <span class='ocrx_word' id='word_1_531' title='bbox 1570 5267 1993 5336; x_wconf 75' lang='lat' dir='ltr'><strong>scripseruntque</strong></span> <span class='ocrx_word' id='word_1_532' title='bbox 2019 5265 2073 5315; x_wconf 83' lang='lat' dir='ltr'><strong>in</strong></span> <span class='ocrx_word' id='word_1_533' title='bbox 2105 5278 2166 5314; x_wconf 81' lang='lat' dir='ltr'><strong>ea</strong></span> 
     </span>
    </p>
   </div>
   <div class='ocr_carea' id='block_1_70' title="bbox 577 5354 2172 5435">
    <p class='ocr_par' dir='ltr' id='par_1_70' title="bbox 577 5354 2172 5435">
     <span class='ocr_line' id='line_1_70' title="bbox 577 5354 2172 5435; baseline -0.012 -12"><span class='ocrx_word' id='word_1_534' title='bbox 577 5375 820 5423; x_wconf 71' lang='lat' dir='ltr'><strong>uinctum</strong></span> <span class='ocrx_word' id='word_1_535' title='bbox 848 5363 1063 5418; x_wconf 80' lang='lat' dir='ltr'><strong>Domini</strong></span> <span class='ocrx_word' id='word_1_536' title='bbox 1088 5360 1288 5435; x_wconf 73' lang='lat' dir='ltr'><strong>(Exod.</strong></span> <span class='ocrx_word' id='word_1_537' title='bbox 1314 5375 1506 5423; x_wconf 78' lang='lat' dir='ltr'><strong>xxxix,</strong></span> <span class='ocrx_word' id='word_1_538' title='bbox 1528 5355 1647 5428; x_wconf 73' lang='lat'><strong>29),</strong></span> <span class='ocrx_word' id='word_1_539' title='bbox 1672 5354 1818 5427; x_wconf 86' lang='lat' dir='ltr'><strong>quod</strong></span> <span class='ocrx_word' id='word_1_540' title='bbox 1843 5356 2172 5423; x_wconf 83' lang='lat' dir='ltr'><strong>interpreta-</strong></span> 
     </span>
    </p>
   </div>
   <div class='ocr_carea' id='block_1_71' title="bbox 653 5532 1610 5599">
    <p class='ocr_par' dir='ltr' id='par_1_71' title="bbox 653 5532 1610 5599">
     <span class='ocr_line' id='line_1_71' title="bbox 653 5532 1610 5599; baseline -0.01 -4"><span class='ocrx_word' id='word_1_541' title='bbox 653 5552 679 5581; x_wconf 82' lang='grc' dir='ltr'>ι</span> <span class='ocrx_word' id='word_1_542' title='bbox 714 5538 834 5594; x_wconf 79' lang='lat' dir='ltr'><strong>Vid.</strong></span> <span class='ocrx_word' id='word_1_543' title='bbox 863 5537 1015 5599; x_wconf 78' lang='lat' dir='ltr'><strong>[iugo</strong></span> <span class='ocrx_word' id='word_1_544' title='bbox 1038 5534 1303 5599; x_wconf 88' lang='lat' dir='ltr'><strong>Menard.,</strong></span> <span class='ocrx_word' id='word_1_545' title='bbox 1335 5541 1450 5589; x_wconf 92' lang='lat' dir='ltr'><strong>not.</strong></span> <span class='ocrx_word' id='word_1_546' title='bbox 1482 5532 1610 5588; x_wconf 69' lang='lat'><strong>259.</strong></span> 
     </span>
    </p>
   </div>
   <div class='ocr_carea' id='block_1_72' title="bbox 652 5605 1402 5672">
    <p class='ocr_par' dir='ltr' id='par_1_72' title="bbox 652 5605 1402 5672">
     <span class='ocr_line' id='line_1_72' title="bbox 652 5605 1402 5672; baseline -0.008 -10"><span class='ocrx_word' id='word_1_547' title='bbox 652 5612 681 5651; x_wconf 75' lang='grc' dir='ltr'><strong>ιι</strong></span> <span class='ocrx_word' id='word_1_548' title='bbox 711 5608 886 5662; x_wconf 80' lang='lat' dir='ltr'><strong>Amal.</strong></span> <span class='ocrx_word' id='word_1_549' title='bbox 917 5605 1041 5661; x_wconf 81' lang='lat' dir='ltr'><strong>libr.</strong></span> <span class='ocrx_word' id='word_1_550' title='bbox 1073 5622 1134 5672; x_wconf 88' lang='lat' dir='ltr'><strong>il,</strong></span> <span class='ocrx_word' id='word_1_551' title='bbox 1167 5620 1287 5672; x_wconf 85' lang='lat' dir='ltr'><strong>cap.</strong></span> <span class='ocrx_word' id='word_1_552' title='bbox 1313 5605 1402 5658; x_wconf 71' lang='lat'><strong>25.</strong></span> 
     </span>
    </p>
   </div>
   <div class='ocr_carea' id='block_1_73' title="bbox 665 5670 2169 5743">
    <p class='ocr_par' dir='ltr' id='par_1_73' title="bbox 665 5670 2169 5743">
     <span class='ocr_line' id='line_1_73' title="bbox 665 5670 2169 5743; baseline -0.009 -9"><span class='ocrx_word' id='word_1_553' title='bbox 665 5692 684 5717; x_wconf 69' lang='grc' dir='ltr'><strong><em>ο</em></strong></span> <span class='ocrx_word' id='word_1_554' title='bbox 717 5678 776 5733; x_wconf 92' lang='lat' dir='ltr'><strong>S.</strong></span> <span class='ocrx_word' id='word_1_555' title='bbox 806 5678 955 5732; x_wconf 79' lang='lat' dir='ltr'><strong>liier.</strong></span> <span class='ocrx_word' id='word_1_556' title='bbox 982 5670 1247 5732; x_wconf 20' lang='lat' dir='ltr'><strong>libr.‘xm_</strong></span> <span class='ocrx_word' id='word_1_557' title='bbox 1266 5675 1319 5729; x_wconf 89' lang='lat' dir='ltr'><strong>in</strong></span> <span class='ocrx_word' id='word_1_558' title='bbox 1349 5675 1575 5739; x_wconf 85' lang='lat' dir='ltr'><strong>Ezech.,</strong></span> <span class='ocrx_word' id='word_1_559' title='bbox 1606 5687 1725 5743; x_wconf 89' lang='lat' dir='ltr'><strong>cap.</strong></span> <span class='ocrx_word' id='word_1_560' title='bbox 1746 5688 1891 5733; x_wconf 83' lang='lat' dir='ltr'><strong>thv,</strong></span> <span class='ocrx_word' id='word_1_561' title='bbox 1912 5684 2054 5724; x_wconf 76' lang='lat' dir='ltr'><strong>vers.</strong></span> <span class='ocrx_word' id='word_1_562' title='bbox 2082 5670 2169 5724; x_wconf 79' lang='grc'><strong>18.</strong></span> 
     </span>
    </p>
   </div>
   <div class='ocr_carea' id='block_1_74' title="bbox 654 5745 1445 5815">
    <p class='ocr_par' dir='ltr' id='par_1_74' title="bbox 654 5745 1445 5815">
     <span class='ocr_line' id='line_1_74' title="bbox 654 5745 1445 5815; baseline -0.008 -12"><span class='ocrx_word' id='word_1_563' title='bbox 654 5752 677 5787; x_wconf 76' lang='grc' dir='ltr'><strong>ι¹</strong></span> <span class='ocrx_word' id='word_1_564' title='bbox 712 5749 885 5803; x_wconf 79' lang='lat' dir='ltr'><strong>Amal.</strong></span> <span class='ocrx_word' id='word_1_565' title='bbox 919 5748 1022 5804; x_wconf 90' lang='lat' dir='ltr'><strong>loc.</strong></span> <span class='ocrx_word' id='word_1_566' title='bbox 1055 5746 1177 5812; x_wconf 91' lang='lat' dir='ltr'><strong>cit.,</strong></span> <span class='ocrx_word' id='word_1_567' title='bbox 1206 5760 1326 5815; x_wconf 86' lang='lat' dir='ltr'><strong>cap.</strong></span> <span class='ocrx_word' id='word_1_568' title='bbox 1355 5745 1445 5798; x_wconf 70' lang='lat'><strong>25.</strong></span> 
     </span>
    </p>
   </div>
   <div class='ocr_carea' id='block_1_75' title="bbox 664 5811 2175 5889">
    <p class='ocr_par' dir='ltr' id='par_1_75' title="bbox 664 5811 2175 5889">
     <span class='ocr_line' id='line_1_75' title="bbox 664 5811 2175 5889; baseline -0.007 -15"><span class='ocrx_word' id='word_1_569' title='bbox 664 5833 686 5858; x_wconf 72' lang='grc' dir='ltr'><strong><em>ο</em></strong></span> <span class='ocrx_word' id='word_1_570' title='bbox 719 5821 847 5886; x_wconf 73' lang='lat' dir='ltr'><strong>Qua:</strong></span> <span class='ocrx_word' id='word_1_571' title='bbox 894 5811 1193 5889; x_wconf 88' lang='lat' dir='ltr'><strong>sequuntur</strong></span> <span class='ocrx_word' id='word_1_572' title='bbox 1226 5811 1350 5871; x_wconf 81' lang='lat' dir='ltr'><strong>huic</strong></span> <span class='ocrx_word' id='word_1_573' title='bbox 1393 5815 1555 5886; x_wconf 87' lang='lat' dir='ltr'><strong>capiti</strong></span> <span class='ocrx_word' id='word_1_574' title='bbox 1600 5812 1742 5883; x_wconf 91' lang='lat' dir='ltr'><strong>apud</strong></span> <span class='ocrx_word' id='word_1_575' title='bbox 1781 5811 2175 5880; x_wconf 85' lang='lat' dir='ltr'><strong>Quercetanum</strong></span> 
     </span>
    </p>
   </div>
   <div class='ocr_carea' id='block_1_76' title="bbox 2229 1933 3838 2003">
    <p class='ocr_par' dir='ltr' id='par_1_76' title="bbox 2229 1933 3838 2003">
     <span class='ocr_line' id='line_1_76' title="bbox 2229 1933 3838 2003; baseline -0.002 -9"><span class='ocrx_word' id='word_1_576' title='bbox 2229 1938 2398 1994; x_wconf 89' lang='lat' dir='ltr'><strong>etiam</strong></span> <span class='ocrx_word' id='word_1_577' title='bbox 2446 1944 2505 1993; x_wconf 89' lang='lat' dir='ltr'><strong>et</strong></span> <span class='ocrx_word' id='word_1_578' title='bbox 2530 1937 2796 1991; x_wconf 85' lang='lat' dir='ltr'><strong>varietate</strong></span> <span class='ocrx_word' id='word_1_579' title='bbox 2836 1933 3233 2001; x_wconf 87' lang='lat' dir='ltr'><strong>sandaliorum,</strong></span> <span class='ocrx_word' id='word_1_580' title='bbox 3281 1935 3587 2003; x_wconf 86' lang='lat' dir='ltr'><strong>utvisibus</strong></span> <span class='ocrx_word' id='word_1_581' title='bbox 3622 1934 3838 1991; x_wconf 77' lang='lat' dir='ltr'><strong>nostris</strong></span> 
     </span>
    </p>
   </div>
   <div class='ocr_carea' id='block_1_77' title="bbox 2231 2024 3837 2098">
    <p class='ocr_par' dir='ltr' id='par_1_77' title="bbox 2231 2024 3837 2098">
     <span class='ocr_line' id='line_1_77' title="bbox 2231 2024 3837 2098; baseline -0.003 -11"><span class='ocrx_word' id='word_1_582' title='bbox 2231 2046 2388 2087; x_wconf 91' lang='lat' dir='ltr'><strong>error</strong></span> <span class='ocrx_word' id='word_1_583' title='bbox 2423 2028 2721 2085; x_wconf 83' lang='lat' dir='ltr'><strong>auferatur.</strong></span> <span class='ocrx_word' id='word_1_584' title='bbox 2755 2027 3053 2097; x_wconf 87' lang='lat' dir='ltr'><strong>Episcopus</strong></span> <span class='ocrx_word' id='word_1_585' title='bbox 3091 2026 3255 2081; x_wconf 89' lang='lat' dir='ltr'><strong>habet</strong></span> <span class='ocrx_word' id='word_1_586' title='bbox 3291 2025 3583 2098; x_wconf 85' lang='lat' dir='ltr'><strong>ligaturam</strong></span> <span class='ocrx_word' id='word_1_587' title='bbox 3610 2026 3664 2080; x_wconf 92' lang='lat' dir='ltr'><strong>in</strong></span> <span class='ocrx_word' id='word_1_588' title='bbox 3708 2024 3837 2082; x_wconf 78' lang='lat' dir='ltr'><strong>suis</strong></span> 
     </span>
    </p>
   </div>
   <div class='ocr_carea' id='block_1_78' title="bbox 2232 2116 3841 2191">
    <p class='ocr_par' dir='ltr' id='par_1_78' title="bbox 2232 2116 3841 2191">
     <span class='ocr_line' id='line_1_78' title="bbox 2232 2116 3841 2191; baseline -0.004 -13"><span class='ocrx_word' id='word_1_589' title='bbox 2232 2122 2522 2187; x_wconf 87' lang='lat' dir='ltr'><strong>sandaliis,</strong></span> <span class='ocrx_word' id='word_1_590' title='bbox 2555 2136 2718 2191; x_wconf 91' lang='lat' dir='ltr'><strong>quam</strong></span> <span class='ocrx_word' id='word_1_591' title='bbox 2746 2134 2854 2175; x_wconf 89' lang='lat' dir='ltr'><strong>non</strong></span> <span class='ocrx_word' id='word_1_592' title='bbox 2893 2119 3058 2175; x_wconf 89' lang='lat' dir='ltr'><strong>habet</strong></span> <span class='ocrx_word' id='word_1_593' title='bbox 3096 2116 3403 2190; x_wconf 86' lang='lat' dir='ltr'><strong>presbyter.</strong></span> <span class='ocrx_word' id='word_1_594' title='bbox 3451 2116 3701 2189; x_wconf 85' lang='lat' dir='ltr'><strong>Episcopi</strong></span> <span class='ocrx_word' id='word_1_595' title='bbox 3742 2123 3841 2172; x_wconf 80' lang='lat' dir='ltr'><strong>est</strong></span> 
     </span>
    </p>
   </div>
   <div class='ocr_carea' id='block_1_79' title="bbox 2232 2209 3839 2283">
    <p class='ocr_par' dir='ltr' id='par_1_79' title="bbox 2232 2209 3839 2283">
     <span class='ocr_line' id='line_1_79' title="bbox 2232 2209 3839 2283; baseline -0.002 -14"><span class='ocrx_word' id='word_1_596' title='bbox 2232 2214 2341 2269; x_wconf 88' lang='lat' dir='ltr'><strong>huc</strong></span> <span class='ocrx_word' id='word_1_597' title='bbox 2366 2214 2601 2283; x_wconf 89' lang='lat' dir='ltr'><strong>illucque</strong></span> <span class='ocrx_word' id='word_1_598' title='bbox 2627 2213 2938 2267; x_wconf 89' lang='lat' dir='ltr'><strong>discurrere</strong></span> <span class='ocrx_word' id='word_1_599' title='bbox 2961 2226 3061 2281; x_wconf 90' lang='lat' dir='ltr'><strong>per</strong></span> <span class='ocrx_word' id='word_1_600' title='bbox 3087 2210 3401 2281; x_wconf 88' lang='lat' dir='ltr'><strong>parochiam</strong></span> <span class='ocrx_word' id='word_1_601' title='bbox 3426 2229 3440 2264; x_wconf 88' lang='lat'><strong>:</strong></span> <span class='ocrx_word' id='word_1_602' title='bbox 3470 2224 3538 2266; x_wconf 90' lang='lat' dir='ltr'><strong>ne</strong></span> <span class='ocrx_word' id='word_1_603' title='bbox 3574 2209 3715 2266; x_wconf 87' lang='lat' dir='ltr'><strong>forte</strong></span> <span class='ocrx_word' id='word_1_604' title='bbox 3737 2223 3839 2266; x_wconf 80' lang='lat' dir='ltr'><strong>ca-</strong></span> 
     </span>
    </p>
   </div>
   <div class='ocr_carea' id='block_1_80' title="bbox 2232 2300 3839 2375">
    <p class='ocr_par' dir='ltr' id='par_1_80' title="bbox 2232 2300 3839 2375">
     <span class='ocr_line' id='line_1_80' title="bbox 2232 2300 3839 2375; baseline -0.002 -16"><span class='ocrx_word' id='word_1_605' title='bbox 2232 2305 2364 2360; x_wconf 90' lang='lat' dir='ltr'><strong>dant</strong></span> <span class='ocrx_word' id='word_1_606' title='bbox 2392 2304 2633 2359; x_wconf 87' lang='lat' dir='ltr'><strong>sandalia</strong></span> <span class='ocrx_word' id='word_1_607' title='bbox 2660 2304 2727 2359; x_wconf 91' lang='lat' dir='ltr'><strong>de</strong></span> <span class='ocrx_word' id='word_1_608' title='bbox 2753 2303 3002 2374; x_wconf 83' lang='lat' dir='ltr'><strong>pedibus,</strong></span> <span class='ocrx_word' id='word_1_609' title='bbox 3029 2303 3193 2373; x_wconf 80' lang='lat' dir='ltr'><strong>ligata</strong></span> <span class='ocrx_word' id='word_1_610' title='bbox 3221 2307 3368 2358; x_wconf 88' lang='lat' dir='ltr'><strong>sunt.</strong></span> <span class='ocrx_word' id='word_1_611' title='bbox 3393 2301 3705 2375; x_wconf 82' lang='lat' dir='ltr'><strong>Presbyter,</strong></span> <span class='ocrx_word' id='word_1_612' title='bbox 3732 2300 3839 2372; x_wconf 85' lang='lat' dir='ltr'><strong>qui</strong></span> 
     </span>
    </p>
   </div>
   <div class='ocr_carea' id='block_1_81' title="bbox 2234 2392 3833 2469">
    <p class='ocr_par' dir='ltr' id='par_1_81' title="bbox 2234 2392 3833 2469">
     <span class='ocr_line' id='line_1_81' title="bbox 2234 2392 3833 2469; baseline -0.003 -13"><span class='ocrx_word' id='word_1_613' title='bbox 2234 2398 2381 2456; x_wconf 90' lang='lat' dir='ltr'><strong>domi</strong></span> <span class='ocrx_word' id='word_1_614' title='bbox 2409 2397 2617 2453; x_wconf 89' lang='lat' dir='ltr'><strong>hostias</strong></span> <span class='ocrx_word' id='word_1_615' title='bbox 2645 2398 2911 2464; x_wconf 87' lang='lat' dir='ltr'><strong>immolat,</strong></span> <span class='ocrx_word' id='word_1_616' title='bbox 2948 2397 3235 2452; x_wconf 87' lang='lat' dir='ltr'><strong>sublimius</strong></span> <span class='ocrx_word' id='word_1_617' title='bbox 3265 2395 3467 2469; x_wconf 69' lang='lat' dir='ltr'><strong>Mutat.</strong></span> <span class='ocrx_word' id='word_1_618' title='bbox 3491 2436 3511 2463; x_wconf 90' lang='lat'><strong>,</strong></span> <span class='ocrx_word' id='word_1_619' title='bbox 3555 2392 3833 2467; x_wconf 87' lang='lat' dir='ltr'><strong>securius]</strong></span> 
     </span>
    </p>
   </div>
   <div class='ocr_carea' id='block_1_82' title="bbox 2236 2487 3835 2561">
    <p class='ocr_par' dir='ltr' id='par_1_82' title="bbox 2236 2487 3835 2561">
     <span class='ocr_line' id='line_1_82' title="bbox 2236 2487 3835 2561; baseline -0.004 -11"><span class='ocrx_word' id='word_1_620' title='bbox 2236 2492 2460 2550; x_wconf 87' lang='lat' dir='ltr'><strong>incedit.</strong></span> <span class='ocrx_word' id='word_1_621' title='bbox 2487 2492 2778 2557; x_wconf 84' lang='lat' dir='ltr'><strong>Diaconus,</strong></span> <span class='ocrx_word' id='word_1_622' title='bbox 2806 2491 2931 2561; x_wconf 89' lang='lat' dir='ltr'><strong>quia</strong></span> <span class='ocrx_word' id='word_1_623' title='bbox 2958 2490 3238 2546; x_wconf 89' lang='lat' dir='ltr'><strong>dissimilis</strong></span> <span class='ocrx_word' id='word_1_624' title='bbox 3252 2496 3338 2545; x_wconf 89' lang='lat' dir='ltr'><strong>est</strong></span> <span class='ocrx_word' id='word_1_625' title='bbox 3352 2490 3608 2560; x_wconf 89' lang='lat' dir='ltr'><strong>episcopo</strong></span> <span class='ocrx_word' id='word_1_626' title='bbox 3638 2487 3693 2542; x_wconf 91' lang='lat' dir='ltr'><strong>in</strong></span> <span class='ocrx_word' id='word_1_627' title='bbox 3724 2502 3835 2543; x_wconf 91' lang='lat' dir='ltr'><strong>suo</strong></span> 
     </span>
    </p>
   </div>
   <div class='ocr_carea' id='block_1_83' title="bbox 2236 2579 3834 2651">
    <p class='ocr_par' dir='ltr' id='par_1_83' title="bbox 2236 2579 3834 2651">
     <span class='ocr_line' id='line_1_83' title="bbox 2236 2579 3834 2651; baseline -0.004 -9"><span class='ocrx_word' id='word_1_628' title='bbox 2236 2586 2436 2651; x_wconf 82' lang='lat' dir='ltr'><strong>ofﬁcio,</strong></span> <span class='ocrx_word' id='word_1_629' title='bbox 2476 2600 2583 2640; x_wconf 88' lang='lat' dir='ltr'><strong>non</strong></span> <span class='ocrx_word' id='word_1_630' title='bbox 2615 2592 2700 2640; x_wconf 89' lang='lat' dir='ltr'><strong>cst</strong></span> <span class='ocrx_word' id='word_1_631' title='bbox 2727 2599 2953 2640; x_wconf 90' lang='lat' dir='ltr'><strong>necesse</strong></span> <span class='ocrx_word' id='word_1_632' title='bbox 2991 2590 3052 2637; x_wconf 93' lang='lat' dir='ltr'><strong>ut</strong></span> <span class='ocrx_word' id='word_1_633' title='bbox 3090 2581 3291 2639; x_wconf 90' lang='lat' dir='ltr'><strong>habeat</strong></span> <span class='ocrx_word' id='word_1_634' title='bbox 3316 2580 3601 2637; x_wconf 88' lang='lat' dir='ltr'><strong>dissimilia</strong></span> <span class='ocrx_word' id='word_1_635' title='bbox 3622 2579 3834 2636; x_wconf 87' lang='lat' dir='ltr'><strong>sanda-</strong></span> 
     </span>
    </p>
   </div>
   <div class='ocr_carea' id='block_1_84' title="bbox 2234 2671 3835 2747">
    <p class='ocr_par' dir='ltr' id='par_1_84' title="bbox 2234 2671 3835 2747">
     <span class='ocr_line' id='line_1_84' title="bbox 2234 2671 3835 2747; baseline -0.002 -14"><span class='ocrx_word' id='word_1_636' title='bbox 2234 2677 2347 2733; x_wconf 89' lang='lat' dir='ltr'><strong>lia:</strong></span> <span class='ocrx_word' id='word_1_637' title='bbox 2381 2685 2438 2732; x_wconf 90' lang='lat' dir='ltr'><strong>et</strong></span> <span class='ocrx_word' id='word_1_638' title='bbox 2464 2678 2578 2747; x_wconf 89' lang='lat' dir='ltr'><strong>ipse</strong></span> <span class='ocrx_word' id='word_1_639' title='bbox 2603 2675 2894 2747; x_wconf 89' lang='lat' dir='ltr'><strong>ligaturam</strong></span> <span class='ocrx_word' id='word_1_640' title='bbox 2936 2674 3124 2742; x_wconf 87' lang='lat' dir='ltr'><strong>habet,</strong></span> <span class='ocrx_word' id='word_1_641' title='bbox 3153 2673 3281 2744; x_wconf 89' lang='lat' dir='ltr'><strong>quia</strong></span> <span class='ocrx_word' id='word_1_642' title='bbox 3305 2688 3464 2730; x_wconf 88' lang='lat' dir='ltr'><strong>suum</strong></span> <span class='ocrx_word' id='word_1_643' title='bbox 3506 2678 3593 2728; x_wconf 82' lang='lat' dir='ltr'><strong>est</strong></span> <span class='ocrx_word' id='word_1_644' title='bbox 3632 2671 3715 2727; x_wconf 88' lang='lat' dir='ltr'><strong>ire</strong></span> <span class='ocrx_word' id='word_1_645' title='bbox 3756 2671 3835 2729; x_wconf 86' lang='lat' dir='ltr'><strong>ad</strong></span> 
     </span>
    </p>
   </div>
   <div class='ocr_carea' id='block_1_85' title="bbox 2239 2764 3836 2839">
    <p class='ocr_par' dir='ltr' id='par_1_85' title="bbox 2239 2764 3836 2839">
     <span class='ocr_line' id='line_1_85' title="bbox 2239 2764 3836 2839; baseline -0.004 -10"><span class='ocrx_word' id='word_1_646' title='bbox 2239 2772 2575 2829; x_wconf 87' lang='lat' dir='ltr'><strong>comitatum.</strong></span> <span class='ocrx_word' id='word_1_647' title='bbox 2609 2769 3015 2837; x_wconf 88' lang='lat' dir='ltr'><strong>Subdiacouus,</strong></span> <span class='ocrx_word' id='word_1_648' title='bbox 3062 2770 3155 2839; x_wconf 91' lang='lat' dir='ltr'><strong>qui</strong></span> <span class='ocrx_word' id='word_1_649' title='bbox 3199 2769 3252 2824; x_wconf 91' lang='lat' dir='ltr'><strong>in</strong></span> <span class='ocrx_word' id='word_1_650' title='bbox 3297 2766 3570 2837; x_wconf 75' lang='lat' dir='ltr'><strong>adiutorio</strong></span> <span class='ocrx_word' id='word_1_651' title='bbox 3612 2764 3836 2822; x_wconf 84' lang='lat' dir='ltr'><strong>diaconi</strong></span> 
     </span>
    </p>
   </div>
   <div class='ocr_carea' id='block_1_86' title="bbox 2238 2858 3837 2936">
    <p class='ocr_par' dir='ltr' id='par_1_86' title="bbox 2238 2858 3837 2936">
     <span class='ocr_line' id='line_1_86' title="bbox 2238 2858 3837 2936; baseline -0.005 -14"><span class='ocrx_word' id='word_1_652' title='bbox 2238 2875 2345 2933; x_wconf 87' lang='lat' dir='ltr'><strong>est,</strong></span> <span class='ocrx_word' id='word_1_653' title='bbox 2372 2875 2427 2922; x_wconf 90' lang='lat' dir='ltr'><strong>et</strong></span> <span class='ocrx_word' id='word_1_654' title='bbox 2457 2880 2593 2936; x_wconf 91' lang='lat' dir='ltr'><strong>pene</strong></span> <span class='ocrx_word' id='word_1_655' title='bbox 2620 2865 2673 2918; x_wconf 90' lang='lat' dir='ltr'><strong>in</strong></span> <span class='ocrx_word' id='word_1_656' title='bbox 2697 2864 2887 2919; x_wconf 90' lang='lat' dir='ltr'><strong>eodem</strong></span> <span class='ocrx_word' id='word_1_657' title='bbox 2915 2862 3115 2927; x_wconf 83' lang='lat' dir='ltr'><strong>ofﬁcio,</strong></span> <span class='ocrx_word' id='word_1_658' title='bbox 3176 2875 3399 2918; x_wconf 84' lang='lat' dir='ltr'><strong>necesse</strong></span> <span class='ocrx_word' id='word_1_659' title='bbox 3421 2868 3507 2916; x_wconf 89' lang='lat' dir='ltr'><strong>est</strong></span> <span class='ocrx_word' id='word_1_660' title='bbox 3543 2866 3605 2916; x_wconf 88' lang='lat' dir='ltr'><strong>ut</strong></span> <span class='ocrx_word' id='word_1_661' title='bbox 3626 2858 3837 2916; x_wconf 78' lang='lat' dir='ltr'><strong>habeat</strong></span> 
     </span>
    </p>
   </div>
   <div class='ocr_carea' id='block_1_87' title="bbox 2241 2952 3834 3021">
    <p class='ocr_par' dir='ltr' id='par_1_87' title="bbox 2241 2952 3834 3021">
     <span class='ocr_line' id='line_1_87' title="bbox 2241 2952 3834 3021; baseline -0.004 -7"><span class='ocrx_word' id='word_1_662' title='bbox 2241 2957 2527 3014; x_wconf 85' lang='lat' dir='ltr'><strong>dissimilia</strong></span> <span class='ocrx_word' id='word_1_663' title='bbox 2571 2956 2809 3012; x_wconf 89' lang='lat' dir='ltr'><strong>sandalia</strong></span> <span class='ocrx_word' id='word_1_664' title='bbox 2839 2996 2855 3021; x_wconf 90' lang='lat'><strong>,</strong></span> <span class='ocrx_word' id='word_1_665' title='bbox 2896 2971 2965 3010; x_wconf 91' lang='lat' dir='ltr'><strong>ne</strong></span> <span class='ocrx_word' id='word_1_666' title='bbox 3013 2954 3156 3011; x_wconf 82' lang='lat' dir='ltr'><strong>forte</strong></span> <span class='ocrx_word' id='word_1_667' title='bbox 3198 2954 3461 3010; x_wconf 85' lang='lat' dir='ltr'><strong>diaconus</strong></span> <span class='ocrx_word' id='word_1_668' title='bbox 3506 2952 3834 3009; x_wconf 66' lang='lat' dir='ltr'><strong>aestimetur.</strong></span> 
     </span>
    </p>
   </div>
   <div class='ocr_carea' id='block_1_88' title="bbox 2243 3042 3840 3119">
    <p class='ocr_par' dir='ltr' id='par_1_88' title="bbox 2243 3042 3840 3119">
     <span class='ocr_line' id='line_1_88' title="bbox 2243 3042 3840 3119; baseline -0.003 -16"><span class='ocrx_word' id='word_1_669' title='bbox 2243 3046 2503 3104; x_wconf 82' lang='lat' dir='ltr'><strong>Sandalia</strong></span> <span class='ocrx_word' id='word_1_670' title='bbox 2537 3046 2863 3118; x_wconf 85' lang='lat' dir='ltr'><strong>signiﬁcant,</strong></span> <span class='ocrx_word' id='word_1_671' title='bbox 2894 3046 3022 3116; x_wconf 91' lang='lat' dir='ltr'><strong>quia</strong></span> <span class='ocrx_word' id='word_1_672' title='bbox 3044 3044 3372 3119; x_wconf 81' lang='lat' dir='ltr'><strong>praedicator</strong></span> <span class='ocrx_word' id='word_1_673' title='bbox 3389 3059 3568 3116; x_wconf 90' lang='lat' dir='ltr'><strong>neque</strong></span> <span class='ocrx_word' id='word_1_674' title='bbox 3586 3042 3840 3102; x_wconf 68' lang='lat' dir='ltr'><strong>cmicstia</strong></span> 
     </span>
    </p>
   </div>
   <div class='ocr_carea' id='block_1_89' title="bbox 2242 3136 3509 3208">
    <p class='ocr_par' dir='ltr' id='par_1_89' title="bbox 2242 3136 3509 3208">
     <span class='ocr_line' id='line_1_89' title="bbox 2242 3136 3509 3208; baseline -0.004 -11"><span class='ocrx_word' id='word_1_675' title='bbox 2242 3140 2405 3197; x_wconf 86' lang='lat' dir='ltr'><strong>debet</strong></span> <span class='ocrx_word' id='word_1_676' title='bbox 2426 3140 2780 3206; x_wconf 86' lang='lat' dir='ltr'><strong>abscondere,</strong></span> <span class='ocrx_word' id='word_1_677' title='bbox 2810 3154 2985 3208; x_wconf 90' lang='lat' dir='ltr'><strong>neque</strong></span> <span class='ocrx_word' id='word_1_678' title='bbox 3017 3138 3249 3194; x_wconf 86' lang='lat' dir='ltr'><strong>terrenis</strong></span> <span class='ocrx_word' id='word_1_679' title='bbox 3280 3136 3509 3194; x_wconf 89' lang='lat' dir='ltr'><strong>inhiare.</strong></span> 
     </span>
    </p>
   </div>
   <div class='ocr_carea' id='block_1_90' title="bbox 2316 3228 3838 3302">
    <p class='ocr_par' dir='ltr' id='par_1_90' title="bbox 2316 3228 3838 3302">
     <span class='ocr_line' id='line_1_90' title="bbox 2316 3228 3838 3302; baseline -0.005 -14"><span class='ocrx_word' id='word_1_680' title='bbox 2316 3230 2601 3302; x_wconf 84' lang='lat' dir='ltr'><strong>Signorum</strong></span> <span class='ocrx_word' id='word_1_681' title='bbox 2628 3247 2780 3297; x_wconf 88' lang='lat' dir='ltr'><strong>usus,</strong></span> <span class='ocrx_word' id='word_1_682' title='bbox 2810 3246 2841 3287; x_wconf 90' lang='lat' dir='ltr'><strong>a</strong></span> <span class='ocrx_word' id='word_1_683' title='bbox 2870 3229 3055 3287; x_wconf 78' lang='lat' dir='ltr'><strong>Veteri</strong></span> <span class='ocrx_word' id='word_1_684' title='bbox 3088 3228 3440 3297; x_wconf 87' lang='lat' dir='ltr'><strong>Testamento</strong></span> <span class='ocrx_word' id='word_1_685' title='bbox 3455 3234 3705 3298; x_wconf 88' lang='lat' dir='ltr'><strong>sumptus</strong></span> <span class='ocrx_word' id='word_1_686' title='bbox 3725 3233 3838 3282; x_wconf 81' lang='lat' dir='ltr'><strong>est.</strong></span> 
     </span>
    </p>
   </div>
   <div class='ocr_carea' id='block_1_91' title="bbox 2240 3304 3849 3392">
    <p class='ocr_par' dir='ltr' id='par_1_91' title="bbox 2240 3304 3849 3392">
     <span class='ocr_line' id='line_1_91' title="bbox 2240 3304 3849 3392; baseline -0.004 -13"><span class='ocrx_word' id='word_1_687' title='bbox 2240 3323 2302 3379; x_wconf 85' lang='lat' dir='ltr'><strong>in</strong></span> <span class='ocrx_word' id='word_1_688' title='bbox 2326 3323 2467 3379; x_wconf 91' lang='lat' dir='ltr'><strong>libro</strong></span> <span class='ocrx_word' id='word_1_689' title='bbox 2511 3322 2871 3379; x_wconf 73' lang='lat' dir='ltr'><strong>Numerorum</strong></span> <span class='ocrx_word' id='word_1_690' title='bbox 2901 3322 3039 3377; x_wconf 88' lang='lat' dir='ltr'><strong>dixit</strong></span> <span class='ocrx_word' id='word_1_691' title='bbox 3061 3321 3326 3377; x_wconf 87' lang='lat' dir='ltr'><strong>Dominus</strong></span> <span class='ocrx_word' id='word_1_692' title='bbox 3353 3304 3521 3392; x_wconf 77' lang='lat' dir='ltr'><strong>Moysi</strong></span> <span class='ocrx_word' id='word_1_693' title='bbox 3546 3338 3561 3373; x_wconf 90' lang='lat'><strong>:</strong></span> <span class='ocrx_word' id='word_1_694' title='bbox 3599 3316 3715 3374; x_wconf 81' lang='lat' dir='ltr'><strong>Fac</strong></span> <span class='ocrx_word' id='word_1_695' title='bbox 3744 3317 3849 3373; x_wconf 84' lang='lat' dir='ltr'><strong>tibi</strong></span> 
     </span>
    </p>
   </div>
   <div class='ocr_carea' id='block_1_92' title="bbox 2243 3408 3847 3484">
    <p class='ocr_par' dir='ltr' id='par_1_92' title="bbox 2243 3408 3847 3484">
     <span class='ocr_line' id='line_1_92' title="bbox 2243 3408 3847 3484; baseline -0.001 -16"><span class='ocrx_word' id='word_1_696' title='bbox 2243 3413 2379 3469; x_wconf 74' lang='lat' dir='ltr'><strong>duas</strong></span> <span class='ocrx_word' id='word_1_697' title='bbox 2406 3413 2558 3467; x_wconf 83' lang='lat' dir='ltr'><strong>tubas</strong></span> <span class='ocrx_word' id='word_1_698' title='bbox 2583 3422 2858 3483; x_wconf 76' lang='lat' dir='ltr'><strong>argenteas</strong></span> <span class='ocrx_word' id='word_1_699' title='bbox 2884 3412 3125 3478; x_wconf 77' lang='lat' dir='ltr'><strong>ductiles,</strong></span> <span class='ocrx_word' id='word_1_700' title='bbox 3148 3411 3339 3484; x_wconf 76' lang='lat' dir='ltr'><strong>quibus</strong></span> <span class='ocrx_word' id='word_1_701' title='bbox 3364 3426 3651 3467; x_wconf 76' lang='lat' dir='ltr'><strong>convocare</strong></span> <span class='ocrx_word' id='word_1_702' title='bbox 3670 3408 3847 3483; x_wconf 71' lang='lat' dir='ltr'><strong>possis</strong></span> 
     </span>
    </p>
   </div>
   <div class='ocr_carea' id='block_1_93' title="bbox 2244 3504 3049 3578">
    <p class='ocr_par' dir='ltr' id='par_1_93' title="bbox 2244 3504 3049 3578">
     <span class='ocr_line' id='line_1_93' title="bbox 2244 3504 3049 3578; baseline -0.002 -17"><span class='ocrx_word' id='word_1_703' title='bbox 2244 3505 2637 3561; x_wconf 81' lang='lat' dir='ltr'><strong>multitudinem</strong></span> <span class='ocrx_word' id='word_1_704' title='bbox 2664 3504 2857 3578; x_wconf 87' lang='lat' dir='ltr'><strong>(Num.</strong></span> <span class='ocrx_word' id='word_1_705' title='bbox 2885 3521 2944 3572; x_wconf 79' lang='grc' dir='ltr'><strong>ι,</strong></span> <span class='ocrx_word' id='word_1_706' title='bbox 2969 3504 3049 3576; x_wconf 76' lang='grc'><strong>2).</strong></span> 
     </span>
    </p>
   </div>
   <div class='ocr_carea' id='block_1_94' title="bbox 2416 3615 3674 3689">
    <p class='ocr_par' dir='ltr' id='par_1_94' title="bbox 2416 3615 3674 3689">
     <span class='ocr_line' id='line_1_94' title="bbox 2416 3615 3674 3689; baseline -0.003 -14"><span class='ocrx_word' id='word_1_707' title='bbox 2416 3631 2441 3660; x_wconf 81' lang='grc' dir='ltr'><strong>ο</strong></span> <span class='ocrx_word' id='word_1_708' title='bbox 2471 3618 2922 3675; x_wconf 58' lang='lat' dir='ltr'><strong>Germaniarum</strong></span> <span class='ocrx_word' id='word_1_709' title='bbox 2944 3621 3122 3674; x_wconf 72' lang='lat' dir='ltr'><strong>missa:</strong></span> <span class='ocrx_word' id='word_1_710' title='bbox 3145 3618 3369 3689; x_wconf 75' lang='lat' dir='ltr'><strong>mystica</strong></span> <span class='ocrx_word' id='word_1_711' title='bbox 3399 3615 3674 3689; x_wconf 65' lang='lat' dir='ltr'><strong>expositio.</strong></span> 
     </span>
    </p>
   </div>
   <div class='ocr_carea' id='block_1_95' title="bbox 2326 3710 3848 3782">
    <p class='ocr_par' dir='ltr' id='par_1_95' title="bbox 2326 3710 3848 3782">
     <span class='ocr_line' id='line_1_95' title="bbox 2326 3710 3848 3782; baseline -0.002 -14"><span class='ocrx_word' id='word_1_712' title='bbox 2326 3714 2347 3753; x_wconf 73' lang='grc' dir='ltr'><em>τ</em></span> <span class='ocrx_word' id='word_1_713' title='bbox 2372 3710 2627 3768; x_wconf 89' lang='lat' dir='ltr'><strong>Ofﬁcium</strong></span> <span class='ocrx_word' id='word_1_714' title='bbox 2656 3714 2839 3768; x_wconf 74' lang='lat' dir='ltr'><strong>missa:</strong></span> <span class='ocrx_word' id='word_1_715' title='bbox 2862 3712 3070 3768; x_wconf 88' lang='lat' dir='ltr'><strong>addidit</strong></span> <span class='ocrx_word' id='word_1_716' title='bbox 3094 3710 3413 3768; x_wconf 67' lang='lat' dir='ltr'><strong>Caelestinus</strong></span> <span class='ocrx_word' id='word_1_717' title='bbox 3447 3724 3609 3782; x_wconf 85' lang='lat' dir='ltr'><strong>papa.</strong></span> <span class='ocrx_word' id='word_1_718' title='bbox 3632 3716 3687 3765; x_wconf 87' lang='lat' dir='ltr'><strong>et</strong></span> <span class='ocrx_word' id='word_1_719' title='bbox 3709 3720 3848 3766; x_wconf 86' lang='lat' dir='ltr'><strong>cou-</strong></span> 
     </span>
    </p>
   </div>
   <div class='ocr_carea' id='block_1_96' title="bbox 2251 3800 3855 3875">
    <p class='ocr_par' dir='ltr' id='par_1_96' title="bbox 2251 3800 3855 3875">
     <span class='ocr_line' id='line_1_96' title="bbox 2251 3800 3855 3875; baseline -0.002 -13"><span class='ocrx_word' id='word_1_720' title='bbox 2251 3806 2448 3873; x_wconf 82' lang='lat' dir='ltr'><strong>stituit,</strong></span> <span class='ocrx_word' id='word_1_721' title='bbox 2476 3812 2541 3860; x_wconf 91' lang='lat' dir='ltr'><strong>ut</strong></span> <span class='ocrx_word' id='word_1_722' title='bbox 2580 3805 2777 3875; x_wconf 90' lang='lat' dir='ltr'><strong>psalmi</strong></span> <span class='ocrx_word' id='word_1_723' title='bbox 2821 3820 2888 3860; x_wconf 82' lang='lat' dir='ltr'><strong>et.</strong></span> <span class='ocrx_word' id='word_1_724' title='bbox 2936 3813 3063 3860; x_wconf 89' lang='lat' dir='ltr'><strong>ante</strong></span> <span class='ocrx_word' id='word_1_725' title='bbox 3106 3802 3438 3859; x_wconf 88' lang='lat' dir='ltr'><strong>sacriﬁcium</strong></span> <span class='ocrx_word' id='word_1_726' title='bbox 3482 3800 3855 3873; x_wconf 81' lang='lat' dir='ltr'><strong>psallerentur</strong></span> 
     </span>
    </p>
   </div>
   <div class='ocr_carea' id='block_1_97' title="bbox 2254 3890 3847 3969">
    <p class='ocr_par' dir='ltr' id='par_1_97' title="bbox 2254 3890 3847 3969">
     <span class='ocr_line' id='line_1_97' title="bbox 2254 3890 3847 3969; baseline -0.004 -15"><span class='ocrx_word' id='word_1_727' title='bbox 2254 3897 2648 3969; x_wconf 88' lang='lat' dir='ltr'><strong>antiphonatim</strong></span> <span class='ocrx_word' id='word_1_728' title='bbox 2672 3912 2740 3952; x_wconf 90' lang='lat' dir='ltr'><strong>ex</strong></span> <span class='ocrx_word' id='word_1_729' title='bbox 2766 3896 3042 3962; x_wconf 87' lang='lat' dir='ltr'><strong>omnibus,</strong></span> <span class='ocrx_word' id='word_1_730' title='bbox 3057 3895 3201 3967; x_wconf 91' lang='lat' dir='ltr'><strong>quod</strong></span> <span class='ocrx_word' id='word_1_731' title='bbox 3224 3903 3385 3949; x_wconf 85' lang='lat' dir='ltr'><strong>antea</strong></span> <span class='ocrx_word' id='word_1_732' title='bbox 3405 3909 3513 3949; x_wconf 90' lang='lat' dir='ltr'><strong>non</strong></span> <span class='ocrx_word' id='word_1_733' title='bbox 3535 3891 3719 3957; x_wconf 89' lang='lat' dir='ltr'><strong>ﬁebat,</strong></span> <span class='ocrx_word' id='word_1_734' title='bbox 3734 3890 3847 3947; x_wconf 85' lang='lat' dir='ltr'><strong>nisi</strong></span> 
     </span>
    </p>
   </div>
   <div class='ocr_carea' id='block_1_98' title="bbox 2255 3981 3855 4059">
    <p class='ocr_par' dir='ltr' id='par_1_98' title="bbox 2255 3981 3855 4059">
     <span class='ocr_line' id='line_1_98' title="bbox 2255 3981 3855 4059; baseline -0.006 -14"><span class='ocrx_word' id='word_1_735' title='bbox 2255 3999 2467 4045; x_wconf 86' lang='lat' dir='ltr'><strong>tantum</strong></span> <span class='ocrx_word' id='word_1_736' title='bbox 2499 3987 2726 4059; x_wconf 90' lang='lat' dir='ltr'><strong>epistola</strong></span> <span class='ocrx_word' id='word_1_737' title='bbox 2755 3988 2909 4044; x_wconf 87' lang='lat' dir='ltr'><strong>Pauli</strong></span> <span class='ocrx_word' id='word_1_738' title='bbox 2934 3988 3289 4052; x_wconf 87' lang='lat' dir='ltr'><strong>recitabatur,</strong></span> <span class='ocrx_word' id='word_1_739' title='bbox 3320 3995 3377 4041; x_wconf 87' lang='lat' dir='ltr'><strong>et</strong></span> <span class='ocrx_word' id='word_1_740' title='bbox 3397 3992 3647 4040; x_wconf 89' lang='lat' dir='ltr'><strong>sanetum</strong></span> <span class='ocrx_word' id='word_1_741' title='bbox 3672 3981 3855 4037; x_wconf 81' lang='lat' dir='ltr'><strong>Eran-</strong></span> 
     </span>
    </p>
   </div>
   <div class='ocr_carea' id='block_1_99' title="bbox 2257 4072 3853 4155">
    <p class='ocr_par' dir='ltr' id='par_1_99' title="bbox 2257 4072 3853 4155">
     <span class='ocr_line' id='line_1_99' title="bbox 2257 4072 3853 4155; baseline -0.006 -18"><span class='ocrx_word' id='word_1_742' title='bbox 2257 4081 2479 4155; x_wconf 89' lang='lat' dir='ltr'><strong>gelium,</strong></span> <span class='ocrx_word' id='word_1_743' title='bbox 2503 4089 2561 4134; x_wconf 91' lang='lat' dir='ltr'><strong>et</strong></span> <span class='ocrx_word' id='word_1_744' title='bbox 2588 4082 2668 4135; x_wconf 91' lang='lat' dir='ltr'><strong>sic</strong></span> <span class='ocrx_word' id='word_1_745' title='bbox 2694 4079 2861 4134; x_wconf 89' lang='lat' dir='ltr'><strong>missa</strong></span> <span class='ocrx_word' id='word_1_746' title='bbox 2901 4078 3300 4134; x_wconf 86' lang='lat' dir='ltr'><strong>celebrabatur.</strong></span> <span class='ocrx_word' id='word_1_747' title='bbox 3341 4074 3498 4143; x_wconf 85' lang='lat' dir='ltr'><strong>Quod</strong></span> <span class='ocrx_word' id='word_1_748' title='bbox 3526 4088 3629 4129; x_wconf 89' lang='lat' dir='ltr'><strong>nos</strong></span> <span class='ocrx_word' id='word_1_749' title='bbox 3654 4074 3731 4129; x_wconf 89' lang='lat' dir='ltr'><strong>ita</strong></span> <span class='ocrx_word' id='word_1_750' title='bbox 3762 4072 3853 4128; x_wconf 87' lang='lat' dir='ltr'><strong>in-</strong></span> 
     </span>
    </p>
   </div>
   <div class='ocr_carea' id='block_1_100' title="bbox 2258 4167 3855 4244">
    <p class='ocr_par' dir='ltr' id='par_1_100' title="bbox 2258 4167 3855 4244">
     <span class='ocr_line' id='line_1_100' title="bbox 2258 4167 3855 4244; baseline -0.005 -17"><span class='ocrx_word' id='word_1_751' title='bbox 2258 4172 2571 4244; x_wconf 74' lang='lat' dir='ltr'><strong>telligimus,</strong></span> <span class='ocrx_word' id='word_1_752' title='bbox 2601 4171 2728 4242; x_wconf 90' lang='lat' dir='ltr'><strong>quia</strong></span> <span class='ocrx_word' id='word_1_753' title='bbox 2756 4183 2824 4225; x_wconf 83' lang='lat' dir='ltr'><strong>ex</strong></span> <span class='ocrx_word' id='word_1_754' title='bbox 2859 4169 3111 4225; x_wconf 91' lang='lat' dir='ltr'><strong>omnibus</strong></span> <span class='ocrx_word' id='word_1_755' title='bbox 3147 4167 3374 4238; x_wconf 88' lang='lat' dir='ltr'><strong>psalmis</strong></span> <span class='ocrx_word' id='word_1_756' title='bbox 3400 4170 3719 4235; x_wconf 84' lang='lat' dir='ltr'><strong>excerperet</strong></span> <span class='ocrx_word' id='word_1_757' title='bbox 3753 4177 3855 4219; x_wconf 66' lang='lat' dir='ltr'><strong>ano</strong></span> 
     </span>
    </p>
   </div>
   <div class='ocr_carea' id='block_1_101' title="bbox 2260 4255 3851 4333">
    <p class='ocr_par' dir='ltr' id='par_1_101' title="bbox 2260 4255 3851 4333">
     <span class='ocr_line' id='line_1_101' title="bbox 2260 4255 3851 4333; baseline -0.005 -15"><span class='ocrx_word' id='word_1_758' title='bbox 2260 4264 2549 4333; x_wconf 87' lang='lat' dir='ltr'><strong>tiphonas,</strong></span> <span class='ocrx_word' id='word_1_759' title='bbox 2594 4276 2716 4330; x_wconf 74' lang='lat' dir='ltr'><strong>qua:</strong></span> <span class='ocrx_word' id='word_1_760' title='bbox 2742 4259 3106 4331; x_wconf 87' lang='lat' dir='ltr'><strong>psallerentur</strong></span> <span class='ocrx_word' id='word_1_761' title='bbox 3144 4257 3200 4311; x_wconf 90' lang='lat' dir='ltr'><strong>in</strong></span> <span class='ocrx_word' id='word_1_762' title='bbox 3239 4255 3423 4313; x_wconf 84' lang='lat' dir='ltr'><strong>ofﬁcio</strong></span> <span class='ocrx_word' id='word_1_763' title='bbox 3459 4256 3683 4311; x_wconf 65' lang='lat' dir='ltr'><strong>missae:</strong></span> <span class='ocrx_word' id='word_1_764' title='bbox 3722 4267 3851 4310; x_wconf 85' lang='lat' dir='ltr'><strong>nam</strong></span> 
     </span>
    </p>
   </div>
   <div class='ocr_carea' id='block_1_102' title="bbox 2262 4347 3855 4415">
    <p class='ocr_par' dir='ltr' id='par_1_102' title="bbox 2262 4347 3855 4415">
     <span class='ocr_line' id='line_1_102' title="bbox 2262 4347 3855 4415; baseline -0.003 -7"><span class='ocrx_word' id='word_1_765' title='bbox 2262 4362 2423 4408; x_wconf 89' lang='lat' dir='ltr'><strong>antea</strong></span> <span class='ocrx_word' id='word_1_766' title='bbox 2454 4351 2814 4408; x_wconf 88' lang='lat' dir='ltr'><strong>inchoabatur</strong></span> <span class='ocrx_word' id='word_1_767' title='bbox 2844 4352 3012 4405; x_wconf 89' lang='lat' dir='ltr'><strong>missa</strong></span> <span class='ocrx_word' id='word_1_768' title='bbox 3057 4366 3087 4404; x_wconf 92' lang='lat' dir='ltr'><strong>a</strong></span> <span class='ocrx_word' id='word_1_769' title='bbox 3121 4348 3375 4404; x_wconf 88' lang='lat' dir='ltr'><strong>lectione.</strong></span> <span class='ocrx_word' id='word_1_770' title='bbox 3400 4347 3503 4415; x_wconf 87' lang='lat' dir='ltr'><strong>Qui</strong></span> <span class='ocrx_word' id='word_1_771' title='bbox 3533 4363 3653 4404; x_wconf 90' lang='lat' dir='ltr'><strong>mos</strong></span> <span class='ocrx_word' id='word_1_772' title='bbox 3675 4347 3855 4405; x_wconf 84' lang='lat' dir='ltr'><strong>adhuc</strong></span> 
     </span>
    </p>
   </div>
   <div class='ocr_carea' id='block_1_103' title="bbox 2263 4438 3856 4513">
    <p class='ocr_par' dir='ltr' id='par_1_103' title="bbox 2263 4438 3856 4513">
     <span class='ocr_line' id='line_1_103' title="bbox 2263 4438 3856 4513; baseline -0.001 -14"><span class='ocrx_word' id='word_1_773' title='bbox 2263 4446 2531 4499; x_wconf 85' lang='lat' dir='ltr'><strong>retinetur</strong></span> <span class='ocrx_word' id='word_1_774' title='bbox 2550 4444 2605 4497; x_wconf 88' lang='lat' dir='ltr'><strong>in</strong></span> <span class='ocrx_word' id='word_1_775' title='bbox 2630 4443 2813 4513; x_wconf 83' lang='lat' dir='ltr'><strong>vigilia</strong></span> <span class='ocrx_word' id='word_1_776' title='bbox 2838 4442 3060 4498; x_wconf 71' lang='lat' dir='ltr'><strong>Pascha:</strong></span> <span class='ocrx_word' id='word_1_777' title='bbox 3082 4451 3137 4497; x_wconf 89' lang='lat' dir='ltr'><strong>et</strong></span> <span class='ocrx_word' id='word_1_778' title='bbox 3158 4442 3526 4497; x_wconf 86' lang='lat' dir='ltr'><strong>Pentecostes.</strong></span> <span class='ocrx_word' id='word_1_779' title='bbox 3549 4438 3856 4497; x_wconf 86' lang='lat' dir='ltr'><strong>Procedens</strong></span> 
     </span>
    </p>
   </div>
   <div class='ocr_carea' id='block_1_104' title="bbox 2188 4531 3857 4642">
    <p class='ocr_par' dir='ltr' id='par_1_104' title="bbox 2188 4531 3857 4642">
     <span class='ocr_line' id='line_1_104' title="bbox 2188 4531 3857 4642; baseline 0.001 -55"><span class='ocrx_word' id='word_1_780' title='bbox 2188 4580 2242 4642; x_wconf 67' lang='grc' dir='ltr'><strong>Β</strong></span> <span class='ocrx_word' id='word_1_781' title='bbox 2263 4532 2593 4636; x_wconf 65' lang='lat' dir='ltr'><strong>pontifexin</strong></span> <span class='ocrx_word' id='word_1_782' title='bbox 2621 4548 2853 4604; x_wconf 88' lang='lat' dir='ltr'><strong>persona</strong></span> <span class='ocrx_word' id='word_1_783' title='bbox 2878 4532 3103 4597; x_wconf 89' lang='lat' dir='ltr'><strong>Christi,</strong></span> <span class='ocrx_word' id='word_1_784' title='bbox 3144 4531 3294 4588; x_wconf 91' lang='lat' dir='ltr'><strong>ducit</strong></span> <span class='ocrx_word' id='word_1_785' title='bbox 3321 4546 3507 4587; x_wconf 87' lang='lat' dir='ltr'><strong>secum</strong></span> <span class='ocrx_word' id='word_1_786' title='bbox 3537 4532 3857 4602; x_wconf 81' lang='lat' dir='ltr'><strong>prophetas,</strong></span> 
     </span>
    </p>
   </div>
   <div class='ocr_carea' id='block_1_105' title="bbox 2265 4620 3856 4692">
    <p class='ocr_par' dir='ltr' id='par_1_105' title="bbox 2265 4620 3856 4692">
     <span class='ocr_line' id='line_1_105' title="bbox 2265 4620 3856 4692; baseline -0.003 -11"><span class='ocrx_word' id='word_1_787' title='bbox 2265 4628 2319 4682; x_wconf 92' lang='lat' dir='ltr'><strong>id</strong></span> <span class='ocrx_word' id='word_1_788' title='bbox 2348 4634 2452 4692; x_wconf 89' lang='lat' dir='ltr'><strong>est,</strong></span> <span class='ocrx_word' id='word_1_789' title='bbox 2482 4624 2762 4688; x_wconf 89' lang='lat' dir='ltr'><strong>diaconos,</strong></span> <span class='ocrx_word' id='word_1_790' title='bbox 2792 4624 2883 4692; x_wconf 90' lang='lat' dir='ltr'><strong>qui</strong></span> <span class='ocrx_word' id='word_1_791' title='bbox 2911 4623 3235 4678; x_wconf 90' lang='lat' dir='ltr'><strong>annuutiant</strong></span> <span class='ocrx_word' id='word_1_792' title='bbox 3275 4636 3343 4677; x_wconf 86' lang='lat' dir='ltr'><strong>ex</strong></span> <span class='ocrx_word' id='word_1_793' title='bbox 3381 4621 3677 4691; x_wconf 76' lang='lat' dir='ltr'><strong>Evangelia</strong></span> <span class='ocrx_word' id='word_1_794' title='bbox 3708 4620 3856 4677; x_wconf 87' lang='lat' dir='ltr'><strong>futu-</strong></span> 
     </span>
    </p>
   </div>
   <div class='ocr_carea' id='block_1_106' title="bbox 2263 4715 3851 4787">
    <p class='ocr_par' dir='ltr' id='par_1_106' title="bbox 2263 4715 3851 4787">
     <span class='ocr_line' id='line_1_106' title="bbox 2263 4715 3851 4787; baseline -0.002 -13"><span class='ocrx_word' id='word_1_795' title='bbox 2263 4734 2380 4774; x_wconf 87' lang='lat' dir='ltr'><strong>ram</strong></span> <span class='ocrx_word' id='word_1_796' title='bbox 2405 4717 2572 4772; x_wconf 89' lang='lat' dir='ltr'><strong>vitam</strong></span> <span class='ocrx_word' id='word_1_797' title='bbox 2601 4732 2617 4782; x_wconf 94' lang='lat'><strong>;</strong></span> <span class='ocrx_word' id='word_1_798' title='bbox 2657 4724 2714 4771; x_wconf 90' lang='lat' dir='ltr'><strong>et</strong></span> <span class='ocrx_word' id='word_1_799' title='bbox 2738 4717 3043 4786; x_wconf 87' lang='lat' dir='ltr'><strong>sapientes,</strong></span> <span class='ocrx_word' id='word_1_800' title='bbox 3084 4715 3139 4771; x_wconf 93' lang='lat' dir='ltr'><strong>id</strong></span> <span class='ocrx_word' id='word_1_801' title='bbox 3166 4722 3271 4780; x_wconf 89' lang='lat' dir='ltr'><strong>est,</strong></span> <span class='ocrx_word' id='word_1_802' title='bbox 3312 4715 3709 4783; x_wconf 88' lang='lat' dir='ltr'><strong>subdiaconos,</strong></span> <span class='ocrx_word' id='word_1_803' title='bbox 3758 4718 3851 4787; x_wconf 90' lang='lat' dir='ltr'><strong>qui</strong></span> 
     </span>
    </p>
   </div>
   <div class='ocr_carea' id='block_1_107' title="bbox 2267 4805 3862 4876">
    <p class='ocr_par' dir='ltr' id='par_1_107' title="bbox 2267 4805 3862 4876">
     <span class='ocr_line' id='line_1_107' title="bbox 2267 4805 3862 4876; baseline -0.003 -10"><span class='ocrx_word' id='word_1_804' title='bbox 2267 4811 2446 4866; x_wconf 88' lang='lat' dir='ltr'><strong>sciunt</strong></span> <span class='ocrx_word' id='word_1_805' title='bbox 2470 4823 2599 4862; x_wconf 87' lang='lat' dir='ltr'><strong>vasa</strong></span> <span class='ocrx_word' id='word_1_806' title='bbox 2644 4807 2859 4862; x_wconf 89' lang='lat' dir='ltr'><strong>Domini</strong></span> <span class='ocrx_word' id='word_1_807' title='bbox 2889 4806 3201 4876; x_wconf 88' lang='lat' dir='ltr'><strong>disponere,</strong></span> <span class='ocrx_word' id='word_1_808' title='bbox 3240 4812 3297 4861; x_wconf 90' lang='lat' dir='ltr'><strong>et</strong></span> <span class='ocrx_word' id='word_1_809' title='bbox 3323 4805 3455 4876; x_wconf 91' lang='lat' dir='ltr'><strong>quid</strong></span> <span class='ocrx_word' id='word_1_810' title='bbox 3485 4805 3662 4876; x_wconf 91' lang='lat' dir='ltr'><strong>primo</strong></span> <span class='ocrx_word' id='word_1_811' title='bbox 3686 4805 3862 4862; x_wconf 78' lang='lat' dir='ltr'><strong>feren-</strong></span> 
     </span>
    </p>
   </div>
   <div class='ocr_carea' id='block_1_108' title="bbox 2268 4896 3853 4969">
    <p class='ocr_par' dir='ltr' id='par_1_108' title="bbox 2268 4896 3853 4969">
     <span class='ocr_line' id='line_1_108' title="bbox 2268 4896 3853 4969; baseline -0.002 -14"><span class='ocrx_word' id='word_1_812' title='bbox 2268 4903 2396 4956; x_wconf 89' lang='lat' dir='ltr'><strong>dum</strong></span> <span class='ocrx_word' id='word_1_813' title='bbox 2427 4900 2519 4963; x_wconf 90' lang='lat' dir='ltr'><strong>sit,</strong></span> <span class='ocrx_word' id='word_1_814' title='bbox 2548 4899 2679 4969; x_wconf 92' lang='lat' dir='ltr'><strong>quid</strong></span> <span class='ocrx_word' id='word_1_815' title='bbox 2706 4899 3011 4967; x_wconf 90' lang='lat' dir='ltr'><strong>posterius;</strong></span> <span class='ocrx_word' id='word_1_816' title='bbox 3036 4906 3093 4952; x_wconf 91' lang='lat' dir='ltr'><strong>et</strong></span> <span class='ocrx_word' id='word_1_817' title='bbox 3118 4897 3349 4964; x_wconf 88' lang='lat' dir='ltr'><strong>scribas,</strong></span> <span class='ocrx_word' id='word_1_818' title='bbox 3380 4896 3436 4951; x_wconf 89' lang='lat' dir='ltr'><strong>id</strong></span> <span class='ocrx_word' id='word_1_819' title='bbox 3463 4904 3565 4962; x_wconf 87' lang='lat' dir='ltr'><strong>est,</strong></span> <span class='ocrx_word' id='word_1_820' title='bbox 3592 4896 3853 4969; x_wconf 84' lang='lat' dir='ltr'><strong>acolytos,</strong></span> 
     </span>
    </p>
   </div>
   <div class='ocr_carea' id='block_1_109' title="bbox 2270 4990 3856 5065">
    <p class='ocr_par' dir='ltr' id='par_1_109' title="bbox 2270 4990 3856 5065">
     <span class='ocr_line' id='line_1_109' title="bbox 2270 4990 3856 5065; baseline -0.003 -16"><span class='ocrx_word' id='word_1_821' title='bbox 2270 4995 2363 5065; x_wconf 79' lang='lat' dir='ltr'><strong>qui</strong></span> <span class='ocrx_word' id='word_1_822' title='bbox 2392 4993 2695 5050; x_wconf 86' lang='lat' dir='ltr'><strong>accendunt</strong></span> <span class='ocrx_word' id='word_1_823' title='bbox 2719 4993 2883 5048; x_wconf 89' lang='lat' dir='ltr'><strong>corda</strong></span> <span class='ocrx_word' id='word_1_824' title='bbox 2911 4992 3146 5048; x_wconf 89' lang='lat' dir='ltr'><strong>ﬁdelium</strong></span> <span class='ocrx_word' id='word_1_825' title='bbox 3173 5007 3241 5047; x_wconf 91' lang='lat' dir='ltr'><strong>ex</strong></span> <span class='ocrx_word' id='word_1_826' title='bbox 3282 4992 3573 5063; x_wconf 88' lang='lat' dir='ltr'><strong>scriptura.</strong></span> <span class='ocrx_word' id='word_1_827' title='bbox 3602 4990 3856 5046; x_wconf 85' lang='lat' dir='ltr'><strong>Procedit</strong></span> 
     </span>
    </p>
   </div>
   <div class='ocr_carea' id='block_1_110' title="bbox 2269 5079 3860 5154">
    <p class='ocr_par' dir='ltr' id='par_1_110' title="bbox 2269 5079 3860 5154">
     <span class='ocr_line' id='line_1_110' title="bbox 2269 5079 3860 5154; baseline -0.003 -14"><span class='ocrx_word' id='word_1_828' title='bbox 2269 5086 2323 5140; x_wconf 89' lang='lat' dir='ltr'><strong>in</strong></span> <span class='ocrx_word' id='word_1_829' title='bbox 2352 5084 2627 5139; x_wconf 91' lang='lat' dir='ltr'><strong>thuribulo</strong></span> <span class='ocrx_word' id='word_1_830' title='bbox 2655 5084 2955 5154; x_wconf 82' lang='lat' dir='ltr'><strong>thymiama</strong></span> <span class='ocrx_word' id='word_1_831' title='bbox 2975 5123 2990 5148; x_wconf 91' lang='lat'><strong>,</strong></span> <span class='ocrx_word' id='word_1_832' title='bbox 3025 5083 3171 5152; x_wconf 90' lang='lat' dir='ltr'><strong>quod</strong></span> <span class='ocrx_word' id='word_1_833' title='bbox 3216 5082 3489 5154; x_wconf 88' lang='lat' dir='ltr'><strong>signiﬁcat</strong></span> <span class='ocrx_word' id='word_1_834' title='bbox 3525 5097 3723 5153; x_wconf 87' lang='lat' dir='ltr'><strong>corpus</strong></span> <span class='ocrx_word' id='word_1_835' title='bbox 3748 5079 3860 5150; x_wconf 84' lang='lat' dir='ltr'><strong>ple-</strong></span> 
     </span>
    </p>
   </div>
   <div class='ocr_carea' id='block_1_111' title="bbox 2270 5172 3862 5244">
    <p class='ocr_par' dir='ltr' id='par_1_111' title="bbox 2270 5172 3862 5244">
     <span class='ocr_line' id='line_1_111' title="bbox 2270 5172 3862 5244; baseline -0.001 -13"><span class='ocrx_word' id='word_1_836' title='bbox 2270 5192 2397 5231; x_wconf 90' lang='lat' dir='ltr'><strong>num</strong></span> <span class='ocrx_word' id='word_1_837' title='bbox 2422 5175 2591 5230; x_wconf 90' lang='lat' dir='ltr'><strong>odore</strong></span> <span class='ocrx_word' id='word_1_838' title='bbox 2626 5175 2788 5229; x_wconf 89' lang='lat' dir='ltr'><strong>bono.</strong></span> <span class='ocrx_word' id='word_1_839' title='bbox 2822 5177 2849 5215; x_wconf 74' lang='grc' dir='ltr'>ε</span> <span class='ocrx_word' id='word_1_840' title='bbox 2879 5173 3172 5243; x_wconf 84' lang='lat' dir='ltr'><strong>Postquam</strong></span> <span class='ocrx_word' id='word_1_841' title='bbox 3201 5180 3563 5244; x_wconf 62' lang='lat' dir='ltr'><strong>prasentatus</strong></span> <span class='ocrx_word' id='word_1_842' title='bbox 3589 5181 3673 5229; x_wconf 88' lang='lat' dir='ltr'><strong>est</strong></span> <span class='ocrx_word' id='word_1_843' title='bbox 3697 5172 3862 5229; x_wconf 85' lang='lat' dir='ltr'><strong>eccle-</strong></span> 
     </span>
    </p>
   </div>
   <div class='ocr_carea' id='block_1_112' title="bbox 2272 5264 3859 5335">
    <p class='ocr_par' dir='ltr' id='par_1_112' title="bbox 2272 5264 3859 5335">
     <span class='ocr_line' id='line_1_112' title="bbox 2272 5264 3859 5335; baseline -0.002 -13"><span class='ocrx_word' id='word_1_844' title='bbox 2272 5271 2385 5334; x_wconf 76' lang='lat' dir='ltr'><strong>siae,</strong></span> <span class='ocrx_word' id='word_1_845' title='bbox 2416 5267 2705 5322; x_wconf 89' lang='lat' dir='ltr'><strong>inclinatus</strong></span> <span class='ocrx_word' id='word_1_846' title='bbox 2733 5274 2842 5320; x_wconf 91' lang='lat' dir='ltr'><strong>stat</strong></span> <span class='ocrx_word' id='word_1_847' title='bbox 2866 5267 2920 5319; x_wconf 93' lang='lat' dir='ltr'><strong>in</strong></span> <span class='ocrx_word' id='word_1_848' title='bbox 2947 5266 3255 5335; x_wconf 80' lang='lat' dir='ltr'><strong>exemplum</strong></span> <span class='ocrx_word' id='word_1_849' title='bbox 3282 5265 3605 5320; x_wconf 87' lang='lat' dir='ltr'><strong>humilitatis</strong></span> <span class='ocrx_word' id='word_1_850' title='bbox 3633 5264 3859 5332; x_wconf 80' lang='lat' dir='ltr'><strong>Christi,</strong></span> 
     </span>
    </p>
   </div>
   <div class='ocr_carea' id='block_1_113' title="bbox 2275 5355 3856 5430">
    <p class='ocr_par' dir='ltr' id='par_1_113' title="bbox 2275 5355 3856 5430">
     <span class='ocr_line' id='line_1_113' title="bbox 2275 5355 3856 5430; baseline -0.001 -16"><span class='ocrx_word' id='word_1_851' title='bbox 2275 5361 2327 5414; x_wconf 89' lang='lat' dir='ltr'><strong>in</strong></span> <span class='ocrx_word' id='word_1_852' title='bbox 2359 5375 2465 5430; x_wconf 90' lang='lat' dir='ltr'><strong>qua</strong></span> <span class='ocrx_word' id='word_1_853' title='bbox 2496 5357 2673 5413; x_wconf 84' lang='lat' dir='ltr'><strong>factus</strong></span> <span class='ocrx_word' id='word_1_854' title='bbox 2709 5365 2794 5412; x_wconf 88' lang='lat' dir='ltr'><strong>est</strong></span> <span class='ocrx_word' id='word_1_855' title='bbox 2834 5355 3096 5413; x_wconf 90' lang='lat' dir='ltr'><strong>obediens</strong></span> <span class='ocrx_word' id='word_1_856' title='bbox 3132 5356 3281 5412; x_wconf 87' lang='lat' dir='ltr'><strong>Patri</strong></span> <span class='ocrx_word' id='word_1_857' title='bbox 3311 5372 3483 5427; x_wconf 55' lang='lat' dir='ltr'><strong>usique</strong></span> <span class='ocrx_word' id='word_1_858' title='bbox 3509 5357 3578 5413; x_wconf 91' lang='lat' dir='ltr'><strong>ad</strong></span> <span class='ocrx_word' id='word_1_859' title='bbox 3608 5366 3856 5413; x_wconf 89' lang='lat' dir='ltr'><strong>mortem.</strong></span> 
     </span>
    </p>
   </div>
   <div class='ocr_carea' id='block_1_114' title="bbox 2279 5530 3859 5655">
    <p class='ocr_par' dir='ltr' id='par_1_114' title="bbox 2279 5530 3859 5655">
     <span class='ocr_line' id='line_1_114' title="bbox 2279 5530 3859 5655; baseline -0.002 -66"><span class='ocrx_word' id='word_1_860' title='bbox 2279 5548 2507 5596; x_wconf 86' lang='lat' dir='ltr'><strong>annexa,</strong></span> <span class='ocrx_word' id='word_1_861' title='bbox 2537 5531 2909 5655; x_wconf 59' lang='lat' dir='ltr'><strong>sleparavimus</strong></span> <span class='ocrx_word' id='word_1_862' title='bbox 2931 5530 3031 5585; x_wconf 89' lang='lat' dir='ltr'><strong>sub</strong></span> <span class='ocrx_word' id='word_1_863' title='bbox 3051 5546 3192 5587; x_wconf 86' lang='lat' dir='ltr'><strong>novo</strong></span> <span class='ocrx_word' id='word_1_864' title='bbox 3216 5531 3375 5588; x_wconf 87' lang='lat' dir='ltr'><strong>titulo</strong></span> <span class='ocrx_word' id='word_1_865' title='bbox 3401 5533 3471 5589; x_wconf 90' lang='lat' dir='ltr'><strong>ob</strong></span> <span class='ocrx_word' id='word_1_866' title='bbox 3496 5530 3859 5589; x_wconf 81' lang='lat' dir='ltr'><strong>diversitatem</strong></span> 
     </span>
     <span class='ocr_line' id='line_1_115' title="bbox 2281 5618 2607 5655; baseline 0 0"><span class='ocrx_word' id='word_1_867' title='bbox 2281 5618 2541 5655; x_wconf 68' lang='lat' dir='ltr'><strong>araumen</strong></span> <span class='ocrx_word' id='word_1_868' title='bbox 2574 5620 2607 5655; x_wconf 84' lang='grc' dir='ltr'><strong>Ι.</strong></span> 
     </span>
    </p>
   </div>
   <div class='ocr_carea' id='block_1_115' title="bbox 2281 5618 2607 5673">
    <p class='ocr_par' dir='ltr' id='par_1_115' title="bbox 2281 5618 2607 5673">
     <span class='ocr_line' id='line_1_116' title="bbox 2281 5618 2607 5673; baseline -0.012 -14"><span class='ocrx_word' id='word_1_869' title='bbox 2281 5618 2607 5673; x_wconf 77' lang='lat' dir='ltr'><strong>argumenti.</strong></span> 
     </span>
    </p>
   </div>
   <div class='ocr_carea' id='block_1_116' title="bbox 2359 5671 3220 5744">
    <p class='ocr_par' dir='ltr' id='par_1_116' title="bbox 2359 5671 3220 5744">
     <span class='ocr_line' id='line_1_117' title="bbox 2359 5671 3220 5744; baseline 0 -17"><span class='ocrx_word' id='word_1_870' title='bbox 2359 5671 2377 5713; x_wconf 77' lang='grc' dir='ltr'><strong><em>ῖ</em></strong></span> <span class='ocrx_word' id='word_1_871' title='bbox 2413 5671 2718 5744; x_wconf 84' lang='lat' dir='ltr'><strong>Amalarius</strong></span> <span class='ocrx_word' id='word_1_872' title='bbox 2746 5671 2871 5744; x_wconf 84' lang='lat' dir='ltr'><strong>libr.</strong></span> <span class='ocrx_word' id='word_1_873' title='bbox 2899 5688 2982 5739; x_wconf 82' lang='grc' dir='ltr'>ιιι,</span> <span class='ocrx_word' id='word_1_874' title='bbox 3017 5688 3138 5744; x_wconf 90' lang='lat' dir='ltr'><strong>cap.</strong></span> <span class='ocrx_word' id='word_1_875' title='bbox 3166 5671 3220 5727; x_wconf 85' lang='lat'><strong>5.</strong></span> 
     </span>
    </p>
   </div>
   <div class='ocr_carea' id='block_1_117' title="bbox 2361 5742 2872 5798">
    <p class='ocr_par' dir='ltr' id='par_1_117' title="bbox 2361 5742 2872 5798">
     <span class='ocr_line' id='line_1_118' title="bbox 2361 5742 2872 5798; baseline -0.006 -1"><span class='ocrx_word' id='word_1_876' title='bbox 2361 5746 2385 5785; x_wconf 72' lang='grc' dir='ltr'><strong><em>ε</em></strong></span> <span class='ocrx_word' id='word_1_877' title='bbox 2416 5743 2719 5798; x_wconf 83' lang='lat' dir='ltr'><strong>Amalarius</strong></span> <span class='ocrx_word' id='word_1_878' title='bbox 2742 5742 2872 5798; x_wconf 90' lang='lat' dir='ltr'><strong>ibid.</strong></span> 
     </span>
    </p>
   </div>
  </div>
