4092 6504
322 424 463 481 ίὲιό

1108 433 1261 491 OPP.
1306 435 1708 493 SL'PPOSITA.
1752 468 1819 477 —-
1859 437 1986 493 LIB.
2028 438 2116 494 DE
2156 439 2406 497 DIVINIS
2443 439 2750 499 OFFlCllS.

3459 450 3553 506 ης
3567 449 3600 502 εἰ

318 542 378 599 lu
422 546 540 613 ipsa
584 545 886 606 elevatione
915 550 1138 624 [Amal.,
1184 554 1557 629 inclinatione]
1588 556 1682 610 dat
1718 572 1907 626 pacem
1939 559 1979 615 Α
2013 558 2107 614 sed
2138 560 2556 617 circumstarent
2584 560 2813 634 [Amal.,
2847 562 3001 618 curvi
3031 563 3283 637 starent].
3326 562 3601 621 Diaconus

319 635 609 705 ministris,
637 639 731 711 qui
756 639 945 697 dextra
984 641 1225 715 lzevaque
1246 653 1389 700 sunt.
1420 643 1535 716 lpse
1562 656 1644 702 est
1668 663 1773 717 pax
1803 663 1901 701 no-

318 736 455 794 atra,
482 744 585 801 per
609 746 771 803 quam
817 735 1234 792 reconciliamur
1258 738 1389 794 Deo.
1419 738 1678 796 Eamdem
1715 755 1905 810 pacem

316 816 477 888 offert
498 823 834 893 cantoribus,
871 827 964 898 qui
993 838 1141 885 retro
1175 839 1362 886 stant:
1405 839 1463 887 ut
1497 833 1657 899 illud,
1709 831 1905 887 Pacem

315 930 489 971 meant
512 915 584 971 do
610 918 775 986 vobis,
804 936 984 992 pacem
1013 920 1248 994 relinquo
1268 925 1411 978 vobis
1438 925 1619 996 (Joan.
1646 940 1761 991 xw,
1785 924 1898 997 27).

314 1002 682 1066 Prmsentibus
701 1010 816 1079 dat,
844 1013 1160 1071 absentibus
1188 1016 1472 1086 relinquit;
1504 1018 1607 1072 hoc
1629 1025 1729 1081 est,
1755 1019 1903 1088 quod

314 1098 551 1156 solemus
579 1101 796 1159 dicere:
824 1104 1005 1161 lnnuit
1031 1108 1318 1181 episcopus
1344 1112 1579 1177 cantori,
1605 1112 1699 1180 qui
1726 1119 1900 1167 mutat

314 1188 527 1247 laudem
573 1193 640 1249 de
678 1197 847 1251 veteri
885 1197 942 1252 in
984 1213 1212 1266 novam,
1256 1211 1315 1256 et
1341 1203 1533 1273 incipit
1576 1203 1897 1260 Trinitatem

311 1291 557 1339 sanctam
586 1285 830 1354 laudare,
856 1297 914 1344 et
935 1290 1086 1356 dicit,
1110 1288 1291 1347 Gloria
1322 1292 1500 1361 Patri,
1522 1304 1576 1351 et
1598 1296 1762 1369 497
1783 1300 1899 1353 dia-

309 1376 432 1431 coni
462 1378 615 1446 quasi
643 1380 847 1436 chorus
882 1384 1274 1452 apostolorum,
1304 1394 1451 1442 stant
1478 1404 1602 1443 cum
1632 1404 1698 1445 eo
1720 1389 1898 1445 humi-

308 1461 447 1532 liati,
471 1474 528 1521 et
551 1467 740 1524 dicunt
764 1486 780 1525 :
818 1469 1063 1539 Domine,
1087 1475 1216 1531 doce
1241 1494 1333 1533 nos
1352 1496 1507 1534 orare
1538 1478 1691 1553 (Luc.
1714 1497 1789 1544 ιι,
1817 1481 1893 1552 1).

306 1554 437 1612 lude
465 1560 707 1617 vicissim
740 1564 850 1621 duo
888 1567 1103 1625 diaconi
1151 1570 1475 1628 altrinsecus
1511 1576 1715 1632 vadunt
1739 1594 1894 1633 oscu-

306 1648 406 1705 lari
430 1649 602 1708 latera
629 1653 838 1711 altaris.
870 1657 990 1726 Quo
1016 1660 1261 1719 osculato
1288 1661 1495 1735 [βου-ιε,
1524 1682 1632 1737 quo
1658 1668 1892 1742 osculo],

302 1742 709 1803 demonstratur
742 1763 849 1819 pax
891 1765 1055 1821 quam
1079 1754 1158 1809 eis
1185 1758 1583 1813 commendavit
1608 1757 1891 1827 Dominus,

303 1832 528 1891 dicens:
564 1836 636 1894 In
663 1856 1030 1915 quamcunque
1061 1844 1275 1900 domum
1301 1850 1647 1916 intraveritis,
1692 1853 1849 1908 dicite
1869 1868 1888 1905 :

2009 660 2193 721 portat
2209 654 2551 725 evangelium
2576 653 2629 709 in
2657 655 2881 710 sinistro
2895 656 3142 723 brachio,
3165 671 3262 728 per
3273 657 3416 728 quod
3430 656 3598 729 signi-

2007 740 2205 797 ﬁcatur
2241 743 2562 815 temporalis
2597 746 2741 813 vita,
2798 745 2889 802 ubi
2936 747 3224 817 praedicari
3248 747 3597 821 Evangelium

2003 846 2229 889 necesse
2250 841 2351 890 est.
2393 834 2511 890 Duo
2546 836 2722 902 cerei,
2745 836 2838 906 qui
2880 844 3173 909 portantur
3212 847 3340 895 ante
3365 853 3601 910 evange-

2002 924 2133 981 lium
2154 969 2168 994 ,
2199 924 2371 999 legem
2402 936 2458 984 et
2488 930 2785 1001 prophetas
2812 930 3098 1004 designant
3127 933 3474 1005 prtecessisse
3499 932 3597 988 ad-

2002 1026 2222 1074 ventum
2253 1020 2459 1076 Christi
2494 1035 2510 1076 :
2538 1022 2871 1078 thuribuium
2898 1066 2912 1087 ,
2968 1022 3281 1095 opinionem
3330 1024 3594 1080 virtutum

2001 1112 2068 1167 de
2089 1109 2310 1167 Christo
2333 1113 2741 1184 procedentem.
2763 1115 3047 1183 Cantores,
3075 1132 3227 1173 more
3252 1115 3594 1185 Levitarum,

2000 1203 2093 1274 qui
2119 1204 2302 1259 omnia
2324 1205 2633 1261 necessaria
2662 1206 2997 1264 tabernaculi
3021 1206 3383 1280 providebant
3400 1248 3415 1275 ,
3445 1222 3596 1280 qua:-

1998 1304 2129 1352 runt
2156 1313 2353 1369 aquam
2381 1299 2449 1353 ad
2473 1297 2708 1365 fontem,
2739 1306 2797 1357 et
2836 1306 3058 1357 servant
3100 1315 3224 1359 eam
3253 1309 3594 1374 coopertam,

1998 1404 2173 1459 usque
2204 1389 2272 1445 ad
2309 1398 2525 1459 tempus
2558 1391 2833 1460 sacriﬁcii,
2872 1402 2928 1450 et
2954 1395 3036 1451 sic
3065 1408 3188 1451 eam
3219 1394 3477 1451 mundam
3509 1393 3597 1451 of-

1996 1478 2198 1537 ferunt.
2238 1481 2257 1521 τ
2292 1479 2482 1537 Sixtus
2526 1498 2666 1554 papa
2718 1484 3004 1541 constituit
3052 1486 3411 1558 adiectionem
3443 1484 3592 1542 illam

1994 1572 2255 1642 primmvo
2276 1575 2502 1648 hymno,
2529 1575 2579 1630 id
2604 1583 2687 1630 est
2708 1618 2723 1643 ,
2767 1573 3018 1644 Sanctus,
3048 1576 3302 1646 Sanctus,
3330 1578 3590 1644 Sanctus,

1995 1671 2101 1719 etc.
2154 1663 2491 1738 Augustinus
2536 1667 2592 1723 in
2639 1664 2781 1724 libro
2831 1667 2900 1725 de
2947 1667 3181 1726 Civitate
3228 1670 3323 1727 Dei
3377 1685 3477 1727 vui
3510 1672 3587 1726 ετ

1999 1772 2018 1805 α
2043 1753 2383 1812 Sacriﬁcium
2397 1772 2526 1829 ergo
2543 1757 2776 1825 visibile,
2800 1757 3089 1817 invisibilis
3112 1759 3368 1817 sacriﬁcii
3397 1774 3585 1818 sacra-

1939 1890 1961 1923 ._
1993 1854 2260 1914 mentum,
2290 1845 2345 1903 id
2374 1858 2489 1912 est,
2519 1862 2736 1904 sacrum
2762 1848 2974 1920 signum
3002 1858 3105 1906 est.
3137 1871 3156 1905 ι
3191 1852 3215 1892 ιι
3240 1851 3324 1907 Ab
3349 1850 3439 1907 his
3462 1866 3592 1923 per-

304 1925 426 1981 Paa:
449 1927 572 1984 huic
590 1929 774 1986 domui
800 1931 954 2006 (an.
984 1952 1036 1999 χ,
1067 1936 1144 2008 5).
1177 1936 1364 1993 Altarc
1396 1939 1562 1995 corda
1592 1915 1889 1999 electorum
1920 1915 1967 1976 Β
1994 1937 2143 1994 sonis
2172 1937 2371 1993 dantur
2402 1937 2587 1995 oscula
2617 1915 2895 1996 mutuovin
2921 1941 3190 2009 Ecclesia,
3234 1959 3357 2014 quae
3384 1915 3587 2000 nullius

300 2016 592 2089 signiﬁcat.
623 2033 652 2063 ι
675 2023 880 2080 Deinde
914 2025 968 2082 in
1000 2029 1320 2084 memoriam
1352 2030 1621 2100 passionis
1651 2030 1887 2100 Christi,

298 2109 488 2169 dicunt
517 2104 772 2172 cantores
796 2132 1014 2174 versum
1044 2121 1110 2177 de
1136 2121 1413 2191 psalterio.
1447 2123 1769 2181 Psalterium
1807 2127 1891 2181 in-

299 2199 469 2259 ferius
492 2207 816 2275 percutitur,
845 2211 1097 2280 superius
1122 2214 1351 2269 reboat:
1393 2224 1450 2270 et
1475 2216 1659 2286 passio
1686 2216 1887 2273 Christi

297 2295 366 2348 ab
393 2292 643 2352 inferiori
688 2309 843 2368 parte
887 2301 1057 2360 habet
1098 2322 1513 2377 percussuram,
1545 2325 1575 2364 a
1621 2310 1887 2380 superiori

294 2385 634 2444 dulcedinem
661 2395 1099 2453 resurrectionis.
1152 2398 1289 2456 llinc
1330 2401 1612 2457 osculatur
1645 2402 1887 2477 Evange-

295 2474 448 2542 lium.
482 2478 538 2534 in
582 2497 693 2551 quo
720 2483 827 2539 duo
852 2487 1034 2556 pepuli
1072 2489 1139 2543 ad
1185 2505 1374 2559 pacem
1405 2492 1651 2548 redeunt.
1685 2474 1887 2549 Deinde

294 2569 491 2624 transit
513 2573 582 2627 ad
610 2571 889 2631 dexteram
919 2578 1130 2634 altaris.
1172 2579 1364 2650 Liquet
1403 2585 1691 2651 omnibus,
1741 2587 1886 2655 quod

292 2677 510 2734 semper
537 2665 789 2723 Christus
814 2672 927 2740 egit
966 2674 1245 2727 dexteram
1279 2676 1442 2729 vitam
1473 2686 1755 2747 postquam
1794 2695 1882 2734 re-

290 2756 548 2812 surrexit.
598 2758 819 2815 Diaconi
871 2772 1058 2831 postea
1107 2774 1253 2819 stant
1286 2767 1339 2820 in
1369 2768 1588 2834 ordine,
1620 2778 1681 2824 ut
1709 2770 1879 2825 illud:

289 2848 348 2905 Si
377 2851 496 2921 quis
518 2851 630 2907 uult
655 2862 773 2925 post
793 2872 874 2909 me
896 2857 1089 2924 venire,
1112 2867 1217 2913 etc.
1258 2858 1411 2930 (Luc.
1453 2878 1528 2923 Ix,
1556 2860 1669 2934 25).
1700 2864 1728 2902 ιι
1758 2861 1883 2933 Epi-

286 2955 455 3013 scopo
480 2945 805 3002 ascendente
830 2946 897 3002 ad
927 2947 1131 3016 sedem,
1155 2959 1486 3007 cereostrata
1516 2963 1795 3010 mutantur
1814 2958 1881 3013 de

289 3032 430 3090 locis
456 3035 571 3091 suis
614 3037 671 3092 in
718 3038 965 3094 ordinem
996 3041 1157 3096 unius
1183 3043 1338 3098 linea:
1376 3059 1544 3113 usque
1573 3045 1639 3101 ad
1685 3045 1876 3105 altare.

287 3124 394 3182 Per
432 3137 766 3183 cereostrata
812 3129 1193 3201 signiﬁcantur
1233 3134 1371 3189 dona
1418 3137 1744 3205 gratiarum,
1780 3152 1881 3210 per

284 3234 405 3289 quae
428 3218 766 3285 illuminatur
784 3219 1048 3279 Ecclesia.
1075 3223 1247 3281 Unius
1268 3225 1423 3282 linea:
1446 3229 1668 3299 positio,
1695 3231 1874 3288 unitas

282 3282 367 3365 est
391 3308 631 3382 Spiritus
667 3282 843 3369 sancti
876 3315 930 3370 in
969 3317 1198 3387 singulis
1224 3319 1401 3375 donis.
1443 3282 1628 3378 i’otcst
1654 3282 1714 3379 et
1740 3326 1873 3380 sim—
1897 3282 1949 3348 ο

280 3401 495 3471 pliciter
532 3402 759 3476 intelligi
804 3405 1088 3476 dispositio
1124 3425 1406 3465 cereorum
1437 3414 1723 3482 expeditus
1746 3431 1872 3472 cur-

281 3507 373 3547 sus
401 3494 553 3550 cirea
577 3495 755 3551 altare
795 3495 1161 3555 ministrandi.
1180 3511 1221 3539 »ο
1255 3501 1621 3574 Telesphorus
1652 3508 1871 3566 natione

280 3583 504 3641 Crzecus
527 3602 595 3642 ex
623 3588 960 3658 anaehorita,
1004 3594 1290 3649 constituit
1338 3606 1399 3650 ut
1448 3598 1682 3670 hymnus
1723 3603 1871 3661 diee-

281 3686 433 3733 retur
457 3679 735 3751 angelicus
777 3692 905 3738 ante
946 3684 1296 3742 sacriﬁcium.
1342 3686 1700 3761 Symmachus
1745 3703 1870 3765 post

280 3768 672 3839 Telesphorum
701 3773 1151 3845 quadragesimus
1199 3780 1423 3848 quintus
1476 3785 1763 3841 constituit
1806 3795 1869 3842 ut

277 3861 426 3915 omni
470 3861 560 3918 die
607 3860 891 3919 Dominico
947 3872 1006 3921 et
1060 3868 1321 3925 natalitiis
1368 3882 1672 3945 martyrum
1718 3878 1864 3934 idem

278 3953 515 4025 hymnus
540 3960 876 4013 cantarctur.

346 4044 431 4100 Ad
450 4044 715 4103 orientem
740 4062 960 4105 oramus
982 4092 997 4123 ,
1041 4060 1102 4108 ut
1146 4053 1504 4113 admoneatur
1549 4060 1765 4119 animus
1790 4063 1861 4119 ad

274 4141 526 4217 naturam
556 4136 997 4199 excellentiorem
1049 4157 1109 4199 se
1144 4156 1498 4217 convertere,
1531 4150 1585 4207 id
1633 4161 1757 4222 est,
1785 4155 1857 4212 ad

276 4228 467 4286 Deum.
502 4228 684 4287 dPost
710 4230 954 4289 laborem
1000 4243 1055 4291 et
1100 4251 1237 4308 opus
1289 4239 1582 4298 ministerii
1610 4244 1859 4314 pontifex

273 4320 523 4378 ascendit
542 4321 750 4388 sedem,
778 4322 832 4377 in
846 4326 1166 4383 memoriam
1185 4332 1524 4389 ascensionis
1539 4334 1854 4406 Dominicaz,

272 4427 331 4479 et
355 4419 548 4476 sedent
566 4435 691 4477 eum
716 4437 802 4488 eo,
828 4423 1025 4494 quibus
1050 4429 1303 4497 promisit
1347 4448 1361 4485 :
1393 4429 1655 4490 Sedebitis
1696 4453 1858 4508 super

271 4510 420 4567 sedes
439 4511 716 4569 duodecim
742 4513 959 4583 (Matth.
988 4535 1104 4587 xu,
1125 4518 1240 4594 28).
1265 4522 1370 4579 Per
1394 4540 1491 4582 eos
1518 4528 1609 4596 qui
1641 4522 1851 4596 sedent,

1992 2027 2358 2084 titillationem
2384 2028 2688 2086 libidinosae
2714 2030 3079 2102 suggestionis
3102 2032 3584 2105 coguntexcitare.

1997 2122 2010 2161 ¹
2053 2118 2276 2193 Sergius
2301 2137 2439 2194 papa
2471 2122 2785 2190 constituit,
2819 2132 2880 2181 ut
2910 2132 3156 2197 tempore
3188 2124 3585 2183 contractionis

1988 2210 2253 2267 Dominiei
2295 2212 2564 2283 corporis,
2591 2211 2773 2285 Agnus
2806 2214 2929 2280 Dei,
2953 2230 2985 2270 a
3008 2214 3155 2272 clero
3185 2226 3241 2272 et
3264 2216 3464 2289 populo
3489 2216 3586 2273 de-

1987 2311 2255 2358 cantetur.
2284 2302 2556 2361 Triforme
2582 2313 2666 2361 est
2682 2322 2882 2377 corpus
2902 2306 3127 2372 Christi,
3155 2323 3345 2364 eorum
3371 2309 3584 2366 scilicet

1985 2394 2077 2463 qui
2108 2400 2464 2465 gustaverunt
2490 2405 2721 2453 mortem
2746 2439 2760 2467 ,
2794 2407 2849 2455 et
2872 2400 3128 2456 morituri
3156 2410 3303 2457 sunt.
3334 2400 3583 2458 Primum

1986 2485 2196 2541 scilicet
2244 2495 2488 2544 sanctum
2518 2497 2575 2543 et
2628 2488 3069 2561 immaculatum,
3108 2492 3253 2564 quod
3299 2502 3579 2565 sumptum

1984 2586 2070 2633 est
2095 2593 2161 2633 ex
2192 2577 2382 2633 Maria.
2408 2579 2674 2649 Alterum,
2704 2583 2847 2652 quod
2877 2583 3122 2641 ambulat
3169 2586 3221 2640 in
3251 2591 3419 2642 terra.
3447 2587 3580 2643 Ter-

1987 2670 2123 2724 tium
2148 2670 2291 2740 quod
2317 2669 2464 2739 jacet
2485 2672 2538 2725 in
2567 2673 2852 2743 sepulcris.
2894 2664 3003 2730 Per
3030 2677 3355 2747 particulam
3384 2677 3580 2733 oblatae

1984 2761 2165 2816 missa:
2177 2762 2229 2815 in
2252 2762 2500 2828 calicem,
2518 2765 2822 2819 ostenditur
2834 2780 3033 2836 corpus
3052 2766 3276 2835 Christi,
3291 2768 3438 2838 quod
3451 2765 3570 2838 jam

1984 2852 2220 2906 surrexit
2247 2867 2278 2905 a
2307 2853 2556 2907 mortuis.
2587 2854 2693 2910 Per
2721 2864 3021 2912 comestam
3072 2873 3101 2911 a
3152 2859 3434 2914 sacerdote
3479 2855 3568 2914 vel

1982 2942 2209 3013 populo,
2240 2944 2527 2999 ambulans
2556 2946 2733 3003 adhuc
2761 2963 2926 3018 super
2956 2956 3179 3004 terram.
3205 2950 3309 3005 Per
3325 2949 3575 3007 relictam

1983 3032 2037 3088 in
2069 3031 2228 3087 altari
2254 3048 2426 3103 usque
2455 3034 2523 3089 ad
2553 3033 2713 3091 ﬁnem
2753 3037 2934 3093 missa:
2953 3080 2969 3106 ,
2994 3038 3190 3110 jacens
3222 3041 3276 3096 in
3307 3040 3574 3114 sepulcris

1983 3140 2156 3196 usque
2199 3125 2269 3179 ad
2307 3125 2467 3181 ﬁnem
2508 3127 2711 3183 saeculi.

2546 3239 2562 3291 i
2612 3241 2844 3301 CAPUT
2881 3244 2995 3301 XL.

2084 3351 2111 3391 ιι
2154 3368 2220 3407 ns
2257 3367 2660 3411 ceccnnmonn
2710 3372 2878 3413 IISSE
2942 3375 3015 3416 ετ
3079 3376 3203 3417 ειυς
3238 3376 3462 3419 cicatri—

2634 3443 2885 3484 CATIONE.

2042 3532 2349 3589 Celebratio
2378 3533 2578 3602 missae,
2616 3535 2673 3591 in
2697 3542 3271 3598 commemorationem
3292 3543 3569 3614 passionis

1968 3622 2171 3680 Christi
2200 3626 2499 3695 peragitur.
2532 3626 2623 3683 Sic
2651 3627 2797 3683 enim
2826 3630 2942 3701 ipse
2970 3634 3226 3704 praecepit
3266 3636 3528 3706 apostolis
3546 3678 3566 3704 ,

1969 3718 2194 3773 tradens
2223 3719 2306 3773 eis
2337 3734 2536 3791 corpus
2564 3729 2619 3775 et
2664 3723 2985 3793 sanguinem
3017 3742 3174 3781 suum
3208 3746 3222 3780 :
3255 3725 3373 3781 Hoc
3404 3729 3567 3799 facite

1964 3809 2023 3862 in
2048 3824 2218 3862 meam
2238 3812 2784 3865 commemorationem
2826 3813 2979 3885 (Luc.
3014 3832 3130 3881 ut,
3176 3817 3290 3887 19),
3322 3818 3428 3874 hoc
3452 3829 3564 3886 ext,

1965 3899 2023 3956 in
2061 3901 2383 3955 memoriam
2433 3902 2705 3971 passionis
2754 3920 2911 3960 mete.
2967 3906 3253 3979 Tanquam
3306 3909 3557 3974 diceret,

1965 3990 2111 4060 quod
2151 4003 2252 4059 pro
2292 3998 2475 4045 vestra
2503 3991 2679 4048 salute
2720 4009 2917 4064 passus
2944 4013 3088 4064 sum,
3143 3999 3211 4054 ad
3240 4000 3561 4056 memoriam

1965 4091 2242 4147 revocate,
2273 4090 2330 4138 et
2369 4098 2471 4153 pro
2493 4094 2674 4140 vestra
2704 4094 3119 4160 vestrorumque
3151 4090 3325 4145 salute
3366 4092 3560 4148 eadem

1959 4174 2210 4247 proferre
2235 4183 2443 4231 curate.
2493 4176 2645 4233 Hanc
2676 4178 2869 4236 Petrus
2892 4182 3167 4251 apostolus
3202 4184 3415 4254 primus
3438 4198 3559 4240 om-

1962 4268 2113 4321 nium
2140 4266 2442 4322 Antiochia:
2470 4268 2671 4324 dicitur
2700 4269 3029 4327 celebrasse.
3065 4271 3123 4328 lu
3158 4289 3266 4343 qua
3296 4284 3407 4328 tres
3437 4282 3561 4329 tan-

1959 4358 2240 4413 tummodo
2289 4359 2569 4414 orationes
2622 4359 2676 4417 in
2734 4361 2889 4417 initio
2938 4363 3063 4419 ﬁdei
3100 4363 3559 4435 proferebantur,

1959 4445 2281 4517 incipientes
2309 4448 2378 4501 ab
2396 4462 2462 4503 eo
2484 4449 2622 4511 loco,
2648 4450 2738 4505 ubi
2770 4451 2971 4507 dicitur
2998 4470 3011 4506 :
3043 4452 3199 4508 Hanc
3224 4454 3388 4525 igitur
3411 4454 3555 4509 obto-

1957 4537 2172 4591 tionem.
2205 4536 2369 4593 Missa
2398 4547 2578 4595 autem
2608 4541 2832 4609 dicitur,
2882 4544 3039 4614 quasi
3073 4546 3413 4612 transmissa,
3458 4545 3548 4602 vel

271 4604 714 4705 demonstrantur
739 4608 981 4708 membra
1006 4608 1206 4667 Christi
1239 4613 1292 4668 iu
1321 4626 1453 4685 pace
1469 4619 1809 4688 quiescentia
1834 4640 1847 4676 :
1880 4648 1930 4708 ο
1956 4630 2111 4699 quasi
2140 4630 2481 4686 transmissio
2503 4672 2518 4697 ,
2558 4648 2625 4688 eo
2664 4604 2826 4704 quod’
2847 4604 3078 4704 populus
3123 4635 3299 4692 ﬁdelis
3331 4604 3412 4693 de
3429 4637 3550 4692 suis

268 4709 367 4764 per
393 4708 489 4750 eos
510 4697 603 4765 qui
626 4704 791 4763 stant,
823 4697 879 4751 in
922 4702 1226 4761 certamine
1271 4706 1467 4775 posita.
1498 4709 1703 4766 Cantor
1732 4711 1851 4768 sine
1880 4697 1923 4708 ”
1957 4697 2168 4776 meritis
2190 4738 2298 4776 non
2323 4697 2699 4791 praesumens,
2728 4697 2937 4796 preces
2951 4734 3007 4781 et
3050 4728 3378 4791 oblationes.
3409 4743 3558 4799 quas

268 4786 448 4859 aliqua
474 4788 799 4846 necessitate
830 4800 980 4849 tenet
1005 4794 1219 4850 tabulas
1246 4807 1470 4868 propter
1494 4800 1624 4857 illud
1658 4819 1671 4857 :
1708 4802 1854 4858 Lau-

266 4880 389 4935 dent
411 4896 602 4936 nomen
636 4880 853 4937 Domini
872 4883 929 4939 in
953 4886 1113 4942 choro
1138 4928 1154 4953 ,
1191 4897 1248 4943 et
1284 4890 1513 4961 reliqua.
1548 4891 1676 4949 Haec
1700 4895 1849 4966 iubi—

265 4970 424 5036 latio,
454 4984 620 5042 quam
647 4974 969 5043 sequentium
994 4986 1220 5044 vocant,
1272 4979 1399 5035 illud
1429 4989 1641 5054 tempus
1683 4987 1849 5059 signi-

265 5061 393 5116 ﬁcat
411 5100 427 5126 ,
456 5061 676 5131 quando
698 5078 807 5119 non
831 5073 952 5120 erat
976 5071 1285 5126 necessaria
1310 5071 1508 5129 locutio
1528 5077 1842 5146 verborum,

264 5150 359 5207 sed
381 5151 496 5206 sola
520 5152 850 5224 cogitatione
876 5172 1029 5213 mens
1060 5161 1230 5215 menti
1280 5168 1607 5223 monstrabit
1632 5209 1647 5234 ,
1701 5173 1848 5241 quod

263 5246 462 5303 retinet
482 5246 537 5301 in
560 5263 639 5303 se.
673 5259 697 5288 ο
717 5247 1040 5308 Anastasius
1064 5268 1203 5326 papa
1230 5256 1482 5325 instituit,
1514 5271 1573 5317 ut
1602 5264 1850 5333 quoties-

263 5351 479 5409 cunque
496 5338 849 5411 Evangelium
864 5341 1081 5415 legitur,
1112 5349 1423 5405 sacerdotes
1439 5366 1545 5406 non
1570 5354 1844 5425 sederent,

333 5462 362 5492 ι
402 5450 712 5510 Amalarius
736 5454 870 5512 ibid.

330 5527 362 5562 ³
392 5522 572 5578 Amat.
604 5523 726 5596 iibr.
761 5541 994 5596 uncap.
1027 5526 1078 5583 7.

330 5602 357 5677 ξ
397 5595 573 5677 Amat.
600 5594 730 5676 ibid.
751 5604 807 5677 et
828 5594 980 5677 litigo
1006 5599 1246 5677 Menard.
1286 5612 1399 5658 not.
1432 5605 1487 5659 7.

328 5660 357 5702 ἀ
393 5662 721 5742 Amalarius,
750 5664 855 5742 loc.
883 5660 976 5742 cit.
1005 5686 1126 5742 cap.
1152 5672 1240 5726 10.

335 5743 361 5812 ς
395 5733 726 5812 Amalarius,
750 5735 852 5812 loc.
883 5737 977 5793 cit.
1176 5743 1263 5800 18.

336 5802 354 5842 ί
398 5804 599 5870 Amal.,
638 5806 742 5861 loc.
774 5807 867 5863 cit.
896 5823 1016 5870 cap.
1049 5802 1138 5865 ἵε.

335 5875 360 5914 ⁸
399 5875 458 5933 S.
489 5875 625 5947 Aug.
652 5878 773 5933 libr.
808 5895 842 5933 ι
874 5878 937 5934 de
963 5875 1121 5937 Civit.
1154 5883 1270 5951 Dei,
1299 5902 1419 5957 cap.
1446 5887 1497 5943 ὃ.

1955 4811 2067 4869 Deo
2089 4815 2444 4885 omnipotenti
2472 4814 2669 4872 oﬁ‘errc
2696 4819 3002 4886 desiderat,
3028 4835 3128 4891 per
3172 4822 3543 4877 ministerium

1954 4911 2009 4960 et
2030 4906 2337 4959 orationem
2360 4907 2661 4962 sacerdotis
2693 4910 2761 4964 ad
2803 4908 2971 4964 Deum
2998 4912 3354 4982 transmittat,
3380 4927 3550 4982 quem

1954 4994 2312 5050 mediatorcm
2340 4996 2485 5051 inter
2512 5012 2570 5053 se
2599 5006 2655 5052 et
2683 4999 2832 5054 illum
2880 5015 3005 5055 esse
3042 5002 3344 5071 cogn05cit,
3371 5000 3545 5058 conﬁ-

1951 5083 2085 5141 dens
2110 5102 2209 5156 pcr
2231 5085 2349 5156 ejus
2370 5089 2676 5145 orationem
2699 5099 2862 5161 atque
2893 5092 3337 5148 intercessionem
3369 5107 3401 5147 a
3434 5107 3546 5148 ma-

1951 5174 2019 5231 lis
2039 5176 2291 5231 omnibus
2331 5178 2577 5245 liberari,
2614 5191 2776 5253 atque
2800 5182 3038 5235 creatori
3073 5197 3174 5239 suo
3197 5182 3545 5239 reconciliari

1952 5269 2085 5323 etin
2111 5270 2367 5325 omnibus
2398 5272 2763 5327 corroborari.
2801 5272 2896 5327 Vel
2926 5274 3094 5329 missa
3118 5314 3134 5339 ,
3190 5281 3248 5328 ut
3297 5273 3551 5329 Isidorus

1950 5360 2082 5416 dicit
2110 5358 2155 5427 ι,
2183 5361 2328 5415 dicta
2358 5371 2445 5417 est
2470 5362 2539 5417 ab
2568 5364 2886 5419 emittcudo.
2930 5364 3197 5435 Tempore
3243 5366 3388 5423 enim
3432 5382 3551 5438 quo

2022 5472 2049 5546 t-
2089 5471 2417 5546 Amalarius,
2444 5472 2548 5529 loc.
2583 5476 2675 5530 cit.
2704 5492 2825 5546 cap.
2857 5476 2927 5532 32
2957 5477 3009 5533 in
3038 5476 3168 5534 ﬁne.

2025 5544 2045 5615 ,ξ
2091 5541 2290 5615 Ant-aL,
2317 5543 2418 5597 loc.
2444 5546 2539 5599 cit.
2572 5560 2690 5615 cap.
2724 5541 2814 5601 55.

2023 5612 2038 5663 i
2090 5612 2371 5689 Tribuitur
2393 5612 2767 5689 a__ltlabillonio
2787 5625 2849 5689 et
2863 5617 2992 5689 aliis
3004 5617 3249 5689 Remigio
3270 5619 3543 5679 Autissio-

1950 5683 2201 5764 degensi,
2234 5691 2365 5739 tom.
2417 5683 2460 5739 V
2507 5686 2771 5743 Actorum
2817 5686 2919 5743 SS.
2964 5688 3096 5747 0rd.
3140 5683 3374 5758 lienem,
3406 5708 3537 5764 pag.

2227 5823 2409 5907 gravis
2431 5826 2682 5907 expositio
2708 5828 2898 5907 misse.

2027 5893 2045 5932 ι
2088 5894 2210 5950 lsid.
2247 5896 2369 5951 libr.
2402 5893 2690 5969 vr.'0rig.,
2724 5913 2842 5969 cap.
2877 5899 2961 5952 t“.
