4092 6522
537 396 554 449 Ι
568 393 669 448 247

1374 380 1437 435 Β.
1480 377 1540 432 F.
1582 374 1809 432 ALBINI
1848 370 1980 428 SEU
2021 368 2300 425 ALCUINI
2337 367 2624 425 OPERUM
2659 366 2840 423 PARS
2878 366 2971 421 IX.

3668 360 3823 417 ista

529 507 785 567 sacerdos
823 501 1012 572 incipit
1040 509 1361 554 consecrare
1384 505 1585 561 corpus
1629 487 1996 549 Dominicum,
2028 481 2108 536 di—
2137 484 2187 541 Α
2215 479 2283 534 ad
2328 480 2645 534 memoriam
2676 493 2939 534 revocans
2960 517 2976 543 ,
3028 476 3169 532 sicut
3212 474 3468 531 Christus
3503 474 3819 531 cruciﬁxus

527 598 760 657 cendum
788 600 873 648 est
894 607 927 647 a
951 591 1180 647 diacono
1201 593 1323 656 post
1335 581 1686 652 Evangeliurn
1717 596 1729 633 :
1758 576 1955 647 Siquis
1973 583 2116 629 cate-

526 690 812 743 chumemts
834 690 936 747 est,
964 677 1210 744 procedat
1235 675 1402 745 foras.
1446 672 1515 739 Et
1539 672 1667 741 quia
1692 678 1823 724 tunc
1847 667 2114 723 emittun-

530 790 620 834 tur
643 772 1025 834 catechumeni
1063 771 1132 825 ab
1171 767 1427 832 ecclesia,
1456 765 1548 834 qui
1579 778 1686 818 non
1714 762 1913 816 debent
1947 758 2117 813 inter-

526 886 653 927 esse
701 867 878 923 sacris
905 863 1209 936 mysteriis,
1264 875 1333 916 eo
1377 857 1523 927 quod
1560 855 1800 910 nondum
1829 859 1958 907 sunt
1991 864 2117 921 pcr-

527 962 679 1017 fecti.
701 960 827 1015 Sive
855 957 964 1012 alio
989 954 1149 1009 modo
1187 958 1368 1021 potest
1402 947 1509 1003 dici
1535 945 1724 1009 missa,
1755 958 1821 997 eo
1845 940 1988 1011 quod
2016 952 2116 993 nos

529 1055 710 1108 mittat
733 1050 802 1104 ad
847 1049 1036 1103 Deum.
1077 1043 1203 1097 Ideo
1228 1048 1413 1094 autem
1444 1052 1554 1091 non
1594 1035 1663 1089 ab
1709 1030 2007 1102 apostolica
2031 1028 2114 1082 vel

528 1140 838 1213 evangeliea
859 1136 1115 1199 lectione,
1143 1130 1286 1201 quod
1315 1126 1492 1197 majus
1513 1139 1635 1180 esse
1658 1128 1892 1186 constat,
1911 1117 2116 1213 eadem

530 1208 697 1291 missa
737 1231 1042 1294 inchoatur,
1086 1224 1185 1280 sed
1212 1222 1397 1294 potius
1436 1214 1683 1273 canendo
1730 1222 1783 1267 et
1810 1208 2113 1282 psallendo,

530 1334 799 1397 quatenus
829 1319 1058 1377 dulcedo
1081 1312 1363 1371 suavitatis
1387 1310 1552 1365 corda
1583 1304 1920 1397 audientium
1961 1300 2117 1397 prius

529 1392 855 1470 demulceat.
876 1419 933 1466 et
955 1409 1036 1465 sic
1049 1414 1172 1477 post
1196 1392 2117 1475 modulationemsuaviscantilenae

530 1509 586 1562 in
615 1503 988 1577 spiritualibus
1040 1499 1203 1555 rebus
1255 1494 1485 1568 populus
1518 1507 1618 1562 per
1640 1488 2115 1559 compunctionem

530 1599 729 1654 mentis
747 1598 1008 1658 intentus,
1030 1587 1313 1649 salutifera
1325 1584 1603 1655 Evangelii
1623 1583 1791 1641 verba
1806 1579 2016 1637 ardenti
2036 1578 2118 1634 af-

533 1692 679 1747 fectu
713 1687 993 1759 suscipiat.

601 1799 755 1867 Quod
777 1806 960 1853 autem
982 1794 1213 1869 populus
1234 1791 1519 1849 Dominico
1538 1790 1644 1856 die,
1666 1788 1783 1845 sive
1803 1786 2118 1844 solemnita-

532 1900 671 1958 tum,
689 1893 757 1945 ad
778 1889 1068 1945 ecclesiam
1094 1884 1335 1949 conﬂuit,
1359 1883 1425 1939 ad
1449 1884 1811 1939 imitationem
1834 1879 2117 1936 Israelitici

528 1981 712 2054 populi
732 1981 969 2037 creditur
993 1978 1131 2045 ﬁeri,
1166 1977 1258 2048 qui
1281 1974 1618 2046 temporibus
1637 1973 1856 2028 statutis
1869 1970 2037 2043 498
2052 1969 2120 2024 ad

529 2069 788 2142 templum
816 2069 1029 2124 Domini
1057 2065 1394 2129 conﬂuebat,
1423 2072 1481 2119 et
1508 2078 1605 2119 sex
1640 2063 1831 2117 diebus
1856 2074 2115 2131 operans,

528 2164 760 2233 septimo
789 2162 859 2219 ab
885 2161 1036 2217 omni
1064 2174 1229 2231 opere
1283 2157 1465 2214 servili
1512 2156 1860 2226 requiescere
1892 2151 2121 2224 jubeba-

531 2264 650 2320 tur,
684 2271 791 2309 non
839 2262 1020 2308 tamen
1052 2266 1086 2307 a
1114 2251 1468 2309 meditatione
1515 2248 1672 2320 legis.
1727 2246 1820 2301 Sic
1848 2244 1998 2301 enim
2044 2243 2122 2298 ait

526 2346 819 2415 Apostolus
849 2363 863 2398 :
898 2343 1107 2413 Moyses
1128 2343 1281 2397 habet
1314 2342 1372 2396 in
1407 2338 1630 2412 singulis
1650 2336 1984 2400 ciuitatibus,
2030 2335 2121 2407 qui

526 2451 647 2489 cum
680 2451 773 2505 per
795 2432 1003 2504 singula
1023 2433 1243 2488 sabbata
1268 2433 1552 2504 pradicant
1575 2435 1634 2488 in
1664 2434 1948 2503 synagogis
1972 2430 2114 2502 (Act.

530 2541 622 2591 xv,
648 2524 762 2597 2i).
795 2526 950 2583 Unde
984 2534 1040 2581 et
1071 2526 1347 2581 canticum
1376 2523 1577 2596 Moysis
1604 2540 1704 2597 per
1729 2540 1892 2582 omne
1918 2525 2122 2581 sabba-

529 2624 645 2670 tum
662 2616 717 2671 in
731 2616 974 2672 Ecclesia
998 2617 1231 2671 recitare
1249 2630 1369 2671 mos
1388 2615 1797 2672 ecclesiasticus
1814 2616 2117 2673 consuevit.

530 2709 599 2764 Et
631 2709 773 2780 quod
803 2710 877 2764 illi
908 2709 1184 2765 faciebant
1212 2709 1267 2763 in
1314 2710 1570 2772 sabbato,
1618 2709 1709 2779 qui
1739 2710 1949 2779 primus
1977 2706 2119 2779 apud

530 2801 652 2857 illos
679 2802 736 2855 in
787 2800 982 2857 diebus
1025 2799 1380 2856 hebdomadis
1423 2799 1746 2865 habebatur,
1775 2799 2035 2869 quoniam
2064 2796 2119 2853 in

530 2891 650 2961 ipso
698 2890 969 2961 requievit
1021 2887 1165 2944 Deus
1192 2889 1262 2943 ab
1291 2887 1548 2960 operibus
1577 2888 1721 2955 suis;
1772 2903 1873 2942 nos
1899 2895 2122 2958 propter

532 2982 898 3037 reverentiam
929 2979 1224 3035 Dominicze
1247 2978 1685 3044 resurrectionis,
1732 2978 1817 3033 die
1838 2978 2120 3033 Dominica

529 3086 693 3144 agere
711 3086 988 3127 curamus.
1012 3070 1247 3127 Necesse
1276 3077 1362 3125 est
1385 3070 1550 3134 enim,
1579 3077 1640 3123 ut
1665 3070 1896 3140 populus
1924 3070 2022 3125 Dei
2052 3085 2120 3126 eo

2214 581 2299 628 est
2332 588 2433 643 pro
2474 571 2649 628 salute
2690 572 2919 637 mundi,
2959 572 3035 626 ita
3082 578 3139 625 et
3173 570 3425 625 minister
3452 569 3603 624 verbi
3632 568 3820 638 ipsius

2215 665 2565 735 semetipsum
2610 665 2758 718 vitiis
2784 671 2841 718 et
2866 662 3321 733 concupiscentiis
3350 661 3667 731 crucifigere
3693 676 3817 715 non

2213 755 2603 819 obliviscatur,
2662 768 2765 823 pro
2816 767 3003 807 amore
3058 752 3458 824 Redemptoris.
3521 751 3676 819 Quod
3714 768 3816 807 ea-

2215 848 2337 903 dem
2372 848 2541 903 vestis
2569 846 2957 902 candiditatem
2984 845 3187 911 habet,
3227 847 3466 900 ostendit
3489 846 3810 900 ministrum

2215 934 2418 990 Christi
2456 936 2746 991 candorem
2794 936 3062 990 castitatis
3118 944 3299 990 mente
3351 935 3514 989 simul
3565 944 3623 990 ct
3676 952 3815 991 cor-

2214 1041 2345 1095 pore
2380 1025 2584 1081 habere
2637 1026 2865 1091 debere,
2896 1027 2989 1095 qui
3017 1028 3400 1082 auctoritatem
3445 1026 3810 1096 Evangelium

2215 1116 2540 1185 prmdicandi
2577 1116 2631 1171 in
2660 1118 2908 1172 Ecclesia
2944 1118 3161 1173 retinet.
3215 1117 3392 1173 Habet
3434 1127 3489 1173 ct
3517 1118 3813 1174 coccineas

2217 1207 2471 1277 virgulas,
2501 1209 2820 1280 sanguinem
2835 1209 3037 1266 Christi
3054 1225 3152 1281 pro
3175 1210 3345 1266 salute
3362 1211 3549 1266 mundi
3568 1208 3813 1266 eﬂ‘usum

2217 1296 2578 1353 declarantes.

2287 1388 2729 1447 Praicedeutibus
2755 1392 2824 1446 ad
2862 1391 3037 1448 altare
3068 1392 3364 1459 ministris,
3409 1393 3463 1448 in
3492 1391 3671 1448 medio
3714 1406 3815 1447 eo-

2216 1494 2339 1533 rum
2368 1488 2587 1550 propter
2625 1481 2867 1536 debitum
2914 1483 3176 1538 honorem
3226 1481 3566 1553 evangelium
3593 1480 3811 1537 Christi

2217 1569 2484 1638 defertur,
2516 1578 2771 1642 tanquam
2797 1588 3029 1644 persona
3049 1575 3423 1645 praepotentis,
3449 1573 3815 1644 pmcedenti-

2218 1663 2320 1718 bus
2345 1678 2409 1719 ac
2430 1665 2785 1733 sequentibus
2808 1666 3095 1733 ministris,
3113 1667 3439 1737 constipata,
3464 1680 3587 1721 cum
3611 1679 3816 1734 proce-

2220 1754 2302 1827 dit
2344 1754 2401 1810 in
2454 1754 2750 1825 publicum.
2783 1754 2941 1813 Cerei
2992 1772 3211 1827 quoque
3237 1754 3574 1827 evangelium
3601 1768 3818 1826 praece-

2149 1821 2415 1903 B'dentes
2447 1821 2828 1903 demonstrant
2878 1821 3054 1919 gratia
3088 1821 3683 1918 Elvangeliiinundum,
3710 1846 3815 1915 qui

2222 1946 2342 1994 erat
2370 1939 2426 1994 in
2453 1939 2697 1995 tenebris
2723 1947 3096 2011 peccatorum,
3129 1938 3511 1994 illuminatum.
3535 1936 3688 2004 Quod
3710 1951 3819 1991 au-

2222 2038 2334 2085 tem
2349 2032 2539 2086 eadem
2562 2031 2839 2102 processio
2864 2030 3129 2102 evangelii
3151 2030 3222 2086 ab
3243 2029 3468 2085 australi
3487 2037 3642 2100 parte
3663 2027 3725 2082 ﬁt
3750 2028 3815 2083 in

2221 2120 2437 2198 plagam
2473 2122 2987 2192 septentrionalem,
3018 2121 3262 2178 declarat
3292 2122 3578 2177 Dominum
3622 2117 3819 2175 Iesum

2222 2206 2524 2276 Christum,
2554 2211 2648 2279 qui
2667 2213 2896 2267 verbum
2924 2212 3115 2267 salutis
3127 2212 3327 2267 mundo
3355 2211 3553 2275 intulit,
3588 2226 3618 2265 a
3646 2219 3815 2281 parte

2223 2300 2528 2356 meridiana
2549 2308 2731 2355 ortum
2757 2316 2899 2357 esse.
2925 2301 3063 2357 Nam
3084 2302 3460 2366 Hierusalem,
3491 2302 3547 2356 in
3572 2316 3676 2371 qua
3698 2301 3819 2355 Do—

2223 2392 2404 2448 minus
2426 2389 2586 2448 Jcsus
2611 2392 2862 2447 Christus
2884 2394 3061 2462 primo
3076 2394 3298 2448 verbum
3316 2393 3507 2448 salutis
3521 2394 3822 2447 annuntia-

2221 2480 2320 2546 vit,
2343 2481 2396 2535 in
2418 2481 2647 2537 meridie
2662 2482 2826 2537 habet
2840 2482 3139 2551 Bethleem,
3165 2498 3319 2555 aquo
3342 2484 3462 2540 loco
3483 2485 3597 2555 ipse
3621 2482 3823 2539 Salva-

2224 2577 2311 2626 tor
2331 2573 2501 2637 venit,
2550 2572 2693 2628 sicut
2720 2574 2983 2645 scriptum
3011 2582 3096 2630 est
3125 2588 3142 2627 :
3170 2573 3313 2631 Deus
3337 2576 3402 2628 ab
3432 2583 3612 2629 austro
3641 2575 3820 2630 ueniet

2223 2661 2456 2735 (llabac.
2488 2680 2574 2732 ιιι,
2597 2664 2678 2738 5).
2724 2694 2733 2701 ·

2292 2774 2528 2832 Cantore
2555 2775 2870 2848 incipiente,
2901 2775 3066 2848 Kyrie
3091 2776 3308 2846 eleison,
3336 2778 3678 2834 collocantur
3716 2793 3817 2835 ce-

2223 2865 2303 2920 rei
2333 2865 2389 2921 in
2413 2866 2605 2922 ordine
2650 2882 2683 2922 a
2733 2878 2892 2937 parte
2934 2868 3164 2924 australi
3200 2870 3255 2925 in
3285 2871 3715 2940 septentrionem
3742 2871 3824 2927 ab

2225 2956 2461 3029 acolyto,
2495 2957 2816 3015 ostendente
2865 2958 2970 3016 hoc
3019 2957 3201 3027 facto,
3250 2960 3397 3032 quod
3439 2962 3699 3017 misertus
3741 2963 3821 3017 sit

2226 3052 2488 3108 Dominus
2525 3054 2870 3123 omnipotens
2898 3053 3122 3121 mundo,
3168 3056 3223 3109 in
3258 3055 3489 3111 meridie
3516 3063 3573 3109 et
3600 3064 3824 3126 septen-

530 3138 638 3231 die,
690 3178 799 3235 quo
850 3161 1113 3218 Dominus
1165 3159 1503 3226 resurrexit,
1536 3176 1569 3215 a
1596 3138 1872 3216 rural—ibus
1916 3177 2121 3219 vacans
2148 3172 2198 3240 α
2228 3138 2581 3240 ῗί⁰“ῗ’,¹⁶εἶ⁰
2607 3147 2800 3240 δυίθαξ
2815 3138 2982 3212 Κυνὼ
3007 3139 3203 3240 de?”
3240 3140 3499 3240 “fauni
3520 3141 3728 3240 Gram}
3757 3152 3823 3198 ⁸⁸

528 3256 786 3327 operibus
808 3296 824 3319 ,
856 3254 1163 3310 instruatur
1207 3252 1480 3324 quomodo
1507 3267 1606 3324 per
1630 3260 1798 3307 totam
1828 3254 2123 3310 hebdoma-

533 3348 660 3401 dam
681 3344 1005 3416 Spiritaliter
1027 3343 1138 3399 Deo
1157 3344 1342 3397 vivere
1364 3341 1591 3410 debeat;
1621 3351 1676 3399 et
1702 3344 1796 3415 qui
1820 3359 1920 3416 per
1946 3351 2122 3400 totam

536 3436 938 3493 hebdomadam
978 3449 1167 3492 curam
1196 3434 1443 3505 corporis
1470 3436 1724 3491 morituri
1751 3437 2126 3494 indesinenter

531 3528 665 3600 egit,
689 3543 755 3584 eo
772 3527 858 3583 die
880 3541 1065 3582 curam
1086 3524 1283 3581 animae
1307 3525 1361 3581 in
1376 3535 1699 3598 perpetuum
1721 3528 1947 3584 victura:
1962 3543 2125 3602 agere

534 3627 712 3676 curet.

603 3732 791 3789 Primo
814 3731 1060 3788 omnium
1104 3731 1307 3788 dicitur
1352 3731 1649 3804 antiphona
1692 3732 1761 3788 ad
1810 3733 2119 3789 introitum.

534 3824 849 3895 Antiphona
883 3839 952 3878 ex
982 3822 1177 3880 Graeco
1202 3823 1593 3895 interpretatur
1612 3840 1719 3879 vox
1741 3826 2027 3896 reciproca
2062 3826 2119 3881 in

538 3916 757 3981 Latino,
787 3915 998 3973 duobus
1024 3914 1337 3969 alternatim
1364 3915 1741 3985 psallentibus,
1764 3917 1956 3972 ordine
1975 3932 2127 3971 com-

541 4013 782 4071 mutato,
838 4004 955 4059 sive
981 4004 1050 4059 de
1098 4018 1209 4059 uno
1239 4004 1310 4059 ad
1358 4019 1544 4059 unum.
1587 4005 1743 4072 Quod
1777 4021 1947 4077 genus
1982 4005 2127 4078 psal—

536 4096 681 4152 lendi
705 4095 884 4151 Graeci
902 4094 1179 4151 invenisse
1206 4095 1496 4151 traduntur
1522 4111 1677 4167 :qua:
1698 4096 1820 4152 ideo
1840 4096 1922 4150 Ad
1941 4096 2129 4152 introi-

537 4193 651 4239 tum
674 4184 897 4250 dicitur,
919 4184 1047 4255 quia
1076 4199 1178 4255 per
1201 4186 1347 4241 hanc
1375 4185 1663 4243 introimus
1688 4184 1757 4241 ad
1784 4184 2020 4242 oﬂicium
2047 4188 2130 4242 di-

538 4277 741 4343 vinum,
775 4277 919 4333 sicut
948 4292 1045 4348 per
1070 4276 1355 4333 introitum
1384 4279 1513 4335 ostii
1558 4280 1627 4337 ad
1664 4288 1880 4336 secreta
1910 4281 2124 4338 domus.

540 4369 745 4425 Deinde
772 4370 1108 4440 imponitur:
1144 4366 1329 4424 Gloria
1345 4366 1501 4425 Patri
1528 4380 1578 4425 et
1604 4368 1756 4427 Filio
1798 4381 1858 4428 et
1906 4369 2127 4444 Spiritui

538 4469 744 4516 sancto.
784 4458 917 4528 Quae
960 4461 1125 4515 verba
1172 4461 1241 4517 ad
1286 4461 1606 4517 divisionem
1634 4464 1995 4533 psalmorum,
2031 4464 2128 4534 qui

2228 3230 2404 3286 Graeci
2432 3229 2626 3286 Latine
2673 3231 2975 3301 proferunt,
3033 3232 3161 3303 quia
3211 3240 3269 3288 et
3300 3232 3514 3289 illorum
3560 3233 3821 3304 quaedam

2223 3327 2415 3384 Graeca
2435 3327 2715 3382 honestius
2731 3342 2892 3398 quam
2913 3326 3125 3393 Latina,
3146 3335 3203 3382 et
3217 3327 3464 3397 quazdam
3478 3326 3671 3382 Latina
3696 3342 3822 3383 me-

2224 3419 2331 3475 lius
2352 3435 2516 3491 quam
2537 3418 2727 3476 Graeca
2758 3428 2973 3487 sonant,
3005 3427 3063 3476 et
3106 3430 3166 3476 ut
3214 3435 3383 3475 unum
3408 3421 3529 3491 ejus
3554 3419 3817 3492 populum

2225 3527 2327 3569 nos
2342 3526 2463 3569 esse
2488 3513 2858 3580 ostendamus,
2888 3526 3170 3583 unumque
3198 3511 3371 3567 Deum
3399 3519 3696 3584 utrumque
3718 3527 3823 3585 po-

2224 3603 2411 3676 pulum
2454 3606 2698 3671 credere,
2747 3603 2936 3675 Kgrie,
2992 3604 3239 3670 Domine,
3272 3603 3499 3672 eleison,
3532 3606 3819 3661 miserere.

2226 3694 2451 3764 Christe,
2482 3696 2698 3765 eleison,
2723 3697 2900 3762 idest,
2923 3698 3087 3767 quies
3100 3706 3294 3752 unctus
3319 3714 3428 3753 non
3455 3700 3575 3753 oleo
3593 3699 3820 3767 visibili,

2226 3790 2322 3845 sed
2351 3789 2687 3861 plenitudine
2713 3789 3046 3857 divinitatis,
3079 3790 3357 3845 miserere.
3408 3789 3545 3844 Nam
3582 3790 3825 3846 chrisma

2224 3881 2428 3938 dicitur
2457 3885 2657 3939 unctio.

2297 3976 2492 4048 Incipit
2517 3977 2710 4033 deinde
2752 3975 3010 4032 sacerdos
3045 3994 3059 4031 :
3106 3971 3291 4031 Gloria
3320 3977 3376 4030 in
3417 3976 3636 4031 excelsis
3679 3973 3818 4042 Deo,

2227 4068 2491 4140 hymnum
2516 4068 2573 4123 in
2598 4066 2882 4122 nativitate
2913 4064 3215 4121 Salvatoris
3259 4064 3329 4121 ab
3368 4065 3575 4137 angelis
3614 4066 3818 4141 decan-

2228 4167 2441 4215 tatum:
2472 4158 2568 4215 sed
2590 4174 2621 4213 a
2654 4158 2817 4214 beato
2848 4155 3054 4212 Hilario
3096 4156 3425 4213 Pictaviensi
3449 4166 3639 4227 postea
3668 4169 3694 4198 ι
3718 4172 3819 4213 au-

2229 4258 2379 4307 ctum
2411 4257 2468 4307 et
2496 4256 2966 4317 consummatum,
2993 4258 3050 4306 et
3089 4249 3195 4305 hoc
3236 4249 3414 4319 ipsum
3438 4248 3506 4303 ad
3556 4248 3821 4306 imitatio-

2230 4362 2357 4401 nem
2386 4344 2731 4418 angelorum,
2762 4351 2826 4400 ut
2854 4346 3209 4401 esttandamus
3238 4358 3340 4399 nos
3364 4343 3613 4399 eumdem
3635 4341 3825 4403 Domiv

2230 4453 2361 4494 num
2384 4436 2566 4494 colere
2590 4436 2645 4493 in
2670 4437 2864 4503 terris,
2912 4451 3073 4509 quem
3101 4442 3156 4493 et
3182 4434 3375 4509 Angeli
3408 4443 3737 4493 venerantur
3763 4437 3821 4493 in

540 4551 694 4624 prius
745 4550 1120 4607 indifferenter
1171 4553 1538 4621 canebantur,
1600 4530 1794 4611 beatus
1856 4530 2124 4626 Hierony-
2156 4541 2208 4604 Ι)
2234 4530 2413 4586 cmlis.

540 4660 666 4700 mus
691 4685 708 4709 ,
748 4643 984 4701 Damaso
1020 4660 1161 4717 papa
1196 4653 1415 4717 petente
1439 4688 1456 4713 ,
1496 4650 1824 4718 composuit.
1863 4648 1971 4707 Sed
1998 4666 2127 4707 cum

541 4753 888 4808 nequaquam
930 4739 985 4795 id
1029 4738 1303 4796 sulliceret
1328 4781 1346 4807 ,
1390 4741 1662 4811 praedicto
1698 4744 1999 4815 apostolico
2026 4743 2129 4799 ite—

542 4849 663 4889 rum
703 4842 1058 4904 suggerente,
1098 4832 1307 4893 addidit
1333 4835 1509 4890 adhue
1541 4849 1556 4888 :
1584 4831 1735 4889 Sicut
1763 4844 1880 4890 erat
1907 4835 1965 4890 in
1988 4837 2133 4907 prin-

542 4926 679 4997 cipio
704 4965 721 4991 ,
760 4932 867 4980 etc.
906 4923 974 4979 Et
1003 4926 1107 4983 hoc
1135 4925 1203 4981 ad
1233 4934 1428 4981 nutum
1452 4925 1667 4981 diaconi
1695 4926 1773 4983 ait
1802 4934 2019 4993 cantor,
2048 4925 2130 4981 si—

542 5028 638 5076 cut
663 5029 721 5075 et
741 5018 905 5091 Hyrie
925 5018 1141 5085 eleison,
1170 5019 1299 5090 quia
1327 5021 1395 5075 ad
1424 5020 1528 5074 hoc
1555 5019 1611 5073 in
1646 5017 2013 5075 ministerium
2036 5017 2133 5074 ad-

545 5114 809 5178 mittitur,
834 5120 895 5166 ut
914 5110 1148 5168 cilicium
1173 5113 1386 5185 integre
1414 5112 1601 5184 peragi
1629 5113 1822 5182 possit.
1854 5112 2130 5180 Quoniam

544 5211 829 5280 presbyter
854 5209 973 5266 sine
1015 5210 1243 5266 diacono
1290 5225 1488 5267 nomen
1518 5211 1686 5267 habet
1708 5251 1721 5277 ,
1750 5208 1985 5267 otl'icium
2020 5225 2131 5266 non

547 5300 730 5356 habet.

617 5390 795 5446 Induit
817 5392 1077 5449 diaconus
1110 5393 1451 5449 dalmaticam
1477 5393 1530 5448 in
1557 5394 1967 5450 similitudinem
2000 5406 2133 5450 cru-

547 5481 627 5539 cis
648 5523 663 5548 ,
706 5492 767 5539 ut
794 5483 888 5555 qui
914 5484 1166 5541 minister
1185 5485 1338 5542 verbi
1365 5484 1600 5551 Christi,
1632 5486 1943 5556 passionem
1988 5484 2133 5541 illius

617 5652 646 5682 ι
687 5639 778 5697 Sic
805 5639 1148 5713 Mabillonius
1171 5641 1383 5713 legitin
1403 5640 1646 5712 Liturgia
1672 5639 1948 5713 Gallicana
1993 5648 2128 5696 tom.

549 5710 590 5773 1,
634 5726 753 5780 cap.
796 5712 850 5775 4,
899 5728 1021 5782 pag.
1055 5711 1143 5768 29.
1176 5710 1331 5782 Apud
1357 5710 1754 5779 Quereetanum
1806 5712 2129 5781 legebatur,

550 5792 725 5853 postea
754 5792 925 5837 actum
950 5825 961 5849 ,
988 5782 1139 5849 loco,
1166 5792 1396 5838 auctum.
1432 5783 1507 5841 Dc
1528 5793 1748 5838 auctore
1764 5782 1921 5852 hujus
1939 5784 2006 5853 hy
2019 5784 2131 5837 mni

2306 4640 2503 4698 Postea
2529 4641 2665 4698 dicit
2684 4638 2970 4698 sacerdos:
2995 4640 3255 4697 Dominus
3265 4642 3553 4709 vobiscum,
3578 4642 3821 4699 salutans

2232 4732 2492 4805 pepulum
2516 4739 2572 4788 et
2599 4746 2783 4795 orans,
2810 4739 2873 4787 ut
2889 4731 3153 4788 Dominus
3177 4732 3251 4788 sit
3276 4748 3399 4787 cum
3428 4732 3541 4800 eis,
3576 4732 3718 4789 sicut
3740 4734 3823 4789 di-

2236 4832 2435 4897 gnatus
2461 4830 2549 4878 est
2571 4821 2755 4877 dicere
2777 4836 2878 4894 per
2889 4821 3249 4893 Prophetam:
3276 4820 3590 4881 lnhabitabo
3616 4823 3671 4877 in
3692 4823 3820 4887 illis,

2236 4921 2294 4968 et
2319 4912 2527 4982 reliqua
2576 4909 2664 4983 (11
2696 4909 2819 4968 Cor.
2847 4927 2928 4981 vr,
2958 4911 3049 4984 i6)
3078 4930 3092 4966 :
3125 4921 3182 4967 et
3206 4910 3351 4983 (mod
3391 4908 3642 4969 Salvator
3688 4913 3822 4971 dixit

2236 5004 2517 5075 discipulis
2561 5004 2697 5071 suis,
2744 5005 2877 5061 etin
2906 5003 3031 5071 illis,
3074 5004 3330 5061 omnibus
3359 5003 3610 5062 ﬁdelibus
3642 5025 3656 5061 :
3688 5004 3824 5064 Ecce

2236 5112 2331 5167 ego
2356 5096 2621 5150 vobiscum
2648 5112 2768 5150 sum
2798 5094 3015 5169 (Matth.
3048 5112 3241 5163 xsvm,
3272 5095 3388 5169 20).
3418 5096 3521 5165 Qui
3543 5098 3822 5155 salutatio-

2236 5190 2322 5245 nis
2350 5205 2533 5246 sermo
2562 5202 2670 5245 non
2700 5188 2940 5244 humano
2967 5189 3198 5245 arbitrio
3234 5190 3599 5261 compositus,
3626 5190 3720 5245 scd
3754 5207 3819 5247 ex

2235 5281 2432 5337 divina:
2458 5280 2755 5353 Scriptura:
2777 5280 3107 5336 auctoritate
3129 5280 3393 5352 probatur
3418 5289 3664 5351 sumptus
3680 5322 3696 5346 ,
3727 5282 3819 5337 ubi

2236 5370 2551 5442 frequenter
2588 5381 2646 5427 et
2679 5371 3033 5443 singulariter
3070 5379 3127 5427 et
3157 5372 3451 5443 plurariter
3485 5374 3699 5445 positus
3739 5373 3817 5430 le-

2231 5462 2379 5533 gitur
2414 5461 2842 5532 :singulariter,
2891 5462 3034 5517 sicut
3076 5461 3304 5534 angelus
3353 5464 3424 5520 ad
3462 5464 3677 5521 beatam
3707 5463 3818 5523 Ma-

2236 5644 2485 5718 videatur
2514 5642 2899 5718 :I‘illemontius
2944 5649 3076 5718 tom.
3112 5644 3224 5718 VII,
3259 5662 3383 5718 pag.
3437 5646 3575 5713 467;
3621 5657 3678 5702 et
3727 5647 3821 5714 Bi-

2239 5714 2470 5791 vetusju
2504 5712 2674 5791 Gallia
2712 5714 3001 5791 Litteraria
3028 5724 3155 5771 tom.
3192 5710 3416 5788 l,'pavrt.
3454 5736 3513 5787 Il,
3541 5710 3668 5791 pag.
3699 5710 3820 5779 180.

2243 5785 2358 5838 Vid.
2393 5784 2527 5856 Hug.
2557 5783 2795 5840 Mcnard.
2829 5792 2942 5840 not.
2973 5786 3024 5839 7.
