4092 6564
212 457 350 515 ηω

1024 463 1173 520 ΟΡΡ.
1216 464 1620 522 SUPPOSITA.
1660 496 1726 504 ——
1764 463 1889 518 LIB.
1934 465 2021 519 DE
2058 464 2306 520 DIVINIS
2343 463 2649 521 OFFlCllS.

3334 464 3474 522 49.50

210 577 344 631 riam
368 590 383 630 :
403 574 528 639 Ave,
557 577 727 646 gratia
752 574 925 648 plena,
950 578 1203 633 Dominus
1225 590 1392 633 tecum
1409 579 1562 651 (Luc.
1592 578 1738 650 1,228)
1769 596 1779 629 ι
1819 582 1862 635 Α
1892 577 2044 630 tiam.
2076 577 2242 631 Amen
2277 592 2406 633 vero
2437 576 2780 632 conﬁrmatio
2799 584 2885 632 est
2911 576 3176 632 orationis
3198 591 3228 631 a
3254 579 3471 648 populo.

208 675 264 719 et
302 665 445 720 sicut
480 665 551 720 ad
595 664 903 721 Gedeonem
951 668 1202 722 similiter
1236 667 1457 735 angelus
1501 667 1788 721 salutando

207 755 345 810 dixit
376 773 389 809 :
425 754 680 810 Dominus
705 765 894 820 tecum,
921 757 1150 810 uirorum
1172 755 1452 825 fortissime
1475 755 1676 825 (Judic.
1709 770 1785 819 vt,

208 846 297 917 42)
325 861 340 899 τ
375 845 676 911 Pluraliter,
701 847 842 901 sicut
872 848 926 901 in
959 845 1095 902 libro
1124 846 1271 900 Ruth
1295 844 1495 915 legitur
1522 844 1665 900 Boos
1693 859 1784 899 sa-

208 939 429 995 lutando
451 938 652 994 dixisse
685 940 1018 994 messoribus
1044 938 1158 994 suis
1183 956 1196 990 :
1238 937 1494 993 Dominus
1523 936 1786 991 vobiscum

208 1028 395 1100 (Ruth.
424 1046 503 1095 st,
526 1029 582 1103 4)
616 1048 628 1083 :
659 1038 715 1084 et
742 1030 883 1084 sicut
907 1030 961 1084 iu
986 1029 1442 1106 Paralipomenon
1464 1029 1729 1098 propheta
1756 1041 1786 1081 a

207 1122 319 1177 Deo
345 1122 559 1185 missus,
616 1121 889 1176 invenitur
941 1120 1205 1175 salutasse
1252 1118 1363 1173 Aza
1414 1132 1597 1188 regem
1649 1114 1785 1173 Juda

209 1225 335 1267 eum
378 1211 621 1267 exercitu
650 1227 748 1266 suo
779 1211 1015 1267 victores
1061 1212 1127 1265 de
1174 1210 1363 1280 praelio
1401 1217 1732 1264 revertentes
1768 1227 1781 1261 :

213 1300 468 1357 Dominus
488 1304 773 1367 vobiscum,
801 1302 928 1375 quia
958 1303 1133 1373 fuistis
1154 1319 1273 1356 cum
1296 1301 1524 1356 Domino
1554 1300 1642 1372 (ΙΙ
1672 1299 1785 1355 Pa-

208 1396 311 1452 ral.
343 1413 434 1462 xv,
460 1397 538 1468 ‘2).
578 1396 823 1453 Ecclesia
866 1412 998 1468 ergo
1048 1404 1161 1452 tam
1211 1396 1415 1451 salubri
1464 1395 1787 1450 salutatione

208 1487 506 1542 sacerdotis
543 1495 803 1557 accepta,
858 1495 914 1542 et
961 1487 1075 1556 ipsa
1133 1487 1478 1543 resalutando
1530 1494 1693 1554 orat,
1731 1494 1787 1542 et

206 1576 413 1632 orando
462 1576 723 1631 resalutat
763 1592 778 1629 :
828 1576 1132 1648 postulans,
1184 1584 1246 1631 ut
1296 1577 1439 1632 sicut
1466 1575 1555 1630 ille
1582 1576 1788 1646 optavit

208 1665 504 1720 Dominum
516 1680 637 1721 esse
660 1682 783 1721 cum
811 1666 962 1735 ipsis,
990 1667 1064 1721 ita
1090 1667 1163 1720 sit
1181 1673 1379 1722 etcum
1402 1666 1543 1736 ipso,
1566 1666 1782 1721 dicens:

208 1755 419 1811 Etcum
441 1756 630 1827 spiritu
655 1761 766 1823 tuo,
797 1756 851 1811 id
893 1764 1000 1823 est,
1040 1772 1164 1811 cum
1192 1758 1372 1813 anima
1400 1766 1493 1812 tua
1518 1758 1591 1813 sit
1613 1756 1790 1812 omni-

208 1854 402 1917 potens
421 1848 585 1913 Deus,
616 1855 678 1903 ut
720 1848 881 1919 digne
905 1864 1004 1918 pro
1036 1857 1221 1903 nostra
1276 1847 1452 1903 salute
1496 1863 1619 1903 eum
1659 1862 1789 1901 exo-

1890 666 2279 735 lnterprctatur
2320 668 2486 734 enim,
2537 680 2699 733 vere,
2740 666 2857 722 sive
2908 666 3162 731 ﬁdeliter,
3214 676 3473 739 tanquam

1888 758 2219 829 respondens
2247 758 2473 828 populus
2517 758 2663 814 dicat
2687 775 2701 814 :
2727 759 2868 815 Vere
2904 758 2980 814 ita
3027 758 3261 815 ﬁdeliter
3297 762 3478 817 credi-

1887 864 2012 904 mus
2030 850 2171 905 sicut
2191 849 2348 915 dicis,
2379 850 2574 904 Filium
2602 850 2854 906 videlicet
2876 851 2975 907 Dei
3002 859 3130 907 ante
3162 852 3345 921 omnia
3376 869 3473 908 8&2-

1886 943 2030 1008 cula,
2060 953 2115 999 et
2138 944 2193 998 in
2232 943 2505 1013 praesenti,
2536 953 2593 999 et
2621 944 2675 999 in
2699 942 2881 1000 futuro
2904 961 3130 1017 regnare
3151 961 3277 1002 cum
3316 944 3478 1002 Patre

1886 1041 1942 1088 et
1984 1034 2188 1104 Spiritu
2232 1042 2441 1099 sancto,
2495 1043 2551 1090 et
2602 1050 2829 1106 regnum
2876 1050 2942 1091 ac
2986 1044 3317 1106 potestatem
3358 1038 3481 1109 ejus

1887 1124 2034 1178 nullo
2056 1125 2163 1179 line
2191 1124 2462 1179 concludi.

1958 1212 2162 1269 Deinde
2187 1213 2433 1281 sequitur
2452 1213 2610 1269 lectio
2635 1215 2929 1285 apostolica
2956 1225 3082 1271 ante
3098 1217 3476 1288 Evangelium,

1886 1317 1995 1357 non
2018 1317 2183 1357 causa
2230 1302 2541 1372 dignitatis,
2583 1305 2681 1360 sed
2725 1307 2793 1360 ad
2830 1321 3038 1361 morem
3090 1309 3475 1377 apostolorum,

1886 1392 2133 1462 quiante
2180 1393 2467 1448 Dominum
2512 1396 2685 1462 ibant,
2726 1396 2869 1453 sicut
2896 1408 3082 1453 narrat
3109 1400 3479 1470 Evangelium,

1886 1499 2024 1555 quos
2050 1484 2299 1539 mittebat
2337 1484 2599 1540 Dominus
2636 1493 2764 1541 ante
2798 1502 2857 1542 se
2880 1487 3039 1544 binos
3074 1497 3132 1545 et
3153 1489 3328 1546 binos.
3360 1490 3484 1560 Epi-

1888 1573 2025 1629 stula
2048 1583 2232 1629 autem
2257 1574 2457 1630 dicitur
2480 1578 2817 1646 supermissa,
2846 1593 2912 1631 eo
2940 1580 3085 1647 quod
3118 1595 3283 1651 super
3310 1582 3481 1637 Vetus

1888 1662 2297 1719 Testamentum
2349 1672 2405 1717 et
2448 1664 2796 1733 Evangelium
2826 1668 2990 1723 missa
3027 1669 3118 1734 sit,
3174 1685 3280 1725 non
3316 1686 3479 1726 causa

1888 1751 2189 1822 dignitatis,
2226 1752 2321 1808 sed
2352 1764 2411 1808 ut
2435 1755 2685 1825 quisque,
2712 1757 2805 1825 qui
2834 1757 3185 1830 Evangelium
3207 1760 3369 1815 fuerit
3394 1760 3479 1815 in-

1889 1859 2139 1916 gressus,
2171 1845 2246 1901 ibi
2284 1844 2523 1902 inveniat
2559 1847 2885 1903 medicinam
2931 1850 3144 1906 salutis.
3186 1850 3481 1921 Incipiente

209 1952 300 1992 res
331 1955 344 1991 :
367 1946 423 1993 et
448 1954 557 1993 non
587 1937 739 2003 dicit,
756 1938 969 2005 Tecum,
997 1939 1114 2005 sed,
1131 1956 1248 1993 cum
1271 1940 1459 2011 spiritu
1486 1950 1596 2004 tuo,
1624 1947 1684 1993 ut
1704 1937 1787 1993 of.
1814 1924 1862 1985 Β
1887 1943 2068 1991 autem
2105 1937 2436 1994 subdiacono
2468 1937 2822 2009 apostolicam
2849 1939 3133 1997 lectionem
3155 1980 3171 2006 ,
3198 1956 3358 1996 verso
3385 1957 3481 1997 or—

208 2026 395 2082 iicium
430 2028 846 2083 subsecuturum
876 2028 1197 2099 spiritaliter
1224 2035 1397 2083 totum
1429 2027 1545 2082 ﬁeri
1595 2028 1790 2082 intelli-

205 2128 390 2190 gatur.
442 2119 510 2175 Et
551 2120 689 2175 bene
715 2119 978 2175 Dominus
1004 2135 1129 2175 eum
1158 2119 1351 2191 spiritu
1399 2118 1635 2174 hominis
1669 2131 1792 2173 esse

206 2217 450 2281 optatur,
471 2210 599 2280 quia
625 2211 680 2265 in
707 2210 900 2280 spiritu
951 2217 1009 2265 et
1052 2218 1233 2265 mente
1277 2210 1528 2265 rationali
1574 2218 1791 2265 creatus

208 2309 297 2356 est
332 2302 497 2357 homo
520 2302 590 2356 ad
617 2301 903 2371 imaginem
936 2311 993 2355 et
1039 2301 1445 2357 similitudinem
1477 2301 1595 2366 Dei,
1626 2308 1686 2356 et
1713 2300 1790 2356 ibi

208 2401 297 2449 est
323 2408 493 2464 capax
524 2392 719 2446 divinae
740 2393 929 2462 gratiae
954 2400 1012 2446 et
1035 2392 1463 2448 illuminationis.

285 2487 395 2543 Sed
428 2494 485 2540 et
512 2484 600 2539 illa
630 2484 883 2541 salutatio
907 2485 1230 2555 episcopalis
1257 2483 1322 2539 ad
1347 2484 1601 2555 populum
1620 2526 1635 2551 ,
1684 2500 1791 2555 qua

211 2578 412 2633 dicitur
436 2595 450 2631 :
485 2574 605 2629 Pax
625 2577 904 2641 vobiscum,
929 2576 1044 2631 sive
1074 2575 1195 2631 Pax
1222 2577 1386 2640 vobis,
1409 2576 1661 2631 similiter
1685 2590 1793 2630 non

215 2670 453 2724 humano
482 2682 647 2723 sensu
700 2668 917 2722 inventa
941 2708 956 2732 ,
1010 2668 1105 2722 sed
1133 2666 1201 2723 de
1243 2666 1539 2737 Scriptum:
1589 2676 1795 2723 sancta:

215 2761 545 2817 auctoritate
566 2766 780 2830 sumpta
802 2768 905 2815 est.
922 2759 1055 2814 Nam
1076 2767 1131 2815 et
1157 2761 1211 2814 in
1242 2760 1423 2815 Veteri
1449 2760 1797 2816 Testamento

215 2851 495 2909 invenitur
531 2850 734 2908 dixisse
770 2850 993 2921 angelus
1040 2850 1250 2905 Danieli
1295 2851 1617 2919 prophetae:
1666 2849 1796 2906 Noli

216 2946 424 3011 timere,
456 2944 539 2998 uir
563 2942 943 2997 desideriorum
969 2960 1115 3014 :paa'.
1138 2942 1589 3013 tibi,confortare,
1618 2952 1667 2997 et
1687 2952 1797 2997 esto

220 3034 465 3090 robustus
494 3032 661 3107 (Dan.
690 3047 748 3099 ι,
779 3029 891 3103 l9).
917 3031 985 3086 Et
1016 3032 1070 3086 in
1096 3031 1266 3095 Novo,
1293 3032 1348 3087 id
1376 3041 1480 3097 est,
1525 3032 1581 3087 iu
1620 3033 1799 3088 Evan-

218 3125 385 3199 gelio,
413 3139 555 3194 pene
582 3137 796 3193 semper
848 3124 923 3176 ita
978 3122 1175 3192 legitur
1221 3121 1480 3177 Dominus
1526 3123 1799 3193 apostolos

221 3215 490 3273 salutasse
508 3212 738 3269 dicendo
767 3232 781 3267 :
815 3210 937 3268 Pax
983 3214 1145 3279 vobis,
1191 3222 1248 3268 et
1288 3214 1493 3269 eisdem
1539 3215 1799 3285 apostolis

221 3306 470 3364 eamdem
488 3303 830 3359 salutationis
850 3300 1081 3358 formam
1103 3304 1533 3369 commendavit,
1564 3304 1752 3360 dicens
1782 3322 1795 3358 :

223 3395 294 3453 In
323 3411 688 3466 quamcunque
743 3394 1004 3449 civitatem
1058 3401 1149 3448 aut
1186 3393 1401 3449 domum
1437 3394 1757 3449 intraveritis
1782 3435 1799 3461 ,

223 3486 452 3543 salutate
470 3502 585 3540 eam
610 3526 626 3548 ,
664 3484 896 3539 dicentes
936 3499 955 3539 :
997 3482 1117 3539 Pas:
1143 3484 1266 3538 huic
1290 3482 1470 3538 domui
1491 3482 1712 3556 (Matth.
1741 3501 1801 3552 ι,

225 3578 337 3650 42).
378 3577 571 3631 Merito
591 3590 723 3648 ergo
744 3582 801 3630 et
826 3574 1198 3647 apostolorum
1222 3573 1389 3647 599
1415 3589 1761 3631 successores
1783 3616 1801 3643 ,

227 3671 280 3727 id
307 3679 394 3727 est
420 3668 785 3725 Ecclesiarum
808 3666 1068 3738 prazsules
1090 3707 1106 3734 ,
1162 3666 1266 3722 hac
1294 3666 1621 3722 salutatione
1640 3675 1806 3722 utun-

227 3768 343 3826 tur,
365 3759 586 3814 domum
636 3755 733 3812 Dei
769 3756 1088 3822 salutantes,
1123 3756 1213 3810 ubi
1234 3770 1423 3812 omnes
1441 3763 1656 3826 oportet
1671 3756 1812 3813 ﬁlios

225 3866 347 3907 esse
384 3850 533 3923 pacis
557 3889 575 3915 ,
612 3858 673 3903 ut
708 3847 967 3904 salutatio
1019 3846 1169 3917 pacis
1227 3861 1394 3917 super
1446 3862 1543 3903 eos
1593 3849 1808 3918 requie-

232 3959 395 4002 scens
420 3984 438 4011 ,
475 3940 929 4000 et'salutantibus
963 3949 1021 3997 et
1064 3938 1314 3996 salutatis
1344 3940 1516 4011 possit
1543 3954 1663 3995 esse
1694 3939 1809 3996 fru-

229 4042 419 4092 ctuosa
430 4073 445 4088 .

302 4129 505 4187 Deinde
532 4130 683 4194 dicit,
707 4126 952 4193 Oremus,
978 4126 1213 4183 invitans
1235 4141 1420 4183 secum
1442 4124 1725 4207 populum,
1749 4132 1811 4179 ut

233 4223 393 4280 simul
435 4229 613 4279 orent.
636 4221 973 4291 Quapropter
999 4219 1221 4275 acclivis
1249 4219 1408 4274 debet
1434 4232 1553 4272 esse
1584 4216 1811 4288 populus

234 4329 513 4386 usquequo
555 4313 810 4369 sacerdos
850 4311 1074 4381 incipiat
1117 4310 1298 4364 dicere
1327 4326 1340 4362 :
1375 4306 1484 4361 Per
1510 4307 1685 4360 omnia
1714 4322 1814 4360 sa:-

233 4405 356 4461 cula
382 4402 715 4461 circulorum.
754 4401 1013 4471 Sequitur
1043 4398 1295 4463 Collecta,
1341 4412 1464 4467 (pne
1499 4397 1643 4453 dicta
1676 4402 1761 4450 est
1780 4410 1813 4449 a

233 4496 572 4561 collectione,
612 4508 679 4549 eo
703 4493 845 4563 quod
887 4506 956 4545 ex
986 4489 1309 4545 auctoritate
1331 4486 1636 4542 divinarum
1667 4484 1815 4541 Scri-

1891 2029 2016 2085 dine
2035 2030 2177 2086 cerei
2225 2031 2628 2086 transferuntur
2664 2031 2733 2085 ab
2774 2031 2987 2087 oriente
3032 2032 3086 2088 in
3120 2032 3480 2097 occidentem,

1889 2129 1951 2176 ut
1972 2123 2395 2191 demonstretur,
2436 2140 2537 2195 per
2587 2138 2775 2179 vocem
2804 2131 2860 2179 et
2900 2138 2999 2193 per
3039 2124 3480 2194 prmdicationem

1890 2213 2257 2283 apostolorum
2304 2220 2476 2270 totum
2511 2213 2773 2269 mundum
2820 2215 2997 2286 gratia
3038 2214 3164 2271 ﬁdei
3210 2214 3481 2271 illumina-

1892 2310 2031 2369 tum,
2080 2319 2189 2360 non
2242 2304 2416 2359 solum
2461 2321 2493 2360 a
2536 2305 2762 2360 meridie
2808 2306 2862 2360 in
2908 2305 3354 2377 septentrionem,
3384 2306 3480 2363 sed

1890 2395 2054 2448 etiam
2082 2394 2152 2449 ab
2178 2395 2388 2451 oriente
2419 2395 2472 2449 in
2495 2395 2853 2451 occidentem.
2880 2394 3112 2452 Nomine
3135 2398 3283 2452 enim
3303 2398 3479 2453 orien-

1893 2485 1964 2539 tis
1991 2492 2048 2539 et
2076 2485 2407 2550 occidentis,
2436 2485 2618 2539 omnia
2647 2484 2866 2540 climata
2896 2486 3082 2541 mundi
3121 2488 3480 2558 comprehen-

1894 2577 2114 2643 duntur,
2156 2585 2211 2634 et
2235 2580 2378 2649 quod
2408 2586 2488 2633 tot
2527 2578 2716 2634 diebus
2749 2578 2828 2633 sol
2863 2595 2960 2633 sua
2998 2578 3285 2648 praesentia
3322 2594 3386 2635 ea
3417 2580 3485 2634 il-

1893 2666 2106 2732 lustret,
2158 2669 2301 2723 sicut
2337 2669 2449 2724 ibi:
2486 2667 2708 2724 Venient
2756 2668 2824 2722 ab
2870 2670 3072 2723 oriente
3115 2678 3165 2725 et
3221 2670 3486 2726 occidente

1896 2758 2048 2830 (Luc.
2081 2776 2198 2827 xm,
2227 2760 2341 2833 29).

1966 2848 2318 2905 Postmodum
2344 2859 2597 2906 cantatur
2622 2851 3048 2922 responsorium,
3086 2851 3313 2917 dictum,
3342 2851 3487 2922 quod

1896 2939 2127 3008 acapite
2161 2947 2457 3008 repetatur.
2503 2940 2709 2995 Deinde
2750 2947 3006 2995 cantatur
3047 2937 3299 3007 Alleluia,
3338 2941 3486 3008 quod

1897 3040 1964 3080 ex
1986 3023 2214 3082 Hebraeo
2243 3028 2299 3081 in
2326 3026 2579 3081 Latinum
2601 3027 3013 3096 interpretatum
3035 3034 3213 3093 sonat,
3237 3024 3479 3082 Laudare

1897 3118 2103 3185 Deum;
2142 3137 2269 3175 nam
2309 3120 2558 3185 Alleluia,
2606 3120 2825 3185 dicitur,
2870 3117 3123 3173 laudate:
3156 3115 3240 3183 Ia,
3290 3130 3489 3172 nomen

1899 3209 1995 3265 Dei
2024 3219 2128 3277 est,
2156 3226 2324 3266 unum
2346 3224 2414 3264 ex
2442 3210 2628 3265 decem
2666 3208 3000 3275 nominibus,
3042 3207 3242 3279 quibus
3266 3216 3491 3263 vocatur

1900 3301 2048 3358 Deus
2090 3304 2230 3374 apud
2274 3301 2549 3359 llebraaos.
2609 3300 2843 3356 Alleluia
2900 3309 3102 3366 autem,
3151 3301 3387 3372 primum
3436 3302 3490 3357 in

1900 3394 2053 3452 Novo
2074 3395 2422 3451 Testamento
2447 3394 2689 3449 additum
2716 3400 2821 3460 est,
2850 3393 3061 3449 dicente
3103 3391 3350 3449 Joanne:
3381 3392 3494 3447 Au-

1902 3486 2010 3542 divi
2048 3502 2225 3540 uocem
2262 3487 2317 3539 in
2347 3485 2476 3539 caelo
2520 3485 2804 3539 dicentium
2830 3496 2848 3535 :
2874 3482 3104 3539 Alleluia
3138 3483 3343 3554 (Apoc.
3375 3499 3492 3551 xu,

1901 3576 1937 3631 6
1964 3575 2009 3647 ),
2035 3584 2090 3631 et
2114 3576 2239 3646 quia
2268 3577 2372 3631 hac
2410 3590 2544 3630 voce
2574 3573 2805 3645 Angelos
2826 3574 2881 3628 in
2908 3573 3046 3629 caelo
3069 3572 3241 3629 Deum
3269 3571 3494 3629 laudare

1902 3669 2271 3740 cognovimus,
2317 3664 2628 3735 huiusmodi
2669 3678 2805 3720 voce
2856 3663 3179 3719 laudationis
3222 3664 3491 3720 creditum

1903 3767 1990 3816 est
2018 3758 2189 3812 Deum
2227 3756 2503 3811 delectari.
2560 3754 2676 3811 Hoc
2702 3742 2919 3825 quoque
2963 3754 3085 3809 ideo
3122 3753 3400 3818 canimus,
3430 3760 3492 3807 ut

1904 3851 2155 3907 eumdem
2196 3848 2367 3903 Deum
2398 3862 2497 3904 nos
2526 3846 2707 3902 colere
2737 3845 2790 3900 in
2825 3852 2970 3901 terra
2999 3845 3371 3908 ostendamus,
3399 3842 3495 3911 qui

1905 3942 2073 3998 etiam
2108 3940 2310 3995 colitur
2334 3937 2402 3993 ab
2442 3936 2646 4007 angelis
2671 3935 2728 3991 in
2755 3934 2915 4001 emlo,
2944 3942 3001 3990 ct
3031 3935 3133 3989 hoc
3160 3943 3286 3989 ante
3309 3932 3499 3987 lectio-

1908 4050 2032 4091 nem
2061 4032 2426 4103 evangelicam
2454 4045 2486 4083 a
2520 4035 2746 4086 cantore
2782 4026 3179 4096 interponitur,
3218 4032 3282 4080 ut
3306 4022 3493 4078 laude-

1909 4135 1999 4181 tur
2019 4125 2087 4179 ab
2116 4121 2391 4185 omnibus,
2418 4118 2572 4189 cujus
2598 4117 2773 4187 gratia
2799 4116 3077 4189 salvantur
3098 4128 3310 4179 omnes,
3337 4111 3495 4184 quasi

1909 4217 2058 4272 dicat
2106 4232 2119 4267 :
2171 4212 2309 4280 Quia
2346 4211 2510 4265 verba
2554 4207 2834 4280 Evangelii
2887 4205 3118 4261 salutem
3162 4202 3501 4261 conferentia

1912 4323 2038 4363 mox
2067 4304 2305 4360 audituri
2332 4302 2486 4368 estis,
2526 4301 2743 4357 laudate
2776 4299 3084 4364 Dominum,
3119 4294 3275 4365 cujus
3300 4293 3504 4351 beneﬁ-

1914 4400 1999 4455 cio
2027 4398 2170 4453 hanc
2194 4395 2427 4468 gratiam
2448 4393 2729 4463 percipere
2753 4388 3051 4446 meruistis.

1984 4489 2240 4545 Defertur
2267 4485 2611 4555 evangelium
2656 4483 2723 4539 ad
2767 4480 3099 4551 analogium,
3146 4475 3505 4549 prmeedenti-

234 4596 515 4659 pturarum
561 4586 672 4641 sint
711 4583 956 4648 collecta,
1006 4596 1127 4651 qua:
1154 4581 1207 4634 in
1251 4577 1493 4634 Ecclesia
1538 4577 1809 4648 leguntur,

1915 4581 2017 4637 bus
2057 4578 2230 4635 cereis
2255 4596 2279 4630 :7
2300 4584 2361 4630 ut
2387 4573 2707 4630 ostendatur
2733 4573 2908 4643 gratia
2943 4569 3112 4638 ipsius
3150 4564 3410 4622 mundum
3437 4564 3505 4618 il-

234 4679 375 4734 sicut
418 4685 504 4733 est
539 4675 628 4732 illa
662 4675 731 4731 de
758 4674 931 4728 tribus
964 4672 1177 4742 pueris;
1214 4667 1300 4723 vcl
1346 4667 1493 4738 quod
1532 4681 1600 4722 ex
1628 4664 1811 4721 multis

234 4767 576 4826 sermonibus
601 4782 706 4821 una
744 4764 1030 4835 colligatur
1068 4758 1273 4824 oratio;
1306 4758 1418 4825 sive
1438 4772 1469 4811 a
1496 4756 1813 4811 collectione

234 4860 321 4916 vel
348 4860 606 4917 societate
634 4856 830 4912 dicitur
870 4852 1073 4923 populi,
1104 4850 1197 4920 qui
1240 4856 1371 4903 tunc
1413 4848 1469 4902 in
1494 4862 1660 4902 unum
1682 4860 1813 4900 con-

232 4967 462 5011 currens
489 4949 779 5021 colligitur.
829 4945 955 4999 ldeo
982 4950 1163 4998 autem
1206 4941 1260 4994 in
1282 4939 1535 4995 omnibus
1571 4936 1813 4992 collectis

236 5043 597 5114 interponitur
621 5081 636 5106 ,
686 5036 792 5091 Per
837 5034 1121 5089 Dominum
1161 5041 1396 5084 nostrum
1438 5027 1621 5083 Iesum
1659 5024 1813 5080 Chri—

234 5146 394 5199 stum,
422 5141 553 5197 etc.,
579 5138 640 5185 ut
658 5125 983 5195 omne-quod
1009 5122 1168 5177 datur
1197 5138 1226 5173 a
1250 5120 1434 5183 Patre,
1456 5117 1817 5187 intelligamus

237 5244 333 5301 per
355 5227 552 5281 Filium
577 5225 695 5294 ejus
719 5235 819 5275 nos
839 5217 1101 5286 accipere,
1130 5210 1283 5282 cujus
1298 5210 1587 5265 ltzcreditas
1608 5223 1813 5262 sumus.

237 5299 344 5377 i’er
368 5322 541 5392 ipsum
571 5329 701 5385 ergo
725 5310 959 5369 hostiam
997 5306 1173 5362 laudis
1198 5310 1360 5373 atque
1386 5301 1650 5392 orationis
1688 5299 1816 5355 olfe-

240 5390 431 5476 rimus,
466 5408 558 5480 qui
602 5420 701 5475 per
737 5408 968 5460 mortem
1013 5396 1181 5467 ipsius
1225 5390 1558 5448 reconciliati
1607 5403 1813 5480 sumus,

239 5520 364 5559 cum
392 5479 594 5556 inimici
616 5507 876 5551 essemus.
920 5489 1117 5543 Dicens
1138 5499 1269 5539 vero
1289 5484 1542 5539 sacerdos
1568 5498 1581 5534 :
1613 5479 1714 5545 Qui
1746 5490 1819 5532 te-

242 5610 359 5649 cum
389 5592 512 5646 vivit
547 5597 593 5642 et
618 5592 821 5657 regnat,
851 5581 1103 5636 admonet
1123 5575 1410 5648 populum,
1440 5582 1501 5628 ut
1526 5572 1711 5627 credat
1733 5569 1819 5623 Fi-

242 5686 376 5741 lium
414 5681 510 5738 Dei
544 5680 732 5734 trivere
770 5683 826 5730 et
863 5687 1091 5743 regnare
1139 5682 1354 5737 semper
1398 5666 1514 5720 sine
1548 5663 1704 5717 initio
1767 5669 1823 5715 et

242 5781 358 5835 sine
380 5775 633 5836 termino,
657 5778 714 5826 et
732 5782 894 5823 unam
936 5770 1261 5834 potestatem
1305 5757 1506 5813 habere
1543 5754 1824 5823 aequaliter

243 5883 365 5927 cum
393 5867 553 5923 Patre
595 5872 651 5919 et
678 5859 882 5931 Spiritu
930 5861 1149 5922 sancto,
1201 5860 1362 5922 atque
1388 5864 1550 5905 unam
1576 5848 1820 5906 substan-

1917 4673 2262 4729 luminatum.
2306 4667 2483 4725 Verba
2511 4663 2793 4735 Evangelii
2838 4661 2998 4718 levita
3033 4658 3503 4731 pronuntiaturus,

1918 4772 2109 4821 contra
2133 4759 2563 4832 septentrionem
2586 4754 2778 4810 faciem
2806 4751 2992 4815 vertit,
3017 4756 3078 4803 ut
3100 4746 3349 4803 ostendat
3376 4746 3511 4802 Ver-

1916 4857 2046 4912 bum
2075 4853 2172 4908 Dei
2224 4860 2281 4907 et
2309 4846 2781 4905 annuntiationem
2832 4840 3069 4911 Spiritus
3106 4838 3279 4893 sancti
3316 4844 3511 4892 contra

1918 4962 2044 5003 eum
2091 4944 2277 5013 dirigi,
2308 4942 2403 5011 qui
2449 4952 2664 5007 semper
2694 4933 2920 5005 Spiritui
2962 4938 3152 4986 saneto
3198 4929 3511 4984 contrarius

1919 5035 2128 5101 existit,
2155 5041 2212 5088 et
2236 5033 2290 5086 in
2314 5029 2463 5086 nullo
2484 5028 2536 5083 ei
2560 5018 2946 5082 communicat.
2976 5020 3123 5089 Quos
3151 5019 3296 5073 enim
3327 5016 3507 5087 Spiri-

1919 5134 2009 5180 tus
2028 5130 2270 5186 sanctus,
2299 5118 2391 5189 qui
2419 5125 2505 5172 est
2529 5115 2693 5181 Deus,
2723 5113 2792 5167 ad
2816 5110 2978 5166 ﬁdem
3007 5108 3262 5179 colligere
3287 5106 3504 5161 deside-

1920 5223 2022 5282 rat,
2058 5211 2304 5269 diabolus
2332 5209 2641 5279 dispcrgerc
2665 5205 2733 5261 ab
2760 5204 2969 5258 unitate
2996 5199 3254 5255 Ecclesia:
3283 5209 3341 5252 et
3369 5197 3508 5251 intc-

1919 5304 2119 5376 gritate
2160 5300 2286 5355 lidci
2334 5297 2561 5352 laborat.
2596 5293 2750 5349 Sicut
2784 5291 2929 5347 enim
2970 5304 3071 5361 per
3101 5296 3371 5352 austrum,
3414 5285 3513 5354 qui

1919 5400 2115 5449 ventus
2143 5398 2226 5447 est
2255 5388 2493 5453 calidus,
2525 5394 2581 5441 et
2623 5385 2820 5441 leniter
2852 5380 2966 5447 llat,
3008 5378 3245 5450 Spiritus
3287 5385 3513 5433 sanctus

1922 5480 2254 5552 designatur.
2304 5476 2398 5547 qui
2432 5474 2597 5531 corda
2636 5487 2758 5544 qua:
2793 5470 2983 5541 tangit,
3030 5469 3098 5523 ad
3138 5482 3382 5523 amorem
3431 5467 3512 5521 di-

1923 5572 2175 5628 lectionis
2200 5568 2498 5623 inllammat
2527 5582 2540 5620 :
2569 5566 2644 5621 ita
2665 5573 2719 5619 et
2742 5579 2842 5634 per
2862 5560 3192 5631 aquilonem,
3218 5559 3310 5630 qui
3340 5557 3510 5612 durus

1921 5667 1978 5714 et
2012 5657 2241 5729 frigidus
2289 5664 2396 5720 est,
2446 5654 2693 5709 diabolus
2727 5650 3067 5720 intelligitur,
3095 5649 3188 5719 qui
3235 5662 3330 5703 eos
3371 5661 3512 5715 quos

1921 5750 2181 5823 possidet,
2214 5750 2279 5803 ab
2310 5761 2495 5801 amore
2525 5744 2810 5801 cbaritatis
2848 5752 3012 5813 atquc
3042 5739 3367 5803 dilectionis,
3400 5746 3511 5792 tor-

1925 5852 2115 5915 pentes
2141 5848 2196 5897 et
2227 5838 2451 5912 frigidos
2488 5839 2682 5895 reddit.
2723 5835 2878 5905 Quod
2901 5835 3046 5892 enim
3081 5847 3179 5903 per
3206 5829 3510 5901 aquilonem
