4092 6524
497 378 631 437 l‘li'il

1324 371 1389 427 Β.
1426 371 1491 430 1³³.
1526 369 1755 427 ALBlNl
1789 369 1920 427 SEU
1962 368 2239 425 ALCUINI
2276 370 2564 427 οΡΕιιωι
2602 368 2783 425 PARS
2816 369 2908 425 IX.

3630 368 3772 426 I251

492 491 744 548 diabolus
790 487 1122 561 designetur,
1150 484 1390 543 ostendit
1436 482 1723 555 propheta,
1774 480 1997 537 dicens:
2032 476 2076 532 0
2105 487 2156 538 Α
2183 481 2253 535 sti
2285 481 2546 536 mundum
2573 481 2860 543 salvatum,
2897 489 2950 534 et
2975 478 3097 537 sine
3130 494 3192 534 ea
3224 481 3481 535 mundum
3524 496 3631 536 non
3671 498 3774 554 po-

495 579 733 650 Lucifer,
765 579 855 649 qui
888 575 1096 629 dicebas
1133 574 1189 627 in
1218 572 1377 628 corde
1418 581 1508 627 tuo
1531 586 1549 623 :
1579 569 1784 626 Sedebo
1810 570 1867 623 in
1896 566 2081 622 lateri-

493 672 594 726 bus
621 668 907 741 aquilonis,
937 674 991 719 et
1036 664 1243 733 reliqua
1270 658 1427 735 (Isai.
1471 676 1584 726 11v,
1626 659 1737 732 13).
1774 657 2080 716 Crucemiu

495 762 678 818 fronte
706 760 859 831 ponit
886 759 1165 821 diaconus,
1194 754 1616 810 annuntiaturus
1656 752 1829 807 verba.
1847 749 1995 816 vitm,
2025 756 2085 803 ut

494 853 749 910 ostendat
778 866 835 905 se
881 848 1204 919 discipulum
1247 845 1391 900 illius
1424 858 1567 909 esse,
1609 842 1702 914 qui
1737 855 1954 896 crucem
1984 852 2084 911 pro

495 949 666 1005 totius
708 944 895 1002 mundi
929 942 1100 997 salute
1128 938 1404 996 sustinuit.
1439 936 1643 994 Deinde
1674 935 1729 989 in
1758 942 1994 1003 pectore,
2026 937 2087 985 ut

494 1041 676 1096 omnis
700 1053 837 1093 vana
865 1045 923 1091 et
941 1035 1220 1091 immunda
1249 1030 1508 1102 cogitatio
1540 1030 1608 1085 ab
1629 1029 1747 1097 ejus
1780 1025 1944 1083 corde
1968 1022 2085 1095 pel-

498 1133 663 1187 latur.
693 1130 908 1185 Salutat
950 1136 1006 1182 et
1040 1123 1316 1197 populum,
1363 1122 1551 1177 dicens
1582 1136 1597 1175 :
1624 1119 1880 1173 Dominus
1916 1116 2089 1170 vobis-

498 1240 622 1278 cum
642 1262 657 1289 ,
686 1228 956 1290 quatenus
988 1216 1151 1272 corda
1184 1213 1397 1269 illorum
1428 1226 1457 1264 a
1485 1207 1774 1265 mundanis
1801 1205 2086 1277 cogitatio-

502 1317 663 1373 nibus
698 1314 960 1369 Dominus
1005 1307 1285 1371 emundet,
1336 1312 1393 1358 et
1428 1302 1497 1357 ad
1532 1297 1876 1368 suscipienda
1923 1296 2087 1351 verba

495 1406 781 1464 salutifera
829 1403 1041 1473 aperire
1086 1398 1356 1471 dignetur.
1401 1394 1485 1450 Ad
1523 1391 1677 1460 cuius
1706 1386 2087 1445 salutationem

496 1499 730 1574 populus
754 1510 972 1553 erucem
1002 1494 1057 1547 in
1085 1490 1354 1545 frontibus
1382 1487 1569 1557 ponit,
1601 1491 1662 1538 ut
1700 1498 1729 1536 a
1760 1481 1920 1574 malis
1941 1478 2090 1574 cogi-

500 1570 801 1648 tationibus
848 1586 1016 1641 corda
1058 1598 1157 1638 sua
1203 1578 1481 1643 emundet,
1527 1584 1590 1631 ut
1629 1574 1696 1627 ad
1742 1570 2088 1640 intelligenda

499 1682 667 1739 verba
692 1678 882 1736 salutis
906 1691 1042 1747 pura
1065 1676 1437 1745 permaneant.
1485 1666 1627 1722 Dicit
1655 1665 1916 1718 diaconus
1946 1677 1958 1713 :
1992 1658 2090 1716 Se-

2185 572 2354 627 tuisse
2410 571 2629 627 salvari.
2681 570 2837 640 Quod
2883 579 3065 625 autem
3108 571 3393 627 sacerdote
3439 572 3773 629 oblationem

2183 662 2535 733 suscipiente,
2580 662 2760 717 clerus
2784 661 2896 717 Deo
2922 661 3112 717 laudes
3146 662 3363 717 interim
3391 663 3667 733 persolvit,
3702 666 3775 722 ad

2185 754 2543 811 imitationem
2570 754 2754 826 populi
2787 753 2952 810 Israel
2976 764 3250 826 sumptum
3276 763 3379 822 est,
3404 757 3499 826 qui
3540 757 3775 813 oblatio—

2185 861 2283 903 nes
2328 855 2385 903 et
2422 857 2549 903 vota
2595 862 2721 903 cum
2769 846 2929 902 laude
2980 846 3364 903 modulationis
3411 848 3523 904 Deo
3570 847 3773 906 oll'erre

2184 944 2564 992 consueverat.

2257 1027 2389 1083 Post
2431 1027 2762 1084 oblationem
2798 1027 3017 1099 ponitur
3045 1027 3324 1085 incensum
3367 1044 3534 1101 super
3577 1029 3774 1097 altare,

2185 1121 2401 1178 dicente
2423 1122 2703 1177 sacerdote
2736 1139 2749 1175 :
2780 1121 3059 1192 Dirigatur
3081 1122 3254 1177 oratio
3284 1139 3401 1178 mea
3429 1124 3566 1179 sicut
3592 1124 3776 1179 incerto

2185 1229 2303 1267 sum
2332 1212 2390 1266 in
2411 1220 2695 1282 conspectu
2720 1220 2831 1276 tuo,
2860 1217 2969 1265 etc.
3001 1208 3116 1266 Hoc
3138 1217 3225 1265 est
3252 1210 3435 1267 dicere
3459 1231 3473 1265 :
3504 1211 3659 1267 Sicut
3682 1212 3774 1267 in-

2186 1318 2412 1359 censum
2456 1311 2675 1374 gratum
2704 1312 2787 1357 est
2826 1310 2883 1358 et
2917 1312 3199 1373 acceptum
3236 1305 3292 1360 in
3333 1315 3629 1377 conspectu
3677 1321 3773 1377 po-

2185 1394 2318 1466 puli,
2359 1395 2433 1450 ita
2471 1392 2567 1448 ﬁat
2614 1394 2792 1449 oratio
2834 1407 2954 1448 mea
2989 1396 3340 1467 aceeptabilis
3376 1396 3433 1451 in
3476 1406 3775 1467 conspectu

2187 1497 2301 1544 tuo.

2257 1578 2464 1648 Quibus
2500 1579 2748 1650 expletis,
2794 1581 3063 1637 convertit
3106 1596 3169 1637 se
3214 1583 3467 1640 sacerdos
3502 1584 3569 1638 ad
3606 1597 3780 1654 popa.

2185 1674 2323 1741 lum,
2367 1687 2600 1743 poscens
2624 1680 2687 1726 ut
2706 1672 2939 1745 iungant
2967 1688 3159 1743 preces
3183 1689 3311 1730 suas
3350 1676 3605 1746 precibus
3628 1674 3773 1745 eius,

496 1775 714 1849 quentia
756 1771 923 1826 sancti
977 1764 1245 1837 Evangelii
1296 1760 1583 1816 secundum
1632 1756 1941 1813 Matthwum
1961 1794 1981 1849 ,
1990 1846 2002 1849 Α
2013 1768 2085 1849 eo
2118 1838 2160 1849 ἢ
2190 1777 2247 1825 ει
2271 1758 2546 1823 mémamr
2568 1765 2815 1821 exaudiri
2845 1781 2947 1837 pro
2976 1766 3150 1822 salum
3176 1766 3411 1823 momm-
3449 1768 3563 1824 "oc
3589 1778 3777 1825 πιθα,

498 1838 647 1939 quod
694 1871 818 1936 post
866 1856 1225 1931 praecedentia
1285 1852 1565 1922 Evangelii
1620 1854 1918 1919 sequantur
1970 1846 2081 1901 illa.

2193 1860 2480 1917 dicendum
2521 1868 2607 1917 est
2634 1874 2667 1915 a
2695 1859 2980 1916 sacerdote
3020 1874 3145 1915 eum
3187 1860 3449 1917 silentio:
3483 1859 3643 1917 Orate
3678 1879 3779 1933 pro

503 1959 660 2017 Unde
706 1954 925 2028 quando
968 1950 1181 2008 initium
1221 1946 1450 2016 alicujus
1487 1942 1829 2015 evangelista:
1868 1941 2087 2012 legitur,

503 2068 611 2107 non
637 2049 772 2105 dicit
791 2043 1097 2118 Sequentia,
1136 2040 1233 2096 sed
1271 2038 1515 2094 Initium.
1560 2035 1769 2091 Idcirco
1797 2041 1977 2087 autem
2004 2046 2091 2086 se-

499 2143 740 2201 cundum
790 2139 1127 2202 Matthzcum,
1178 2140 1274 2188 aut
1305 2131 1569 2197 Marcum,
1616 2137 1713 2184 aut
1742 2126 1964 2191 Lucam,
2004 2122 2093 2181 vel

499 2236 786 2299 Joannem,
817 2240 879 2287 ut
913 2230 1141 2295 sciatur,
1165 2226 1465 2284 secundum
1494 2238 1657 2295 quem
1695 2220 2089 2292 evangelistam

502 2327 664 2383 lectio
688 2323 778 2379 illa
805 2322 1033 2393 legatur.
1075 2318 1263 2374 Potest
1285 2324 1341 2371 et
1367 2316 1443 2370 ita
1482 2313 1745 2384 intelligi,
1787 2311 1933 2382 quod
1959 2309 2093 2365 dicit

504 2417 803 2491 Sequentia,
837 2421 896 2467 ut
922 2428 991 2469 ea
1030 2424 1153 2481 qua:
1178 2414 1481 2480 sequuntur
1521 2411 1645 2475 post
1685 2401 2091 2467 salutationem,

504 2511 560 2566 in
592 2509 684 2566 illa
715 2505 949 2562 lectione
982 2499 1280 2557 secundum
1313 2498 1460 2553 illum
1488 2494 1874 2568 evangelistam
1918 2494 2094 2550 conti-

505 2607 757 2657 neantur.
788 2596 929 2651 Hinc
954 2592 1202 2664 sequitur
1226 2589 1599 2660 Evangelium,
1642 2588 1786 2658 quod
1810 2587 1876 2643 de
1902 2584 2094 2644 Graeco

509 2692 563 2748 in
591 2690 864 2751 Latinum,
893 2692 1051 2741 sonat
1072 2684 1271 2739 bonum
1302 2680 1570 2735 nuntium.
1602 2678 1670 2733 Et
1698 2679 1843 2751 quod
1869 2685 1953 2733 est
1980 2692 2095 2733 me-

507 2783 615 2838 lius
646 2778 918 2839 nuntium.
965 2790 1128 2845 quam
1170 2772 1315 2828 istud
1351 2790 1363 2825 :
1398 2769 1766 2825 Pamitentiam
1798 2770 1958 2839 agite,
1998 2785 2095 2839 ap-

503 2867 869 2944 propinquabit
897 2865 1035 2920 enim
1081 2879 1297 2934 regnum
1325 2860 1574 2915 malorum
1613 2858 1828 2931 (Matth.
1878 2874 1961 2924 ιιι,
1991 2856 2090 2925 2);

506 2976 629 3033 quae
657 2960 712 3015 in
744 2955 1037 3029 Evangelia
1058 2955 1312 3010 dicuntur
1336 2952 1404 3005 de
1432 2951 1805 3006 incarnatione
1826 2948 1949 3004 Filii
1972 2947 2090 3015 Dei,

506 3064 561 3113 et
583 3055 649 3110 de
676 3051 794 3122 eius
823 3047 1121 3110 miraculis,
1150 3045 1555 3117 praedicatione,
1587 3049 1645 3097 et
1668 3041 2091 3107 resurrectione,

507 3153 668 3216 atque
701 3142 1041 3204 ascensione,
1082 3138 1149 3194 de
1194 3135 1366 3207 gloria
1406 3150 1625 3206 quoque
1672 3133 1967 3189 electorum
2037 3141 2094 3187 et

507 3238 853 3296 damnatione
909 3232 1311 3305 reproborum?
1361 3230 1609 3287 Perlecto
1647 3229 1946 3301 evangelio,
1993 3229 2095 3284 ite-

507 3348 629 3388 rum
676 3346 736 3387 se
789 3330 944 3401 signo
984 3328 1163 3384 erucis
1206 3325 1437 3396 populus
1480 3324 1695 3380 munire
1742 3324 1983 3391 festinat,
2035 3333 2096 3380 nt

505 3423 653 3495 quod
674 3438 745 3477 ex
773 3420 975 3477 divinis
998 3418 1227 3489 eloquiis
1261 3418 1328 3473 ad
1358 3416 1585 3473 salutem
1610 3416 1873 3487 percepit,
1913 3418 2093 3488 signa-

511 3522 626 3568 tum
653 3511 830 3583 sigillo
871 3511 1075 3576 crucis,
1107 3516 1268 3579 atque
1311 3509 1575 3562 munitum
1600 3516 1939 3578 permaneat,
1969 3524 2038 3564 ne
2061 3523 2093 3564 a

510 3604 782 3660 mentibus
804 3616 995 3658 eorum
1020 3599 1285 3655 diabolica
1316 3599 1507 3655 fraude
1531 3598 1782 3653 evacuari
1822 3597 2019 3653 valeat.

498 3708 505 3713 '
580 3695 709 3751 Post
745 3694 1031 3748 recitatum
1079 3690 1417 3763 evangelium
1465 3691 1663 3745 iterum
1696 3690 1951 3745 sacerdos
2001 3706 2095 3760 po-

510 3788 694 3858 pulum
720 3786 951 3851 salutat,
980 3800 1142 3840 orans
1171 3784 1224 3837 in
1255 3782 1509 3838 cordibus
1535 3798 1723 3837 eorum
1750 3784 1919 3838 verba
1950 3782 2096 3838 salu-

511 3883 598 3947 tis,
624 3894 744 3951 qum
770 3885 1129 3949 perceperunt
1152 3891 1184 3930 a
1215 3877 1462 3941 Domino,
1501 3876 1837 3942 confirmari,
1871 3885 1926 3932 et
1951 3876 2092 3932 invi-

513 3980 587 4027 tat
612 3972 761 4027 illum
791 3984 975 4025 secum
1003 3970 1211 4038 pariter
1253 3968 1319 4022 ad
1348 3968 1675 4035 orationem,
1702 3969 1889 4024 dicens
1914 3983 1929 4024 :
1958 3968 2092 4024 Ore-

510 4078 647 4115 mus.
694 4058 801 4113 Sed
830 4059 957 4114 licet
981 4058 1124 4128 apud
1151 4073 1251 4113 nos
1279 4066 1409 4113 tunc
1441 4058 1672 4114 collecta
1699 4059 1842 4115 inter
1862 4075 2096 4132 evange—

512 4149 643 4203 lium
673 4157 728 4204 et
750 4147 1081 4205 offerendam
1103 4164 1211 4203 non
1232 4149 1467 4215 dicatur,
1491 4151 1633 4219 apud
1658 4148 1879 4207 Graecos
1914 4159 2094 4207 tamen

512 4241 731 4298 dicitur.
769 4239 847 4295 lta
886 4250 1068 4296 autem
1112 4249 1292 4311 potest
1335 4241 1562 4311 intelligi
1602 4246 1897 4301 secundum
1934 4245 2098 4316 500

511 4329 655 4400 quod
685 4329 823 4399 apud
869 4343 967 4384 nos
1014 4328 1106 4397 tit,
1136 4338 1198 4384 ut
1234 4332 1412 4387 omnis
1458 4332 1687 4403 populus
1721 4334 1980 4390 oblationi
2012 4336 2097 4390 in-

512 4422 707 4478 sistere
732 4419 1034 4489 jubeatur,
1086 4422 1212 4477 dum
1261 4422 1493 4478 oblaturi
1539 4424 1894 4481 intentionem
1940 4441 2093 4481 suam

2120 3196 2168 3256 C

2191 1967 2294 2017 nte,
2335 1949 2550 2021 fratres,
2572 1958 2630 2004 ut
2664 1966 2843 2004 meum
2877 1951 3080 2021 pariter
3118 1960 3167 2004 et
3194 1962 3417 2007 oestrum
3454 1951 3779 2021 sacriﬁcium

2190 2050 2459 2114 acceptans
2501 2041 2569 2096 sit
2612 2042 2859 2096 Domino.
2916 2039 3204 2097 Aeclinans
3246 2056 3379 2113 ergo
3417 2056 3479 2097 se
3521 2042 3779 2113 pepulus,

2188 2149 2351 2191 orare
2377 2134 2538 2190 debet
2562 2134 2637 2188 ita
2668 2151 2682 2187 :
2716 2133 2800 2188 Sit
2838 2131 3097 2188 Dominus
3133 2135 3191 2188 in
3218 2133 3375 2188 corde
3396 2142 3511 2199 tuo,
3536 2143 3584 2189 et
3607 2134 3663 2187 in
3686 2149 3783 2188 ora

2191 2237 2304 2293 tuo,
2335 2236 2385 2282 et
2406 2226 2661 2298 suscipiat
2684 2224 3008 2295 sacriﬁcium
3042 2224 3141 2279 sibi
3168 2234 3438 2296 accepturu
3466 2225 3532 2280 de
3557 2241 3647 2280 ore
3684 2234 3781 2279 tuo

2191 2330 2242 2375 et
2269 2320 2335 2374 de
2384 2320 2627 2375 manibus
2674 2319 2781 2373 tuis
2823 2335 2920 2390 pro
2966 2328 3147 2373 nostra
3200 2318 3536 2389 omniumque
3586 2314 3778 2382 salute,

2192 2412 2376 2467 Anien.
2410 2411 2510 2467 Vel
2528 2411 2635 2466 hoc
2666 2410 2851 2465 dicant
2874 2424 3065 2464 omnes
3090 2426 3105 2463 :
3131 2408 3406 2463 Ecaudiat
3436 2417 3487 2463 te
3515 2406 3773 2461 Dominus

2190 2506 2248 2559 in
2274 2504 2361 2559 die
2381 2501 2757 2570 tribulationis,
2797 2510 3035 2574 protegat
3058 2510 3109 2557 te
3128 2515 3317 2556 nomen
3346 2499 3445 2555 Dei
3465 2498 3656 2566 Iacob,
3688 2514 3781 2554 us-

2193 2609 2318 2666 que,
2348 2594 2541 2665 Pingue
2564 2592 2682 2664 βαεο
3768 2652 3771 2653 ν

2264 2686 2553 2757 Corporale
2604 2687 2691 2741 cui
2741 2685 3126 2755 superponitur
3168 2698 3367 2755 corpus
3415 2683 3781 2749 Dominicuiu,

2193 2796 2303 2836 non
2333 2778 2478 2833 aliud
2505 2793 2670 2849 quam
2714 2777 2917 2832 lineum
2962 2791 3084 2831 esse
3124 2783 3357 2846 oportet,
3395 2774 3656 2844 quoniam
3686 2772 3784 2828 Jo—

2194 2873 2325 2942 sepb
2365 2871 2591 2926 linteum
2641 2867 2899 2925 mundum
2944 2868 3144 2940 legitur
3184 2867 3403 2933 ciuisse,
3446 2867 3539 2922 ubi
3583 2880 3784 2937 corpus

2194 2962 2527 3020 dominicum
2556 2961 2800 3016 involvit.
2831 2960 2967 3015 Nam
3007 2969 3062 3015 et
3093 2960 3286 3026 linum,
3322 2975 3517 3031 purum
3558 2973 3782 3029 germen

2194 3061 2280 3112 est
2307 3065 2501 3111 terrae:
2531 3062 2588 3108 et
2627 3054 2885 3110 Dominus
2922 3068 3118 3123 purum
3152 3062 3210 3108 et
3238 3068 3426 3108 verum
3446 3068 3645 3123 corpus
3680 3052 3783 3108 lia-

2196 3146 2335 3211 buit,
2376 3161 2485 3201 non
2512 3145 2844 3201 simulatum.
2874 3145 2942 3201 Et
2970 3147 3114 3202 sicut
3137 3147 3304 3202 linum
3337 3162 3439 3217 per
3464 3146 3664 3202 multos
3691 3162 3783 3200 suo

2197 3235 2359 3291 dores
2382 3235 2636 3306 pervenit
2655 3237 2725 3291 ad
2749 3237 3060 3302 candorem,
3092 3237 3168 3291 ita
3186 3234 3346 3291 Iesus
3367 3235 3618 3292 Christus
3644 3235 3783 3291 mul—

2197 3330 2269 3386 tis
2298 3329 2523 3386 all‘ectus
2561 3329 2908 3400 passionihus
2934 3328 3189 3399 migravit
3234 3329 3304 3384 ab
3346 3329 3451 3383 hoc
3477 3328 3695 3393 saicnlo,
3724 3337 3784 3384 et

2196 3424 2266 3480 ad
2315 3422 2609 3479 candorem
2669 3422 3087 3479 resurrectionis
3144 3428 3309 3491 atque
3360 3420 3785 3476 immortalitatis

2193 3514 2489 3586 perductus
2511 3522 2614 3569 est.
2644 3514 2723 3570 Ita
2750 3527 2899 3584 ergo,
2946 3514 3039 3585 qui
3065 3529 3264 3584 corpus
3290 3513 3493 3569 Christi
3537 3515 3589 3569 in
3617 3527 3677 3567 se
3694 3528 3783 3569 re-

2194 3606 2379 3676 cipere
2429 3604 2723 3670 desiderat,
2760 3620 2862 3675 per
2899 3604 3098 3660 multos
3130 3603 3395 3660 bonorum
3432 3618 3657 3674 operum
3702 3600 3783 3658 la-

2194 3698 2377 3762 bores,
2401 3706 2458 3752 et
2482 3712 2583 3767 per
2613 3696 2925 3751 castitatem
2965 3697 3163 3751 mentis
3186 3705 3242 3751 et
3264 3695 3509 3765 corporis
3536 3695 3694 3750 debet
3719 3709 3781 3749 se

2197 3787 2428 3844 reddere
2459 3786 2723 3841 mundum
2756 3793 2813 3841 et
2842 3786 3152 3841 candidum.
3187 3784 3340 3853 Quod
3365 3784 3442 3840 ita
3469 3784 3655 3854 plicari
3684 3785 3783 3840 de-

2194 3880 2308 3947 bet,
2339 3887 2401 3934 ut
2429 3893 2530 3935 nec
2564 3879 2801 3943 initium,
2840 3894 2939 3935 nec
2969 3878 3093 3934 linis
3131 3884 3421 3950 appareat,
3450 3878 3590 3933 sicut
3614 3878 3782 3934 etiam

2197 3972 2476 4028 sudarium
2521 3971 2575 4025 in
2619 3970 2865 4042 sepulcro
2893 3969 3109 4024 Domini
3153 3969 3431 4025 inventum
3470 3977 3574 4025 est.
3608 3968 3784 4024 Suda-

2196 4066 2339 4120 rium
2376 4072 2463 4120 est
2505 4063 2853 4135 ligamentum
2896 4062 3109 4131 capitis.
3156 4059 3261 4116 Per
3310 4069 3475 4131 caput
3518 4061 3782 4117 divinitas

2195 4158 2538 4229 designatur,
2575 4155 2704 4225 quia
2746 4162 2910 4225 caput
2948 4152 3147 4209 Christi
3185 4152 3348 4209 Deus.
3376 4150 3640 4208 lnvolutio
3681 4167 3780 4208 au-

2198 4262 2307 4307 tem
2348 4249 2452 4304 hoc
2478 4247 2769 4319 significat,
2815 4246 2943 4317 quia
2975 4245 3266 4311 Christus,
3314 4246 3409 4318 qui
3446 4244 3501 4300 in
3528 4244 3782 4301 humani-

2196 4351 2310 4399 tate
2334 4340 2519 4397 babuit
2543 4340 2755 4395 initium
2791 4339 3086 4405 nascendo,
3110 4346 3167 4394 et
3191 4338 3352 4394 finem
3378 4338 3658 4395 moriendo
3674 4378 3692 4405 ,
3724 4339 3781 4395 in

2198 4434 2479 4490 divinitate
2507 4440 2759 4488 neutrum
2794 4432 2988 4487 horum
3006 4471 3023 4497 ,
3062 4431 3157 4487 sed
3184 4445 3399 4501 semper
3423 4445 3547 4487 esse
3570 4431 3779 4489 habuit.

511 4510 769 4610 olfean
811 4512 1584 4610 quatenusillpruggoblatio
1609 4523 1831 4584 accepta
1882 4516 1953 4570 sit
1990 4515 2097 4573 Ι)ο-
2122 4548 2175 4610 υ
2269 4530 2414 4587 Dicit
2439 4529 2700 4587 sacerdos
2733 4528 3016 4586 collectam
3055 4545 3221 4601 super
3242 4528 3444 4597 oblata,
3488 4531 3627 4587 etin
3664 4531 3785 4603 eius

512 4603 682 4659 mino.
730 4602 989 4673 Sequitur
1029 4603 1226 4694 deinde
1280 4602 1584 4673 Oﬂ'ercnda,
1641 4620 1762 4675 quae
1810 4605 1936 4663 inde
1992 4607 2098 4663 hoc
2122 4602 2162 4610 ”
2200 4621 2309 4677 ﬁne
2340 4636 2355 4676 ε
2387 4621 2494 4676 per
2517 4621 2694 4676 omnia
2723 4620 2919 4676 εωεαια
2961 4620 3297 4688 saeuorum,
3338 4630 3401 4677 ιιι
3439 4637 3626 4694 supra,
3671 4602 3786 4679 Ηιι.

513 4709 708 4749 nomen
757 4694 1007 4765 accepit,
1070 4693 1214 4764 quod
1265 4702 1395 4749 tunc
1441 4695 1673 4765 populus
1722 4712 1823 4751 sua
1869 4712 2095 4754 munera

512 4783 727 4841 offerat.
783 4785 1101 4856 Sequuntur
1154 4783 1379 4853 Versus,
1410 4801 1443 4841 a
1469 4788 1732 4843 vertendo
1773 4789 1924 4856 dicti,
1952 4789 2098 4859 quod

512 4877 569 4930 in
595 4875 871 4932 oll‘erenda
895 4885 1262 4944 revertantur,
1291 4878 1419 4933 dum
1448 4880 1711 4950 repetitur
1727 4880 2024 4937 oll'erenda.

584 4967 825 5039 Suscipit
863 4967 1091 5023 interim
1144 4971 1401 5027 sacerdos
1448 4987 1479 5026 a
1527 4973 1724 5043 populo
1774 4974 1986 5042 oblata,
2036 4984 2099 5031 ut

514 5059 650 5129 ipse,
681 5059 776 5129 qui
804 5068 892 5115 est
920 5060 1065 5115 inter
1090 5059 1259 5116 Deum
1293 5069 1351 5115 et
1383 5062 1557 5132 ipsum
1598 5065 1852 5135 populum
1888 5068 2096 5123 media-

516 5162 621 5216 tor,
667 5166 859 5222 preces
884 5167 1074 5208 eorum
1113 5162 1171 5208 et
1216 5161 1337 5207 vota
1379 5154 1607 5210 Domino
1647 5156 1856 5212 oll’erat.
1896 5159 1954 5214 In
1989 5174 2097 5230 qua

513 5246 785 5301 oblatione
813 5260 952 5316 aqua
984 5245 1243 5301 miscetur
1268 5247 1411 5301 vino.
1468 5248 1572 5303 Per
1598 5248 1781 5304 vinum
1825 5250 2099 5321 signiﬁca-

516 5348 604 5391 tur
643 5336 913 5402 Christus,
959 5353 1058 5407 per
1083 5354 1277 5408 aquam
1312 5347 1496 5395 autem
1536 5342 1807 5411 populus;
1840 5354 1894 5398 ct
1930 5345 1975 5399 si
2014 5345 2098 5400 vi-

519 5447 648 5487 num
677 5429 904 5485 oll'ertur
948 5432 1066 5485 sine
1110 5446 1247 5499 aqua
1278 5472 1293 5497 ,
1340 5432 1556 5487 videtur
1600 5435 1907 5505 signiﬁcare
1954 5438 2099 5508 quod

519 5522 701 5594 passio
724 5520 923 5578 Christi
952 5522 1086 5576 nihil
1116 5522 1382 5591 profuerit
1406 5525 1588 5593 generi
1612 5526 1848 5582 humano
1878 5548 1889 5581 :
1923 5530 1967 5583 si
1998 5546 2100 5583 au—

524 5624 628 5669 tem
659 5628 796 5683 aqua
847 5613 963 5668 sine
987 5613 1132 5677 vino,
1180 5613 1393 5667 videtur
1425 5614 1731 5684 significare
1776 5618 1975 5673 salvari
2006 5634 2103 5688 po-

524 5707 691 5761 tuisse
744 5706 998 5777 populum
1050 5706 1166 5759 sine
1214 5703 1415 5759 Christi
1471 5707 1739 5775 passione.
1798 5709 2102 5780 Utrumque

523 5812 651 5869 ergo
677 5796 930 5852 miscetur
957 5796 1139 5861 simul,
1188 5804 1244 5851 ut
1275 5797 1622 5867 intelligatur,
1671 5801 1923 5868 passione
1947 5803 2102 5860 Chri-

2198 4728 2401 4783 cusque
2432 4710 2699 4783 pratiatio,
2723 4712 2779 4790 id
2804 4720 2924 4778 est,
2962 4712 3279 4783 pralocutio
3310 4721 3370 4770 et
3399 4714 3655 4773 allocutio
3686 4731 3785 4787 po-

2197 4805 2330 4877 puli,
2362 4806 2489 4860 binc
2517 4806 2761 4875 sequitur
2786 4804 3094 4861 exhortatio
3123 4820 3140 4859 :
3166 4803 3389 4861 Sursum
3416 4807 3599 4861 corda.
3644 4806 3787 4863 nc»

2199 4904 2345 4951 tatur
2370 4894 2514 4950 enim
2552 4895 2806 4950 sacerdos
2835 4895 3091 4966 populum
3109 4936 3127 4962 ,
3157 4903 3415 4965 tanquam
3444 4896 3595 4952 dicat
3621 4915 3636 4952 :
3662 4897 3783 4955 1am

2200 4985 2511 5056 apostolicis
2546 4993 2602 5040 et
2646 4986 2974 5057 evangelicis
3016 4987 3302 5058 praeceptis
3339 4987 3670 5046 sufﬁcienter
3702 4991 3789 5047 in-

2198 5079 2395 5135 structi
2441 5086 2497 5133 et
2534 5077 2864 5144 conﬁrmati,
2902 5079 3065 5134 corda
3086 5085 3276 5135 veStra
3308 5095 3339 5134 a
3371 5082 3604 5137 terrenis
3639 5083 3789 5139 curis

2198 5184 2418 5225 sursum
2458 5167 2529 5225 ad
2557 5168 2845 5225 Dominum
2869 5170 3109 5241 dirigite,
3158 5181 3219 5226 ut
3257 5170 3604 5239 sacriﬁcium,
3640 5176 3787 5245 quod

2198 5260 2311 5317 Deo
2359 5259 2693 5316 offerendum
2723 5261 2859 5317 mihi
2896 5261 3186 5328 obtulistis,
3242 5264 3403 5334 digne
3452 5264 3649 5321 oll‘erre
3691 5282 3789 5322 va—

2199 5352 2360 5409 leam.
2384 5353 2697 5424 Respondet
2742 5354 2971 5426 populus
3002 5376 3016 5410 :
3054 5355 3325 5413 Habemus
3364 5359 3436 5413 ad
3475 5359 3785 5429 Dominum,

2200 5446 2356 5517 quasi
2391 5445 2574 5500 dicat:
2606 5444 2781 5503 Corda
2824 5456 3034 5514 nostra,
3068 5456 3131 5505 ut
3171 5451 3440 5522 praacipis,
3472 5461 3651 5508 erecta
3687 5454 3789 5509 ha-

2200 5534 2392 5590 bemus
2430 5535 2497 5590 ad
2529 5534 2841 5603 Dominum,
2888 5547 2948 5593 ut
2994 5540 3271 5610 suscipere
3316 5543 3572 5614 dignetur
3598 5554 3789 5602 votum

2202 5634 2468 5683 nostrum.
2504 5628 2763 5684 Hortatur
2799 5632 2993 5685 iterum
3022 5649 3036 5685 :
3069 5630 3287 5688 Gratias
3316 5650 3536 5705 agamus
3562 5634 3790 5692 Domino

2203 5717 2313 5772 Deo
2350 5728 2549 5783 nostra,
2588 5720 2747 5775 simul
2798 5737 2900 5793 ego
2933 5732 2987 5778 et
3023 5738 3159 5787 vos;
3204 5725 3481 5794 subaudis,
3516 5727 3582 5784 de
3613 5731 3794 5795 οωηῆ

2204 5810 2307 5866 bus
2333 5811 2489 5867 bonis
2512 5812 2581 5867 ab
2609 5812 2699 5868 illo
2741 5815 3018 5882 praestitis.
3042 5814 3350 5887 Respondet
3384 5818 3611 5890 populus
3635 5830 3690 5876 et
3714 5820 3791 5877 af-
