4092 6554
231 424 368 482 1255

1037 418 1189 476 ΟΡΡ.
1231 414 1634 474 SUPPOSITA.
1677 442 1742 453 —-
1785 410 1911 465 [ΑΒ.
1954 409 2042 463 DE
2082 407 2333 463 DlVlNlS
2370 406 2677 463 OFFICIIS.

3353 401 3487 459 i25b

226 538 424 603 firmat,
450 535 637 593 dicens
665 549 681 588 :
716 533 945 603 Dignum
972 541 1019 585 et
1053 532 1259 601 justum
1288 537 1387 592 est,
1417 535 1476 582 ut
1506 526 1580 580 illi
1605 524 1808 594 gratias
1839 527 1883 585 Α
1913 519 2022 573 lum
2044 528 2169 573 sunt
2197 520 2365 574 creati
2396 535 2410 587 ;
2452 526 2506 574 et
2534 534 2640 573 non
2666 516 2840 572 solum
2868 518 3045 587 angeli
3076 532 3175 589 per
3204 517 3356 573 illum
3379 518 3491 572 lau-

222 642 473 701 agamus,
508 626 737 681 Domino
764 624 876 679 Deo
910 630 1115 678 nostro.
1159 621 1310 674 llanc
1352 616 1808 678 exhortationem,

219 735 343 792 qua:
377 718 644 789 sequitur,
688 716 937 773 Gclasius
977 713 1347 784 composuisse
1381 710 1599 765 dicitur.
1653 705 1812 762 Afﬁr-

221 815 338 864 mat
393 808 648 863 sacerdos
706 805 888 878 populi
939 820 1151 868 vocem,
1205 812 1260 857 et
1313 799 1579 856 convertit
1631 814 1688 852 se
1744 798 1809 850 ad

218 900 392 956 Deum
418 910 650 973 patrem,
677 881 911 954 dicensi
948 897 1081 952 Vere
1113 897 1334 967 dignum
1368 904 1417 948 et
1452 894 1658 963 justum
1709 900 1807 956 est,

221 990 277 1046 id
312 999 417 1058 est,
467 992 610 1047 sicut
653 990 887 1061 populus
936 999 1060 1044 tuus
1105 988 1418 1059 respondet,
1467 985 1560 1040 tibi
1608 984 1811 1054 gratias

220 1098 384 1155 agere
412 1083 653 1153 dignum,
681 1080 910 1151 justum.
960 1088 1017 1134 et
1044 1094 1257 1150 acquum
1294 1076 1527 1147 idipsum
1561 1083 1673 1139 est;
1708 1073 1811 1127 Sa-

216 1171 408 1239 lutare,
450 1172 508 1227 id
536 1181 642 1241 est,
688 1171 862 1228 salute
894 1172 1137 1242 plenum,
1173 1169 1434 1239 quoniam
1466 1168 1534 1222 ad
1567 1175 1807 1221 nostram

214 1263 462 1333 corporis
497 1270 553 1318 et
598 1262 794 1317 anima!
836 1261 1064 1317 salutem
1092 1259 1347 1329 pertinet,
1378 1259 1426 1311 si
1461 1258 1619 1327 digne
1658 1256 1808 1310 illum

212 1352 515 1409 laudemus.
560 1353 689 1409 Post
722 1351 1121 1408 confessionem
1162 1351 1376 1423 populi,
1427 1350 1649 1421 dignum
1684 1364 1807 1404 esse

212 1451 268 1498 et
295 1442 528 1513 justum,
573 1452 634 1499 ut
664 1443 777 1498 Deo
823 1444 1010 1515 gratiae
1061 1443 1448 1514 rependantur,
1499 1442 1808 1496 intermisso

212 1534 434 1606 populo,
480 1534 573 1589 cui
607 1534 948 1605 loquebatur,
992 1531 1108 1601 jam
1144 1533 1413 1589 convertit
1459 1547 1519 1587 se
1553 1533 1808 1587 sacerdos

214 1626 286 1681 ad
315 1625 487 1681 Deum
519 1625 764 1692 Patrem,
785 1634 843 1681 et
877 1634 1134 1697 tanquam
1166 1626 1234 1681 ad
1262 1632 1587 1696 prmsentem
1620 1626 1810 1696 incipit

210 1719 381 1792 loqui,
413 1720 599 1776 dicens
630 1737 643 1774 :
674 1719 791 1774 Nos
827 1719 922 1773 tibi
953 1719 1153 1791 gratias
1176 1736 1348 1790 agere,
1384 1728 1440 1775 et
1468 1721 1573 1775 hoc
1606 1735 1713 1774 non
1739 1719 1808 1774 ad

210 1811 437 1878 horam,
474 1810 570 1866 sed
620 1827 843 1883 semper,
884 1810 938 1865 id
981 1818 1096 1876 est,
1132 1810 1281 1866 omni
1331 1820 1594 1880 tempore,
1640 1820 1696 1865 et
1750 1810 1804 1864 in

1912 611 2041 664 dant
2070 611 2240 664 Deum
2267 609 2507 675 Patrem,
2529 626 2719 665 verum
2740 610 2905 665 etiam
2938 610 3043 665 illa:
3070 610 3302 665 virtutes
3327 610 3494 664 cmico

1911 720 2055 769 rum,
2082 719 2203 773 quae
2240 717 2405 773 super
2433 703 2569 758 alias
2612 702 3041 759 dominationem
3067 711 3123 758 et
3166 712 3492 775 potestatem

1909 792 2131 847 habent.
2165 792 2231 847 lli
2258 808 2390 863 ergo
2421 802 2534 847 tam
2562 792 2709 847 beati
2749 801 2805 849 et
2843 793 3105 849 sublimes
3135 794 3371 864 Spiritus
3398 810 3496 864 per

1910 884 2193 939 Christum
2216 884 2556 956 majestatem
2576 884 2671 938 Dei
2697 884 2942 951 laudant,
2976 885 3119 940 sicut
3147 888 3215 941 ad
3240 902 3336 943 eos
3359 902 3495 941 con-

1910 965 2232 1046 gratula‘udo
2277 977 2479 1032 dicitur
2535 976 2589 1029 in
2620 976 2832 1047 psalmo
2862 995 2875 1031 :
2921 975 3163 1032 Laudate
3184 977 3488 1042 Dominum,

1911 1084 2088 1122 omnes
2136 1070 2349 1123 virtutes
2402 1068 2518 1140 ejus
2577 1066 2750 1141 (Psal.
2809 1085 3059 1137 CXLVIII,
3116 1069 3195 1145 2).
3253 1070 3494 1127 Aderant

1910 1174 2125 1230 quoque
2151 1160 2401 1215 eamdem
2432 1159 2668 1215 divinam
2698 1160 3057 1231 maiestatem,
3092 1162 3233 1217 sicut
3255 1163 3311 1219 in
3339 1163 3497 1234 hym-

1910 1265 1981 1305 no
2009 1250 2370 1308 confessionis
2399 1253 2588 1307 Esdrae
2617 1252 2683 1307 ad
2713 1254 2888 1323 ipsum
2920 1253 3210 1310 Dominum
3248 1256 3489 1312 dicitur:

1908 1342 2188 1399 Exercitus
2217 1343 2330 1398 εωιὶ
2358 1353 2408 1398 te
2451 1344 2676 1398 adorant
2700 1344 2785 1418 (II
2812 1345 2974 1401 Esdr.
3001 1362 3077 1413 lx,
3118 1347 3198 1422 6).
3243 1345 3495 1409 Tremunt

1907 1437 2093 1499 etiam,
2123 1436 2264 1495 sicut
2282 1451 2381 1506 per
2413 1435 2642 1507 ﬁguram
2678 1436 2747 1492 de
2774 1438 2856 1494 eis
2886 1439 2940 1495 in
2963 1438 3103 1495 libro
3122 1438 3224 1495 Job
3251 1439 3491 1496 dicitur:

1908 1526 2181 1584 Columna:
2204 1531 2317 1585 caeli
2343 1533 2772 1596 contremiscunt,
2800 1541 2849 1586 et
2870 1541 3056 1604 pavent
3083 1534 3152 1587 ad
3176 1544 3357 1588 nutum
3377 1534 3495 1605 ejus

1910 1622 2052 1696 (Job.
2083 1642 2237 1691 xxvi,
2269 1624 2379 1695 Η).
2415 1624 2517 1692 Qui
2548 1632 2727 1678 tamen
2758 1632 2966 1681 tremor
2989 1668 3003 1689 ,
3037 1640 3104 1680 ne
3154 1626 3236 1679 eis
3263 1625 3494 1696 pmnalis

1910 1718 2002 1784 sit,
2034 1732 2141 1772 non
2193 1717 2408 1772 timoris
2436 1725 2524 1772 est
2548 1756 2563 1782 ,
2596 1716 2691 1771 sed
2725 1716 3120 1773 admirationis.
3167 1715 3301 1771 Cum
3328 1716 3497 1790 igitur

1911 1811 1964 1864 in
1996 1810 2309 1866 cmlestibus
2341 1819 2489 1866 tanta
2525 1811 2595 1864 sit
2617 1808 2835 1865 devotio
2858 1810 3193 1865 laudantium
3221 1852 3237 1877 ,
3258 1826 3489 1865 νίψει-τι-

207 1901 487 1973 prosperis
517 1908 573 1955 et
600 1901 657 1956 in
681 1900 947 1966 adversis,
998 1900 1206 1970 ubique,
1240 1900 1296 1954 id
1334 1909 1439 1966 est,
1481 1900 1628 1954 omni
1660 1899 1797 1955 loco.
1839 1893 1878 1952 Β
1910 1904 1982 1958 ιὶο
2008 1902 2349 1958 adorantium
2375 1942 2391 1968 ,
2447 1909 2656 1955 tremor
2706 1901 3091 1957 admirantium
3111 1943 3127 1968 ,
3181 1901 3491 1956 consideret

209 1990 435 2045 Domine
455 1999 656 2055 sancte,
681 1990 774 2059 qui
797 1989 1094 2044 dominaris
1115 1990 1378 2055 omnium,
1409 2005 1531 2060 quae
1563 1989 1619 2044 in
1649 1990 1802 2046 cmlis

209 2091 358 2149 sunt,
391 2090 449 2138 et
476 2098 599 2155 qua:
628 2083 682 2136 in
718 2091 888 2149 terra,
919 2091 975 2137 et
1001 2083 1093 2154 qui
1122 2083 1307 2138 omnia
1351 2091 1539 2139 sancta
1573 2093 1667 2138 tua
1700 2085 1802 2139 bc-

212 2176 518 2233 nedictione
561 2177 894 2245 sanetilicas,
926 2185 988 2231 ut
1016 2186 1204 2232 saneta
1232 2178 1359 2233 sint.
1394 2175 1559 2232 Pater
1590 2176 1799 2244 Grarce,

202 2267 402 2323 Latine
425 2268 624 2323 dicitur
648 2269 877 2340 genitor.
905 2269 1048 2323 Deus
1074 2269 1219 2323 enim
1240 2267 1590 2324 inell'abiliter
1619 2268 1803 2339 genuit

208 2360 409 2416 Filium
442 2368 568 2416 ante
591 2361 773 2416 omnia
798 2360 1018 2417 saecula.
1046 2360 1388 2432 Omnipotens
1412 2362 1611 2416 dicitur
1636 2361 1798 2428 Deus,

206 2452 341 2523 quia
376 2453 562 2508 omnia
608 2459 810 2524 potest,
846 2468 968 2523 qua:
1002 2452 1155 2507 illum
1190 2453 1401 2507 decent.
1440 2451 1653 2506 Mentiri
1691 2468 1801 2507 non

205 2553 410 2615 potest,
435 2545 561 2615 quia
582 2545 785 2599 veritas
824 2553 937 2610 est;
981 2545 1123 2599 mori
1160 2560 1267 2598 non
1308 2551 1508 2613 potest,
1539 2545 1665 2614 quia
1701 2546 1802 2599 im-

206 2638 481 2703 mortalis,
512 2637 622 2693 imo
646 2637 757 2691 vita
784 2645 897 2703 est;
950 2636 1148 2692 mutari
1175 2652 1280 2689 non
1312 2644 1507 2705 potest,
1546 2636 1671 2707 quia
1701 2637 1800 2691 im-

202 2725 485 2782 mutabilis
528 2735 631 2782 est.
684 2726 1038 2797 Omnipotens
1082 2727 1230 2780 enim
1280 2726 1481 2781 dicitur
1524 2726 1797 2794 faciendo,

206 2812 351 2891 quod
392 2817 524 2882 vult,
573 2834 681 2872 non
706 2818 981 2888 patiendo,
1029 2817 1173 2888 quod
1211 2834 1317 2871 non
1348 2818 1484 2872 vult.
1541 2817 1800 2873 zEternus

206 2919 292 2967 est
343 2910 504 2978 Deus,
542 2910 669 2980 quia
716 2926 817 2965 nec
857 2909 1070 2963 initium
1104 2910 1314 2973 habuit,
1360 2925 1463 2964 nec
1508 2911 1800 2964 terminum

204 3003 445 3069 habebit,
478 3004 605 3073 quia
638 3019 742 3059 nec
767 3003 933 3074 cmpit
966 3017 1068 3057 nee
1098 3002 1316 3057 desinit.
1354 3001 1559 3057 Gratia:
1586 3008 1795 3067 autem,

203 3113 348 3171 quas
370 3096 630 3152 debemus
659 3094 879 3162 ollerre,
905 3094 1316 3166 per‘Dominum
1338 3104 1587 3148 nostrum
1612 3091 1799 3149 Iesum

202 3190 485 3247 Christum
538 3187 827 3244 oll'erendze
869 3195 1018 3252 sunt,
1076 3187 1169 3258 qui
1209 3194 1293 3241 est
1336 3185 1609 3241 mediator
1652 3186 1799 3240 inter

1907 1997 2010 2052 hoc
2034 1997 2216 2061 homo,
2233 1996 2324 2050 cui
2341 1996 2547 2052 dictum
2568 2004 2652 2050 est
2678 2013 2691 2049 :
2712 1994 2854 2061 Quid
2868 1995 3128 2067 superbis,
3145 2005 3287 2048 terra
3297 2004 3346 2047 ct
3359 1995 3493 2048 ciuis

1908 2088 2100 2159 (Eccli.
2125 2105 2182 2154 ι,
2214 2088 2309 2158 9)?
2358 2088 2558 2143 Audiat
2607 2088 2925 2160 Apostolum
2972 2096 3324 2145 monentem:
3357 2087 3492 2143 Cum

1903 2187 2043 2233 metu
2065 2188 2111 2234 et
2140 2180 2348 2245 timore,
2374 2190 2421 2234 et
2445 2189 2670 2234 tremore
2707 2167 2931 2235 vestram
2983 2180 3217 2252 ipsorum
3262 2179 3489 2236 salutem

1903 2272 2198 2342 operamini
2257 2269 2428 2343 (Phil.
2476 2287 2552 2335 XI,
2603 2269 2716 2343 12).
2772 2269 2900 2326 (Σωιὶ
2950 2286 3211 2342 quoque,
3264 2273 3356 2341 qui
3396 2287 3496 2343 per

1903 2361 2183 2419 Christum
2230 2364 2360 2419 facti
2392 2372 2534 2429 sunt,
2589 2356 2722 2419 ttinc
2772 2364 2996 2419 laudant
3043 2364 3213 2419 Deum
3249 2361 3489 2431 Patrem,

1903 2454 2122 2526 quando
2177 2469 2278 2509 nos
2323 2462 2621 2525 provocant
2670 2455 2739 2510 ad
2769 2454 2987 2509 laudem
3032 2453 3169 2524 ejus.
3227 2453 3491 2509 Cwlorum

1901 2562 2103 2616 quoque
2134 2545 2348 2599 virtutes
2390 2553 2441 2599 et
2488 2545 2751 2616 scrapltim
2800 2544 3180 2611 concelebrant,
3210 2544 3264 2599 id
3301 2554 3405 2612 est,
3438 2547 3492 2601 in

1900 2649 2192 2690 commune
2212 2635 2491 2690 celebrant
2510 2636 2767 2691 concordi
2797 2636 3104 2703 devotione,
3127 2644 3184 2691 et
3216 2638 3491 2692 communi

1901 2728 2100 2798 gaudio
2129 2728 2372 2783 laudant.
2408 2727 2545 2783 Nam
2566 2727 2862 2784 celebritas
2884 2736 2969 2784 est
2990 2738 3288 2785 conventus
3309 2730 3493 2801 populi

1902 2821 1960 2875 in
2010 2820 2168 2876 laude
2203 2840 2216 2875 :
2249 2830 2303 2876 et
2346 2822 2617 2877 celebrata
2650 2822 2881 2878 dicimus
2929 2824 2983 2878 in
3011 2823 3233 2890 celebri,
3294 2822 3349 2878 id
3383 2834 3492 2890 est,

1900 2911 2342 2984 frequentissimo
2369 2922 2640 2970 conventu
2692 2923 2834 2970 acta.
2878 2916 3003 2971 Ideo
3032 2921 3214 2970 autem
3246 2915 3448 2971 dicitur
3470 2957 3485 2980 ,

1900 3004 2029 3075 quia
2044 3002 2381 3073 majestatem
2398 3006 2567 3071 socia,
2596 3006 2649 3062 id
2673 3014 2777 3074 est,
2793 3004 2985 3075 juncta
2999 3005 3352 3062 exsultatione
3369 3023 3494 3062 con-

1899 3095 2185 3162 celebrant,
2222 3098 2479 3167 quoniam
2508 3100 2625 3153 sine
2654 3099 3058 3155 intermissione
3080 3100 3386 3166 laudantes,
3411 3102 3492 3155 vi-

1900 3189 2088 3244 cissim
2115 3190 2182 3245 de
2205 3189 2298 3245 illo
2338 3198 2397 3243 et
2447 3190 2515 3244 de
2541 3204 2600 3245 se
2627 3190 2681 3245 in
2712 3190 2804 3247 illo
2842 3191 3116 3246 l:etantur.
3175 3191 3332 3247 Hunc
3358 3208 3491 3263 ergo

204 3283 378 3338 Deum
406 3289 461 3336 et
488 3296 611 3348 nos,
642 3287 698 3335 et
732 3280 826 3351 qui
857 3287 939 3335 ρει
965 3254 1206 3350 pontifex
1250 3277 1590 3347 pontiﬁcum.
1634 3276 1794 3332 Chri-
1823 3254 1871 3317 δ
1901 3283 2147 3338 omnium
2173 3293 2476 3339 creatorem
2524 3292 2581 3339 et
2607 3294 2870 3340 rectorem
2903 3285 3126 3343 laudant
3153 3294 3209 3339 et
3236 3254 3491 3342 concele—

202 3385 318 3430 stus
345 3374 558 3441 Gratce,
589 3373 781 3428 Latine
820 3373 1023 3427 dicitur
1060 3379 1301 3427 unctus:
1324 3370 1534 3427 Unctus
1572 3378 1657 3426 est
1700 3370 1798 3426 Dei

199 3466 374 3522 Filius
428 3463 725 3521 secundum
770 3464 1188 3527 humanitatem,
1248 3477 1357 3517 non
1405 3461 1526 3517 oleo
1573 3463 1794 3529 visibili,

194 3574 314 3631 quo
348 3559 691 3631 ungebantur
717 3572 871 3628 reges
895 3564 953 3611 et
991 3556 1323 3620 sacerdotes,
1374 3570 1566 3609 verum
1614 3568 1797 3624 regem

202 3659 259 3706 et
289 3651 624 3708 sacerdotem
654 3650 1069 3721 prteligurantes
1100 3646 1392 3703 Dominum
1429 3655 1677 3702 nostrum
1701 3645 1794 3703 Je-

207 3758 328 3799 sum
350 3740 657 3807 Christum,
726 3742 820 3797 sed
863 3740 1202 3811 plenitudine
1236 3740 1536 3795 divinitatis
1571 3746 1627 3793 et
1655 3739 1797 3794 dono

203 3833 416 3906 gratiae,
462 3833 606 3902 quod
636 3820 836 3887 visibili
863 3831 1109 3902 signatur
1137 3838 1437 3902 unguento,
1478 3846 1586 3900 quo
1621 3829 1798 3900 bapti-

205 3934 357 3981 zatos
382 3924 559 3995 jungit
588 3923 851 3981 Ecclesia.
887 3922 1140 3978 Christus
1186 3931 1367 3977 tamen
1406 3938 1512 3977 non
1551 3931 1681 3977 tunc
1715 3930 1800 3977 est

199 4025 399 4072 unctus
428 4014 633 4087 Spiritu
677 4024 899 4081 sancto,
938 4017 1155 4086 quando
1183 4030 1347 4085 super
1389 4031 1517 4071 eum
1546 4014 1796 4085 baptiza-

204 4118 321 4166 tum
371 4109 512 4163 sicut
563 4108 811 4163 columba
860 4108 1164 4173 descendit;
1221 4114 1349 4160 tunc
1394 4106 1540 4160 enim
1596 4121 1798 4176 corpus

204 4215 385 4267 suum,
414 4198 468 4256 id
496 4207 601 4267 est,
628 4198 926 4254 Ecclesiam
957 4198 1309 4270 praeﬁgurare
1332 4197 1582 4267 dignatus
1607 4205 1711 4262 est,
1741 4198 1795 4251 in

199 4307 310 4364 qua
367 4291 630 4362 baptizati
685 4290 962 4361 accipiunt
1016 4287 1281 4359 Spiritum
1350 4296 1597 4343 sanetum
1644 4305 1656 4341 :
1702 4289 1797 4343 sed

201 4387 432 4457 mystica
468 4384 724 4440 unctione
750 4391 880 4439 tunc
909 4390 1104 4437 unctus
1141 4389 1244 4445 est,
1293 4382 1507 4452 quando
1544 4381 1797 4436 veniente

204 4474 448 4551 [angelo]
496 4475 565 4531 ad
610 4474 834 4529 Mariam
878 4473 1143 4544 virginem
1187 4479 1378 4526 uterus
1428 4471 1665 4540 repletus
1711 4479 1798 4526 est

201 4567 412 4637 Spiritu
454 4572 674 4630 sancto,
738 4565 842 4619 hoc
889 4571 992 4628 est,
1043 4563 1260 4631 quando
1310 4563 1545 4616 humana
1596 4571 1790 4617 natura

201 4663 322 4717 sine
371 4660 496 4714 ullis
551 4657 979 4729 praecedentibus
1030 4657 1299 4711 bonorum
1350 4670 1576 4725 Operum
1625 4655 1791 4711 meri-

204 4754 317 4820 tis,
370 4751 484 4807 Deo
539 4765 671 4807 vero
726 4749 781 4804 in
842 4754 996 4802 utero
1048 4747 1277 4816 virginis
1332 4754 1416 4801 est
1468 4748 1544 4802 ita
1595 4746 1789 4811 unita,

202 4855 264 4903 ut
287 4862 413 4901 cum
437 4845 529 4900 illo
548 4860 655 4899 una
682 4841 837 4897 ﬂeret
860 4857 1091 4911 persona
1120 4860 1134 4895 :
1160 4843 1305 4897 unde
1334 4851 1388 4897 et
1413 4843 1481 4896 ob
1522 4841 1628 4897 hoc
1662 4857 1792 4897 con-

204 4938 423 4993 ﬁtemur
473 4935 623 4989 illum
676 4942 862 4988 natum
899 4934 964 4987 de
1016 4932 1222 5003 Spiritu
1268 4941 1456 4987 sancto
1501 4947 1569 4986 ex
1622 4930 1791 4985 Maria

200 5029 431 5101 virgine.
482 5025 746 5082 Unctioue
787 5032 968 5079 autem
1017 5024 1124 5078 olei
1162 5023 1480 5094 designatur
1514 5022 1792 5091 plenitudo

203 5120 443 5191 Spiritus
491 5118 664 5173 sancti
694 5158 709 5182 ,
759 5117 1017 5186 quoniam
1067 5116 1209 5171 sicut
1251 5117 1371 5171 oleo
1417 5115 1623 5185 optimo
1671 5129 1794 5169 cor-

202 5227 304 5281 pus
328 5209 608 5281 perfusum
637 5218 849 5264 recreat
890 5209 1042 5274 illud,
1088 5217 1252 5279 atque
1299 5222 1556 5263 recreans
1594 5208 1793 5279 jucun-

204 5303 327 5357 dius
368 5302 583 5357 reddit:
615 5302 693 5355 sic
729 5308 783 5354 et
814 5301 989 5370 gratia
1020 5300 1255 5370 Spiritus
1294 5300 1466 5355 sancti
1495 5316 1609 5365 cor,
1648 5300 1792 5370 quod

206 5392 517 5462 repleverit,
548 5393 601 5445 in
628 5407 812 5446 amore
844 5403 898 5445 et
925 5392 1213 5446 dilectione
1248 5390 1341 5445 Dei
1368 5390 1610 5461 perfecte
1638 5407 1794 5461 repa-

208 5497 355 5547 rans,
392 5496 606 5536 omncm
642 5480 851 5536 timoris
880 5481 1211 5546 mmstitiam,
1247 5496 1410 5549 quam
1434 5497 1532 5551 pro
1553 5482 1793 5553 peccatis

210 5574 385 5643 primo
424 5580 809 5637 contraxerat,
839 5573 907 5627 ab
937 5588 1032 5627 ore
1070 5571 1315 5642 repellit,
1344 5581 1399 5626 et
1431 5572 1483 5627 in
1514 5572 1795 5627 cbaritatis

212 5665 368 5738 501
385 5665 720 5735 perfectione
740 5664 1087 5731 conﬁrmans,
1106 5667 1173 5721 de
1196 5681 1292 5735 spe
1312 5666 1437 5720 vita:
1462 5674 1681 5722 aeterna:
1705 5679 1800 5719 ex-

212 5760 524 5816 sultationis
567 5759 823 5831 gaudium
869 5761 1266 5816 subministrat.
1302 5757 1407 5814 Per
1446 5752 1599 5828 quem
1640 5759 1801 5815 Chri-

216 5865 368 5920 ,stum
404 5854 732 5924 majestatem
761 5863 905 5907 tuam
962 5852 1182 5908 laudant
1212 5855 1404 5926 angeli,
1438 5855 1564 5925 quia
1612 5868 1707 5923 per
1735 5851 1794 5904 il-

1901 3374 2070 3429 brant
2091 3374 2239 3439 cmli,
2265 3374 2405 3429 sicut
2434 3389 2557 3429 cum
2598 3375 2824 3431 laudant
2846 3375 2925 3431 sol
2949 3384 3007 3431 et
3052 3376 3203 3443 luna,
3244 3376 3412 3432 stellae
3440 3386 3495 3432 et

1898 3466 2101 3521 lumen.
2132 3465 2284 3522 Unde
2315 3466 2369 3519 in
2392 3467 2602 3536 psalmo
2624 3467 2824 3522 dicitur
2849 3483 2863 3521 :
2893 3466 3131 3522 Laudate
3157 3485 3300 3535 eum,
3331 3468 3410 3522 sol
3438 3479 3491 3521 et

1896 3556 2024 3611 luna
2053 3571 2070 3607 :
2100 3572 2293 3626 usque,
2345 3574 2520 3629 (τίμια),
2561 3575 2679 3627 quae
2728 3575 2885 3629 super
2936 3558 3091 3613 cmlos
3135 3568 3260 3612 sunt
3311 3556 3488 3631 (Paul.

1897 3664 2112 3715 cxu'u,
2148 3649 2226 3721 5).
2301 3647 2359 3704 lu
2409 3651 2613 3721 hymno
2664 3666 2881 3722 quoque
2950 3651 3115 3705 trium
3162 3667 3491 3721 puerorum,

1900 3739 1997 3794 Dei
2035 3740 2101 3795 ad
2144 3740 2356 3795 laudem
2404 3742 2673 3796 elementa
2718 3743 2901 3797 omnia
2947 3752 3351 3813 provocamur:
3383 3761 3492 3801 non

1898 3832 2043 3902 quod
2064 3833 2338 3888 elementa
2368 3840 2518 3887 muta
2547 3835 2783 3889 habeant
2816 3850 3036 3889 sensum
3066 3835 3342 3902 laudandi,
3390 3838 3487 3893 sed

1898 3922 2043 3994 quod
2073 3930 2267 3977 cuncta
2313 3924 2452 3980 bene
2478 3923 2738 3994 cogitata,
2782 3922 2999 3980 laudem
3025 3925 3260 3995 pariant,
3294 3933 3351 3981 et
3379 3928 3485 3981 im-

1898 4015 2075 4085 pletur
2099 4030 2195 4071 cor
2235 4015 2671 4071 consideratione
2714 4025 2984 4071 creatura:
3022 4016 3088 4070 ad
3125 4017 3483 4071 eruetandum

1898 4103 2161 4173 hymnum
2194 4100 2449 4156 creatori.
2494 4101 2561 4156 Et
2591 4101 2721 4172 quia
2747 4099 2967 4170 longum
2999 4101 3104 4156 fuit
3135 4101 3188 4157 in
3218 4103 3324 4157 ista
3362 4118 3489 4174 gra-

1902 4197 2103 4251 tiarum
2155 4195 2368 4250 actione
2421 4200 2562 4249 totes
2614 4194 2929 4267 angelorum
2978 4196 3235 4262 ordines,
3290 4197 3383 4266 qui
3435 4197 3490 4253 in

1900 4287 2198 4359 Scripturis
2234 4302 2429 4343 novem
2485 4286 2835 4344 inveniuntur
2859 4328 2874 4355 ,
2922 4302 3125 4357 ponere
3150 4328 3166 4353 ,
3197 4287 3489 4358 sigillatum

1898 4388 2024 4449 post
2052 4377 2223 4435 cmlos
2250 4385 2529 4447 ponuntur
2575 4379 2824 4446 virtutes,
2875 4394 2984 4449 quo
3019 4380 3237 4434 nomine
3299 4395 3491 4438 omnes

1899 4472 2156 4528 cmlestes
2206 4471 2437 4541 spiritus
2459 4471 2791 4541 generaliter
2828 4472 3087 4543 appellari
3118 4472 3316 4538 solent,
3349 4482 3411 4528 ut
3435 4474 3493 4529 in

1899 4565 2108 4635 psalmo
2133 4581 2146 4618 :
2170 4563 2429 4618 Dominus
2453 4562 2704 4617 virtutum
2748 4564 2857 4634 ipse
2881 4572 2958 4617 est
2982 4580 3073 4617 rex
3095 4563 3283 4635 gloria:
3313 4562 3489 4637 (Psal.

1899 4673 2060 4723 χχιιι,
2116 4656 2230 4727 10).
2262 4656 2331 4711 Et
2379 4656 2618 4711 iterum:
2684 4653 2847 4710 Verbo
2878 4654 3092 4710 Domini
3132 4654 3248 4711 caeli
3292 4656 3492 4726 ﬁrmati

1896 4759 2040 4813 sunt,
2067 4757 2113 4801 et
2163 4748 2354 4818 spiritu
2380 4748 2489 4801 oris
2525 4746 2640 4816 ejus
2680 4748 2851 4801 omnis
2882 4748 3045 4801 virtus
3094 4730 3275 4801 eorum
3314 4744 3488 4819 (Psal.

1900 4856 2071 4907 xxx",
2088 4841 2165 4913 6).
2178 4839 2261 4895 Ad
2275 4839 2524 4895 ultimum
2538 4848 2815 4910 ponuntur
2834 4840 3129 4909 seraphim,
3146 4839 3239 4908 qui
3253 4847 3338 4895 est
3350 4855 3493 4895 sum-

1899 4950 2022 4989 mus
2043 4935 2179 4991 ordo
2201 4932 2571 5004 angelicorum
2594 4932 2906 5002 spirituum,
2925 4941 2979 4987 et
3006 4947 3134 4987 vere
3164 4933 3347 4998 beata,
3368 4949 3493 5004 quze

1898 5043 1965 5081 ex
2000 5026 2261 5099 singulari
2288 5024 2695 5096 propinquitate
2725 5023 2991 5079 creatoris
3030 5024 3114 5077 sui
3148 5023 3490 5094 incompara-

1896 5119 1987 5173 bili
2025 5118 2219 5173 ardent
2248 5133 2453 5172 amore.
2483 5116 2635 5172 Unde
2658 5124 2715 5170 et
2740 5114 2997 5170 ardentes
3029 5114 3113 5169 vel
3137 5115 3491 5171 incendentes

1896 5210 2345 5279 interpretantur.
2401 5208 2693 5261 Sciendum
2730 5215 2911 5261 autem
2934 5207 3094 5275 -quod
3128 5206 3412 5261 cherubim
3434 5219 3485 5262 et

1895 5302 2170 5372 scraphim
2198 5316 2360 5370 perm
2390 5302 2626 5355 litteram
2655 5298 2885 5368 prolata,
2909 5295 3066 5367 juxta
3101 5300 3490 5369 proprietatem

1896 5395 2092 5464 lingua:
2116 5394 2366 5457 bebrmac,
2383 5392 2671 5446 masculini
2688 5399 2816 5446 sunt
2836 5391 3053 5460 generis
3066 5398 3123 5445 et
3144 5390 3372 5461 pluralis
3393 5407 3492 5444 nu-

1897 5485 2033 5539 meri
2050 5493 2279 5538 tantum.
2299 5483 2357 5539 Si
2374 5492 2555 5538 autem
2569 5499 2668 5553 per
2682 5500 2716 5535 n
2732 5482 2969 5537 litteram
2986 5482 3256 5546 dicantur,
3275 5483 3417 5537 sicut
3436 5483 3491 5536 in

1896 5575 2120 5645 psalmis
2141 5582 2197 5628 et
2220 5575 2458 5647 hymnis,
2491 5584 2546 5629 et
2565 5575 2618 5628 in
2656 5574 2911 5643 praesenti
2939 5573 3236 5643 gratiarum
3277 5574 3493 5629 actione

1899 5665 2141 5736 ponitur,
2155 5664 2341 5720 Graeca
2357 5664 2786 5719 declinationein
2802 5663 3049 5719 neutrale
3087 5680 3258 5735 genus
3281 5674 3495 5719 mutan-

1908 5770 2015 5813 tur.
2053 5757 2349 5813 V'eluteum
2375 5757 2609 5813 dicimus
2630 5756 2809 5812 lucida
2822 5757 3027 5818 sidera,
3048 5758 3295 5825 speciosa
3314 5772 3494 5811 nemo-

1911 5868 1986 5917 ra,
2002 5851 2240 5921 jucunda
2259 5850 2461 5914 littora,
2486 5850 2564 5904 sic
2578 5857 2631 5904 et
2648 5850 2806 5905 beata
2832 5848 3104 5917 seraphim
3118 5856 3313 5902 neutro
3332 5862 3492 5918 gene-
