  <div class='ocr_page' id='page_1' title='image "/cluster/home/n/w/nwhite01/storage/ocr_20150623/101/umn.31951002477394h/641.png"; bbox 0 0 4092 6542; ppageno 0'>
   <div class='ocr_carea' id='block_1_1' title="bbox 526 458 666 516">
    <p class='ocr_par' dir='ltr' id='par_1_1' title="bbox 526 458 666 516">
     <span class='ocr_line' id='line_1_1' title="bbox 526 458 666 516; baseline 0.021 -3"><span class='ocrx_word' id='word_1_1' title='bbox 526 458 666 516; x_wconf 71' lang='grc'><strong>1255</strong></span> 
     </span>
    </p>
   </div>
   <div class='ocr_carea' id='block_1_2' title="bbox 1367 464 2961 537">
    <p class='ocr_par' dir='ltr' id='par_1_2' title="bbox 1367 464 2961 537">
     <span class='ocr_line' id='line_1_2' title="bbox 1367 464 2961 537; baseline 0.012 -18"><span class='ocrx_word' id='word_1_2' title='bbox 1367 464 1426 519; x_wconf 84' lang='grc' dir='ltr'><strong>Β.</strong></span> <span class='ocrx_word' id='word_1_3' title='bbox 1474 466 1534 521; x_wconf 89' lang='lat' dir='ltr'><strong>F.</strong></span> <span class='ocrx_word' id='word_1_4' title='bbox 1574 467 1802 523; x_wconf 74' lang='lat' dir='ltr'><strong>ALBINI</strong></span> <span class='ocrx_word' id='word_1_5' title='bbox 1842 470 1977 527; x_wconf 84' lang='lat' dir='ltr'><strong>SEU</strong></span> <span class='ocrx_word' id='word_1_6' title='bbox 2015 468 2293 527; x_wconf 78' lang='lat' dir='ltr'><strong>ALCUINI</strong></span> <span class='ocrx_word' id='word_1_7' title='bbox 2330 469 2619 532; x_wconf 76' lang='lat' dir='ltr'><strong>OPERUM</strong></span> <span class='ocrx_word' id='word_1_8' title='bbox 2656 478 2837 537; x_wconf 79' lang='lat' dir='ltr'><strong>PARS</strong></span> <span class='ocrx_word' id='word_1_9' title='bbox 2871 479 2961 537; x_wconf 75' lang='lat' dir='ltr'><strong>1X.</strong></span> 
     </span>
    </p>
   </div>
   <div class='ocr_carea' id='block_1_3' title="bbox 3676 495 3818 555">
    <p class='ocr_par' dir='ltr' id='par_1_3' title="bbox 3676 495 3818 555">
     <span class='ocr_line' id='line_1_3' title="bbox 3676 495 3818 555; baseline 0.021 -3"><span class='ocrx_word' id='word_1_10' title='bbox 3676 495 3818 555; x_wconf 68' lang='lat' dir='ltr'><strong>i256</strong></span> 
     </span>
    </p>
   </div>
   <div class='ocr_carea' id='block_1_4' title="bbox 521 575 3815 679">
    <p class='ocr_par' dir='ltr' id='par_1_4' title="bbox 521 575 3815 679">
     <span class='ocr_line' id='line_1_4' title="bbox 521 575 3815 679; baseline 0.012 -51"><span class='ocrx_word' id='word_1_11' title='bbox 521 591 585 679; x_wconf 50' lang='grc' dir='ltr'><strong>εδ</strong></span> <span class='ocrx_word' id='word_1_12' title='bbox 603 575 1632 679; x_wconf 39' lang='lat' dir='ltr'><strong>etplur-ali.numeroacpipiamusmilt</strong></span> <span class='ocrx_word' id='word_1_13' title='bbox 1656 590 1840 638; x_wconf 89' lang='lat' dir='ltr'><strong>autem</strong></span> <span class='ocrx_word' id='word_1_14' title='bbox 1861 583 2116 679; x_wconf 58' lang='lat' dir='ltr'><strong>adscitum</strong></span> <span class='ocrx_word' id='word_1_15' title='bbox 2149 594 2195 651; x_wconf 79' lang='grc' dir='ltr'><strong>Α</strong></span> <span class='ocrx_word' id='word_1_16' title='bbox 2224 586 2369 679; x_wconf 65' lang='lat' dir='ltr'><strong>(Jer.</strong></span> <span class='ocrx_word' id='word_1_17' title='bbox 2416 604 2575 655; x_wconf 67' lang='grc' dir='ltr'><strong>χχιιι,</strong></span> <span class='ocrx_word' id='word_1_18' title='bbox 2622 590 2738 661; x_wconf 71' lang='grc'><strong>24).</strong></span> <span class='ocrx_word' id='word_1_19' title='bbox 2770 592 3149 665; x_wconf 84' lang='lat' dir='ltr'><strong>Adjunguntur</strong></span> <span class='ocrx_word' id='word_1_20' title='bbox 3194 608 3378 655; x_wconf 87' lang='lat' dir='ltr'><strong>autem</strong></span> <span class='ocrx_word' id='word_1_21' title='bbox 3426 604 3554 660; x_wconf 83' lang='lat' dir='ltr'><strong>huic</strong></span> <span class='ocrx_word' id='word_1_22' title='bbox 3602 609 3815 679; x_wconf 80' lang='lat' dir='ltr'><strong>hymno</strong></span> 
     </span>
    </p>
   </div>
   <div class='ocr_carea' id='block_1_5' title="bbox 520 661 2113 737">
    <p class='ocr_par' dir='ltr' id='par_1_5' title="bbox 520 661 2113 737">
     <span class='ocr_line' id='line_1_5' title="bbox 520 661 2113 737; baseline 0.006 -19"><span class='ocrx_word' id='word_1_23' title='bbox 520 661 741 721; x_wconf 82' lang='lat' dir='ltr'><strong>Patrem</strong></span> <span class='ocrx_word' id='word_1_24' title='bbox 780 666 1049 737; x_wconf 75' lang='lat' dir='ltr'><strong>dirigatur</strong></span> <span class='ocrx_word' id='word_1_25' title='bbox 1074 668 1274 735; x_wconf 91' lang='lat' dir='ltr'><strong>oratio,</strong></span> <span class='ocrx_word' id='word_1_26' title='bbox 1304 685 1430 725; x_wconf 86' lang='lat' dir='ltr'><strong>cum</strong></span> <span class='ocrx_word' id='word_1_27' title='bbox 1458 672 1627 727; x_wconf 90' lang='lat' dir='ltr'><strong>totius</strong></span> <span class='ocrx_word' id='word_1_28' title='bbox 1651 681 1855 728; x_wconf 75' lang='lat' dir='ltr'><strong>sancta:</strong></span> <span class='ocrx_word' id='word_1_29' title='bbox 1880 673 2113 729; x_wconf 86' lang='lat' dir='ltr'><strong>Trinita-</strong></span> 
     </span>
    </p>
   </div>
   <div class='ocr_carea' id='block_1_6' title="bbox 520 755 2109 835">
    <p class='ocr_par' dir='ltr' id='par_1_6' title="bbox 520 755 2109 835">
     <span class='ocr_line' id='line_1_6' title="bbox 520 755 2109 835; baseline 0.007 -26"><span class='ocrx_word' id='word_1_30' title='bbox 520 755 619 821; x_wconf 87' lang='lat' dir='ltr'><strong>tis,</strong></span> <span class='ocrx_word' id='word_1_31' title='bbox 650 756 794 815; x_wconf 80' lang='lat' dir='ltr'><strong>sicut</strong></span> <span class='ocrx_word' id='word_1_32' title='bbox 817 773 924 813; x_wconf 91' lang='lat' dir='ltr'><strong>una</strong></span> <span class='ocrx_word' id='word_1_33' title='bbox 946 768 1032 814; x_wconf 89' lang='lat' dir='ltr'><strong>est</strong></span> <span class='ocrx_word' id='word_1_34' title='bbox 1054 758 1336 827; x_wconf 78' lang='lat' dir='ltr'><strong>divinitas,</strong></span> <span class='ocrx_word' id='word_1_35' title='bbox 1364 762 1439 815; x_wconf 89' lang='lat' dir='ltr'><strong>ita</strong></span> <span class='ocrx_word' id='word_1_36' title='bbox 1466 762 1692 833; x_wconf 69' lang='lat' dir='ltr'><strong>mqualis</strong></span> <span class='ocrx_word' id='word_1_37' title='bbox 1720 764 1895 819; x_wconf 85' lang='lat' dir='ltr'><strong>honor</strong></span> <span class='ocrx_word' id='word_1_38' title='bbox 1917 774 1973 819; x_wconf 93' lang='lat' dir='ltr'><strong>et</strong></span> <span class='ocrx_word' id='word_1_39' title='bbox 1997 764 2109 835; x_wconf 92' lang='lat' dir='ltr'><strong>glo-</strong></span> 
     </span>
    </p>
   </div>
   <div class='ocr_carea' id='block_1_7' title="bbox 519 848 2111 929">
    <p class='ocr_par' dir='ltr' id='par_1_7' title="bbox 519 848 2111 929">
     <span class='ocr_line' id='line_1_7' title="bbox 519 848 2111 929; baseline 0.007 -26"><span class='ocrx_word' id='word_1_40' title='bbox 519 848 780 915; x_wconf 81' lang='lat' dir='ltr'><strong>riﬁcatio,</strong></span> <span class='ocrx_word' id='word_1_41' title='bbox 827 849 881 906; x_wconf 90' lang='lat' dir='ltr'><strong>id</strong></span> <span class='ocrx_word' id='word_1_42' title='bbox 907 851 1134 921; x_wconf 78' lang='lat' dir='ltr'><strong>apostoli</strong></span> <span class='ocrx_word' id='word_1_43' title='bbox 1163 862 1351 909; x_wconf 90' lang='lat' dir='ltr'><strong>sancto</strong></span> <span class='ocrx_word' id='word_1_44' title='bbox 1390 869 1488 926; x_wconf 89' lang='lat' dir='ltr'><strong>per</strong></span> <span class='ocrx_word' id='word_1_45' title='bbox 1528 870 1624 911; x_wconf 90' lang='lat' dir='ltr'><strong>eos</strong></span> <span class='ocrx_word' id='word_1_46' title='bbox 1669 856 1960 913; x_wconf 85' lang='lat' dir='ltr'><strong>ordinante</strong></span> <span class='ocrx_word' id='word_1_47' title='bbox 1990 857 2111 929; x_wconf 85' lang='lat' dir='ltr'><strong>Spi-</strong></span> 
     </span>
    </p>
   </div>
   <div class='ocr_carea' id='block_1_8' title="bbox 521 940 2112 1014">
    <p class='ocr_par' dir='ltr' id='par_1_8' title="bbox 521 940 2112 1014">
     <span class='ocr_line' id='line_1_8' title="bbox 521 940 2112 1014; baseline 0.006 -18"><span class='ocrx_word' id='word_1_48' title='bbox 521 940 633 997; x_wconf 83' lang='lat' dir='ltr'><strong>ritu</strong></span> <span class='ocrx_word' id='word_1_49' title='bbox 677 951 998 1008; x_wconf 77' lang='lat' dir='ltr'><strong>sanxerunt,</strong></span> <span class='ocrx_word' id='word_1_50' title='bbox 1052 946 1224 1014; x_wconf 90' lang='lat' dir='ltr'><strong>utqui</strong></span> <span class='ocrx_word' id='word_1_51' title='bbox 1267 945 1561 1001; x_wconf 89' lang='lat' dir='ltr'><strong>multorum</strong></span> <span class='ocrx_word' id='word_1_52' title='bbox 1608 946 1837 1003; x_wconf 89' lang='lat' dir='ltr'><strong>deorum</strong></span> <span class='ocrx_word' id='word_1_53' title='bbox 1889 963 2112 1005; x_wconf 89' lang='lat' dir='ltr'><strong>errores</strong></span> 
     </span>
    </p>
   </div>
   <div class='ocr_carea' id='block_1_9' title="bbox 518 1033 2110 1108">
    <p class='ocr_par' dir='ltr' id='par_1_9' title="bbox 518 1033 2110 1108">
     <span class='ocr_line' id='line_1_9' title="bbox 518 1033 2110 1108; baseline 0.006 -20"><span class='ocrx_word' id='word_1_54' title='bbox 518 1033 684 1089; x_wconf 87' lang='lat' dir='ltr'><strong>unius</strong></span> <span class='ocrx_word' id='word_1_55' title='bbox 735 1034 835 1090; x_wconf 86' lang='lat' dir='ltr'><strong>Dei</strong></span> <span class='ocrx_word' id='word_1_56' title='bbox 888 1038 1279 1108; x_wconf 52' lang='lat' dir='ltr'><strong>praedicatione</strong></span> <span class='ocrx_word' id='word_1_57' title='bbox 1322 1039 1641 1095; x_wconf 81' lang='lat' dir='ltr'><strong>nitebantur</strong></span> <span class='ocrx_word' id='word_1_58' title='bbox 1680 1039 1954 1106; x_wconf 76' lang='lat' dir='ltr'><strong>evellere,</strong></span> <span class='ocrx_word' id='word_1_59' title='bbox 2007 1041 2110 1098; x_wconf 88' lang='lat' dir='ltr'><strong>sub</strong></span> 
     </span>
    </p>
   </div>
   <div class='ocr_carea' id='block_1_10' title="bbox 519 1126 2110 1198">
    <p class='ocr_par' dir='ltr' id='par_1_10' title="bbox 519 1126 2110 1198">
     <span class='ocr_line' id='line_1_10' title="bbox 519 1126 2110 1198; baseline 0.004 -15"><span class='ocrx_word' id='word_1_60' title='bbox 519 1126 805 1183; x_wconf 82' lang='lat' dir='ltr'><strong>Trinitatis</strong></span> <span class='ocrx_word' id='word_1_61' title='bbox 828 1137 1174 1184; x_wconf 87' lang='lat' dir='ltr'><strong>sacramento</strong></span> <span class='ocrx_word' id='word_1_62' title='bbox 1201 1128 1294 1183; x_wconf 89' lang='lat' dir='ltr'><strong>uni</strong></span> <span class='ocrx_word' id='word_1_63' title='bbox 1320 1144 1570 1198; x_wconf 70' lang='lat' dir='ltr'><strong>personae</strong></span> <span class='ocrx_word' id='word_1_64' title='bbox 1607 1130 1663 1185; x_wconf 92' lang='lat' dir='ltr'><strong>in</strong></span> <span class='ocrx_word' id='word_1_65' title='bbox 1714 1131 2110 1189; x_wconf 81' lang='lat' dir='ltr'><strong>sacriﬁcion</strong></span> 
     </span>
    </p>
   </div>
   <div class='ocr_carea' id='block_1_11' title="bbox 516 1218 2107 1293">
    <p class='ocr_par' dir='ltr' id='par_1_11' title="bbox 516 1218 2107 1293">
     <span class='ocr_line' id='line_1_11' title="bbox 516 1218 2107 1293; baseline 0.004 -20"><span class='ocrx_word' id='word_1_66' title='bbox 516 1218 630 1274; x_wconf 89' lang='lat' dir='ltr'><strong>ritu</strong></span> <span class='ocrx_word' id='word_1_67' title='bbox 651 1233 776 1274; x_wconf 90' lang='lat' dir='ltr'><strong>esse</strong></span> <span class='ocrx_word' id='word_1_68' title='bbox 818 1219 1231 1290; x_wconf 86' lang='lat' dir='ltr'><strong>supplicandum</strong></span> <span class='ocrx_word' id='word_1_69' title='bbox 1275 1221 1675 1276; x_wconf 89' lang='lat' dir='ltr'><strong>decernerent:</strong></span> <span class='ocrx_word' id='word_1_70' title='bbox 1711 1236 1779 1277; x_wconf 91' lang='lat' dir='ltr'><strong>ne</strong></span> <span class='ocrx_word' id='word_1_71' title='bbox 1824 1222 1921 1293; x_wconf 92' lang='lat' dir='ltr'><strong>qui</strong></span> <span class='ocrx_word' id='word_1_72' title='bbox 1941 1239 2107 1279; x_wconf 90' lang='lat' dir='ltr'><strong>unum</strong></span> 
     </span>
    </p>
   </div>
   <div class='ocr_carea' id='block_1_12' title="bbox 518 1309 2110 1382">
    <p class='ocr_par' dir='ltr' id='par_1_12' title="bbox 518 1309 2110 1382">
     <span class='ocr_line' id='line_1_12' title="bbox 518 1309 2110 1382; baseline 0.002 -16"><span class='ocrx_word' id='word_1_73' title='bbox 518 1309 691 1366; x_wconf 88' lang='lat' dir='ltr'><strong>Deum</strong></span> <span class='ocrx_word' id='word_1_74' title='bbox 717 1311 1106 1382; x_wconf 82' lang='lat' dir='ltr'><strong>praedicabant,</strong></span> <span class='ocrx_word' id='word_1_75' title='bbox 1132 1312 1186 1365; x_wconf 92' lang='lat' dir='ltr'><strong>in</strong></span> <span class='ocrx_word' id='word_1_76' title='bbox 1213 1311 1478 1381; x_wconf 85' lang='lat' dir='ltr'><strong>pluralem</strong></span> <span class='ocrx_word' id='word_1_77' title='bbox 1506 1311 1807 1368; x_wconf 86' lang='lat' dir='ltr'><strong>divinitatis</strong></span> <span class='ocrx_word' id='word_1_78' title='bbox 1822 1329 2110 1370; x_wconf 87' lang='lat' dir='ltr'><strong>numerum</strong></span> 
     </span>
    </p>
   </div>
   <div class='ocr_carea' id='block_1_13' title="bbox 516 1401 2109 1476">
    <p class='ocr_par' dir='ltr' id='par_1_13' title="bbox 516 1401 2109 1476">
     <span class='ocr_line' id='line_1_13' title="bbox 516 1401 2109 1476; baseline 0.001 -18"><span class='ocrx_word' id='word_1_79' title='bbox 516 1403 774 1459; x_wconf 83' lang='lat' dir='ltr'><strong>incidisse</strong></span> <span class='ocrx_word' id='word_1_80' title='bbox 800 1413 1183 1475; x_wconf 82' lang='lat' dir='ltr'><strong>arguerentur,</strong></span> <span class='ocrx_word' id='word_1_81' title='bbox 1209 1413 1269 1459; x_wconf 89' lang='lat' dir='ltr'><strong>et</strong></span> <span class='ocrx_word' id='word_1_82' title='bbox 1290 1404 1416 1474; x_wconf 85' lang='lat' dir='ltr'><strong>quia</strong></span> <span class='ocrx_word' id='word_1_83' title='bbox 1442 1403 1604 1461; x_wconf 86' lang='lat' dir='ltr'><strong>Pater</strong></span> <span class='ocrx_word' id='word_1_84' title='bbox 1622 1413 1679 1459; x_wconf 92' lang='lat' dir='ltr'><strong>et</strong></span> <span class='ocrx_word' id='word_1_85' title='bbox 1704 1401 1872 1460; x_wconf 84' lang='lat' dir='ltr'><strong>Filius</strong></span> <span class='ocrx_word' id='word_1_86' title='bbox 1900 1413 1955 1461; x_wconf 92' lang='lat' dir='ltr'><strong>et</strong></span> <span class='ocrx_word' id='word_1_87' title='bbox 1987 1404 2109 1476; x_wconf 85' lang='lat' dir='ltr'><strong>Spi-</strong></span> 
     </span>
    </p>
   </div>
   <div class='ocr_carea' id='block_1_14' title="bbox 517 1494 2109 1561">
    <p class='ocr_par' dir='ltr' id='par_1_14' title="bbox 517 1494 2109 1561">
     <span class='ocr_line' id='line_1_14' title="bbox 517 1494 2109 1561; baseline 0.001 -11"><span class='ocrx_word' id='word_1_88' title='bbox 517 1496 659 1551; x_wconf 88' lang='lat' dir='ltr'><strong>ritus</strong></span> <span class='ocrx_word' id='word_1_89' title='bbox 695 1503 939 1560; x_wconf 87' lang='lat' dir='ltr'><strong>sanctus,</strong></span> <span class='ocrx_word' id='word_1_90' title='bbox 972 1495 1133 1549; x_wconf 90' lang='lat' dir='ltr'><strong>unius</strong></span> <span class='ocrx_word' id='word_1_91' title='bbox 1188 1494 1424 1559; x_wconf 90' lang='lat' dir='ltr'><strong>deitatis,</strong></span> <span class='ocrx_word' id='word_1_92' title='bbox 1480 1494 1642 1551; x_wconf 88' lang='lat' dir='ltr'><strong>unius</strong></span> <span class='ocrx_word' id='word_1_93' title='bbox 1676 1504 1906 1561; x_wconf 70' lang='lat' dir='ltr'><strong>naturae,</strong></span> <span class='ocrx_word' id='word_1_94' title='bbox 1946 1497 2109 1552; x_wconf 88' lang='lat' dir='ltr'><strong>unius</strong></span> 
     </span>
    </p>
   </div>
   <div class='ocr_carea' id='block_1_15' title="bbox 515 1586 2109 1656">
    <p class='ocr_par' dir='ltr' id='par_1_15' title="bbox 515 1586 2109 1656">
     <span class='ocr_line' id='line_1_15' title="bbox 515 1586 2109 1656; baseline 0 -13"><span class='ocrx_word' id='word_1_95' title='bbox 515 1587 856 1654; x_wconf 80' lang='lat' dir='ltr'><strong>substantiae,</strong></span> <span class='ocrx_word' id='word_1_96' title='bbox 912 1587 1074 1641; x_wconf 88' lang='lat' dir='ltr'><strong>unius</strong></span> <span class='ocrx_word' id='word_1_97' title='bbox 1103 1586 1335 1656; x_wconf 88' lang='lat' dir='ltr'><strong>denique</strong></span> <span class='ocrx_word' id='word_1_98' title='bbox 1382 1586 1669 1656; x_wconf 86' lang='lat' dir='ltr'><strong>potestatis</strong></span> <span class='ocrx_word' id='word_1_99' title='bbox 1711 1587 1972 1653; x_wconf 79' lang='lat' dir='ltr'><strong>existunt,</strong></span> <span class='ocrx_word' id='word_1_100' title='bbox 2000 1603 2109 1643; x_wconf 88' lang='lat' dir='ltr'><strong>una</strong></span> 
     </span>
    </p>
   </div>
   <div class='ocr_carea' id='block_1_16' title="bbox 514 1678 2109 1751">
    <p class='ocr_par' dir='ltr' id='par_1_16' title="bbox 514 1678 2109 1751">
     <span class='ocr_line' id='line_1_16' title="bbox 514 1678 2109 1751; baseline 0.001 -16"><span class='ocrx_word' id='word_1_101' title='bbox 514 1696 580 1736; x_wconf 77' lang='lat' dir='ltr'><strong>ex</strong></span> <span class='ocrx_word' id='word_1_102' title='bbox 615 1680 697 1735; x_wconf 88' lang='lat' dir='ltr'><strong>eis</strong></span> <span class='ocrx_word' id='word_1_103' title='bbox 719 1695 951 1751; x_wconf 85' lang='lat' dir='ltr'><strong>persona</strong></span> <span class='ocrx_word' id='word_1_104' title='bbox 994 1688 1217 1749; x_wconf 87' lang='lat' dir='ltr'><strong>propter</strong></span> <span class='ocrx_word' id='word_1_105' title='bbox 1247 1679 1473 1734; x_wconf 78' lang='lat' dir='ltr'><strong>unitatis</strong></span> <span class='ocrx_word' id='word_1_106' title='bbox 1500 1678 1820 1749; x_wconf 87' lang='lat' dir='ltr'><strong>mysterium</strong></span> <span class='ocrx_word' id='word_1_107' title='bbox 1866 1678 2109 1736; x_wconf 88' lang='lat' dir='ltr'><strong>retinen-</strong></span> 
     </span>
    </p>
   </div>
   <div class='ocr_carea' id='block_1_17' title="bbox 515 1771 2108 1837">
    <p class='ocr_par' dir='ltr' id='par_1_17' title="bbox 515 1771 2108 1837">
     <span class='ocr_line' id='line_1_17' title="bbox 515 1771 2108 1837; baseline -0.001 -8"><span class='ocrx_word' id='word_1_108' title='bbox 515 1774 645 1831; x_wconf 88' lang='lat' dir='ltr'><strong>dum</strong></span> <span class='ocrx_word' id='word_1_109' title='bbox 671 1773 727 1829; x_wconf 90' lang='lat' dir='ltr'><strong>in</strong></span> <span class='ocrx_word' id='word_1_110' title='bbox 762 1772 1034 1828; x_wconf 84' lang='lat' dir='ltr'><strong>sacriﬁcio</strong></span> <span class='ocrx_word' id='word_1_111' title='bbox 1066 1772 1451 1836; x_wconf 82' lang='lat' dir='ltr'><strong>invocaretur;</strong></span> <span class='ocrx_word' id='word_1_112' title='bbox 1483 1784 1583 1826; x_wconf 86' lang='lat' dir='ltr'><strong>nec</strong></span> <span class='ocrx_word' id='word_1_113' title='bbox 1610 1771 1718 1825; x_wconf 89' lang='lat' dir='ltr'><strong>alia</strong></span> <span class='ocrx_word' id='word_1_114' title='bbox 1764 1771 1973 1837; x_wconf 81' lang='lat' dir='ltr'><strong>debuit,</strong></span> <span class='ocrx_word' id='word_1_115' title='bbox 2002 1771 2108 1827; x_wconf 87' lang='lat' dir='ltr'><strong>nisi</strong></span> 
     </span>
    </p>
   </div>
   <div class='ocr_carea' id='block_1_18' title="bbox 514 1863 2108 1939">
    <p class='ocr_par' dir='ltr' id='par_1_18' title="bbox 514 1863 2108 1939">
     <span class='ocr_line' id='line_1_18' title="bbox 514 1863 2108 1939; baseline -0.003 -18"><span class='ocrx_word' id='word_1_116' title='bbox 514 1884 636 1939; x_wconf 71' lang='lat' dir='ltr'><strong>quae</strong></span> <span class='ocrx_word' id='word_1_117' title='bbox 664 1868 840 1938; x_wconf 91' lang='lat' dir='ltr'><strong>prima</strong></span> <span class='ocrx_word' id='word_1_118' title='bbox 866 1874 971 1931; x_wconf 87' lang='lat' dir='ltr'><strong>est,</strong></span> <span class='ocrx_word' id='word_1_119' title='bbox 1005 1865 1061 1920; x_wconf 90' lang='lat' dir='ltr'><strong>in</strong></span> <span class='ocrx_word' id='word_1_120' title='bbox 1107 1880 1217 1935; x_wconf 88' lang='lat' dir='ltr'><strong>qua</strong></span> <span class='ocrx_word' id='word_1_121' title='bbox 1246 1865 1365 1919; x_wconf 70' lang='lat' dir='ltr'><strong>duas</strong></span> <span class='ocrx_word' id='word_1_122' title='bbox 1389 1871 1601 1919; x_wconf 58' lang='lat' dir='ltr'><strong>caetera</strong></span> <span class='ocrx_word' id='word_1_123' title='bbox 1628 1863 1953 1919; x_wconf 84' lang='lat' dir='ltr'><strong>naturaliter</strong></span> <span class='ocrx_word' id='word_1_124' title='bbox 1992 1877 2108 1919; x_wconf 86' lang='lat' dir='ltr'><strong>ma-</strong></span> 
     </span>
    </p>
   </div>
   <div class='ocr_carea' id='block_1_19' title="bbox 2216 678 3812 761">
    <p class='ocr_par' dir='ltr' id='par_1_19' title="bbox 2216 678 3812 761">
     <span class='ocr_line' id='line_1_19' title="bbox 2216 678 3812 761; baseline 0.018 -31"><span class='ocrx_word' id='word_1_125' title='bbox 2216 678 2553 748; x_wconf 87' lang='lat' dir='ltr'><strong>angelorum,</strong></span> <span class='ocrx_word' id='word_1_126' title='bbox 2586 694 2803 753; x_wconf 89' lang='lat' dir='ltr'><strong>sumpta</strong></span> <span class='ocrx_word' id='word_1_127' title='bbox 2857 702 2925 741; x_wconf 83' lang='lat' dir='ltr'><strong>ex</strong></span> <span class='ocrx_word' id='word_1_128' title='bbox 2973 687 3267 761; x_wconf 82' lang='lat' dir='ltr'><strong>Evangelia</strong></span> <span class='ocrx_word' id='word_1_129' title='bbox 3306 694 3475 749; x_wconf 88' lang='lat' dir='ltr'><strong>verba</strong></span> <span class='ocrx_word' id='word_1_130' title='bbox 3523 678 3812 759; x_wconf 87' lang='lat' dir='ltr'><strong>turbarum</strong></span> 
     </span>
    </p>
   </div>
   <div class='ocr_carea' id='block_1_20' title="bbox 2213 768 3815 850">
    <p class='ocr_par' dir='ltr' id='par_1_20' title="bbox 2213 768 3815 850">
     <span class='ocr_line' id='line_1_20' title="bbox 2213 768 3815 850; baseline 0.017 -29"><span class='ocrx_word' id='word_1_131' title='bbox 2213 768 2551 825; x_wconf 86' lang='lat' dir='ltr'><strong>laudantium</strong></span> <span class='ocrx_word' id='word_1_132' title='bbox 2582 773 2754 830; x_wconf 90' lang='lat' dir='ltr'><strong>Deum</strong></span> <span class='ocrx_word' id='word_1_133' title='bbox 2779 787 2837 832; x_wconf 92' lang='lat' dir='ltr'><strong>et</strong></span> <span class='ocrx_word' id='word_1_134' title='bbox 2858 794 3040 850; x_wconf 82' lang='lat' dir='ltr'><strong>regem</strong></span> <span class='ocrx_word' id='word_1_135' title='bbox 3069 790 3317 838; x_wconf 91' lang='lat' dir='ltr'><strong>nostrum</strong></span> <span class='ocrx_word' id='word_1_136' title='bbox 3349 786 3661 846; x_wconf 77' lang='lat' dir='ltr'><strong>venientem</strong></span> <span class='ocrx_word' id='word_1_137' title='bbox 3683 791 3815 849; x_wconf 81' lang='lat' dir='ltr'><strong>Hie-</strong></span> 
     </span>
    </p>
   </div>
   <div class='ocr_carea' id='block_1_21' title="bbox 2212 862 3817 943">
    <p class='ocr_par' dir='ltr' id='par_1_21' title="bbox 2212 862 3817 943">
     <span class='ocr_line' id='line_1_21' title="bbox 2212 862 3817 943; baseline 0.017 -28"><span class='ocrx_word' id='word_1_138' title='bbox 2212 862 2545 933; x_wconf 86' lang='lat' dir='ltr'><strong>rosolymam</strong></span> <span class='ocrx_word' id='word_1_139' title='bbox 2572 907 2587 931; x_wconf 89' lang='lat'><strong>,</strong></span> <span class='ocrx_word' id='word_1_140' title='bbox 2643 874 2808 941; x_wconf 89' lang='lat' dir='ltr'><strong>atque</strong></span> <span class='ocrx_word' id='word_1_141' title='bbox 2856 870 3197 929; x_wconf 91' lang='lat' dir='ltr'><strong>dicentium&#39;:</strong></span> <span class='ocrx_word' id='word_1_142' title='bbox 3233 873 3452 932; x_wconf 88' lang='lat' dir='ltr'><strong>Osanna</strong></span> <span class='ocrx_word' id='word_1_143' title='bbox 3493 880 3552 935; x_wconf 80' lang='lat' dir='ltr'><strong>in</strong></span> <span class='ocrx_word' id='word_1_144' title='bbox 3590 884 3817 943; x_wconf 72' lang='lat' dir='ltr'><strong>melsis</strong></span> 
     </span>
    </p>
   </div>
   <div class='ocr_carea' id='block_1_22' title="bbox 2213 952 3813 1046">
    <p class='ocr_par' dir='ltr' id='par_1_22' title="bbox 2213 952 3813 1046">
     <span class='ocr_line' id='line_1_22' title="bbox 2213 952 3813 1046; baseline 0.016 -37"><span class='ocrx_word' id='word_1_145' title='bbox 2213 952 2408 1026; x_wconf 65' lang='lat' dir='ltr'><strong>(Marc.</strong></span> <span class='ocrx_word' id='word_1_146' title='bbox 2454 970 2532 1024; x_wconf 78' lang='lat' dir='ltr'><strong>xl,</strong></span> <span class='ocrx_word' id='word_1_147' title='bbox 2575 959 2687 1031; x_wconf 80' lang='grc'><strong>10),</strong></span> <span class='ocrx_word' id='word_1_148' title='bbox 2728 969 2786 1017; x_wconf 90' lang='lat' dir='ltr'><strong>et</strong></span> <span class='ocrx_word' id='word_1_149' title='bbox 2826 964 3057 1036; x_wconf 84' lang='lat' dir='ltr'><strong>reliqua.</strong></span> <span class='ocrx_word' id='word_1_150' title='bbox 3098 967 3178 1022; x_wconf 87' lang='lat' dir='ltr'><strong>lta</strong></span> <span class='ocrx_word' id='word_1_151' title='bbox 3224 970 3370 1024; x_wconf 90' lang='lat' dir='ltr'><strong>enim</strong></span> <span class='ocrx_word' id='word_1_152' title='bbox 3419 986 3489 1027; x_wconf 82' lang='lat' dir='ltr'><strong>ex</strong></span> <span class='ocrx_word' id='word_1_153' title='bbox 3526 970 3813 1046; x_wconf 76' lang='lat' dir='ltr'><strong>Scriptura</strong></span> 
     </span>
    </p>
   </div>
   <div class='ocr_carea' id='block_1_23' title="bbox 2210 1046 3816 1134">
    <p class='ocr_par' dir='ltr' id='par_1_23' title="bbox 2210 1046 3816 1134">
     <span class='ocr_line' id='line_1_23' title="bbox 2210 1046 3816 1134; baseline 0.017 -37"><span class='ocrx_word' id='word_1_154' title='bbox 2210 1046 2527 1114; x_wconf 87' lang='lat' dir='ltr'><strong>prophetica</strong></span> <span class='ocrx_word' id='word_1_155' title='bbox 2558 1048 2718 1121; x_wconf 76' lang='lat'><strong>502</strong></span> <span class='ocrx_word' id='word_1_156' title='bbox 2754 1061 2810 1106; x_wconf 90' lang='lat' dir='ltr'><strong>et</strong></span> <span class='ocrx_word' id='word_1_157' title='bbox 2834 1056 3149 1127; x_wconf 88' lang='lat' dir='ltr'><strong>evangelica</strong></span> <span class='ocrx_word' id='word_1_158' title='bbox 3170 1062 3478 1131; x_wconf 86' lang='lat' dir='ltr'><strong>completur</strong></span> <span class='ocrx_word' id='word_1_159' title='bbox 3500 1064 3657 1134; x_wconf 86' lang='lat' dir='ltr'><strong>plena</strong></span> <span class='ocrx_word' id='word_1_160' title='bbox 3691 1067 3816 1124; x_wconf 78' lang='lat' dir='ltr'><strong>lau—</strong></span> 
     </span>
    </p>
   </div>
   <div class='ocr_carea' id='block_1_24' title="bbox 2211 1136 3812 1220">
    <p class='ocr_par' dir='ltr' id='par_1_24' title="bbox 2211 1136 3812 1220">
     <span class='ocr_line' id='line_1_24' title="bbox 2211 1136 3812 1220; baseline 0.016 -29"><span class='ocrx_word' id='word_1_161' title='bbox 2211 1136 2379 1205; x_wconf 89' lang='lat' dir='ltr'><strong>datio,</strong></span> <span class='ocrx_word' id='word_1_162' title='bbox 2408 1154 2531 1194; x_wconf 91' lang='lat' dir='ltr'><strong>cum</strong></span> <span class='ocrx_word' id='word_1_163' title='bbox 2560 1153 2685 1211; x_wconf 87' lang='lat' dir='ltr'><strong>post</strong></span> <span class='ocrx_word' id='word_1_164' title='bbox 2716 1143 2935 1201; x_wconf 90' lang='lat' dir='ltr'><strong>laudem</strong></span> <span class='ocrx_word' id='word_1_165' title='bbox 2981 1156 3038 1202; x_wconf 91' lang='lat' dir='ltr'><strong>et</strong></span> <span class='ocrx_word' id='word_1_166' title='bbox 3066 1150 3296 1220; x_wconf 88' lang='lat' dir='ltr'><strong>gloriam</strong></span> <span class='ocrx_word' id='word_1_167' title='bbox 3331 1163 3536 1211; x_wconf 67' lang='lat' dir='ltr'><strong>sancta:</strong></span> <span class='ocrx_word' id='word_1_168' title='bbox 3566 1156 3812 1216; x_wconf 83' lang='lat' dir='ltr'><strong>Trinita-</strong></span> 
     </span>
    </p>
   </div>
   <div class='ocr_carea' id='block_1_25' title="bbox 2210 1229 3813 1310">
    <p class='ocr_par' dir='ltr' id='par_1_25' title="bbox 2210 1229 3813 1310">
     <span class='ocr_line' id='line_1_25' title="bbox 2210 1229 3813 1310; baseline 0.015 -28"><span class='ocrx_word' id='word_1_169' title='bbox 2210 1229 2283 1283; x_wconf 91' lang='lat' dir='ltr'><strong>tis</strong></span> <span class='ocrx_word' id='word_1_170' title='bbox 2334 1230 2650 1303; x_wconf 86' lang='lat' dir='ltr'><strong>adjungitur</strong></span> <span class='ocrx_word' id='word_1_171' title='bbox 2692 1238 2858 1295; x_wconf 80' lang='lat' dir='ltr'><strong>etiam</strong></span> <span class='ocrx_word' id='word_1_172' title='bbox 2921 1242 3223 1310; x_wconf 80' lang='lat' dir='ltr'><strong>gratiarum</strong></span> <span class='ocrx_word' id='word_1_173' title='bbox 3274 1246 3421 1300; x_wconf 89' lang='lat' dir='ltr'><strong>actio</strong></span> <span class='ocrx_word' id='word_1_174' title='bbox 3471 1249 3540 1303; x_wconf 91' lang='lat' dir='ltr'><strong>de</strong></span> <span class='ocrx_word' id='word_1_175' title='bbox 3568 1248 3813 1305; x_wconf 83' lang='lat' dir='ltr'><strong>adventu</strong></span> 
     </span>
    </p>
   </div>
   <div class='ocr_carea' id='block_1_26' title="bbox 2210 1316 3812 1408">
    <p class='ocr_par' dir='ltr' id='par_1_26' title="bbox 2210 1316 3812 1408">
     <span class='ocr_line' id='line_1_26' title="bbox 2210 1316 3812 1408; baseline 0.016 -36"><span class='ocrx_word' id='word_1_176' title='bbox 2210 1316 2531 1389; x_wconf 88' lang='lat' dir='ltr'><strong>Salvatoris,</strong></span> <span class='ocrx_word' id='word_1_177' title='bbox 2591 1325 2684 1395; x_wconf 86' lang='lat' dir='ltr'><strong>qui</strong></span> <span class='ocrx_word' id='word_1_178' title='bbox 2718 1343 2861 1383; x_wconf 92' lang='lat' dir='ltr'><strong>unus</strong></span> <span class='ocrx_word' id='word_1_179' title='bbox 2908 1344 2976 1385; x_wconf 80' lang='lat' dir='ltr'><strong>ex</strong></span> <span class='ocrx_word' id='word_1_180' title='bbox 3009 1332 3128 1401; x_wconf 89' lang='lat' dir='ltr'><strong>ipsa</strong></span> <span class='ocrx_word' id='word_1_181' title='bbox 3173 1334 3442 1393; x_wconf 88' lang='lat' dir='ltr'><strong>Trinitatc</strong></span> <span class='ocrx_word' id='word_1_182' title='bbox 3483 1354 3583 1408; x_wconf 92' lang='lat' dir='ltr'><strong>pro</strong></span> <span class='ocrx_word' id='word_1_183' title='bbox 3629 1340 3812 1398; x_wconf 87' lang='lat' dir='ltr'><strong>salute</strong></span> 
     </span>
    </p>
   </div>
   <div class='ocr_carea' id='block_1_27' title="bbox 2208 1415 3814 1491">
    <p class='ocr_par' dir='ltr' id='par_1_27' title="bbox 2208 1415 3814 1491">
     <span class='ocr_line' id='line_1_27' title="bbox 2208 1415 3814 1491; baseline 0.015 -24"><span class='ocrx_word' id='word_1_184' title='bbox 2208 1422 2398 1470; x_wconf 91' lang='lat' dir='ltr'><strong>nostra</strong></span> <span class='ocrx_word' id='word_1_185' title='bbox 2431 1415 2594 1472; x_wconf 88' lang='lat' dir='ltr'><strong>homo</strong></span> <span class='ocrx_word' id='word_1_186' title='bbox 2616 1417 2795 1477; x_wconf 84' lang='lat' dir='ltr'><strong>factus</strong></span> <span class='ocrx_word' id='word_1_187' title='bbox 2817 1429 2921 1487; x_wconf 89' lang='lat' dir='ltr'><strong>est,</strong></span> <span class='ocrx_word' id='word_1_188' title='bbox 2955 1431 3010 1479; x_wconf 93' lang='lat' dir='ltr'><strong>et</strong></span> <span class='ocrx_word' id='word_1_189' title='bbox 3032 1427 3278 1482; x_wconf 87' lang='lat' dir='ltr'><strong>eamdem</strong></span> <span class='ocrx_word' id='word_1_190' title='bbox 3314 1429 3545 1486; x_wconf 81' lang='lat' dir='ltr'><strong>salutem</strong></span> <span class='ocrx_word' id='word_1_191' title='bbox 3571 1434 3814 1491; x_wconf 76' lang='lat' dir='ltr'><strong>merien—</strong></span> 
     </span>
    </p>
   </div>
   <div class='ocr_carea' id='block_1_28' title="bbox 2207 1502 3810 1596">
    <p class='ocr_par' dir='ltr' id='par_1_28' title="bbox 2207 1502 3810 1596">
     <span class='ocr_line' id='line_1_28' title="bbox 2207 1502 3810 1596; baseline 0.014 -35"><span class='ocrx_word' id='word_1_192' title='bbox 2207 1505 2279 1562; x_wconf 91' lang='lat' dir='ltr'><strong>do</strong></span> <span class='ocrx_word' id='word_1_193' title='bbox 2320 1515 2378 1563; x_wconf 92' lang='lat' dir='ltr'><strong>et</strong></span> <span class='ocrx_word' id='word_1_194' title='bbox 2408 1513 2739 1582; x_wconf 87' lang='lat' dir='ltr'><strong>resurgendo</strong></span> <span class='ocrx_word' id='word_1_195' title='bbox 2772 1515 3021 1583; x_wconf 82' lang='lat' dir='ltr'><strong>perfecit.</strong></span> <span class='ocrx_word' id='word_1_196' title='bbox 3060 1502 3213 1575; x_wconf 73' lang='lat' dir='ltr'><strong>Unde</strong></span> <span class='ocrx_word' id='word_1_197' title='bbox 3242 1522 3441 1578; x_wconf 90' lang='lat' dir='ltr'><strong>merito</strong></span> <span class='ocrx_word' id='word_1_198' title='bbox 3474 1523 3553 1580; x_wconf 91' lang='lat' dir='ltr'><strong>illi</strong></span> <span class='ocrx_word' id='word_1_199' title='bbox 3597 1526 3810 1596; x_wconf 77' lang='lat' dir='ltr'><strong>gratias</strong></span> 
     </span>
    </p>
   </div>
   <div class='ocr_carea' id='block_1_29' title="bbox 2207 1602 3807 1685">
    <p class='ocr_par' dir='ltr' id='par_1_29' title="bbox 2207 1602 3807 1685">
     <span class='ocr_line' id='line_1_29' title="bbox 2207 1602 3807 1685; baseline 0.013 -30"><span class='ocrx_word' id='word_1_200' title='bbox 2207 1606 2455 1672; x_wconf 75' lang='lat' dir='ltr'><strong>agentes,</strong></span> <span class='ocrx_word' id='word_1_201' title='bbox 2484 1602 2757 1663; x_wconf 89' lang='lat' dir='ltr'><strong>dicimus:</strong></span> <span class='ocrx_word' id='word_1_202' title='bbox 2788 1605 3029 1677; x_wconf 82' lang='lat' dir='ltr'><strong>Osanna,</strong></span> <span class='ocrx_word' id='word_1_203' title='bbox 3051 1612 3105 1668; x_wconf 90' lang='lat' dir='ltr'><strong>id</strong></span> <span class='ocrx_word' id='word_1_204' title='bbox 3133 1623 3239 1681; x_wconf 91' lang='lat' dir='ltr'><strong>est,</strong></span> <span class='ocrx_word' id='word_1_205' title='bbox 3262 1616 3432 1685; x_wconf 85' lang='lat' dir='ltr'><strong>salus,</strong></span> <span class='ocrx_word' id='word_1_206' title='bbox 3464 1619 3521 1673; x_wconf 85' lang='lat' dir='ltr'><strong>in</strong></span> <span class='ocrx_word' id='word_1_207' title='bbox 3555 1619 3807 1676; x_wconf 67' lang='lat' dir='ltr'><strong>excelsis.</strong></span> 
     </span>
    </p>
   </div>
   <div class='ocr_carea' id='block_1_30' title="bbox 2210 1690 3810 1781">
    <p class='ocr_par' dir='ltr' id='par_1_30' title="bbox 2210 1690 3810 1781">
     <span class='ocr_line' id='line_1_30' title="bbox 2210 1690 3810 1781; baseline 0.013 -33"><span class='ocrx_word' id='word_1_208' title='bbox 2210 1690 2363 1749; x_wconf 87' lang='lat' dir='ltr'><strong>Unde</strong></span> <span class='ocrx_word' id='word_1_209' title='bbox 2386 1694 2440 1748; x_wconf 91' lang='lat' dir='ltr'><strong>in</strong></span> <span class='ocrx_word' id='word_1_210' title='bbox 2456 1694 2668 1763; x_wconf 88' lang='lat' dir='ltr'><strong>psalmo</strong></span> <span class='ocrx_word' id='word_1_211' title='bbox 2694 1718 2706 1752; x_wconf 85' lang='lat'><strong>:</strong></span> <span class='ocrx_word' id='word_1_212' title='bbox 2736 1696 2951 1756; x_wconf 81' lang='lat' dir='ltr'><strong>Domini</strong></span> <span class='ocrx_word' id='word_1_213' title='bbox 2970 1712 3050 1758; x_wconf 88' lang='lat' dir='ltr'><strong>est</strong></span> <span class='ocrx_word' id='word_1_214' title='bbox 3074 1706 3221 1760; x_wconf 77' lang='lat' dir='ltr'><strong>salus</strong></span> <span class='ocrx_word' id='word_1_215' title='bbox 3249 1703 3423 1778; x_wconf 84' lang='lat' dir='ltr'><strong>(Psal.</strong></span> <span class='ocrx_word' id='word_1_216' title='bbox 3449 1724 3533 1776; x_wconf 86' lang='grc' dir='ltr'><strong>ιιι,</strong></span> <span class='ocrx_word' id='word_1_217' title='bbox 3557 1710 3634 1781; x_wconf 84' lang='grc'><strong>9).</strong></span> <span class='ocrx_word' id='word_1_218' title='bbox 3659 1707 3810 1768; x_wconf 80' lang='lat' dir='ltr'><strong>Rec-</strong></span> 
     </span>
    </p>
   </div>
   <div class='ocr_carea' id='block_1_31' title="bbox 2208 1788 3805 1872">
    <p class='ocr_par' dir='ltr' id='par_1_31' title="bbox 2208 1788 3805 1872">
     <span class='ocr_line' id='line_1_31' title="bbox 2208 1788 3805 1872; baseline 0.013 -33"><span class='ocrx_word' id='word_1_219' title='bbox 2208 1794 2264 1842; x_wconf 90' lang='lat' dir='ltr'><strong>te</strong></span> <span class='ocrx_word' id='word_1_220' title='bbox 2292 1801 2508 1858; x_wconf 89' lang='lat' dir='ltr'><strong>quoque</strong></span> <span class='ocrx_word' id='word_1_221' title='bbox 2541 1788 2925 1862; x_wconf 70' lang='lat' dir='ltr'><strong>subiungitur:</strong></span> <span class='ocrx_word' id='word_1_222' title='bbox 2960 1792 3281 1854; x_wconf 80' lang='lat' dir='ltr'><strong>Benedictus</strong></span> <span class='ocrx_word' id='word_1_223' title='bbox 3308 1798 3401 1872; x_wconf 69' lang='lat' dir='ltr'><strong>qui</strong></span> <span class='ocrx_word' id='word_1_224' title='bbox 3442 1799 3579 1857; x_wconf 68' lang='lat' dir='ltr'><strong>seuit</strong></span> <span class='ocrx_word' id='word_1_225' title='bbox 3602 1802 3660 1857; x_wconf 89' lang='lat' dir='ltr'><strong>in</strong></span> <span class='ocrx_word' id='word_1_226' title='bbox 3699 1820 3805 1859; x_wconf 82' lang='lat' dir='ltr'><strong>no—</strong></span> 
     </span>
    </p>
   </div>
   <div class='ocr_carea' id='block_1_32' title="bbox 2206 1877 3806 1966">
    <p class='ocr_par' dir='ltr' id='par_1_32' title="bbox 2206 1877 3806 1966">
     <span class='ocr_line' id='line_1_32' title="bbox 2206 1877 3806 1966; baseline 0.012 -36"><span class='ocrx_word' id='word_1_227' title='bbox 2206 1877 2346 1932; x_wconf 81' lang='lat' dir='ltr'><strong>ntine</strong></span> <span class='ocrx_word' id='word_1_228' title='bbox 2372 1877 2609 1946; x_wconf 82' lang='lat' dir='ltr'><strong>Domini,</strong></span> <span class='ocrx_word' id='word_1_229' title='bbox 2629 1878 2786 1951; x_wconf 82' lang='lat' dir='ltr'><strong>juxta</strong></span> <span class='ocrx_word' id='word_1_230' title='bbox 2812 1885 2959 1955; x_wconf 89' lang='lat' dir='ltr'><strong>quod</strong></span> <span class='ocrx_word' id='word_1_231' title='bbox 2984 1885 3102 1958; x_wconf 87' lang='lat' dir='ltr'><strong>ipse</strong></span> <span class='ocrx_word' id='word_1_232' title='bbox 3134 1888 3213 1944; x_wconf 87' lang='lat' dir='ltr'><strong>ait</strong></span> <span class='ocrx_word' id='word_1_233' title='bbox 3236 1889 3291 1944; x_wconf 91' lang='lat' dir='ltr'><strong>in</strong></span> <span class='ocrx_word' id='word_1_234' title='bbox 3316 1889 3615 1964; x_wconf 81' lang='lat' dir='ltr'><strong>Evangelia</strong></span> <span class='ocrx_word' id='word_1_235' title='bbox 3640 1911 3654 1948; x_wconf 91' lang='lat'><strong>:</strong></span> <span class='ocrx_word' id='word_1_236' title='bbox 3682 1893 3806 1966; x_wconf 68' lang='lat' dir='ltr'><strong>Ego</strong></span> 
     </span>
    </p>
   </div>
   <div class='ocr_carea' id='block_1_33' title="bbox 515 1953 3809 2055">
    <p class='ocr_par' dir='ltr' id='par_1_33' title="bbox 515 1953 3809 2055">
     <span class='ocr_line' id='line_1_33' title="bbox 515 1953 3809 2055; baseline 0.007 -41"><span class='ocrx_word' id='word_1_237' title='bbox 515 1966 707 2014; x_wconf 85' lang='lat' dir='ltr'><strong>nentes</strong></span> <span class='ocrx_word' id='word_1_238' title='bbox 731 1957 993 2013; x_wconf 82' lang='lat' dir='ltr'><strong>existunt.</strong></span> <span class='ocrx_word' id='word_1_239' title='bbox 1008 1953 1154 2055; x_wconf 36' lang='lat' dir='ltr'><strong>ICum</strong></span> <span class='ocrx_word' id='word_1_240' title='bbox 1175 1955 1377 2055; x_wconf 59' lang='lat' dir='ltr'><strong>quibus</strong></span> <span class='ocrx_word' id='word_1_241' title='bbox 1388 1965 1436 2011; x_wconf 87' lang='lat' dir='ltr'><strong>et</strong></span> <span class='ocrx_word' id='word_1_242' title='bbox 1453 1965 1680 2055; x_wconf 57' lang='lat' dir='ltr'><strong>nostras</strong></span> <span class='ocrx_word' id='word_1_243' title='bbox 1706 1972 1877 2055; x_wconf 60' lang='lat' dir='ltr'><strong>voces,</strong></span> <span class='ocrx_word' id='word_1_244' title='bbox 1897 1963 1953 2055; x_wconf 78' lang='lat' dir='ltr'><strong>et</strong></span> <span class='ocrx_word' id='word_1_245' title='bbox 1974 1954 2103 2055; x_wconf 73' lang='lat' dir='ltr'><strong>reli-</strong></span> <span class='ocrx_word' id='word_1_246' title='bbox 2137 1953 2185 2014; x_wconf 84' lang='grc' dir='ltr'><strong>Β</strong></span> <span class='ocrx_word' id='word_1_247' title='bbox 2210 1972 2324 2024; x_wconf 71' lang='lat' dir='ltr'><strong>ueni</strong></span> <span class='ocrx_word' id='word_1_248' title='bbox 2349 1971 2405 2025; x_wconf 77' lang='grc' dir='ltr'><strong>ίη</strong></span> <span class='ocrx_word' id='word_1_249' title='bbox 2437 1972 2645 2026; x_wconf 75' lang='lat' dir='ltr'><strong>nomine</strong></span> <span class='ocrx_word' id='word_1_250' title='bbox 2686 1953 2862 2031; x_wconf 73' lang='lat' dir='ltr'><strong>Patris</strong></span> <span class='ocrx_word' id='word_1_251' title='bbox 2895 1953 3221 2051; x_wconf 48' lang='lat' dir='ltr'><strong>mei—(locu.</strong></span> <span class='ocrx_word' id='word_1_252' title='bbox 3254 1996 3314 2048; x_wconf 70' lang='grc' dir='ltr'><strong>νς</strong></span> <span class='ocrx_word' id='word_1_253' title='bbox 3328 1980 3451 2055; x_wconf 71' lang='grc'><strong>43).</strong></span> <span class='ocrx_word' id='word_1_254' title='bbox 3472 1953 3809 2041; x_wconf 48' lang='lat' dir='ltr'><strong>vAssumtmt</strong></span> 
     </span>
    </p>
   </div>
   <div class='ocr_carea' id='block_1_34' title="bbox 512 2046 2107 2123">
    <p class='ocr_par' dir='ltr' id='par_1_34' title="bbox 512 2046 2107 2123">
     <span class='ocr_line' id='line_1_34' title="bbox 512 2046 2107 2123; baseline -0.003 -17"><span class='ocrx_word' id='word_1_255' title='bbox 512 2066 642 2123; x_wconf 86' lang='lat' dir='ltr'><strong>qua.</strong></span> <span class='ocrx_word' id='word_1_256' title='bbox 670 2051 844 2107; x_wconf 74' lang='lat' dir='ltr'><strong>Voces</strong></span> <span class='ocrx_word' id='word_1_257' title='bbox 870 2048 1186 2120; x_wconf 79' lang='lat' dir='ltr'><strong>angelorum</strong></span> <span class='ocrx_word' id='word_1_258' title='bbox 1216 2054 1345 2103; x_wconf 89' lang='lat' dir='ltr'><strong>sunt</strong></span> <span class='ocrx_word' id='word_1_259' title='bbox 1364 2048 1420 2102; x_wconf 90' lang='lat' dir='ltr'><strong>in</strong></span> <span class='ocrx_word' id='word_1_260' title='bbox 1449 2047 1614 2103; x_wconf 88' lang='lat' dir='ltr'><strong>laude</strong></span> <span class='ocrx_word' id='word_1_261' title='bbox 1640 2046 1963 2112; x_wconf 88' lang='lat' dir='ltr'><strong>conditoris,</strong></span> <span class='ocrx_word' id='word_1_262' title='bbox 1988 2047 2107 2116; x_wconf 87' lang='lat' dir='ltr'><strong>ipsa</strong></span> 
     </span>
    </p>
   </div>
   <div class='ocr_carea' id='block_1_35' title="bbox 514 2139 2108 2212">
    <p class='ocr_par' dir='ltr' id='par_1_35' title="bbox 514 2139 2108 2212">
     <span class='ocr_line' id='line_1_35' title="bbox 514 2139 2108 2212; baseline -0.003 -12"><span class='ocrx_word' id='word_1_263' title='bbox 514 2144 808 2200; x_wconf 87' lang='lat' dir='ltr'><strong>admiratio</strong></span> <span class='ocrx_word' id='word_1_264' title='bbox 828 2143 1032 2198; x_wconf 75' lang='lat' dir='ltr'><strong>intima:</strong></span> <span class='ocrx_word' id='word_1_265' title='bbox 1048 2140 1545 2210; x_wconf 85' lang='lat' dir='ltr'><strong>contemplationis.</strong></span> <span class='ocrx_word' id='word_1_266' title='bbox 1574 2139 1776 2209; x_wconf 84' lang='lat' dir='ltr'><strong>Quales</strong></span> <span class='ocrx_word' id='word_1_267' title='bbox 1793 2154 1923 2212; x_wconf 88' lang='lat' dir='ltr'><strong>ergo</strong></span> <span class='ocrx_word' id='word_1_268' title='bbox 1946 2154 2108 2211; x_wconf 79' lang='lat' dir='ltr'><strong>opor-</strong></span> 
     </span>
    </p>
   </div>
   <div class='ocr_carea' id='block_1_36' title="bbox 512 2235 2108 2307">
    <p class='ocr_par' dir='ltr' id='par_1_36' title="bbox 512 2235 2108 2307">
     <span class='ocr_line' id='line_1_36' title="bbox 512 2235 2108 2307; baseline -0.002 -13"><span class='ocrx_word' id='word_1_269' title='bbox 512 2247 591 2294; x_wconf 88' lang='lat' dir='ltr'><strong>tet</strong></span> <span class='ocrx_word' id='word_1_270' title='bbox 603 2252 726 2294; x_wconf 90' lang='lat' dir='ltr'><strong>esse</strong></span> <span class='ocrx_word' id='word_1_271' title='bbox 737 2250 896 2293; x_wconf 89' lang='lat' dir='ltr'><strong>voces</strong></span> <span class='ocrx_word' id='word_1_272' title='bbox 910 2244 1148 2302; x_wconf 86' lang='lat' dir='ltr'><strong>nostras,</strong></span> <span class='ocrx_word' id='word_1_273' title='bbox 1161 2251 1300 2307; x_wconf 90' lang='lat' dir='ltr'><strong>quas</strong></span> <span class='ocrx_word' id='word_1_274' title='bbox 1314 2235 1372 2290; x_wconf 90' lang='lat' dir='ltr'><strong>in</strong></span> <span class='ocrx_word' id='word_1_275' title='bbox 1387 2245 1681 2305; x_wconf 88' lang='lat' dir='ltr'><strong>conspectu</strong></span> <span class='ocrx_word' id='word_1_276' title='bbox 1698 2235 1791 2290; x_wconf 87' lang='lat' dir='ltr'><strong>Dei</strong></span> <span class='ocrx_word' id='word_1_277' title='bbox 1803 2249 1930 2290; x_wconf 89' lang='lat' dir='ltr'><strong>cum</strong></span> <span class='ocrx_word' id='word_1_278' title='bbox 1946 2250 2108 2306; x_wconf 85' lang='lat' dir='ltr'><strong>ange-</strong></span> 
     </span>
    </p>
   </div>
   <div class='ocr_carea' id='block_1_37' title="bbox 510 2326 2107 2400">
    <p class='ocr_par' dir='ltr' id='par_1_37' title="bbox 510 2326 2107 2400">
     <span class='ocr_line' id='line_1_37' title="bbox 510 2326 2107 2400; baseline -0.003 -14"><span class='ocrx_word' id='word_1_279' title='bbox 510 2331 632 2388; x_wconf 88' lang='lat' dir='ltr'><strong>licis</strong></span> <span class='ocrx_word' id='word_1_280' title='bbox 652 2329 901 2385; x_wconf 85' lang='lat' dir='ltr'><strong>laudibus</strong></span> <span class='ocrx_word' id='word_1_281' title='bbox 918 2327 1280 2400; x_wconf 89' lang='lat' dir='ltr'><strong>deprecamur</strong></span> <span class='ocrx_word' id='word_1_282' title='bbox 1291 2327 1531 2392; x_wconf 88' lang='lat' dir='ltr'><strong>admitti,</strong></span> <span class='ocrx_word' id='word_1_283' title='bbox 1558 2327 1615 2383; x_wconf 90' lang='lat' dir='ltr'><strong>id</strong></span> <span class='ocrx_word' id='word_1_284' title='bbox 1640 2334 1747 2394; x_wconf 89' lang='lat' dir='ltr'><strong>est,</strong></span> <span class='ocrx_word' id='word_1_285' title='bbox 1777 2326 2107 2383; x_wconf 84' lang='lat' dir='ltr'><strong>intromitti?</strong></span> 
     </span>
    </p>
   </div>
   <div class='ocr_carea' id='block_1_38' title="bbox 515 2419 2109 2495">
    <p class='ocr_par' dir='ltr' id='par_1_38' title="bbox 515 2419 2109 2495">
     <span class='ocr_line' id='line_1_38' title="bbox 515 2419 2109 2495; baseline -0.003 -15"><span class='ocrx_word' id='word_1_286' title='bbox 515 2422 713 2495; x_wconf 82' lang='lat' dir='ltr'><strong>Utique</strong></span> <span class='ocrx_word' id='word_1_287' title='bbox 739 2422 877 2477; x_wconf 86' lang='lat' dir='ltr'><strong>tales</strong></span> <span class='ocrx_word' id='word_1_288' title='bbox 899 2436 1064 2477; x_wconf 89' lang='lat' dir='ltr'><strong>voces</strong></span> <span class='ocrx_word' id='word_1_289' title='bbox 1087 2436 1195 2476; x_wconf 91' lang='lat' dir='ltr'><strong>non</strong></span> <span class='ocrx_word' id='word_1_290' title='bbox 1213 2422 1421 2476; x_wconf 87' lang='lat' dir='ltr'><strong>suntin</strong></span> <span class='ocrx_word' id='word_1_291' title='bbox 1442 2435 1577 2477; x_wconf 90' lang='lat' dir='ltr'><strong>sono</strong></span> <span class='ocrx_word' id='word_1_292' title='bbox 1600 2420 1733 2486; x_wconf 88' lang='lat' dir='ltr'><strong>oris,</strong></span> <span class='ocrx_word' id='word_1_293' title='bbox 1760 2420 1859 2477; x_wconf 87' lang='lat' dir='ltr'><strong>sed</strong></span> <span class='ocrx_word' id='word_1_294' title='bbox 1889 2421 1942 2475; x_wconf 92' lang='lat' dir='ltr'><strong>in</strong></span> <span class='ocrx_word' id='word_1_295' title='bbox 1966 2419 2109 2476; x_wconf 88' lang='lat' dir='ltr'><strong>desi-</strong></span> 
     </span>
    </p>
   </div>
   <div class='ocr_carea' id='block_1_39' title="bbox 510 2509 2107 2583">
    <p class='ocr_par' dir='ltr' id='par_1_39' title="bbox 510 2509 2107 2583">
     <span class='ocr_line' id='line_1_39' title="bbox 510 2509 2107 2583; baseline -0.003 -12"><span class='ocrx_word' id='word_1_296' title='bbox 510 2515 664 2571; x_wconf 87' lang='lat' dir='ltr'><strong>derio</strong></span> <span class='ocrx_word' id='word_1_297' title='bbox 676 2512 877 2571; x_wconf 88' lang='lat' dir='ltr'><strong>cordis.</strong></span> <span class='ocrx_word' id='word_1_298' title='bbox 893 2512 1068 2570; x_wconf 75' lang='lat' dir='ltr'><strong>Voces</strong></span> <span class='ocrx_word' id='word_1_299' title='bbox 1078 2512 1226 2569; x_wconf 90' lang='lat' dir='ltr'><strong>enim</strong></span> <span class='ocrx_word' id='word_1_300' title='bbox 1242 2512 1385 2583; x_wconf 89' lang='lat' dir='ltr'><strong>apud</strong></span> <span class='ocrx_word' id='word_1_301' title='bbox 1398 2512 1796 2568; x_wconf 82' lang='lat' dir='ltr'><strong>secretissimas</strong></span> <span class='ocrx_word' id='word_1_302' title='bbox 1819 2525 1985 2568; x_wconf 85' lang='lat' dir='ltr'><strong>aures</strong></span> <span class='ocrx_word' id='word_1_303' title='bbox 2009 2509 2107 2567; x_wconf 86' lang='lat' dir='ltr'><strong>Dei</strong></span> 
     </span>
    </p>
   </div>
   <div class='ocr_carea' id='block_1_40' title="bbox 511 2604 2110 2675">
    <p class='ocr_par' dir='ltr' id='par_1_40' title="bbox 511 2604 2110 2675">
     <span class='ocr_line' id='line_1_40' title="bbox 511 2604 2110 2675; baseline -0.003 -11"><span class='ocrx_word' id='word_1_304' title='bbox 511 2624 621 2664; x_wconf 90' lang='lat' dir='ltr'><strong>non</strong></span> <span class='ocrx_word' id='word_1_305' title='bbox 634 2606 840 2663; x_wconf 75' lang='lat' dir='ltr'><strong>faciunt</strong></span> <span class='ocrx_word' id='word_1_306' title='bbox 859 2607 1025 2662; x_wconf 86' lang='lat' dir='ltr'><strong>verba</strong></span> <span class='ocrx_word' id='word_1_307' title='bbox 1040 2613 1253 2672; x_wconf 86' lang='lat' dir='ltr'><strong>nostra,</strong></span> <span class='ocrx_word' id='word_1_308' title='bbox 1274 2606 1370 2661; x_wconf 87' lang='lat' dir='ltr'><strong>sed</strong></span> <span class='ocrx_word' id='word_1_309' title='bbox 1384 2605 1655 2661; x_wconf 88' lang='lat' dir='ltr'><strong>desideria</strong></span> <span class='ocrx_word' id='word_1_310' title='bbox 1672 2620 1687 2671; x_wconf 92' lang='lat'><strong>;</strong></span> <span class='ocrx_word' id='word_1_311' title='bbox 1711 2612 1767 2659; x_wconf 92' lang='lat' dir='ltr'><strong>et</strong></span> <span class='ocrx_word' id='word_1_312' title='bbox 1780 2604 1908 2675; x_wconf 89' lang='lat' dir='ltr'><strong>quia</strong></span> <span class='ocrx_word' id='word_1_313' title='bbox 1922 2618 2110 2673; x_wconf 87' lang='lat' dir='ltr'><strong>super-</strong></span> 
     </span>
    </p>
   </div>
   <div class='ocr_carea' id='block_1_41' title="bbox 508 2696 2105 2770">
    <p class='ocr_par' dir='ltr' id='par_1_41' title="bbox 508 2696 2105 2770">
     <span class='ocr_line' id='line_1_41' title="bbox 508 2696 2105 2770; baseline -0.003 -13"><span class='ocrx_word' id='word_1_314' title='bbox 508 2696 581 2757; x_wconf 79' lang='lat' dir='ltr'><strong>na</strong></span> <span class='ocrx_word' id='word_1_315' title='bbox 593 2699 787 2757; x_wconf 78' lang='lat' dir='ltr'><strong>civitas</strong></span> <span class='ocrx_word' id='word_1_316' title='bbox 799 2714 869 2755; x_wconf 78' lang='lat' dir='ltr'><strong>ex</strong></span> <span class='ocrx_word' id='word_1_317' title='bbox 881 2696 1089 2770; x_wconf 87' lang='lat' dir='ltr'><strong>angelis</strong></span> <span class='ocrx_word' id='word_1_318' title='bbox 1103 2708 1159 2754; x_wconf 91' lang='lat' dir='ltr'><strong>et</strong></span> <span class='ocrx_word' id='word_1_319' title='bbox 1170 2699 1481 2754; x_wconf 87' lang='lat' dir='ltr'><strong>hominibus</strong></span> <span class='ocrx_word' id='word_1_320' title='bbox 1492 2705 1726 2765; x_wconf 88' lang='lat' dir='ltr'><strong>constat,</strong></span> <span class='ocrx_word' id='word_1_321' title='bbox 1740 2698 1937 2754; x_wconf 88' lang='lat' dir='ltr'><strong>merito</strong></span> <span class='ocrx_word' id='word_1_322' title='bbox 1948 2712 2105 2753; x_wconf 89' lang='lat' dir='ltr'><strong>sanc-</strong></span> 
     </span>
    </p>
   </div>
   <div class='ocr_carea' id='block_1_42' title="bbox 508 2786 2108 2861">
    <p class='ocr_par' dir='ltr' id='par_1_42' title="bbox 508 2786 2108 2861">
     <span class='ocr_line' id='line_1_42' title="bbox 508 2786 2108 2861; baseline -0.004 -12"><span class='ocrx_word' id='word_1_323' title='bbox 508 2798 568 2849; x_wconf 84' lang='lat' dir='ltr'><strong>ta</strong></span> <span class='ocrx_word' id='word_1_324' title='bbox 589 2790 848 2856; x_wconf 82' lang='lat' dir='ltr'><strong>Ecclesia,</strong></span> <span class='ocrx_word' id='word_1_325' title='bbox 863 2805 986 2861; x_wconf 69' lang='lat' dir='ltr'><strong>qua:</strong></span> <span class='ocrx_word' id='word_1_326' title='bbox 998 2789 1106 2846; x_wconf 88' lang='lat' dir='ltr'><strong>illis</strong></span> <span class='ocrx_word' id='word_1_327' title='bbox 1134 2788 1392 2846; x_wconf 86' lang='lat' dir='ltr'><strong>socianda</strong></span> <span class='ocrx_word' id='word_1_328' title='bbox 1405 2797 1491 2845; x_wconf 90' lang='lat' dir='ltr'><strong>est</strong></span> <span class='ocrx_word' id='word_1_329' title='bbox 1516 2788 1569 2844; x_wconf 91' lang='lat' dir='ltr'><strong>in</strong></span> <span class='ocrx_word' id='word_1_330' title='bbox 1584 2787 1747 2855; x_wconf 71' lang='lat' dir='ltr'><strong>cmlo,</strong></span> <span class='ocrx_word' id='word_1_331' title='bbox 1773 2795 1831 2843; x_wconf 89' lang='lat' dir='ltr'><strong>et</strong></span> <span class='ocrx_word' id='word_1_332' title='bbox 1856 2803 1979 2841; x_wconf 90' lang='lat' dir='ltr'><strong>cum</strong></span> <span class='ocrx_word' id='word_1_333' title='bbox 2000 2786 2108 2843; x_wconf 88' lang='lat' dir='ltr'><strong>illis</strong></span> 
     </span>
    </p>
   </div>
   <div class='ocr_carea' id='block_1_43' title="bbox 508 2878 2105 2955">
    <p class='ocr_par' dir='ltr' id='par_1_43' title="bbox 508 2878 2105 2955">
     <span class='ocr_line' id='line_1_43' title="bbox 508 2878 2105 2955; baseline -0.006 -13"><span class='ocrx_word' id='word_1_334' title='bbox 508 2884 567 2942; x_wconf 87' lang='lat' dir='ltr'><strong>in</strong></span> <span class='ocrx_word' id='word_1_335' title='bbox 600 2884 698 2941; x_wconf 86' lang='lat' dir='ltr'><strong>Dei</strong></span> <span class='ocrx_word' id='word_1_336' title='bbox 719 2884 971 2941; x_wconf 82' lang='lat' dir='ltr'><strong>laudibus</strong></span> <span class='ocrx_word' id='word_1_337' title='bbox 1004 2879 1521 2955; x_wconf 81' lang='lat' dir='ltr'><strong>permansura,jam</strong></span> <span class='ocrx_word' id='word_1_338' title='bbox 1546 2896 1692 2937; x_wconf 89' lang='lat' dir='ltr'><strong>nunc</strong></span> <span class='ocrx_word' id='word_1_339' title='bbox 1712 2879 1848 2951; x_wconf 89' lang='lat' dir='ltr'><strong>ipsis</strong></span> <span class='ocrx_word' id='word_1_340' title='bbox 1880 2878 2105 2935; x_wconf 82' lang='lat' dir='ltr'><strong>vocibus</strong></span> 
     </span>
    </p>
   </div>
   <div class='ocr_carea' id='block_1_44' title="bbox 511 2971 2106 3046">
    <p class='ocr_par' dir='ltr' id='par_1_44' title="bbox 511 2971 2106 3046">
     <span class='ocr_line' id='line_1_44' title="bbox 511 2971 2106 3046; baseline -0.007 -8"><span class='ocrx_word' id='word_1_341' title='bbox 511 2979 683 3037; x_wconf 84' lang='lat' dir='ltr'><strong>Deum</strong></span> <span class='ocrx_word' id='word_1_342' title='bbox 725 2979 909 3034; x_wconf 85' lang='lat' dir='ltr'><strong>laudat</strong></span> <span class='ocrx_word' id='word_1_343' title='bbox 931 2979 990 3033; x_wconf 92' lang='lat' dir='ltr'><strong>in</strong></span> <span class='ocrx_word' id='word_1_344' title='bbox 1041 2976 1227 3044; x_wconf 86' lang='lat' dir='ltr'><strong>terris,</strong></span> <span class='ocrx_word' id='word_1_345' title='bbox 1277 2976 1477 3046; x_wconf 84' lang='lat' dir='ltr'><strong>quibus</strong></span> <span class='ocrx_word' id='word_1_346' title='bbox 1525 2990 1651 3030; x_wconf 90' lang='lat' dir='ltr'><strong>eum</strong></span> <span class='ocrx_word' id='word_1_347' title='bbox 1703 2973 1879 3029; x_wconf 87' lang='lat' dir='ltr'><strong>sancti</strong></span> <span class='ocrx_word' id='word_1_348' title='bbox 1928 2971 2106 3044; x_wconf 84' lang='lat' dir='ltr'><strong>angeli</strong></span> 
     </span>
    </p>
   </div>
   <div class='ocr_carea' id='block_1_45' title="bbox 507 3066 2103 3141">
    <p class='ocr_par' dir='ltr' id='par_1_45' title="bbox 507 3066 2103 3141">
     <span class='ocr_line' id='line_1_45' title="bbox 507 3066 2103 3141; baseline -0.005 -11"><span class='ocrx_word' id='word_1_349' title='bbox 507 3074 733 3130; x_wconf 87' lang='lat' dir='ltr'><strong>laudant</strong></span> <span class='ocrx_word' id='word_1_350' title='bbox 759 3073 813 3127; x_wconf 91' lang='lat' dir='ltr'><strong>in</strong></span> <span class='ocrx_word' id='word_1_351' title='bbox 834 3070 987 3128; x_wconf 72' lang='lat' dir='ltr'><strong>cmlis</strong></span> <span class='ocrx_word' id='word_1_352' title='bbox 1016 3090 1029 3125; x_wconf 91' lang='lat'><strong>:</strong></span> <span class='ocrx_word' id='word_1_353' title='bbox 1064 3071 1249 3126; x_wconf 88' lang='lat' dir='ltr'><strong>ethoc</strong></span> <span class='ocrx_word' id='word_1_354' title='bbox 1268 3085 1377 3126; x_wconf 88' lang='lat' dir='ltr'><strong>non</strong></span> <span class='ocrx_word' id='word_1_355' title='bbox 1406 3068 1641 3141; x_wconf 86' lang='lat' dir='ltr'><strong>superba</strong></span> <span class='ocrx_word' id='word_1_356' title='bbox 1659 3066 2103 3137; x_wconf 84' lang='lat' dir='ltr'><strong>praesumptione,</strong></span> 
     </span>
    </p>
   </div>
   <div class='ocr_carea' id='block_1_46' title="bbox 508 3156 2107 3234">
    <p class='ocr_par' dir='ltr' id='par_1_46' title="bbox 508 3156 2107 3234">
     <span class='ocr_line' id='line_1_46' title="bbox 508 3156 2107 3234; baseline -0.006 -13"><span class='ocrx_word' id='word_1_357' title='bbox 508 3164 605 3221; x_wconf 83' lang='lat' dir='ltr'><strong>sed</strong></span> <span class='ocrx_word' id='word_1_358' title='bbox 643 3161 869 3234; x_wconf 80' lang='lat' dir='ltr'><strong>supplici</strong></span> <span class='ocrx_word' id='word_1_359' title='bbox 905 3159 1250 3229; x_wconf 80' lang='lat' dir='ltr'><strong>confessione,</strong></span> <span class='ocrx_word' id='word_1_360' title='bbox 1298 3158 1353 3215; x_wconf 88' lang='lat' dir='ltr'><strong>id</strong></span> <span class='ocrx_word' id='word_1_361' title='bbox 1391 3167 1498 3224; x_wconf 88' lang='lat' dir='ltr'><strong>est,</strong></span> <span class='ocrx_word' id='word_1_362' title='bbox 1561 3158 1755 3215; x_wconf 87' lang='lat' dir='ltr'><strong>humili</strong></span> <span class='ocrx_word' id='word_1_363' title='bbox 1787 3158 1987 3224; x_wconf 86' lang='lat' dir='ltr'><strong>laude;</strong></span> <span class='ocrx_word' id='word_1_364' title='bbox 2025 3156 2107 3212; x_wconf 85' lang='lat' dir='ltr'><strong>sic</strong></span> 
     </span>
    </p>
   </div>
   <div class='ocr_carea' id='block_1_47' title="bbox 507 3248 2103 3324">
    <p class='ocr_par' dir='ltr' id='par_1_47' title="bbox 507 3248 2103 3324">
     <span class='ocr_line' id='line_1_47' title="bbox 507 3248 2103 3324; baseline -0.006 -11"><span class='ocrx_word' id='word_1_365' title='bbox 507 3256 827 3313; x_wconf 87' lang='lat' dir='ltr'><strong>desiderans</strong></span> <span class='ocrx_word' id='word_1_366' title='bbox 879 3254 1220 3324; x_wconf 73' lang='lat' dir='ltr'><strong>maiestatem</strong></span> <span class='ocrx_word' id='word_1_367' title='bbox 1256 3252 1351 3307; x_wconf 90' lang='lat' dir='ltr'><strong>Dei</strong></span> <span class='ocrx_word' id='word_1_368' title='bbox 1383 3251 1607 3308; x_wconf 85' lang='lat' dir='ltr'><strong>credere</strong></span> <span class='ocrx_word' id='word_1_369' title='bbox 1642 3260 1699 3306; x_wconf 92' lang='lat' dir='ltr'><strong>ct</strong></span> <span class='ocrx_word' id='word_1_370' title='bbox 1747 3249 1995 3306; x_wconf 80' lang='lat' dir='ltr'><strong>conﬁteri</strong></span> <span class='ocrx_word' id='word_1_371' title='bbox 2045 3248 2103 3304; x_wconf 84' lang='lat' dir='ltr'><strong>in</strong></span> 
     </span>
    </p>
   </div>
   <div class='ocr_carea' id='block_1_48' title="bbox 2207 2060 3803 2144">
    <p class='ocr_par' dir='ltr' id='par_1_48' title="bbox 2207 2060 3803 2144">
     <span class='ocr_line' id='line_1_48' title="bbox 2207 2060 3803 2144; baseline 0.011 -31"><span class='ocrx_word' id='word_1_372' title='bbox 2207 2068 2393 2115; x_wconf 88' lang='lat' dir='ltr'><strong>autem</strong></span> <span class='ocrx_word' id='word_1_373' title='bbox 2436 2060 2611 2118; x_wconf 87' lang='lat' dir='ltr'><strong>laudis</strong></span> <span class='ocrx_word' id='word_1_374' title='bbox 2654 2063 2987 2123; x_wconf 87' lang='lat' dir='ltr'><strong>versiculum</strong></span> <span class='ocrx_word' id='word_1_375' title='bbox 3032 2068 3206 2125; x_wconf 73' lang='lat' dir='ltr'><strong>mrba:</strong></span> <span class='ocrx_word' id='word_1_376' title='bbox 3255 2069 3327 2126; x_wconf 82' lang='lat' dir='ltr'><strong>de</strong></span> <span class='ocrx_word' id='word_1_377' title='bbox 3377 2073 3589 2144; x_wconf 86' lang='lat' dir='ltr'><strong>psalmo</strong></span> <span class='ocrx_word' id='word_1_378' title='bbox 3629 2089 3803 2141; x_wconf 78' lang='lat' dir='ltr'><strong>cxvu,</strong></span> 
     </span>
    </p>
   </div>
   <div class='ocr_carea' id='block_1_49' title="bbox 2205 2155 3801 2235">
    <p class='ocr_par' dir='ltr' id='par_1_49' title="bbox 2205 2155 3801 2235">
     <span class='ocr_line' id='line_1_49' title="bbox 2205 2155 3801 2235; baseline 0.012 -28"><span class='ocrx_word' id='word_1_379' title='bbox 2205 2168 2367 2224; x_wconf 88' lang='lat' dir='ltr'><strong>quem</strong></span> <span class='ocrx_word' id='word_1_380' title='bbox 2403 2156 2473 2211; x_wconf 89' lang='lat' dir='ltr'><strong>de</strong></span> <span class='ocrx_word' id='word_1_381' title='bbox 2522 2155 2754 2214; x_wconf 90' lang='lat' dir='ltr'><strong>Domino</strong></span> <span class='ocrx_word' id='word_1_382' title='bbox 2798 2174 2922 2217; x_wconf 90' lang='lat' dir='ltr'><strong>esse</strong></span> <span class='ocrx_word' id='word_1_383' title='bbox 2971 2167 3254 2220; x_wconf 83' lang='lat' dir='ltr'><strong>cantatum</strong></span> <span class='ocrx_word' id='word_1_384' title='bbox 3305 2166 3656 2224; x_wconf 78' lang='lat' dir='ltr'><strong>manifestum</strong></span> <span class='ocrx_word' id='word_1_385' title='bbox 3691 2177 3801 2235; x_wconf 83' lang='lat' dir='ltr'><strong>est,</strong></span> 
     </span>
    </p>
   </div>
   <div class='ocr_carea' id='block_1_50' title="bbox 2204 2246 3806 2328">
    <p class='ocr_par' dir='ltr' id='par_1_50' title="bbox 2204 2246 3806 2328">
     <span class='ocr_line' id='line_1_50' title="bbox 2204 2246 3806 2328; baseline 0.011 -28"><span class='ocrx_word' id='word_1_386' title='bbox 2204 2246 2349 2317; x_wconf 80' lang='lat' dir='ltr'><strong>quod</strong></span> <span class='ocrx_word' id='word_1_387' title='bbox 2371 2247 2517 2302; x_wconf 89' lang='lat' dir='ltr'><strong>enim</strong></span> <span class='ocrx_word' id='word_1_388' title='bbox 2549 2247 2761 2312; x_wconf 88' lang='lat' dir='ltr'><strong>dicunt.</strong></span> <span class='ocrx_word' id='word_1_389' title='bbox 2795 2247 3036 2319; x_wconf 80' lang='lat' dir='ltr'><strong>Osanna,</strong></span> <span class='ocrx_word' id='word_1_390' title='bbox 3070 2253 3178 2310; x_wconf 82' lang='lat' dir='ltr'><strong>hoc</strong></span> <span class='ocrx_word' id='word_1_391' title='bbox 3215 2263 3319 2321; x_wconf 88' lang='lat' dir='ltr'><strong>est,</strong></span> <span class='ocrx_word' id='word_1_392' title='bbox 3364 2258 3511 2328; x_wconf 74' lang='lat' dir='ltr'><strong>quod</strong></span> <span class='ocrx_word' id='word_1_393' title='bbox 3544 2259 3621 2315; x_wconf 84' lang='lat' dir='ltr'><strong>ibi</strong></span> <span class='ocrx_word' id='word_1_394' title='bbox 3663 2259 3806 2316; x_wconf 84' lang='lat' dir='ltr'><strong>dici-</strong></span> 
     </span>
    </p>
   </div>
   <div class='ocr_carea' id='block_1_51' title="bbox 2207 2330 3807 2421">
    <p class='ocr_par' dir='ltr' id='par_1_51' title="bbox 2207 2330 3807 2421">
     <span class='ocr_line' id='line_1_51' title="bbox 2207 2330 3807 2421; baseline 0.009 -32"><span class='ocrx_word' id='word_1_395' title='bbox 2207 2345 2328 2391; x_wconf 88' lang='lat' dir='ltr'><strong>tur:</strong></span> <span class='ocrx_word' id='word_1_396' title='bbox 2362 2335 2409 2391; x_wconf 88' lang='lat'><strong><em>0</em></strong></span> <span class='ocrx_word' id='word_1_397' title='bbox 2431 2336 2677 2406; x_wconf 81' lang='lat' dir='ltr'><strong>Domine,</strong></span> <span class='ocrx_word' id='word_1_398' title='bbox 2712 2338 2916 2396; x_wconf 77' lang='lat' dir='ltr'><strong>saluum</strong></span> <span class='ocrx_word' id='word_1_399' title='bbox 2935 2358 3019 2397; x_wconf 84' lang='lat' dir='ltr'><strong>me</strong></span> <span class='ocrx_word' id='word_1_400' title='bbox 3038 2343 3147 2413; x_wconf 78' lang='lat' dir='ltr'><strong>fac,</strong></span> <span class='ocrx_word' id='word_1_401' title='bbox 3172 2361 3204 2400; x_wconf 89' lang='grc' dir='ltr'><strong><em>ο</em></strong></span> <span class='ocrx_word' id='word_1_402' title='bbox 3225 2344 3469 2415; x_wconf 77' lang='lat' dir='ltr'><strong>Domine,</strong></span> <span class='ocrx_word' id='word_1_403' title='bbox 3491 2330 3807 2421; x_wconf 74' lang='lat' dir='ltr'><strong>prosperare</strong></span> 
     </span>
    </p>
   </div>
   <div class='ocr_carea' id='block_1_52' title="bbox 2206 2421 3806 2509">
    <p class='ocr_par' dir='ltr' id='par_1_52' title="bbox 2206 2421 3806 2509">
     <span class='ocr_line' id='line_1_52' title="bbox 2206 2421 3806 2509; baseline 0.011 -32"><span class='ocrx_word' id='word_1_404' title='bbox 2206 2421 2553 2494; x_wconf 77' lang='lat' dir='ltr'><strong>(Psal.cxvu,</strong></span> <span class='ocrx_word' id='word_1_405' title='bbox 2578 2426 2671 2499; x_wconf 69' lang='lat'><strong>25)</strong></span> <span class='ocrx_word' id='word_1_406' title='bbox 2703 2442 2719 2495; x_wconf 90' lang='lat'>;</span> <span class='ocrx_word' id='word_1_407' title='bbox 2744 2437 2801 2484; x_wconf 89' lang='lat' dir='ltr'><strong>et</strong></span> <span class='ocrx_word' id='word_1_408' title='bbox 2837 2432 3022 2486; x_wconf 89' lang='lat' dir='ltr'><strong>statim</strong></span> <span class='ocrx_word' id='word_1_409' title='bbox 3051 2432 3259 2489; x_wconf 87' lang='lat' dir='ltr'><strong>eisdem</strong></span> <span class='ocrx_word' id='word_1_410' title='bbox 3300 2437 3486 2493; x_wconf 83' lang='lat' dir='ltr'><strong>verbis</strong></span> <span class='ocrx_word' id='word_1_411' title='bbox 3515 2438 3806 2509; x_wconf 75' lang='lat' dir='ltr'><strong>subiungi-</strong></span> 
     </span>
    </p>
   </div>
   <div class='ocr_carea' id='block_1_53' title="bbox 2204 2516 3805 2596">
    <p class='ocr_par' dir='ltr' id='par_1_53' title="bbox 2204 2516 3805 2596">
     <span class='ocr_line' id='line_1_53' title="bbox 2204 2516 3805 2596; baseline 0.009 -25"><span class='ocrx_word' id='word_1_412' title='bbox 2204 2526 2334 2572; x_wconf 88' lang='lat' dir='ltr'><strong>tur:</strong></span> <span class='ocrx_word' id='word_1_413' title='bbox 2362 2516 2676 2573; x_wconf 83' lang='lat' dir='ltr'><strong>Benedictus</strong></span> <span class='ocrx_word' id='word_1_414' title='bbox 2721 2521 2815 2591; x_wconf 79' lang='lat' dir='ltr'><strong>qui</strong></span> <span class='ocrx_word' id='word_1_415' title='bbox 2869 2521 3008 2577; x_wconf 76' lang='lat' dir='ltr'><strong>venit</strong></span> <span class='ocrx_word' id='word_1_416' title='bbox 3030 2524 3088 2577; x_wconf 83' lang='lat' dir='ltr'><strong>in</strong></span> <span class='ocrx_word' id='word_1_417' title='bbox 3110 2525 3319 2581; x_wconf 71' lang='lat' dir='ltr'><strong>nomine</strong></span> <span class='ocrx_word' id='word_1_418' title='bbox 3354 2525 3590 2583; x_wconf 75' lang='lat' dir='ltr'><strong>Domini.</strong></span> <span class='ocrx_word' id='word_1_419' title='bbox 3642 2527 3805 2596; x_wconf 83' lang='lat' dir='ltr'><strong>Quod</strong></span> 
     </span>
    </p>
   </div>
   <div class='ocr_carea' id='block_1_54' title="bbox 2205 2607 3804 2689">
    <p class='ocr_par' dir='ltr' id='par_1_54' title="bbox 2205 2607 3804 2689">
     <span class='ocr_line' id='line_1_54' title="bbox 2205 2607 3804 2689; baseline 0.009 -26"><span class='ocrx_word' id='word_1_420' title='bbox 2205 2623 2337 2665; x_wconf 89' lang='lat' dir='ltr'><strong>vero</strong></span> <span class='ocrx_word' id='word_1_421' title='bbox 2355 2607 2702 2680; x_wconf 72' lang='lat' dir='ltr'><strong>subiungitur</strong></span> <span class='ocrx_word' id='word_1_422' title='bbox 2724 2608 2965 2678; x_wconf 84' lang='lat' dir='ltr'><strong>Osanna,</strong></span> <span class='ocrx_word' id='word_1_423' title='bbox 2997 2613 3053 2669; x_wconf 90' lang='lat' dir='ltr'><strong>id</strong></span> <span class='ocrx_word' id='word_1_424' title='bbox 3083 2622 3190 2682; x_wconf 89' lang='lat' dir='ltr'><strong>est,</strong></span> <span class='ocrx_word' id='word_1_425' title='bbox 3210 2615 3358 2672; x_wconf 86' lang='lat' dir='ltr'><strong>salus</strong></span> <span class='ocrx_word' id='word_1_426' title='bbox 3387 2618 3505 2675; x_wconf 86' lang='lat' dir='ltr'><strong>sive</strong></span> <span class='ocrx_word' id='word_1_427' title='bbox 3528 2618 3804 2689; x_wconf 83' lang='lat' dir='ltr'><strong>salvitica,</strong></span> 
     </span>
    </p>
   </div>
   <div class='ocr_carea' id='block_1_55' title="bbox 2204 2698 3805 2779">
    <p class='ocr_par' dir='ltr' id='par_1_55' title="bbox 2204 2698 3805 2779">
     <span class='ocr_line' id='line_1_55' title="bbox 2204 2698 3805 2779; baseline 0.011 -27"><span class='ocrx_word' id='word_1_428' title='bbox 2204 2700 2261 2753; x_wconf 89' lang='lat' dir='ltr'><strong>in</strong></span> <span class='ocrx_word' id='word_1_429' title='bbox 2288 2698 2529 2765; x_wconf 67' lang='lat' dir='ltr'><strong>excelsis,</strong></span> <span class='ocrx_word' id='word_1_430' title='bbox 2558 2710 2749 2771; x_wconf 90' lang='lat' dir='ltr'><strong>aperte</strong></span> <span class='ocrx_word' id='word_1_431' title='bbox 2770 2702 2929 2759; x_wconf 90' lang='lat' dir='ltr'><strong>docet</strong></span> <span class='ocrx_word' id='word_1_432' title='bbox 2964 2703 3259 2762; x_wconf 87' lang='lat' dir='ltr'><strong>adventum</strong></span> <span class='ocrx_word' id='word_1_433' title='bbox 3286 2707 3501 2765; x_wconf 88' lang='lat' dir='ltr'><strong>Domini</strong></span> <span class='ocrx_word' id='word_1_434' title='bbox 3526 2713 3582 2767; x_wconf 91' lang='lat' dir='ltr'><strong>in</strong></span> <span class='ocrx_word' id='word_1_435' title='bbox 3610 2727 3805 2779; x_wconf 85' lang='lat' dir='ltr'><strong>carne,</strong></span> 
     </span>
    </p>
   </div>
   <div class='ocr_carea' id='block_1_56' title="bbox 2205 2789 3801 2875">
    <p class='ocr_par' dir='ltr' id='par_1_56' title="bbox 2205 2789 3801 2875">
     <span class='ocr_line' id='line_1_56' title="bbox 2205 2789 3801 2875; baseline 0.01 -31"><span class='ocrx_word' id='word_1_436' title='bbox 2205 2804 2315 2845; x_wconf 88' lang='lat' dir='ltr'><strong>non</strong></span> <span class='ocrx_word' id='word_1_437' title='bbox 2344 2789 2517 2845; x_wconf 89' lang='lat' dir='ltr'><strong>solum</strong></span> <span class='ocrx_word' id='word_1_438' title='bbox 2532 2791 2755 2847; x_wconf 85' lang='lat' dir='ltr'><strong>humani</strong></span> <span class='ocrx_word' id='word_1_439' title='bbox 2778 2795 2993 2864; x_wconf 87' lang='lat' dir='ltr'><strong>generis</strong></span> <span class='ocrx_word' id='word_1_440' title='bbox 3018 2795 3075 2852; x_wconf 90' lang='lat' dir='ltr'><strong>in</strong></span> <span class='ocrx_word' id='word_1_441' title='bbox 3104 2806 3274 2864; x_wconf 90' lang='lat' dir='ltr'><strong>terra,</strong></span> <span class='ocrx_word' id='word_1_442' title='bbox 3293 2800 3392 2856; x_wconf 88' lang='lat' dir='ltr'><strong>sed</strong></span> <span class='ocrx_word' id='word_1_443' title='bbox 3407 2811 3464 2857; x_wconf 91' lang='lat' dir='ltr'><strong>et</strong></span> <span class='ocrx_word' id='word_1_444' title='bbox 3482 2802 3801 2875; x_wconf 84' lang='lat' dir='ltr'><strong>angelorum</strong></span> 
     </span>
    </p>
   </div>
   <div class='ocr_carea' id='block_1_57' title="bbox 2206 2881 3799 2967">
    <p class='ocr_par' dir='ltr' id='par_1_57' title="bbox 2206 2881 3799 2967">
     <span class='ocr_line' id='line_1_57' title="bbox 2206 2881 3799 2967; baseline 0.009 -30"><span class='ocrx_word' id='word_1_445' title='bbox 2206 2881 2263 2937; x_wconf 91' lang='lat' dir='ltr'><strong>in</strong></span> <span class='ocrx_word' id='word_1_446' title='bbox 2294 2883 2450 2939; x_wconf 77' lang='lat' dir='ltr'><strong>ctelis</strong></span> <span class='ocrx_word' id='word_1_447' title='bbox 2498 2898 2623 2940; x_wconf 87' lang='lat' dir='ltr'><strong>esse</strong></span> <span class='ocrx_word' id='word_1_448' title='bbox 2672 2886 2938 2943; x_wconf 89' lang='lat' dir='ltr'><strong>salutem:</strong></span> <span class='ocrx_word' id='word_1_449' title='bbox 2972 2889 3102 2959; x_wconf 81' lang='lat' dir='ltr'><strong>quia</strong></span> <span class='ocrx_word' id='word_1_450' title='bbox 3132 2887 3261 2946; x_wconf 90' lang='lat' dir='ltr'><strong>dum</strong></span> <span class='ocrx_word' id='word_1_451' title='bbox 3290 2907 3391 2949; x_wconf 86' lang='lat' dir='ltr'><strong>nos</strong></span> <span class='ocrx_word' id='word_1_452' title='bbox 3432 2896 3697 2967; x_wconf 88' lang='lat' dir='ltr'><strong>redempti</strong></span> <span class='ocrx_word' id='word_1_453' title='bbox 3725 2896 3799 2952; x_wconf 88' lang='lat' dir='ltr'><strong>ad</strong></span> 
     </span>
    </p>
   </div>
   <div class='ocr_carea' id='block_1_58' title="bbox 2205 2976 3798 3055">
    <p class='ocr_par' dir='ltr' id='par_1_58' title="bbox 2205 2976 3798 3055">
     <span class='ocr_line' id='line_1_58' title="bbox 2205 2976 3798 3055; baseline 0.009 -26"><span class='ocrx_word' id='word_1_454' title='bbox 2205 2990 2440 3046; x_wconf 88' lang='lat' dir='ltr'><strong>superna</strong></span> <span class='ocrx_word' id='word_1_455' title='bbox 2464 2976 2833 3047; x_wconf 87' lang='lat' dir='ltr'><strong>perducimur,</strong></span> <span class='ocrx_word' id='word_1_456' title='bbox 2879 2994 3069 3036; x_wconf 87' lang='lat' dir='ltr'><strong>eorum</strong></span> <span class='ocrx_word' id='word_1_457' title='bbox 3107 2997 3393 3051; x_wconf 88' lang='lat' dir='ltr'><strong>numerus,</strong></span> <span class='ocrx_word' id='word_1_458' title='bbox 3443 2986 3538 3055; x_wconf 85' lang='lat' dir='ltr'><strong>qui</strong></span> <span class='ocrx_word' id='word_1_459' title='bbox 3563 2987 3798 3044; x_wconf 85' lang='lat' dir='ltr'><strong>cadente</strong></span> 
     </span>
    </p>
   </div>
   <div class='ocr_carea' id='block_1_59' title="bbox 2207 3065 3796 3150">
    <p class='ocr_par' dir='ltr' id='par_1_59' title="bbox 2207 3065 3796 3150">
     <span class='ocr_line' id='line_1_59' title="bbox 2207 3065 3796 3150; baseline 0.009 -30"><span class='ocrx_word' id='word_1_460' title='bbox 2207 3065 2410 3122; x_wconf 86' lang='lat' dir='ltr'><strong>Satana</strong></span> <span class='ocrx_word' id='word_1_461' title='bbox 2457 3077 2578 3123; x_wconf 87' lang='lat' dir='ltr'><strong>erat</strong></span> <span class='ocrx_word' id='word_1_462' title='bbox 2624 3068 2945 3127; x_wconf 87' lang='lat' dir='ltr'><strong>imminutus</strong></span> <span class='ocrx_word' id='word_1_463' title='bbox 2972 3112 2988 3138; x_wconf 92' lang='lat'><strong>,</strong></span> <span class='ocrx_word' id='word_1_464' title='bbox 3044 3072 3321 3143; x_wconf 80' lang='lat' dir='ltr'><strong>impletur.</strong></span> <span class='ocrx_word' id='word_1_465' title='bbox 3377 3075 3551 3133; x_wconf 85' lang='lat' dir='ltr'><strong>Recte</strong></span> <span class='ocrx_word' id='word_1_466' title='bbox 3588 3078 3753 3150; x_wconf 88' lang='lat' dir='ltr'><strong>igitur</strong></span> <span class='ocrx_word' id='word_1_467' title='bbox 3778 3121 3796 3146; x_wconf 94' lang='lat'><strong>,</strong></span> 
     </span>
    </p>
   </div>
   <div class='ocr_carea' id='block_1_60' title="bbox 2209 3157 3797 3236">
    <p class='ocr_par' dir='ltr' id='par_1_60' title="bbox 2209 3157 3797 3236">
     <span class='ocr_line' id='line_1_60' title="bbox 2209 3157 3797 3236; baseline 0.007 -19"><span class='ocrx_word' id='word_1_468' title='bbox 2209 3157 2428 3217; x_wconf 85' lang='lat' dir='ltr'><strong>Osanna</strong></span> <span class='ocrx_word' id='word_1_469' title='bbox 2458 3161 2514 3216; x_wconf 86' lang='lat' dir='ltr'><strong>in</strong></span> <span class='ocrx_word' id='word_1_470' title='bbox 2540 3163 2782 3231; x_wconf 72' lang='lat' dir='ltr'><strong>excelsis,</strong></span> <span class='ocrx_word' id='word_1_471' title='bbox 2841 3164 2901 3219; x_wconf 88' lang='lat' dir='ltr'><strong>in</strong></span> <span class='ocrx_word' id='word_1_472' title='bbox 2930 3164 3047 3233; x_wconf 82' lang='lat' dir='ltr'><strong>ejus</strong></span> <span class='ocrx_word' id='word_1_473' title='bbox 3076 3165 3237 3223; x_wconf 83' lang='lat' dir='ltr'><strong>laude</strong></span> <span class='ocrx_word' id='word_1_474' title='bbox 3272 3168 3510 3236; x_wconf 88' lang='lat' dir='ltr'><strong>canitur,</strong></span> <span class='ocrx_word' id='word_1_475' title='bbox 3558 3171 3643 3226; x_wconf 90' lang='lat' dir='ltr'><strong>cui</strong></span> <span class='ocrx_word' id='word_1_476' title='bbox 3682 3178 3797 3229; x_wconf 90' lang='lat' dir='ltr'><strong>tota</strong></span> 
     </span>
    </p>
   </div>
   <div class='ocr_carea' id='block_1_61' title="bbox 2207 3249 3799 3330">
    <p class='ocr_par' dir='ltr' id='par_1_61' title="bbox 2207 3249 3799 3330">
     <span class='ocr_line' id='line_1_61' title="bbox 2207 3249 3799 3330; baseline 0.009 -25"><span class='ocrx_word' id='word_1_477' title='bbox 2207 3249 2604 3307; x_wconf 89' lang='lat' dir='ltr'><strong>incarnationis</strong></span> <span class='ocrx_word' id='word_1_478' title='bbox 2630 3251 2961 3323; x_wconf 86' lang='lat' dir='ltr'><strong>dispensatio</strong></span> <span class='ocrx_word' id='word_1_479' title='bbox 2981 3269 3082 3326; x_wconf 90' lang='lat' dir='ltr'><strong>pro</strong></span> <span class='ocrx_word' id='word_1_480' title='bbox 3104 3254 3377 3326; x_wconf 87' lang='lat' dir='ltr'><strong>implenda</strong></span> <span class='ocrx_word' id='word_1_481' title='bbox 3406 3257 3575 3329; x_wconf 86' lang='lat' dir='ltr'><strong>gloria</strong></span> <span class='ocrx_word' id='word_1_482' title='bbox 3603 3263 3799 3330; x_wconf 70' lang='lat' dir='ltr'><strong>patria</strong></span> 
     </span>
    </p>
   </div>
   <div class='ocr_carea' id='block_1_62' title="bbox 510 3312 3795 3421">
    <p class='ocr_par' dir='ltr' id='par_1_62' title="bbox 510 3312 3795 3421">
     <span class='ocr_line' id='line_1_62' title="bbox 510 3312 3795 3421; baseline 0.002 -16"><span class='ocrx_word' id='word_1_483' title='bbox 510 3349 733 3413; x_wconf 84' lang='lat' dir='ltr'><strong>mundo,</strong></span> <span class='ocrx_word' id='word_1_484' title='bbox 759 3349 902 3403; x_wconf 89' lang='lat' dir='ltr'><strong>sicut</strong></span> <span class='ocrx_word' id='word_1_485' title='bbox 934 3312 1003 3399; x_wconf 78' lang='lat' dir='ltr'><strong>ab</strong></span> <span class='ocrx_word' id='word_1_486' title='bbox 1029 3344 1240 3413; x_wconf 78' lang='lat' dir='ltr'><strong>angelis</strong></span> <span class='ocrx_word' id='word_1_487' title='bbox 1266 3343 1481 3398; x_wconf 89' lang='lat' dir='ltr'><strong>videtur</strong></span> <span class='ocrx_word' id='word_1_488' title='bbox 1508 3350 1564 3397; x_wconf 91' lang='lat' dir='ltr'><strong>et</strong></span> <span class='ocrx_word' id='word_1_489' title='bbox 1609 3342 1860 3396; x_wconf 86' lang='lat' dir='ltr'><strong>laudatur</strong></span> <span class='ocrx_word' id='word_1_490' title='bbox 1886 3340 1940 3393; x_wconf 89' lang='lat' dir='ltr'><strong>in</strong></span> <span class='ocrx_word' id='word_1_491' title='bbox 1990 3351 2104 3395; x_wconf 71' lang='lat' dir='ltr'><strong>cm-</strong></span> <span class='ocrx_word' id='word_1_492' title='bbox 2127 3312 2177 3377; x_wconf 63' lang='grc' dir='ltr'><strong>δ</strong></span> <span class='ocrx_word' id='word_1_493' title='bbox 2207 3342 2447 3400; x_wconf 71' lang='lat' dir='ltr'><strong>caelestis</strong></span> <span class='ocrx_word' id='word_1_494' title='bbox 2474 3312 2744 3416; x_wconf 67' lang='lat' dir='ltr'><strong>apparuit.</strong></span> <span class='ocrx_word' id='word_1_495' title='bbox 2778 3312 3070 3417; x_wconf 65' lang='lat' dir='ltr'><strong>[lucusque</strong></span> <span class='ocrx_word' id='word_1_496' title='bbox 3097 3312 3438 3418; x_wconf 55' lang='lat' dir='ltr'><strong>pnitl&#39;atio</strong></span> 
     </span>
    </p>
   </div>
   <div class='ocr_carea' id='block_1_63' title="bbox 508 3429 2104 3505">
    <p class='ocr_par' dir='ltr' id='par_1_63' title="bbox 508 3429 2104 3505">
     <span class='ocr_line' id='line_1_63' title="bbox 508 3429 2104 3505; baseline -0.008 -8"><span class='ocrx_word' id='word_1_497' title='bbox 508 3438 607 3505; x_wconf 88' lang='lat' dir='ltr'><strong>lo;</strong></span> <span class='ocrx_word' id='word_1_498' title='bbox 656 3440 773 3494; x_wconf 69' lang='lat' dir='ltr'><strong>haec</strong></span> <span class='ocrx_word' id='word_1_499' title='bbox 805 3438 952 3493; x_wconf 88' lang='lat' dir='ltr'><strong>enim</strong></span> <span class='ocrx_word' id='word_1_500' title='bbox 1003 3433 1278 3493; x_wconf 81' lang='lat' dir='ltr'><strong>confessio</strong></span> <span class='ocrx_word' id='word_1_501' title='bbox 1310 3448 1421 3489; x_wconf 92' lang='lat' dir='ltr'><strong>non</strong></span> <span class='ocrx_word' id='word_1_502' title='bbox 1457 3441 1543 3488; x_wconf 88' lang='lat' dir='ltr'><strong>est</strong></span> <span class='ocrx_word' id='word_1_503' title='bbox 1583 3432 1817 3503; x_wconf 82' lang='lat' dir='ltr'><strong>peccati,</strong></span> <span class='ocrx_word' id='word_1_504' title='bbox 1855 3429 1951 3486; x_wconf 87' lang='lat' dir='ltr'><strong>sed</strong></span> <span class='ocrx_word' id='word_1_505' title='bbox 1993 3430 2104 3484; x_wconf 87' lang='lat' dir='ltr'><strong>lau-</strong></span> 
     </span>
    </p>
   </div>
   <div class='ocr_carea' id='block_1_64' title="bbox 508 3523 2103 3600">
    <p class='ocr_par' dir='ltr' id='par_1_64' title="bbox 508 3523 2103 3600">
     <span class='ocr_line' id='line_1_64' title="bbox 508 3523 2103 3600; baseline -0.006 -12"><span class='ocrx_word' id='word_1_506' title='bbox 508 3532 597 3588; x_wconf 85' lang='lat' dir='ltr'><strong>dis</strong></span> <span class='ocrx_word' id='word_1_507' title='bbox 618 3538 674 3586; x_wconf 90' lang='lat' dir='ltr'><strong>et</strong></span> <span class='ocrx_word' id='word_1_508' title='bbox 700 3530 1001 3600; x_wconf 84' lang='lat' dir='ltr'><strong>gratiarum</strong></span> <span class='ocrx_word' id='word_1_509' title='bbox 1026 3528 1278 3584; x_wconf 88' lang='lat' dir='ltr'><strong>actionis.</strong></span> <span class='ocrx_word' id='word_1_510' title='bbox 1311 3526 1430 3583; x_wconf 90' lang='lat' dir='ltr'><strong>Una</strong></span> <span class='ocrx_word' id='word_1_511' title='bbox 1454 3527 1621 3598; x_wconf 90' lang='lat' dir='ltr'><strong>igitur</strong></span> <span class='ocrx_word' id='word_1_512' title='bbox 1645 3524 2008 3589; x_wconf 74' lang='lat' dir='ltr'><strong>confessione,</strong></span> <span class='ocrx_word' id='word_1_513' title='bbox 2048 3523 2103 3579; x_wconf 91' lang='lat' dir='ltr'><strong>id</strong></span> 
     </span>
    </p>
   </div>
   <div class='ocr_carea' id='block_1_65' title="bbox 508 3617 2103 3693">
    <p class='ocr_par' dir='ltr' id='par_1_65' title="bbox 508 3617 2103 3693">
     <span class='ocr_line' id='line_1_65' title="bbox 508 3617 2103 3693; baseline -0.006 -13"><span class='ocrx_word' id='word_1_514' title='bbox 508 3632 616 3690; x_wconf 88' lang='lat' dir='ltr'><strong>est,</strong></span> <span class='ocrx_word' id='word_1_515' title='bbox 648 3623 813 3679; x_wconf 89' lang='lat' dir='ltr'><strong>laude</strong></span> <span class='ocrx_word' id='word_1_516' title='bbox 859 3631 914 3676; x_wconf 92' lang='lat' dir='ltr'><strong>et</strong></span> <span class='ocrx_word' id='word_1_517' title='bbox 934 3620 1235 3693; x_wconf 86' lang='lat' dir='ltr'><strong>gratiarum</strong></span> <span class='ocrx_word' id='word_1_518' title='bbox 1264 3620 1481 3674; x_wconf 90' lang='lat' dir='ltr'><strong>actione</strong></span> <span class='ocrx_word' id='word_1_519' title='bbox 1503 3619 1616 3691; x_wconf 83' lang='lat' dir='ltr'><strong>jam</strong></span> <span class='ocrx_word' id='word_1_520' title='bbox 1664 3632 1811 3673; x_wconf 90' lang='lat' dir='ltr'><strong>nunc</strong></span> <span class='ocrx_word' id='word_1_521' title='bbox 1854 3617 2103 3672; x_wconf 87' lang='lat' dir='ltr'><strong>homines</strong></span> 
     </span>
    </p>
   </div>
   <div class='ocr_carea' id='block_1_66' title="bbox 509 3710 2107 3788">
    <p class='ocr_par' dir='ltr' id='par_1_66' title="bbox 509 3710 2107 3788">
     <span class='ocr_line' id='line_1_66' title="bbox 509 3710 2107 3788; baseline -0.004 -16"><span class='ocrx_word' id='word_1_522' title='bbox 509 3731 633 3772; x_wconf 88' lang='lat' dir='ltr'><strong>cum</strong></span> <span class='ocrx_word' id='word_1_523' title='bbox 659 3714 868 3788; x_wconf 83' lang='lat' dir='ltr'><strong>angelis</strong></span> <span class='ocrx_word' id='word_1_524' title='bbox 915 3714 1219 3779; x_wconf 89' lang='lat' dir='ltr'><strong>sociantur,</strong></span> <span class='ocrx_word' id='word_1_525' title='bbox 1266 3712 1552 3767; x_wconf 88' lang='lat' dir='ltr'><strong>laudantes</strong></span> <span class='ocrx_word' id='word_1_526' title='bbox 1598 3712 1666 3767; x_wconf 90' lang='lat' dir='ltr'><strong>de</strong></span> <span class='ocrx_word' id='word_1_527' title='bbox 1708 3710 2021 3767; x_wconf 61' lang='lat' dir='ltr'><strong>caelestibus</strong></span> <span class='ocrx_word' id='word_1_528' title='bbox 2049 3718 2107 3766; x_wconf 92' lang='lat' dir='ltr'><strong>et</strong></span> 
     </span>
    </p>
   </div>
   <div class='ocr_carea' id='block_1_67' title="bbox 511 3801 2104 3877">
    <p class='ocr_par' dir='ltr' id='par_1_67' title="bbox 511 3801 2104 3877">
     <span class='ocr_line' id='line_1_67' title="bbox 511 3801 2104 3877; baseline -0.005 -14"><span class='ocrx_word' id='word_1_529' title='bbox 511 3806 890 3870; x_wconf 87' lang='lat' dir='ltr'><strong>terrestribus,</strong></span> <span class='ocrx_word' id='word_1_530' title='bbox 936 3813 1196 3877; x_wconf 82' lang='lat' dir='ltr'><strong>tanquam</strong></span> <span class='ocrx_word' id='word_1_531' title='bbox 1224 3818 1371 3869; x_wconf 89' lang='lat' dir='ltr'><strong>eum,</strong></span> <span class='ocrx_word' id='word_1_532' title='bbox 1400 3802 1495 3874; x_wconf 88' lang='lat' dir='ltr'><strong>qui</strong></span> <span class='ocrx_word' id='word_1_533' title='bbox 1529 3801 1662 3859; x_wconf 79' lang='lat' dir='ltr'><strong>fecit</strong></span> <span class='ocrx_word' id='word_1_534' title='bbox 1681 3802 1883 3859; x_wconf 60' lang='lat' dir='ltr'><strong>coelum</strong></span> <span class='ocrx_word' id='word_1_535' title='bbox 1911 3810 1967 3857; x_wconf 90' lang='lat' dir='ltr'><strong>et</strong></span> <span class='ocrx_word' id='word_1_536' title='bbox 1994 3809 2104 3856; x_wconf 83' lang='lat' dir='ltr'><strong>ter-</strong></span> 
     </span>
    </p>
   </div>
   <div class='ocr_carea' id='block_1_68' title="bbox 510 3892 2106 3965">
    <p class='ocr_par' dir='ltr' id='par_1_68' title="bbox 510 3892 2106 3965">
     <span class='ocr_line' id='line_1_68' title="bbox 510 3892 2106 3965; baseline -0.006 -10"><span class='ocrx_word' id='word_1_537' title='bbox 510 3914 652 3965; x_wconf 88' lang='lat' dir='ltr'><strong>ram,</strong></span> <span class='ocrx_word' id='word_1_538' title='bbox 688 3906 745 3953; x_wconf 90' lang='lat' dir='ltr'><strong>et</strong></span> <span class='ocrx_word' id='word_1_539' title='bbox 766 3897 1010 3953; x_wconf 86' lang='lat' dir='ltr'><strong>dicentes</strong></span> <span class='ocrx_word' id='word_1_540' title='bbox 1039 3914 1052 3950; x_wconf 92' lang='lat'><strong>:</strong></span> <span class='ocrx_word' id='word_1_541' title='bbox 1081 3894 1335 3961; x_wconf 87' lang='lat' dir='ltr'><strong>Sanctus,</strong></span> <span class='ocrx_word' id='word_1_542' title='bbox 1373 3893 1623 3960; x_wconf 87' lang='lat' dir='ltr'><strong>Sanctus,</strong></span> <span class='ocrx_word' id='word_1_543' title='bbox 1663 3894 1896 3950; x_wconf 87' lang='lat' dir='ltr'><strong>Sanctus</strong></span> <span class='ocrx_word' id='word_1_544' title='bbox 1925 3892 2106 3947; x_wconf 86' lang='lat' dir='ltr'><strong>Domi-</strong></span> 
     </span>
    </p>
   </div>
   <div class='ocr_carea' id='block_1_69' title="bbox 510 3984 2102 4059">
    <p class='ocr_par' dir='ltr' id='par_1_69' title="bbox 510 3984 2102 4059">
     <span class='ocr_line' id='line_1_69' title="bbox 510 3984 2102 4059; baseline -0.006 -12"><span class='ocrx_word' id='word_1_545' title='bbox 510 4008 611 4049; x_wconf 83' lang='lat' dir='ltr'><strong>nus</strong></span> <span class='ocrx_word' id='word_1_546' title='bbox 636 3989 781 4045; x_wconf 86' lang='lat' dir='ltr'><strong>Deus</strong></span> <span class='ocrx_word' id='word_1_547' title='bbox 817 3986 1072 4053; x_wconf 77' lang='lat' dir='ltr'><strong>Sabaoth,</strong></span> <span class='ocrx_word' id='word_1_548' title='bbox 1102 3986 1247 4058; x_wconf 85' lang='lat' dir='ltr'><strong>pleni</strong></span> <span class='ocrx_word' id='word_1_549' title='bbox 1288 3997 1414 4041; x_wconf 85' lang='lat' dir='ltr'><strong>sunt</strong></span> <span class='ocrx_word' id='word_1_550' title='bbox 1450 3985 1608 4059; x_wconf 84' lang='lat' dir='ltr'><strong>(Isai.</strong></span> <span class='ocrx_word' id='word_1_551' title='bbox 1640 4000 1718 4051; x_wconf 75' lang='lat' dir='ltr'><strong>vr,</strong></span> <span class='ocrx_word' id='word_1_552' title='bbox 1747 3984 1826 4058; x_wconf 68' lang='grc' dir='ltr'><strong>ὅ),</strong></span> <span class='ocrx_word' id='word_1_553' title='bbox 1876 3992 1933 4039; x_wconf 92' lang='lat' dir='ltr'><strong>et</strong></span> <span class='ocrx_word' id='word_1_554' title='bbox 1971 3984 2102 4039; x_wconf 87' lang='lat' dir='ltr'><strong>reli-</strong></span> 
     </span>
    </p>
   </div>
   <div class='ocr_carea' id='block_1_70' title="bbox 507 4078 2100 4155">
    <p class='ocr_par' dir='ltr' id='par_1_70' title="bbox 507 4078 2100 4155">
     <span class='ocr_line' id='line_1_70' title="bbox 507 4078 2100 4155; baseline -0.003 -17"><span class='ocrx_word' id='word_1_555' title='bbox 507 4098 638 4155; x_wconf 89' lang='lat' dir='ltr'><strong>qua.</strong></span> <span class='ocrx_word' id='word_1_556' title='bbox 663 4082 785 4137; x_wconf 70' lang='lat' dir='ltr'><strong>ista:</strong></span> <span class='ocrx_word' id='word_1_557' title='bbox 819 4088 946 4136; x_wconf 91' lang='lat' dir='ltr'><strong>sunt</strong></span> <span class='ocrx_word' id='word_1_558' title='bbox 972 4094 1136 4134; x_wconf 84' lang='lat' dir='ltr'><strong>voces</strong></span> <span class='ocrx_word' id='word_1_559' title='bbox 1167 4078 1483 4151; x_wconf 90' lang='lat' dir='ltr'><strong>angelorum</strong></span> <span class='ocrx_word' id='word_1_560' title='bbox 1517 4079 1859 4134; x_wconf 88' lang='lat' dir='ltr'><strong>laudantium</strong></span> <span class='ocrx_word' id='word_1_561' title='bbox 1907 4078 1963 4132; x_wconf 91' lang='lat' dir='ltr'><strong>in</strong></span> <span class='ocrx_word' id='word_1_562' title='bbox 1985 4092 2100 4134; x_wconf 74' lang='lat' dir='ltr'><strong>cte-</strong></span> 
     </span>
    </p>
   </div>
   <div class='ocr_carea' id='block_1_71' title="bbox 506 4171 2102 4246">
    <p class='ocr_par' dir='ltr' id='par_1_71' title="bbox 506 4171 2102 4246">
     <span class='ocr_line' id='line_1_71' title="bbox 506 4171 2102 4246; baseline -0.003 -15"><span class='ocrx_word' id='word_1_563' title='bbox 506 4177 595 4232; x_wconf 88' lang='lat' dir='ltr'><strong>lis.</strong></span> <span class='ocrx_word' id='word_1_564' title='bbox 638 4173 793 4229; x_wconf 84' lang='lat' dir='ltr'><strong>Hunc</strong></span> <span class='ocrx_word' id='word_1_565' title='bbox 811 4175 1072 4246; x_wconf 84' lang='lat' dir='ltr'><strong>hymnum</strong></span> <span class='ocrx_word' id='word_1_566' title='bbox 1097 4171 1282 4243; x_wconf 67' lang='lat' dir='ltr'><strong>gloria:</strong></span> <span class='ocrx_word' id='word_1_567' title='bbox 1307 4171 1427 4239; x_wconf 88' lang='lat' dir='ltr'><strong>Dei,</strong></span> <span class='ocrx_word' id='word_1_568' title='bbox 1463 4180 1519 4228; x_wconf 89' lang='lat' dir='ltr'><strong>et</strong></span> <span class='ocrx_word' id='word_1_569' title='bbox 1570 4173 1739 4228; x_wconf 82' lang='lat' dir='ltr'><strong>lsaias</strong></span> <span class='ocrx_word' id='word_1_570' title='bbox 1788 4186 1849 4227; x_wconf 86' lang='lat' dir='ltr'><strong>se</strong></span> <span class='ocrx_word' id='word_1_571' title='bbox 1886 4171 2102 4227; x_wconf 87' lang='lat' dir='ltr'><strong>audisse</strong></span> 
     </span>
    </p>
   </div>
   <div class='ocr_carea' id='block_1_72' title="bbox 507 4260 2101 4335">
    <p class='ocr_par' dir='ltr' id='par_1_72' title="bbox 507 4260 2101 4335">
     <span class='ocr_line' id='line_1_72' title="bbox 507 4260 2101 4335; baseline -0.003 -14"><span class='ocrx_word' id='word_1_572' title='bbox 507 4274 763 4331; x_wconf 83' lang='lat' dir='ltr'><strong>testatur,</strong></span> <span class='ocrx_word' id='word_1_573' title='bbox 776 4272 831 4318; x_wconf 89' lang='lat' dir='ltr'><strong>et</strong></span> <span class='ocrx_word' id='word_1_574' title='bbox 850 4261 1088 4318; x_wconf 78' lang='lat' dir='ltr'><strong>Joannes</strong></span> <span class='ocrx_word' id='word_1_575' title='bbox 1117 4264 1174 4318; x_wconf 89' lang='lat' dir='ltr'><strong>in</strong></span> <span class='ocrx_word' id='word_1_576' title='bbox 1186 4262 1508 4335; x_wconf 81' lang='lat' dir='ltr'><strong>Apocalypsi</strong></span> <span class='ocrx_word' id='word_1_577' title='bbox 1531 4261 1715 4334; x_wconf 82' lang='lat' dir='ltr'><strong>(Apoc.</strong></span> <span class='ocrx_word' id='word_1_578' title='bbox 1745 4278 1820 4325; x_wconf 80' lang='lat' dir='ltr'><strong>IV,</strong></span> <span class='ocrx_word' id='word_1_579' title='bbox 1853 4260 1932 4333; x_wconf 86' lang='lat'><strong>8).</strong></span> <span class='ocrx_word' id='word_1_580' title='bbox 1957 4260 2101 4330; x_wconf 86' lang='lat' dir='ltr'><strong>Ergo</strong></span> 
     </span>
    </p>
   </div>
   <div class='ocr_carea' id='block_1_73' title="bbox 508 4352 2101 4425">
    <p class='ocr_par' dir='ltr' id='par_1_73' title="bbox 508 4352 2101 4425">
     <span class='ocr_line' id='line_1_73' title="bbox 508 4352 2101 4425; baseline -0.003 -13"><span class='ocrx_word' id='word_1_581' title='bbox 508 4371 618 4413; x_wconf 90' lang='lat' dir='ltr'><strong>non</strong></span> <span class='ocrx_word' id='word_1_582' title='bbox 646 4356 885 4412; x_wconf 83' lang='lat' dir='ltr'><strong>humano</strong></span> <span class='ocrx_word' id='word_1_583' title='bbox 914 4355 1140 4411; x_wconf 87' lang='lat' dir='ltr'><strong>arbitrio</strong></span> <span class='ocrx_word' id='word_1_584' title='bbox 1167 4395 1183 4423; x_wconf 93' lang='lat'><strong>,</strong></span> <span class='ocrx_word' id='word_1_585' title='bbox 1210 4357 1307 4411; x_wconf 88' lang='lat' dir='ltr'><strong>sed</strong></span> <span class='ocrx_word' id='word_1_586' title='bbox 1334 4357 1619 4425; x_wconf 90' lang='lat' dir='ltr'><strong>utriusque</strong></span> <span class='ocrx_word' id='word_1_587' title='bbox 1646 4352 1945 4424; x_wconf 77' lang='lat' dir='ltr'><strong>Scriptura:</strong></span> <span class='ocrx_word' id='word_1_588' title='bbox 1966 4369 2101 4409; x_wconf 84' lang='lat' dir='ltr'><strong>auc-</strong></span> 
     </span>
    </p>
   </div>
   <div class='ocr_carea' id='block_1_74' title="bbox 508 4444 2101 4522">
    <p class='ocr_par' dir='ltr' id='par_1_74' title="bbox 508 4444 2101 4522">
     <span class='ocr_line' id='line_1_74' title="bbox 508 4444 2101 4522; baseline -0.005 -15"><span class='ocrx_word' id='word_1_589' title='bbox 508 4451 735 4507; x_wconf 88' lang='lat' dir='ltr'><strong>toritate</strong></span> <span class='ocrx_word' id='word_1_590' title='bbox 780 4450 1091 4522; x_wconf 85' lang='lat' dir='ltr'><strong>conjuncta,</strong></span> <span class='ocrx_word' id='word_1_591' title='bbox 1124 4447 1361 4504; x_wconf 90' lang='lat' dir='ltr'><strong>dicimus</strong></span> <span class='ocrx_word' id='word_1_592' title='bbox 1413 4455 1499 4502; x_wconf 86' lang='lat' dir='ltr'><strong>ter</strong></span> <span class='ocrx_word' id='word_1_593' title='bbox 1525 4445 1777 4511; x_wconf 84' lang='lat' dir='ltr'><strong>Sanctus,</strong></span> <span class='ocrx_word' id='word_1_594' title='bbox 1831 4454 1888 4501; x_wconf 91' lang='lat' dir='ltr'><strong>et</strong></span> <span class='ocrx_word' id='word_1_595' title='bbox 1933 4444 2101 4501; x_wconf 88' lang='lat' dir='ltr'><strong>semel</strong></span> 
     </span>
    </p>
   </div>
   <div class='ocr_carea' id='block_1_75' title="bbox 508 4537 2100 4611">
    <p class='ocr_par' dir='ltr' id='par_1_75' title="bbox 508 4537 2100 4611">
     <span class='ocr_line' id='line_1_75' title="bbox 508 4537 2100 4611; baseline -0.006 -9"><span class='ocrx_word' id='word_1_596' title='bbox 508 4547 767 4601; x_wconf 84' lang='lat' dir='ltr'><strong>Dominus</strong></span> <span class='ocrx_word' id='word_1_597' title='bbox 796 4585 813 4610; x_wconf 93' lang='lat'><strong>,</strong></span> <span class='ocrx_word' id='word_1_598' title='bbox 846 4552 908 4598; x_wconf 91' lang='lat' dir='ltr'><strong>ut</strong></span> <span class='ocrx_word' id='word_1_599' title='bbox 943 4543 1295 4599; x_wconf 90' lang='lat' dir='ltr'><strong>ostendamus</strong></span> <span class='ocrx_word' id='word_1_600' title='bbox 1348 4542 1777 4611; x_wconf 84' lang='lat' dir='ltr'><strong>omnipotentem</strong></span> <span class='ocrx_word' id='word_1_601' title='bbox 1820 4537 2015 4603; x_wconf 90' lang='lat' dir='ltr'><strong>Deum,</strong></span> <span class='ocrx_word' id='word_1_602' title='bbox 2043 4545 2100 4593; x_wconf 90' lang='lat' dir='ltr'><strong>et</strong></span> 
     </span>
    </p>
   </div>
   <div class='ocr_carea' id='block_1_76' title="bbox 2206 3435 2985 3509">
    <p class='ocr_par' dir='ltr' id='par_1_76' title="bbox 2206 3435 2985 3509">
     <span class='ocr_line' id='line_1_76' title="bbox 2206 3435 2985 3509; baseline 0.003 -18"><span class='ocrx_word' id='word_1_603' title='bbox 2206 3435 2336 3492; x_wconf 85' lang='lat' dir='ltr'><strong>hinc</strong></span> <span class='ocrx_word' id='word_1_604' title='bbox 2369 3437 2596 3493; x_wconf 88' lang='lat' dir='ltr'><strong>obsecra</strong></span> <span class='ocrx_word' id='word_1_605' title='bbox 2604 3438 2681 3494; x_wconf 91' lang='lat' dir='ltr'><strong>tio</strong></span> <span class='ocrx_word' id='word_1_606' title='bbox 2717 3439 2985 3509; x_wconf 86' lang='lat' dir='ltr'><strong>sequitur.</strong></span> 
     </span>
    </p>
   </div>
   <div class='ocr_carea' id='block_1_77' title="bbox 2275 3526 3796 3606">
    <p class='ocr_par' dir='ltr' id='par_1_77' title="bbox 2275 3526 3796 3606">
     <span class='ocr_line' id='line_1_77' title="bbox 2275 3526 3796 3606; baseline 0.006 -23"><span class='ocrx_word' id='word_1_607' title='bbox 2275 3526 2407 3583; x_wconf 88' lang='lat' dir='ltr'><strong>Post</strong></span> <span class='ocrx_word' id='word_1_608' title='bbox 2435 3529 2537 3583; x_wconf 88' lang='lat' dir='ltr'><strong>has</strong></span> <span class='ocrx_word' id='word_1_609' title='bbox 2586 3528 2772 3584; x_wconf 86' lang='lat' dir='ltr'><strong>laudes</strong></span> <span class='ocrx_word' id='word_1_610' title='bbox 2797 3538 2855 3585; x_wconf 91' lang='lat' dir='ltr'><strong>et</strong></span> <span class='ocrx_word' id='word_1_611' title='bbox 2897 3529 3198 3601; x_wconf 88' lang='lat' dir='ltr'><strong>gratiarum</strong></span> <span class='ocrx_word' id='word_1_612' title='bbox 3222 3533 3471 3590; x_wconf 83' lang='lat' dir='ltr'><strong>actiones</strong></span> <span class='ocrx_word' id='word_1_613' title='bbox 3512 3548 3615 3606; x_wconf 90' lang='lat' dir='ltr'><strong>pro</strong></span> <span class='ocrx_word' id='word_1_614' title='bbox 3640 3543 3796 3592; x_wconf 89' lang='lat' dir='ltr'><strong>tanta</strong></span> 
     </span>
    </p>
   </div>
   <div class='ocr_carea' id='block_1_78' title="bbox 2204 3619 3799 3697">
    <p class='ocr_par' dir='ltr' id='par_1_78' title="bbox 2204 3619 3799 3697">
     <span class='ocr_line' id='line_1_78' title="bbox 2204 3619 3799 3697; baseline 0.005 -24"><span class='ocrx_word' id='word_1_615' title='bbox 2204 3619 2383 3690; x_wconf 86' lang='lat' dir='ltr'><strong>gratia</strong></span> <span class='ocrx_word' id='word_1_616' title='bbox 2408 3619 2801 3689; x_wconf 85' lang='lat' dir='ltr'><strong>redemptionis</strong></span> <span class='ocrx_word' id='word_1_617' title='bbox 2821 3629 3044 3688; x_wconf 66' lang='lat' dir='ltr'><strong>nostrae,</strong></span> <span class='ocrx_word' id='word_1_618' title='bbox 3082 3635 3206 3691; x_wconf 64' lang='lat' dir='ltr'><strong>qua</strong></span> <span class='ocrx_word' id='word_1_619' title='bbox 3251 3623 3305 3678; x_wconf 90' lang='lat' dir='ltr'><strong>in</strong></span> <span class='ocrx_word' id='word_1_620' title='bbox 3352 3623 3445 3679; x_wconf 90' lang='lat' dir='ltr'><strong>illo</strong></span> <span class='ocrx_word' id='word_1_621' title='bbox 3476 3624 3657 3681; x_wconf 84' lang='lat' dir='ltr'><strong>divino</strong></span> <span class='ocrx_word' id='word_1_622' title='bbox 3681 3642 3799 3697; x_wconf 86' lang='lat' dir='ltr'><strong>my-</strong></span> 
     </span>
    </p>
   </div>
   <div class='ocr_carea' id='block_1_79' title="bbox 2203 3710 3799 3782">
    <p class='ocr_par' dir='ltr' id='par_1_79' title="bbox 2203 3710 3799 3782">
     <span class='ocr_line' id='line_1_79' title="bbox 2203 3710 3799 3782; baseline 0.003 -15"><span class='ocrx_word' id='word_1_623' title='bbox 2203 3710 2374 3767; x_wconf 86' lang='lat' dir='ltr'><strong>sterio</strong></span> <span class='ocrx_word' id='word_1_624' title='bbox 2394 3710 2574 3782; x_wconf 89' lang='lat' dir='ltr'><strong>agitur</strong></span> <span class='ocrx_word' id='word_1_625' title='bbox 2596 3718 2651 3766; x_wconf 91' lang='lat' dir='ltr'><strong>et</strong></span> <span class='ocrx_word' id='word_1_626' title='bbox 2679 3712 3117 3778; x_wconf 87' lang='lat' dir='ltr'><strong>commendatur,</strong></span> <span class='ocrx_word' id='word_1_627' title='bbox 3164 3711 3309 3769; x_wconf 80' lang='lat' dir='ltr'><strong>tacto</strong></span> <span class='ocrx_word' id='word_1_628' title='bbox 3335 3714 3506 3770; x_wconf 90' lang='lat' dir='ltr'><strong>totius</strong></span> <span class='ocrx_word' id='word_1_629' title='bbox 3536 3714 3799 3772; x_wconf 73' lang='lat' dir='ltr'><strong>Ecclesia:</strong></span> 
     </span>
    </p>
   </div>
   <div class='ocr_carea' id='block_1_80' title="bbox 2204 3805 3795 3879">
    <p class='ocr_par' dir='ltr' id='par_1_80' title="bbox 2204 3805 3795 3879">
     <span class='ocr_line' id='line_1_80' title="bbox 2204 3805 3795 3879; baseline 0.002 -17"><span class='ocrx_word' id='word_1_630' title='bbox 2204 3805 2439 3868; x_wconf 88' lang='lat' dir='ltr'><strong>silentio,</strong></span> <span class='ocrx_word' id='word_1_631' title='bbox 2480 3805 2537 3859; x_wconf 92' lang='lat' dir='ltr'><strong>in</strong></span> <span class='ocrx_word' id='word_1_632' title='bbox 2580 3819 2689 3874; x_wconf 90' lang='lat' dir='ltr'><strong>quo</strong></span> <span class='ocrx_word' id='word_1_633' title='bbox 2736 3814 2988 3863; x_wconf 88' lang='lat' dir='ltr'><strong>cessante</strong></span> <span class='ocrx_word' id='word_1_634' title='bbox 3023 3806 3171 3862; x_wconf 89' lang='lat' dir='ltr'><strong>omni</strong></span> <span class='ocrx_word' id='word_1_635' title='bbox 3201 3807 3434 3879; x_wconf 83' lang='lat' dir='ltr'><strong>strepitu</strong></span> <span class='ocrx_word' id='word_1_636' title='bbox 3476 3809 3795 3875; x_wconf 88' lang='lat' dir='ltr'><strong>verborum,</strong></span> 
     </span>
    </p>
   </div>
   <div class='ocr_carea' id='block_1_81' title="bbox 2202 3896 3796 3969">
    <p class='ocr_par' dir='ltr' id='par_1_81' title="bbox 2202 3896 3796 3969">
     <span class='ocr_line' id='line_1_81' title="bbox 2202 3896 3796 3969; baseline 0.004 -18"><span class='ocrx_word' id='word_1_637' title='bbox 2202 3896 2315 3952; x_wconf 84' lang='lat' dir='ltr'><strong>sola</strong></span> <span class='ocrx_word' id='word_1_638' title='bbox 2347 3896 2415 3951; x_wconf 88' lang='lat' dir='ltr'><strong>ad</strong></span> <span class='ocrx_word' id='word_1_639' title='bbox 2447 3896 2616 3952; x_wconf 92' lang='lat' dir='ltr'><strong>Deum</strong></span> <span class='ocrx_word' id='word_1_640' title='bbox 2645 3898 2895 3969; x_wconf 84' lang='lat' dir='ltr'><strong>dirigitur</strong></span> <span class='ocrx_word' id='word_1_641' title='bbox 2918 3900 3167 3967; x_wconf 88' lang='lat' dir='ltr'><strong>intentio,</strong></span> <span class='ocrx_word' id='word_1_642' title='bbox 3195 3908 3251 3955; x_wconf 90' lang='lat' dir='ltr'><strong>et</strong></span> <span class='ocrx_word' id='word_1_643' title='bbox 3275 3898 3493 3957; x_wconf 88' lang='lat' dir='ltr'><strong>devotio</strong></span> <span class='ocrx_word' id='word_1_644' title='bbox 3515 3901 3796 3969; x_wconf 87' lang='lat' dir='ltr'><strong>cordium,</strong></span> 
     </span>
    </p>
   </div>
   <div class='ocr_carea' id='block_1_82' title="bbox 2202 3989 3799 4065">
    <p class='ocr_par' dir='ltr' id='par_1_82' title="bbox 2202 3989 3799 4065">
     <span class='ocr_line' id='line_1_82' title="bbox 2202 3989 3799 4065; baseline 0.003 -19"><span class='ocrx_word' id='word_1_645' title='bbox 2202 3990 2424 4046; x_wconf 88' lang='lat' dir='ltr'><strong>sociatis</strong></span> <span class='ocrx_word' id='word_1_646' title='bbox 2444 3989 2547 4045; x_wconf 85' lang='lat' dir='ltr'><strong>sibi</strong></span> <span class='ocrx_word' id='word_1_647' title='bbox 2569 3989 2812 4044; x_wconf 89' lang='lat' dir='ltr'><strong>omnium</strong></span> <span class='ocrx_word' id='word_1_648' title='bbox 2828 3990 2967 4046; x_wconf 88' lang='lat' dir='ltr'><strong>votis</strong></span> <span class='ocrx_word' id='word_1_649' title='bbox 2989 3998 3045 4046; x_wconf 90' lang='lat' dir='ltr'><strong>et</strong></span> <span class='ocrx_word' id='word_1_650' title='bbox 3063 3990 3372 4058; x_wconf 90' lang='lat' dir='ltr'><strong>desideriis,</strong></span> <span class='ocrx_word' id='word_1_651' title='bbox 3400 3992 3594 4065; x_wconf 90' lang='lat' dir='ltr'><strong>incipit</strong></span> <span class='ocrx_word' id='word_1_652' title='bbox 3613 4007 3799 4053; x_wconf 77' lang='lat' dir='ltr'><strong>sacer-</strong></span> 
     </span>
    </p>
   </div>
   <div class='ocr_carea' id='block_1_83' title="bbox 2209 4078 3797 4155">
    <p class='ocr_par' dir='ltr' id='par_1_83' title="bbox 2209 4078 3797 4155">
     <span class='ocr_line' id='line_1_83' title="bbox 2209 4078 3797 4155; baseline 0.003 -17"><span class='ocrx_word' id='word_1_653' title='bbox 2209 4081 2310 4138; x_wconf 88' lang='lat' dir='ltr'><strong>dos</strong></span> <span class='ocrx_word' id='word_1_654' title='bbox 2343 4080 2649 4137; x_wconf 88' lang='lat' dir='ltr'><strong>orationem</strong></span> <span class='ocrx_word' id='word_1_655' title='bbox 2682 4078 2928 4147; x_wconf 79' lang='lat' dir='ltr'><strong>fundere,</strong></span> <span class='ocrx_word' id='word_1_656' title='bbox 2982 4095 3088 4151; x_wconf 89' lang='lat' dir='ltr'><strong>qua</strong></span> <span class='ocrx_word' id='word_1_657' title='bbox 3136 4082 3315 4152; x_wconf 87' lang='lat' dir='ltr'><strong>ipsum</strong></span> <span class='ocrx_word' id='word_1_658' title='bbox 3339 4085 3661 4155; x_wconf 85' lang='lat' dir='ltr'><strong>mysterium</strong></span> <span class='ocrx_word' id='word_1_659' title='bbox 3686 4085 3797 4144; x_wconf 86' lang='lat' dir='ltr'><strong>Do-</strong></span> 
     </span>
    </p>
   </div>
   <div class='ocr_carea' id='block_1_84' title="bbox 2202 4173 3793 4245">
    <p class='ocr_par' dir='ltr' id='par_1_84' title="bbox 2202 4173 3793 4245">
     <span class='ocr_line' id='line_1_84' title="bbox 2202 4173 3793 4245; baseline 0.003 -16"><span class='ocrx_word' id='word_1_660' title='bbox 2202 4174 2390 4230; x_wconf 91' lang='lat' dir='ltr'><strong>minici</strong></span> <span class='ocrx_word' id='word_1_661' title='bbox 2419 4173 2667 4245; x_wconf 87' lang='lat' dir='ltr'><strong>corporis</strong></span> <span class='ocrx_word' id='word_1_662' title='bbox 2703 4182 2761 4229; x_wconf 90' lang='lat' dir='ltr'><strong>et</strong></span> <span class='ocrx_word' id='word_1_663' title='bbox 2780 4175 3063 4244; x_wconf 87' lang='lat' dir='ltr'><strong>sanguinis</strong></span> <span class='ocrx_word' id='word_1_664' title='bbox 3106 4186 3478 4232; x_wconf 88' lang='lat' dir='ltr'><strong>consecratur.</strong></span> <span class='ocrx_word' id='word_1_665' title='bbox 3510 4175 3603 4233; x_wconf 91' lang='lat' dir='ltr'><strong>Sic</strong></span> <span class='ocrx_word' id='word_1_666' title='bbox 3644 4179 3793 4235; x_wconf 87' lang='lat' dir='ltr'><strong>enim</strong></span> 
     </span>
    </p>
   </div>
   <div class='ocr_carea' id='block_1_85' title="bbox 2202 4264 3797 4336">
    <p class='ocr_par' dir='ltr' id='par_1_85' title="bbox 2202 4264 3797 4336">
     <span class='ocr_line' id='line_1_85' title="bbox 2202 4264 3797 4336; baseline 0.001 -15"><span class='ocrx_word' id='word_1_667' title='bbox 2202 4273 2417 4336; x_wconf 90' lang='lat' dir='ltr'><strong>oportet</strong></span> <span class='ocrx_word' id='word_1_668' title='bbox 2436 4273 2497 4319; x_wconf 91' lang='lat' dir='ltr'><strong>ut</strong></span> <span class='ocrx_word' id='word_1_669' title='bbox 2527 4266 2579 4319; x_wconf 92' lang='lat' dir='ltr'><strong>in</strong></span> <span class='ocrx_word' id='word_1_670' title='bbox 2613 4264 2701 4319; x_wconf 86' lang='lat' dir='ltr'><strong>illa</strong></span> <span class='ocrx_word' id='word_1_671' title='bbox 2734 4264 2871 4320; x_wconf 77' lang='lat' dir='ltr'><strong>liora</strong></span> <span class='ocrx_word' id='word_1_672' title='bbox 2901 4272 3011 4319; x_wconf 88' lang='lat' dir='ltr'><strong>tam</strong></span> <span class='ocrx_word' id='word_1_673' title='bbox 3042 4281 3215 4322; x_wconf 69' lang='lat' dir='ltr'><strong>sacra:</strong></span> <span class='ocrx_word' id='word_1_674' title='bbox 3244 4274 3300 4322; x_wconf 88' lang='lat' dir='ltr'><strong>et</strong></span> <span class='ocrx_word' id='word_1_675' title='bbox 3327 4268 3525 4324; x_wconf 73' lang='lat' dir='ltr'><strong>divina:</strong></span> <span class='ocrx_word' id='word_1_676' title='bbox 3558 4269 3797 4325; x_wconf 85' lang='lat' dir='ltr'><strong>actionis</strong></span> 
     </span>
    </p>
   </div>
   <div class='ocr_carea' id='block_1_86' title="bbox 2205 4357 3798 4431">
    <p class='ocr_par' dir='ltr' id='par_1_86' title="bbox 2205 4357 3798 4431">
     <span class='ocr_line' id='line_1_86' title="bbox 2205 4357 3798 4431; baseline 0.003 -18"><span class='ocrx_word' id='word_1_677' title='bbox 2205 4368 2318 4413; x_wconf 89' lang='lat' dir='ltr'><strong>tota</strong></span> <span class='ocrx_word' id='word_1_678' title='bbox 2344 4373 2442 4428; x_wconf 89' lang='lat' dir='ltr'><strong>per</strong></span> <span class='ocrx_word' id='word_1_679' title='bbox 2467 4357 2562 4413; x_wconf 92' lang='lat' dir='ltr'><strong>Dei</strong></span> <span class='ocrx_word' id='word_1_680' title='bbox 2589 4358 2819 4429; x_wconf 88' lang='lat' dir='ltr'><strong>gratiam</strong></span> <span class='ocrx_word' id='word_1_681' title='bbox 2856 4374 2887 4411; x_wconf 88' lang='lat' dir='ltr'><strong>a</strong></span> <span class='ocrx_word' id='word_1_682' title='bbox 2913 4358 3147 4414; x_wconf 85' lang='lat' dir='ltr'><strong>terrenis</strong></span> <span class='ocrx_word' id='word_1_683' title='bbox 3170 4360 3588 4431; x_wconf 86' lang='lat' dir='ltr'><strong>cogitationibus</strong></span> <span class='ocrx_word' id='word_1_684' title='bbox 3608 4371 3798 4418; x_wconf 86' lang='lat' dir='ltr'><strong>mente</strong></span> 
     </span>
    </p>
   </div>
   <div class='ocr_carea' id='block_1_87' title="bbox 2202 4448 3795 4519">
    <p class='ocr_par' dir='ltr' id='par_1_87' title="bbox 2202 4448 3795 4519">
     <span class='ocr_line' id='line_1_87' title="bbox 2202 4448 3795 4519; baseline 0.002 -15"><span class='ocrx_word' id='word_1_685' title='bbox 2202 4458 2453 4519; x_wconf 80' lang='lat' dir='ltr'><strong>separata</strong></span> <span class='ocrx_word' id='word_1_686' title='bbox 2480 4456 2538 4504; x_wconf 92' lang='lat' dir='ltr'><strong>et</strong></span> <span class='ocrx_word' id='word_1_687' title='bbox 2564 4448 2793 4505; x_wconf 88' lang='lat' dir='ltr'><strong>ecclesia</strong></span> <span class='ocrx_word' id='word_1_688' title='bbox 2822 4464 2947 4504; x_wconf 91' lang='lat' dir='ltr'><strong>cum</strong></span> <span class='ocrx_word' id='word_1_689' title='bbox 2975 4450 3276 4515; x_wconf 80' lang='lat' dir='ltr'><strong>sacerdote,</strong></span> <span class='ocrx_word' id='word_1_690' title='bbox 3302 4457 3359 4505; x_wconf 88' lang='lat' dir='ltr'><strong>et</strong></span> <span class='ocrx_word' id='word_1_691' title='bbox 3382 4452 3641 4507; x_wconf 84' lang='lat' dir='ltr'><strong>sacerdos</strong></span> <span class='ocrx_word' id='word_1_692' title='bbox 3663 4466 3795 4507; x_wconf 88' lang='lat' dir='ltr'><strong>cum</strong></span> 
     </span>
    </p>
   </div>
   <div class='ocr_carea' id='block_1_88' title="bbox 2203 4540 3797 4613">
    <p class='ocr_par' dir='ltr' id='par_1_88' title="bbox 2203 4540 3797 4613">
     <span class='ocr_line' id='line_1_88' title="bbox 2203 4540 3797 4613; baseline 0.001 -16"><span class='ocrx_word' id='word_1_693' title='bbox 2203 4540 2443 4598; x_wconf 88' lang='lat' dir='ltr'><strong>Ecclesia</strong></span> <span class='ocrx_word' id='word_1_694' title='bbox 2468 4541 2698 4613; x_wconf 89' lang='lat' dir='ltr'><strong>spiritali</strong></span> <span class='ocrx_word' id='word_1_695' title='bbox 2725 4540 2995 4597; x_wconf 88' lang='lat' dir='ltr'><strong>desiderio</strong></span> <span class='ocrx_word' id='word_1_696' title='bbox 3028 4542 3196 4598; x_wconf 89' lang='lat' dir='ltr'><strong>intret</strong></span> <span class='ocrx_word' id='word_1_697' title='bbox 3224 4543 3277 4597; x_wconf 91' lang='lat' dir='ltr'><strong>iu</strong></span> <span class='ocrx_word' id='word_1_698' title='bbox 3302 4544 3671 4599; x_wconf 85' lang='lat' dir='ltr'><strong>sanctuarium</strong></span> <span class='ocrx_word' id='word_1_699' title='bbox 3692 4543 3797 4599; x_wconf 85' lang='lat' dir='ltr'><strong>Dei</strong></span> 
     </span>
    </p>
   </div>
   <div class='ocr_carea' id='block_1_89' title="bbox 510 4630 3795 4725">
    <p class='ocr_par' dir='ltr' id='par_1_89' title="bbox 510 4630 3795 4725">
     <span class='ocr_line' id='line_1_89' title="bbox 510 4630 3795 4725; baseline -0 -35"><span class='ocrx_word' id='word_1_700' title='bbox 510 4635 810 4690; x_wconf 86' lang='lat' dir='ltr'><strong>trinitatem</strong></span> <span class='ocrx_word' id='word_1_701' title='bbox 838 4633 891 4688; x_wconf 93' lang='lat' dir='ltr'><strong>in</strong></span> <span class='ocrx_word' id='word_1_702' title='bbox 923 4633 1175 4702; x_wconf 85' lang='lat' dir='ltr'><strong>personis</strong></span> <span class='ocrx_word' id='word_1_703' title='bbox 1199 4631 1424 4697; x_wconf 89' lang='lat' dir='ltr'><strong>habere,</strong></span> <span class='ocrx_word' id='word_1_704' title='bbox 1471 4639 1532 4685; x_wconf 90' lang='lat' dir='ltr'><strong>et</strong></span> <span class='ocrx_word' id='word_1_705' title='bbox 1554 4631 1821 4686; x_wconf 81' lang='lat' dir='ltr'><strong>unitatem</strong></span> <span class='ocrx_word' id='word_1_706' title='bbox 1868 4630 1925 4685; x_wconf 91' lang='lat' dir='ltr'><strong>in</strong></span> <span class='ocrx_word' id='word_1_707' title='bbox 1970 4630 2100 4685; x_wconf 90' lang='lat' dir='ltr'><strong>sub-</strong></span> <span class='ocrx_word' id='word_1_708' title='bbox 2122 4664 2178 4725; x_wconf 79' lang='lat' dir='ltr'><strong><em>D</em></strong></span> <span class='ocrx_word' id='word_1_709' title='bbox 2202 4640 2463 4688; x_wconf 68' lang='lat' dir='ltr'><strong>aeternum</strong></span> <span class='ocrx_word' id='word_1_710' title='bbox 2481 4641 2537 4687; x_wconf 88' lang='lat' dir='ltr'><strong>et</strong></span> <span class='ocrx_word' id='word_1_711' title='bbox 2561 4646 2857 4701; x_wconf 88' lang='lat' dir='ltr'><strong>supernum</strong></span> <span class='ocrx_word' id='word_1_712' title='bbox 2882 4649 2895 4685; x_wconf 89' lang='lat'><strong>:</strong></span> <span class='ocrx_word' id='word_1_713' title='bbox 2922 4642 2979 4685; x_wconf 91' lang='lat' dir='ltr'><strong>et</strong></span> <span class='ocrx_word' id='word_1_714' title='bbox 3000 4632 3255 4702; x_wconf 90' lang='lat' dir='ltr'><strong>quoniam</strong></span> <span class='ocrx_word' id='word_1_715' title='bbox 3284 4633 3501 4702; x_wconf 83' lang='lat' dir='ltr'><strong>spiritus</strong></span> <span class='ocrx_word' id='word_1_716' title='bbox 3522 4642 3600 4688; x_wconf 88' lang='lat' dir='ltr'><strong>est</strong></span> <span class='ocrx_word' id='word_1_717' title='bbox 3620 4632 3795 4699; x_wconf 80' lang='lat' dir='ltr'><strong>Deus,</strong></span> 
     </span>
    </p>
   </div>
   <div class='ocr_carea' id='block_1_90' title="bbox 510 4719 2099 4793">
    <p class='ocr_par' dir='ltr' id='par_1_90' title="bbox 510 4719 2099 4793">
     <span class='ocr_line' id='line_1_90' title="bbox 510 4719 2099 4793; baseline -0.003 -12"><span class='ocrx_word' id='word_1_718' title='bbox 510 4727 733 4793; x_wconf 83' lang='lat' dir='ltr'><strong>stantia.</strong></span> <span class='ocrx_word' id='word_1_719' title='bbox 772 4722 1004 4780; x_wconf 81' lang='lat' dir='ltr'><strong>Sabaoth</strong></span> <span class='ocrx_word' id='word_1_720' title='bbox 1052 4730 1235 4777; x_wconf 88' lang='lat' dir='ltr'><strong>autem</strong></span> <span class='ocrx_word' id='word_1_721' title='bbox 1288 4724 1458 4777; x_wconf 87' lang='lat' dir='ltr'><strong>unum</strong></span> <span class='ocrx_word' id='word_1_722' title='bbox 1506 4730 1681 4775; x_wconf 76' lang='lat' dir='ltr'><strong>estex</strong></span> <span class='ocrx_word' id='word_1_723' title='bbox 1706 4719 1895 4775; x_wconf 88' lang='lat' dir='ltr'><strong>decem</strong></span> <span class='ocrx_word' id='word_1_724' title='bbox 1924 4723 2099 4777; x_wconf 85' lang='lat' dir='ltr'><strong>nomi—</strong></span> 
     </span>
    </p>
   </div>
   <div class='ocr_carea' id='block_1_91' title="bbox 510 4812 2102 4884">
    <p class='ocr_par' dir='ltr' id='par_1_91' title="bbox 510 4812 2102 4884">
     <span class='ocr_line' id='line_1_91' title="bbox 510 4812 2102 4884; baseline -0.003 -11"><span class='ocrx_word' id='word_1_725' title='bbox 510 4817 670 4873; x_wconf 87' lang='lat' dir='ltr'><strong>nibus</strong></span> <span class='ocrx_word' id='word_1_726' title='bbox 717 4814 815 4870; x_wconf 90' lang='lat' dir='ltr'><strong>Dei</strong></span> <span class='ocrx_word' id='word_1_727' title='bbox 849 4814 991 4884; x_wconf 90' lang='lat' dir='ltr'><strong>apud</strong></span> <span class='ocrx_word' id='word_1_728' title='bbox 1038 4812 1316 4876; x_wconf 70' lang='lat' dir='ltr'><strong>Hebraeos,</strong></span> <span class='ocrx_word' id='word_1_729' title='bbox 1370 4820 1425 4867; x_wconf 89' lang='lat' dir='ltr'><strong>et</strong></span> <span class='ocrx_word' id='word_1_730' title='bbox 1474 4812 1888 4882; x_wconf 87' lang='lat' dir='ltr'><strong>interpretatur,</strong></span> <span class='ocrx_word' id='word_1_731' title='bbox 1950 4826 2102 4868; x_wconf 79' lang='lat' dir='ltr'><strong>exer-</strong></span> 
     </span>
    </p>
   </div>
   <div class='ocr_carea' id='block_1_92' title="bbox 2202 4722 3797 4795">
    <p class='ocr_par' dir='ltr' id='par_1_92' title="bbox 2202 4722 3797 4795">
     <span class='ocr_line' id='line_1_92' title="bbox 2202 4722 3797 4795; baseline 0.002 -18"><span class='ocrx_word' id='word_1_732' title='bbox 2202 4732 2252 4777; x_wconf 85' lang='lat' dir='ltr'><strong>et</strong></span> <span class='ocrx_word' id='word_1_733' title='bbox 2280 4741 2367 4779; x_wconf 77' lang='lat' dir='ltr'><strong>eos</strong></span> <span class='ocrx_word' id='word_1_734' title='bbox 2395 4724 2485 4794; x_wconf 85' lang='lat' dir='ltr'><strong>qui</strong></span> <span class='ocrx_word' id='word_1_735' title='bbox 2519 4722 2745 4777; x_wconf 82' lang='lat' dir='ltr'><strong>adorant</strong></span> <span class='ocrx_word' id='word_1_736' title='bbox 2772 4738 2909 4787; x_wconf 81' lang='lat' dir='ltr'><strong>eum,</strong></span> <span class='ocrx_word' id='word_1_737' title='bbox 2962 4722 3016 4777; x_wconf 87' lang='lat' dir='ltr'><strong>in</strong></span> <span class='ocrx_word' id='word_1_738' title='bbox 3039 4722 3227 4794; x_wconf 81' lang='lat' dir='ltr'><strong>spiritu</strong></span> <span class='ocrx_word' id='word_1_739' title='bbox 3260 4732 3308 4778; x_wconf 85' lang='lat' dir='ltr'><strong>et</strong></span> <span class='ocrx_word' id='word_1_740' title='bbox 3333 4725 3552 4779; x_wconf 80' lang='lat' dir='ltr'><strong>veritate</strong></span> <span class='ocrx_word' id='word_1_741' title='bbox 3585 4735 3797 4795; x_wconf 83' lang='lat' dir='ltr'><strong>oportet</strong></span> 
     </span>
    </p>
   </div>
   <div class='ocr_carea' id='block_1_93' title="bbox 2204 4813 3799 4885">
    <p class='ocr_par' dir='ltr' id='par_1_93' title="bbox 2204 4813 3799 4885">
     <span class='ocr_line' id='line_1_93' title="bbox 2204 4813 3799 4885; baseline 0.003 -17"><span class='ocrx_word' id='word_1_742' title='bbox 2204 4815 2430 4869; x_wconf 85' lang='lat' dir='ltr'><strong>adorare</strong></span> <span class='ocrx_word' id='word_1_743' title='bbox 2460 4814 2641 4885; x_wconf 82' lang='lat' dir='ltr'><strong>(Joan.</strong></span> <span class='ocrx_word' id='word_1_744' title='bbox 2670 4813 2874 4885; x_wconf 67' lang='lat' dir='ltr'><strong>1v,24),</strong></span> <span class='ocrx_word' id='word_1_745' title='bbox 2901 4814 2981 4869; x_wconf 89' lang='lat' dir='ltr'><strong>sic</strong></span> <span class='ocrx_word' id='word_1_746' title='bbox 3003 4814 3254 4869; x_wconf 86' lang='lat' dir='ltr'><strong>eumdem</strong></span> <span class='ocrx_word' id='word_1_747' title='bbox 3282 4814 3687 4870; x_wconf 86' lang='lat' dir='ltr'><strong>PatremDeum</strong></span> <span class='ocrx_word' id='word_1_748' title='bbox 3702 4817 3799 4872; x_wconf 83' lang='lat' dir='ltr'><strong>de-</strong></span> 
     </span>
    </p>
   </div>
   <div class='ocr_carea' id='block_1_94' title="bbox 511 4902 3791 4976">
    <p class='ocr_par' dir='ltr' id='par_1_94' title="bbox 511 4902 3791 4976">
     <span class='ocr_line' id='line_1_94' title="bbox 511 4902 3791 4976; baseline -0.001 -13"><span class='ocrx_word' id='word_1_749' title='bbox 511 4914 752 4975; x_wconf 80' lang='lat' dir='ltr'><strong>cituum,</strong></span> <span class='ocrx_word' id='word_1_750' title='bbox 803 4909 919 4964; x_wconf 78' lang='lat' dir='ltr'><strong>sive</strong></span> <span class='ocrx_word' id='word_1_751' title='bbox 974 4908 1239 4961; x_wconf 87' lang='lat' dir='ltr'><strong>virtutum</strong></span> <span class='ocrx_word' id='word_1_752' title='bbox 1269 4947 1284 4972; x_wconf 87' lang='lat'><strong>,</strong></span> <span class='ocrx_word' id='word_1_753' title='bbox 1325 4904 1409 4958; x_wconf 90' lang='lat' dir='ltr'><strong>vel</strong></span> <span class='ocrx_word' id='word_1_754' title='bbox 1454 4903 1791 4959; x_wconf 89' lang='lat' dir='ltr'><strong>militiarum.</strong></span> <span class='ocrx_word' id='word_1_755' title='bbox 1840 4904 2105 4962; x_wconf 87' lang='lat' dir='ltr'><strong>Dominus</strong></span> <span class='ocrx_word' id='word_1_756' title='bbox 2203 4914 2499 4976; x_wconf 90' lang='lat' dir='ltr'><strong>precetur:</strong></span> <span class='ocrx_word' id='word_1_757' title='bbox 2536 4904 2607 4959; x_wconf 84' lang='lat' dir='ltr'><strong>Te</strong></span> <span class='ocrx_word' id='word_1_758' title='bbox 2629 4906 2810 4975; x_wconf 80' lang='lat' dir='ltr'><strong>igitur,</strong></span> <span class='ocrx_word' id='word_1_759' title='bbox 2836 4903 3235 4959; x_wconf 82' lang='lat' dir='ltr'><strong>clementissime</strong></span> <span class='ocrx_word' id='word_1_760' title='bbox 3264 4902 3453 4971; x_wconf 87' lang='lat' dir='ltr'><strong>Pater,</strong></span> <span class='ocrx_word' id='word_1_761' title='bbox 3481 4912 3538 4958; x_wconf 90' lang='lat' dir='ltr'><strong>et</strong></span> <span class='ocrx_word' id='word_1_762' title='bbox 3556 4904 3791 4975; x_wconf 86' lang='lat' dir='ltr'><strong>reliqua.</strong></span> 
     </span>
    </p>
   </div>
   <div class='ocr_carea' id='block_1_95' title="bbox 511 4992 3794 5066">
    <p class='ocr_par' dir='ltr' id='par_1_95' title="bbox 511 4992 3794 5066">
     <span class='ocr_line' id='line_1_95' title="bbox 511 4992 3794 5066; baseline -0.002 -10"><span class='ocrx_word' id='word_1_763' title='bbox 511 5011 693 5057; x_wconf 86' lang='lat' dir='ltr'><strong>autem</strong></span> <span class='ocrx_word' id='word_1_764' title='bbox 719 4999 983 5063; x_wconf 86' lang='lat' dir='ltr'><strong>Sabaoth,</strong></span> <span class='ocrx_word' id='word_1_765' title='bbox 1034 4996 1295 5052; x_wconf 87' lang='lat' dir='ltr'><strong>Dominus</strong></span> <span class='ocrx_word' id='word_1_766' title='bbox 1336 4995 1679 5066; x_wconf 88' lang='lat' dir='ltr'><strong>omnipotens</strong></span> <span class='ocrx_word' id='word_1_767' title='bbox 1719 4994 1938 5059; x_wconf 90' lang='lat' dir='ltr'><strong>dicitur,</strong></span> <span class='ocrx_word' id='word_1_768' title='bbox 1971 4995 2098 5065; x_wconf 88' lang='lat' dir='ltr'><strong>quia</strong></span> <span class='ocrx_word' id='word_1_769' title='bbox 2203 4996 2439 5061; x_wconf 83' lang='lat' dir='ltr'><strong>idcirco,</strong></span> <span class='ocrx_word' id='word_1_770' title='bbox 2476 5005 2538 5051; x_wconf 90' lang='lat' dir='ltr'><strong>ut</strong></span> <span class='ocrx_word' id='word_1_771' title='bbox 2565 4994 2765 5060; x_wconf 85' lang='lat' dir='ltr'><strong>ferunt,</strong></span> <span class='ocrx_word' id='word_1_772' title='bbox 2794 4994 3127 5049; x_wconf 88' lang='lat' dir='ltr'><strong>consuetudo</strong></span> <span class='ocrx_word' id='word_1_773' title='bbox 3166 4995 3315 5047; x_wconf 87' lang='lat' dir='ltr'><strong>venit</strong></span> <span class='ocrx_word' id='word_1_774' title='bbox 3343 4992 3397 5048; x_wconf 91' lang='lat' dir='ltr'><strong>in</strong></span> <span class='ocrx_word' id='word_1_775' title='bbox 3434 4994 3701 5061; x_wconf 79' lang='lat' dir='ltr'><strong>Ecclesia,</strong></span> <span class='ocrx_word' id='word_1_776' title='bbox 3730 5005 3794 5050; x_wconf 68' lang='grc' dir='ltr'><strong>ιιι</strong></span> 
     </span>
    </p>
   </div>
   <div class='ocr_carea' id='block_1_96' title="bbox 508 5085 3807 5158">
    <p class='ocr_par' dir='ltr' id='par_1_96' title="bbox 508 5085 3807 5158">
     <span class='ocr_line' id='line_1_96' title="bbox 508 5085 3807 5158; baseline -0.003 -7"><span class='ocrx_word' id='word_1_777' title='bbox 508 5095 687 5151; x_wconf 90' lang='lat' dir='ltr'><strong>omnis</strong></span> <span class='ocrx_word' id='word_1_778' title='bbox 714 5092 990 5148; x_wconf 80' lang='lat' dir='ltr'><strong>exercitus</strong></span> <span class='ocrx_word' id='word_1_779' title='bbox 1040 5098 1096 5145; x_wconf 93' lang='lat' dir='ltr'><strong>et</strong></span> <span class='ocrx_word' id='word_1_780' title='bbox 1138 5088 1345 5144; x_wconf 65' lang='lat' dir='ltr'><strong>militiae</strong></span> <span class='ocrx_word' id='word_1_781' title='bbox 1396 5089 1735 5158; x_wconf 88' lang='lat' dir='ltr'><strong>virtutesque</strong></span> <span class='ocrx_word' id='word_1_782' title='bbox 1783 5088 2098 5158; x_wconf 83' lang='lat' dir='ltr'><strong>angelorum</strong></span> <span class='ocrx_word' id='word_1_783' title='bbox 2202 5092 2367 5145; x_wconf 88' lang='lat' dir='ltr'><strong>tacite</strong></span> <span class='ocrx_word' id='word_1_784' title='bbox 2393 5090 2497 5144; x_wconf 85' lang='lat' dir='ltr'><strong>ista</strong></span> <span class='ocrx_word' id='word_1_785' title='bbox 2525 5087 2834 5144; x_wconf 89' lang='lat' dir='ltr'><strong>obsecratio</strong></span> <span class='ocrx_word' id='word_1_786' title='bbox 2869 5094 3031 5156; x_wconf 85' lang='lat' dir='ltr'><strong>atque</strong></span> <span class='ocrx_word' id='word_1_787' title='bbox 3077 5085 3415 5142; x_wconf 89' lang='lat' dir='ltr'><strong>consecratio</strong></span> <span class='ocrx_word' id='word_1_788' title='bbox 3449 5100 3479 5139; x_wconf 87' lang='lat' dir='ltr'><strong>a</strong></span> <span class='ocrx_word' id='word_1_789' title='bbox 3506 5086 3807 5142; x_wconf 70' lang='lat' dir='ltr'><strong>sacerdote</strong></span> 
     </span>
    </p>
   </div>
   <div class='ocr_carea' id='block_1_97' title="bbox 513 5177 3798 5253">
    <p class='ocr_par' dir='ltr' id='par_1_97' title="bbox 513 5177 3798 5253">
     <span class='ocr_line' id='line_1_97' title="bbox 513 5177 3798 5253; baseline -0.002 -12"><span class='ocrx_word' id='word_1_790' title='bbox 513 5187 589 5241; x_wconf 88' lang='lat' dir='ltr'><strong>illi</strong></span> <span class='ocrx_word' id='word_1_791' title='bbox 647 5186 912 5241; x_wconf 85' lang='lat' dir='ltr'><strong>serviunt.</strong></span> <span class='ocrx_word' id='word_1_792' title='bbox 970 5182 1261 5253; x_wconf 84' lang='lat' dir='ltr'><strong>Angelicos</strong></span> <span class='ocrx_word' id='word_1_793' title='bbox 1307 5190 1492 5236; x_wconf 90' lang='lat' dir='ltr'><strong>autem</strong></span> <span class='ocrx_word' id='word_1_794' title='bbox 1544 5182 1799 5252; x_wconf 88' lang='lat' dir='ltr'><strong>spiritus,</strong></span> <span class='ocrx_word' id='word_1_795' title='bbox 1825 5191 1974 5238; x_wconf 87' lang='lat' dir='ltr'><strong>recte</strong></span> <span class='ocrx_word' id='word_1_796' title='bbox 1998 5182 2099 5236; x_wconf 83' lang='lat' dir='ltr'><strong>mi—</strong></span> <span class='ocrx_word' id='word_1_797' title='bbox 2201 5188 2472 5244; x_wconf 85' lang='lat' dir='ltr'><strong>cantetur,</strong></span> <span class='ocrx_word' id='word_1_798' title='bbox 2496 5194 2564 5234; x_wconf 91' lang='lat' dir='ltr'><strong>ne</strong></span> <span class='ocrx_word' id='word_1_799' title='bbox 2591 5180 2759 5234; x_wconf 88' lang='lat' dir='ltr'><strong>verba</strong></span> <span class='ocrx_word' id='word_1_800' title='bbox 2788 5187 2899 5233; x_wconf 90' lang='lat' dir='ltr'><strong>tam</strong></span> <span class='ocrx_word' id='word_1_801' title='bbox 2935 5192 3115 5243; x_wconf 89' lang='lat' dir='ltr'><strong>sacra,</strong></span> <span class='ocrx_word' id='word_1_802' title='bbox 3145 5185 3203 5232; x_wconf 90' lang='lat' dir='ltr'><strong>et</strong></span> <span class='ocrx_word' id='word_1_803' title='bbox 3247 5177 3315 5230; x_wconf 89' lang='lat' dir='ltr'><strong>ad</strong></span> <span class='ocrx_word' id='word_1_804' title='bbox 3336 5184 3547 5231; x_wconf 84' lang='lat' dir='ltr'><strong>tantum</strong></span> <span class='ocrx_word' id='word_1_805' title='bbox 3591 5186 3798 5248; x_wconf 78' lang='lat' dir='ltr'><strong>myste-</strong></span> 
     </span>
    </p>
   </div>
   <div class='ocr_carea' id='block_1_98' title="bbox 511 5267 3795 5347">
    <p class='ocr_par' dir='ltr' id='par_1_98' title="bbox 511 5267 3795 5347">
     <span class='ocr_line' id='line_1_98' title="bbox 511 5267 3795 5347; baseline -0.003 -13"><span class='ocrx_word' id='word_1_806' title='bbox 511 5281 686 5334; x_wconf 88' lang='lat' dir='ltr'><strong>litiam</strong></span> <span class='ocrx_word' id='word_1_807' title='bbox 711 5277 964 5342; x_wconf 89' lang='lat' dir='ltr'><strong>dicimus,</strong></span> <span class='ocrx_word' id='word_1_808' title='bbox 997 5276 1123 5347; x_wconf 88' lang='lat' dir='ltr'><strong>quia</strong></span> <span class='ocrx_word' id='word_1_809' title='bbox 1148 5272 1430 5330; x_wconf 85' lang='lat' dir='ltr'><strong>decertare</strong></span> <span class='ocrx_word' id='word_1_810' title='bbox 1450 5289 1547 5329; x_wconf 90' lang='lat' dir='ltr'><strong>eos</strong></span> <span class='ocrx_word' id='word_1_811' title='bbox 1576 5282 1765 5329; x_wconf 88' lang='lat' dir='ltr'><strong>contra</strong></span> <span class='ocrx_word' id='word_1_812' title='bbox 1786 5289 1977 5329; x_wconf 87' lang='lat' dir='ltr'><strong>aereas</strong></span> <span class='ocrx_word' id='word_1_813' title='bbox 2003 5290 2101 5345; x_wconf 90' lang='lat' dir='ltr'><strong>po-</strong></span> <span class='ocrx_word' id='word_1_814' title='bbox 2199 5271 2342 5325; x_wconf 90' lang='lat' dir='ltr'><strong>rium</strong></span> <span class='ocrx_word' id='word_1_815' title='bbox 2386 5270 2734 5339; x_wconf 73' lang='lat' dir='ltr'><strong>pertinentia,</strong></span> <span class='ocrx_word' id='word_1_816' title='bbox 2758 5269 3105 5333; x_wconf 87' lang='lat' dir='ltr'><strong>vilescerent,</strong></span> <span class='ocrx_word' id='word_1_817' title='bbox 3140 5267 3267 5323; x_wconf 90' lang='lat' dir='ltr'><strong>dum</strong></span> <span class='ocrx_word' id='word_1_818' title='bbox 3298 5282 3437 5337; x_wconf 89' lang='lat' dir='ltr'><strong>pene</strong></span> <span class='ocrx_word' id='word_1_819' title='bbox 3463 5281 3653 5322; x_wconf 87' lang='lat' dir='ltr'><strong>omnes</strong></span> <span class='ocrx_word' id='word_1_820' title='bbox 3690 5283 3795 5338; x_wconf 85' lang='lat' dir='ltr'><strong>per</strong></span> 
     </span>
    </p>
   </div>
   <div class='ocr_carea' id='block_1_99' title="bbox 510 5356 3795 5440">
    <p class='ocr_par' dir='ltr' id='par_1_99' title="bbox 510 5356 3795 5440">
     <span class='ocr_line' id='line_1_99' title="bbox 510 5356 3795 5440; baseline -0.004 -14"><span class='ocrx_word' id='word_1_821' title='bbox 510 5381 737 5427; x_wconf 81' lang='lat' dir='ltr'><strong>tcstates</strong></span> <span class='ocrx_word' id='word_1_822' title='bbox 765 5387 872 5426; x_wconf 89' lang='lat' dir='ltr'><strong>non</strong></span> <span class='ocrx_word' id='word_1_823' title='bbox 900 5370 1233 5440; x_wconf 84' lang='lat' dir='ltr'><strong>ignoramus.</strong></span> <span class='ocrx_word' id='word_1_824' title='bbox 1272 5366 1404 5435; x_wconf 67' lang='lat' dir='ltr'><strong>Quae</strong></span> <span class='ocrx_word' id='word_1_825' title='bbox 1448 5376 1629 5421; x_wconf 90' lang='lat' dir='ltr'><strong>tamen</strong></span> <span class='ocrx_word' id='word_1_826' title='bbox 1663 5369 1962 5422; x_wconf 82' lang='lat' dir='ltr'><strong>certamina</strong></span> <span class='ocrx_word' id='word_1_827' title='bbox 1990 5383 2098 5421; x_wconf 87' lang='lat' dir='ltr'><strong>non</strong></span> <span class='ocrx_word' id='word_1_828' title='bbox 2200 5376 2359 5415; x_wconf 89' lang='lat' dir='ltr'><strong>usum</strong></span> <span class='ocrx_word' id='word_1_829' title='bbox 2381 5375 2444 5414; x_wconf 90' lang='lat' dir='ltr'><strong>ea</strong></span> <span class='ocrx_word' id='word_1_830' title='bbox 2488 5360 2786 5415; x_wconf 87' lang='lat' dir='ltr'><strong>retinentes</strong></span> <span class='ocrx_word' id='word_1_831' title='bbox 2812 5398 2828 5425; x_wconf 92' lang='lat'><strong>,</strong></span> <span class='ocrx_word' id='word_1_832' title='bbox 2862 5373 2963 5429; x_wconf 91' lang='lat' dir='ltr'><strong>per</strong></span> <span class='ocrx_word' id='word_1_833' title='bbox 2987 5358 3138 5412; x_wconf 83' lang='lat' dir='ltr'><strong>vicos</strong></span> <span class='ocrx_word' id='word_1_834' title='bbox 3160 5365 3216 5412; x_wconf 91' lang='lat' dir='ltr'><strong>et</strong></span> <span class='ocrx_word' id='word_1_835' title='bbox 3245 5356 3455 5426; x_wconf 88' lang='lat' dir='ltr'><strong>plateas</strong></span> <span class='ocrx_word' id='word_1_836' title='bbox 3480 5356 3710 5427; x_wconf 89' lang='lat' dir='ltr'><strong>aliisque</strong></span> <span class='ocrx_word' id='word_1_837' title='bbox 3729 5359 3795 5412; x_wconf 83' lang='lat' dir='ltr'><strong>in</strong></span> 
     </span>
    </p>
   </div>
   <div class='ocr_carea' id='block_1_100' title="bbox 515 5446 3795 5530">
    <p class='ocr_par' dir='ltr' id='par_1_100' title="bbox 515 5446 3795 5530">
     <span class='ocr_line' id='line_1_100' title="bbox 515 5446 3795 5530; baseline -0.004 -15"><span class='ocrx_word' id='word_1_838' title='bbox 515 5464 724 5527; x_wconf 86' lang='lat' dir='ltr'><strong>labore,</strong></span> <span class='ocrx_word' id='word_1_839' title='bbox 779 5462 876 5517; x_wconf 91' lang='lat' dir='ltr'><strong>sed</strong></span> <span class='ocrx_word' id='word_1_840' title='bbox 934 5460 1165 5528; x_wconf 89' lang='lat' dir='ltr'><strong>imperio</strong></span> <span class='ocrx_word' id='word_1_841' title='bbox 1196 5465 1465 5530; x_wconf 88' lang='lat' dir='ltr'><strong>peragunt</strong></span> <span class='ocrx_word' id='word_1_842' title='bbox 1490 5499 1506 5523; x_wconf 89' lang='lat'><strong>,</strong></span> <span class='ocrx_word' id='word_1_843' title='bbox 1568 5458 1698 5527; x_wconf 90' lang='lat' dir='ltr'><strong>quia</strong></span> <span class='ocrx_word' id='word_1_844' title='bbox 1752 5458 1898 5527; x_wconf 89' lang='lat' dir='ltr'><strong>quod</strong></span> <span class='ocrx_word' id='word_1_845' title='bbox 1930 5473 2096 5529; x_wconf 88' lang='lat' dir='ltr'><strong>agen-</strong></span> <span class='ocrx_word' id='word_1_846' title='bbox 2198 5453 2366 5518; x_wconf 90' lang='lat' dir='ltr'><strong>locis,</strong></span> <span class='ocrx_word' id='word_1_847' title='bbox 2391 5453 2483 5507; x_wconf 89' lang='lat' dir='ltr'><strong>ubi</strong></span> <span class='ocrx_word' id='word_1_848' title='bbox 2514 5466 2620 5506; x_wconf 87' lang='lat' dir='ltr'><strong>non</strong></span> <span class='ocrx_word' id='word_1_849' title='bbox 2645 5451 2967 5505; x_wconf 89' lang='lat' dir='ltr'><strong>conveniret</strong></span> <span class='ocrx_word' id='word_1_850' title='bbox 2994 5490 3006 5513; x_wconf 88' lang='lat'><strong>,</strong></span> <span class='ocrx_word' id='word_1_851' title='bbox 3036 5464 3101 5503; x_wconf 90' lang='lat' dir='ltr'><strong>ea</strong></span> <span class='ocrx_word' id='word_1_852' title='bbox 3124 5448 3498 5503; x_wconf 89' lang='lat' dir='ltr'><strong>decantarent.</strong></span> <span class='ocrx_word' id='word_1_853' title='bbox 3529 5448 3655 5503; x_wconf 86' lang='lat' dir='ltr'><strong>Inde</strong></span> <span class='ocrx_word' id='word_1_854' title='bbox 3679 5446 3795 5503; x_wconf 84' lang='lat' dir='ltr'><strong>fer-</strong></span> 
     </span>
    </p>
   </div>
   <div class='ocr_carea' id='block_1_101' title="bbox 509 5540 3795 5620">
    <p class='ocr_par' dir='ltr' id='par_1_101' title="bbox 509 5540 3795 5620">
     <span class='ocr_line' id='line_1_101' title="bbox 509 5540 3795 5620; baseline -0.004 -11"><span class='ocrx_word' id='word_1_855' title='bbox 509 5559 636 5609; x_wconf 82' lang='lat' dir='ltr'><strong>dum</strong></span> <span class='ocrx_word' id='word_1_856' title='bbox 663 5561 853 5608; x_wconf 87' lang='lat' dir='ltr'><strong>contra</strong></span> <span class='ocrx_word' id='word_1_857' title='bbox 885 5550 1192 5605; x_wconf 88' lang='lat' dir='ltr'><strong>immundos</strong></span> <span class='ocrx_word' id='word_1_858' title='bbox 1224 5549 1449 5620; x_wconf 85' lang='lat' dir='ltr'><strong>spiritus</strong></span> <span class='ocrx_word' id='word_1_859' title='bbox 1476 5555 1760 5619; x_wconf 88' lang='lat' dir='ltr'><strong>appetunt,</strong></span> <span class='ocrx_word' id='word_1_860' title='bbox 1789 5561 1856 5602; x_wconf 76' lang='lat' dir='ltr'><strong>ex</strong></span> <span class='ocrx_word' id='word_1_861' title='bbox 1888 5548 2097 5617; x_wconf 86' lang='lat' dir='ltr'><strong>adjuto-</strong></span> <span class='ocrx_word' id='word_1_862' title='bbox 2201 5554 2290 5600; x_wconf 92' lang='lat' dir='ltr'><strong>tur</strong></span> <span class='ocrx_word' id='word_1_863' title='bbox 2314 5544 2457 5614; x_wconf 91' lang='lat' dir='ltr'><strong>quod</strong></span> <span class='ocrx_word' id='word_1_864' title='bbox 2488 5553 2778 5611; x_wconf 84' lang='lat' dir='ltr'><strong>antequam</strong></span> <span class='ocrx_word' id='word_1_865' title='bbox 2802 5543 2922 5596; x_wconf 75' lang='lat' dir='ltr'><strong>haec</strong></span> <span class='ocrx_word' id='word_1_866' title='bbox 2946 5540 3282 5596; x_wconf 88' lang='lat' dir='ltr'><strong>consuetudo</strong></span> <span class='ocrx_word' id='word_1_867' title='bbox 3304 5540 3632 5605; x_wconf 85' lang='lat' dir='ltr'><strong>inolevisset,</strong></span> <span class='ocrx_word' id='word_1_868' title='bbox 3662 5555 3795 5597; x_wconf 84' lang='lat' dir='ltr'><strong>cum</strong></span> 
     </span>
    </p>
   </div>
   <div class='ocr_carea' id='block_1_102' title="bbox 510 5633 3795 5716">
    <p class='ocr_par' dir='ltr' id='par_1_102' title="bbox 510 5633 3795 5716">
     <span class='ocr_line' id='line_1_102' title="bbox 510 5633 3795 5716; baseline -0.005 -15"><span class='ocrx_word' id='word_1_869' title='bbox 510 5649 592 5702; x_wconf 90' lang='lat' dir='ltr'><strong>rio</strong></span> <span class='ocrx_word' id='word_1_870' title='bbox 614 5659 808 5700; x_wconf 89' lang='lat' dir='ltr'><strong>cuncta</strong></span> <span class='ocrx_word' id='word_1_871' title='bbox 854 5644 1088 5716; x_wconf 88' lang='lat' dir='ltr'><strong>regentis</strong></span> <span class='ocrx_word' id='word_1_872' title='bbox 1123 5650 1369 5714; x_wconf 89' lang='lat' dir='ltr'><strong>possunt.</strong></span> <span class='ocrx_word' id='word_1_873' title='bbox 1401 5641 1611 5707; x_wconf 84' lang='lat' dir='ltr'><strong>Gloria,</strong></span> <span class='ocrx_word' id='word_1_874' title='bbox 1666 5642 1718 5699; x_wconf 93' lang='lat' dir='ltr'><strong>id</strong></span> <span class='ocrx_word' id='word_1_875' title='bbox 1743 5652 1846 5705; x_wconf 88' lang='lat' dir='ltr'><strong>est,</strong></span> <span class='ocrx_word' id='word_1_876' title='bbox 1903 5642 2098 5713; x_wconf 83' lang='lat' dir='ltr'><strong>divini-</strong></span> <span class='ocrx_word' id='word_1_877' title='bbox 2200 5646 2448 5709; x_wconf 88' lang='lat' dir='ltr'><strong>pastores</strong></span> <span class='ocrx_word' id='word_1_878' title='bbox 2472 5650 2535 5690; x_wconf 87' lang='lat' dir='ltr'><strong>ea</strong></span> <span class='ocrx_word' id='word_1_879' title='bbox 2556 5636 2909 5691; x_wconf 86' lang='lat' dir='ltr'><strong>decantarent</strong></span> <span class='ocrx_word' id='word_1_880' title='bbox 2939 5634 2993 5688; x_wconf 92' lang='lat' dir='ltr'><strong>in</strong></span> <span class='ocrx_word' id='word_1_881' title='bbox 3030 5648 3163 5704; x_wconf 89' lang='lat' dir='ltr'><strong>agro</strong></span> <span class='ocrx_word' id='word_1_882' title='bbox 3184 5675 3198 5697; x_wconf 91' lang='lat'><strong>,</strong></span> <span class='ocrx_word' id='word_1_883' title='bbox 3230 5633 3490 5691; x_wconf 85' lang='lat' dir='ltr'><strong>divinitus</strong></span> <span class='ocrx_word' id='word_1_884' title='bbox 3520 5642 3645 5687; x_wconf 91' lang='lat' dir='ltr'><strong>sunt</strong></span> <span class='ocrx_word' id='word_1_885' title='bbox 3671 5648 3795 5704; x_wconf 47' lang='lat' dir='ltr'><strong>per</strong></span> 
     </span>
    </p>
   </div>
   <div class='ocr_carea' id='block_1_103' title="bbox 511 5727 3794 5806">
    <p class='ocr_par' dir='ltr' id='par_1_103' title="bbox 511 5727 3794 5806">
     <span class='ocr_line' id='line_1_103' title="bbox 511 5727 3794 5806; baseline -0.003 -15"><span class='ocrx_word' id='word_1_886' title='bbox 511 5750 619 5791; x_wconf 86' lang='lat' dir='ltr'><strong>tate</strong></span> <span class='ocrx_word' id='word_1_887' title='bbox 644 5736 785 5806; x_wconf 82' lang='lat' dir='ltr'><strong>ejus.</strong></span> <span class='ocrx_word' id='word_1_888' title='bbox 838 5735 979 5805; x_wconf 84' lang='lat' dir='ltr'><strong>pleni</strong></span> <span class='ocrx_word' id='word_1_889' title='bbox 1026 5746 1148 5789; x_wconf 87' lang='lat' dir='ltr'><strong>sunt</strong></span> <span class='ocrx_word' id='word_1_890' title='bbox 1191 5733 1305 5789; x_wconf 73' lang='lat' dir='ltr'><strong>cwli</strong></span> <span class='ocrx_word' id='word_1_891' title='bbox 1324 5744 1372 5787; x_wconf 87' lang='lat' dir='ltr'><strong>et</strong></span> <span class='ocrx_word' id='word_1_892' title='bbox 1399 5744 1563 5797; x_wconf 84' lang='lat' dir='ltr'><strong>terra,</strong></span> <span class='ocrx_word' id='word_1_893' title='bbox 1589 5743 1645 5789; x_wconf 92' lang='lat' dir='ltr'><strong>et</strong></span> <span class='ocrx_word' id='word_1_894' title='bbox 1671 5733 1853 5789; x_wconf 90' lang='lat' dir='ltr'><strong>omnia</strong></span> <span class='ocrx_word' id='word_1_895' title='bbox 1884 5734 2093 5803; x_wconf 88' lang='lat' dir='ltr'><strong>implet,</strong></span> <span class='ocrx_word' id='word_1_896' title='bbox 2203 5734 2368 5790; x_wconf 81' lang='lat' dir='ltr'><strong>cussi.</strong></span> <span class='ocrx_word' id='word_1_897' title='bbox 2408 5733 2551 5789; x_wconf 90' lang='lat' dir='ltr'><strong>Dicit</strong></span> <span class='ocrx_word' id='word_1_898' title='bbox 2598 5747 2728 5802; x_wconf 89' lang='lat' dir='ltr'><strong>ergo</strong></span> <span class='ocrx_word' id='word_1_899' title='bbox 2778 5730 3037 5787; x_wconf 82' lang='lat' dir='ltr'><strong>sacerdos</strong></span> <span class='ocrx_word' id='word_1_900' title='bbox 3071 5747 3085 5782; x_wconf 91' lang='lat'><strong>:</strong></span> <span class='ocrx_word' id='word_1_901' title='bbox 3155 5727 3425 5799; x_wconf 83' lang='lat' dir='ltr'><strong>Supplices</strong></span> <span class='ocrx_word' id='word_1_902' title='bbox 3458 5744 3705 5798; x_wconf 83' lang='lat' dir='ltr'><strong>regamus</strong></span> <span class='ocrx_word' id='word_1_903' title='bbox 3738 5740 3794 5783; x_wconf 85' lang='lat' dir='ltr'><strong>et</strong></span> 
     </span>
    </p>
   </div>
   <div class='ocr_carea' id='block_1_104' title="bbox 502 5822 3795 5899">
    <p class='ocr_par' dir='ltr' id='par_1_104' title="bbox 502 5822 3795 5899">
     <span class='ocr_line' id='line_1_104' title="bbox 502 5822 3795 5899; baseline -0.002 -16"><span class='ocrx_word' id='word_1_904' title='bbox 502 5830 657 5899; x_wconf 74' lang='lat' dir='ltr'><strong>juxta</strong></span> <span class='ocrx_word' id='word_1_905' title='bbox 690 5829 831 5899; x_wconf 85' lang='lat' dir='ltr'><strong>quod</strong></span> <span class='ocrx_word' id='word_1_906' title='bbox 859 5829 971 5897; x_wconf 90' lang='lat' dir='ltr'><strong>ipse</strong></span> <span class='ocrx_word' id='word_1_907' title='bbox 1001 5828 1133 5882; x_wconf 89' lang='lat' dir='ltr'><strong>dicit</strong></span> <span class='ocrx_word' id='word_1_908' title='bbox 1162 5845 1174 5880; x_wconf 86' lang='lat'><strong>:</strong></span> <span class='ocrx_word' id='word_1_909' title='bbox 1225 5826 1421 5881; x_wconf 73' lang='lat' dir='ltr'><strong>Cat-lum</strong></span> <span class='ocrx_word' id='word_1_910' title='bbox 1454 5837 1504 5880; x_wconf 83' lang='lat' dir='ltr'><strong>et</strong></span> <span class='ocrx_word' id='word_1_911' title='bbox 1548 5835 1743 5880; x_wconf 84' lang='lat' dir='ltr'><strong>terram</strong></span> <span class='ocrx_word' id='word_1_912' title='bbox 1781 5843 1877 5896; x_wconf 81' lang='lat' dir='ltr'><strong>ego</strong></span> <span class='ocrx_word' id='word_1_913' title='bbox 1906 5826 2095 5895; x_wconf 84' lang='lat' dir='ltr'><strong>impleo</strong></span> <span class='ocrx_word' id='word_1_914' title='bbox 2202 5828 2444 5898; x_wconf 84' lang='lat' dir='ltr'><strong>petimus,</strong></span> <span class='ocrx_word' id='word_1_915' title='bbox 2476 5834 2531 5880; x_wconf 91' lang='lat' dir='ltr'><strong>et</strong></span> <span class='ocrx_word' id='word_1_916' title='bbox 2556 5826 2659 5880; x_wconf 86' lang='lat' dir='ltr'><strong>hoc</strong></span> <span class='ocrx_word' id='word_1_917' title='bbox 2683 5840 2780 5895; x_wconf 87' lang='lat' dir='ltr'><strong>per</strong></span> <span class='ocrx_word' id='word_1_918' title='bbox 2800 5823 2984 5880; x_wconf 83' lang='lat' dir='ltr'><strong>Jesum</strong></span> <span class='ocrx_word' id='word_1_919' title='bbox 3010 5822 3307 5887; x_wconf 83' lang='lat' dir='ltr'><strong>Christum,</strong></span> <span class='ocrx_word' id='word_1_920' title='bbox 3350 5838 3450 5891; x_wconf 90' lang='lat' dir='ltr'><strong>per</strong></span> <span class='ocrx_word' id='word_1_921' title='bbox 3478 5837 3641 5892; x_wconf 86' lang='lat' dir='ltr'><strong>quem</strong></span> <span class='ocrx_word' id='word_1_922' title='bbox 3677 5837 3795 5878; x_wconf 58' lang='lat' dir='ltr'><strong>om.</strong></span> 
     </span>
    </p>
   </div>
   <div class='ocr_carea' id='block_1_105' title="bbox 579 5934 3470 6010">
    <p class='ocr_par' dir='ltr' id='par_1_105' title="bbox 579 5934 3470 6010">
     <span class='ocr_line' id='line_1_105' title="bbox 579 5934 3470 6010; baseline -0.003 -14"><span class='ocrx_word' id='word_1_923' title='bbox 579 5954 607 5983; x_wconf 76' lang='grc' dir='ltr'><strong>ι</strong></span> <span class='ocrx_word' id='word_1_924' title='bbox 636 5938 753 5996; x_wconf 78' lang='lat' dir='ltr'><strong>Viti.</strong></span> <span class='ocrx_word' id='word_1_925' title='bbox 786 5938 1337 6010; x_wconf 76' lang='lat' dir='ltr'><strong>cpistolamAmztlarii</strong></span> <span class='ocrx_word' id='word_1_926' title='bbox 1368 5938 1433 5993; x_wconf 74' lang='lat' dir='ltr'><strong>ad</strong></span> <span class='ocrx_word' id='word_1_927' title='bbox 1462 5937 2091 6010; x_wconf 76' lang='lat' dir='ltr'><strong>llettonemmonacbum</strong></span> <span class='ocrx_word' id='word_1_928' title='bbox 2127 5937 2268 6006; x_wconf 76' lang='lat' dir='ltr'><strong>apud</strong></span> <span class='ocrx_word' id='word_1_929' title='bbox 2293 5938 2567 5994; x_wconf 80' lang='lat' dir='ltr'><strong>d’Acherii</strong></span> <span class='ocrx_word' id='word_1_930' title='bbox 2605 5936 2886 6009; x_wconf 85' lang='lat' dir='ltr'><strong>Spicileg.,</strong></span> <span class='ocrx_word' id='word_1_931' title='bbox 2918 5946 3046 5991; x_wconf 89' lang='lat' dir='ltr'><strong>tom.</strong></span> <span class='ocrx_word' id='word_1_932' title='bbox 3080 5934 3168 5999; x_wconf 89' lang='lat' dir='ltr'><strong>lll,</strong></span> <span class='ocrx_word' id='word_1_933' title='bbox 3191 5952 3311 6007; x_wconf 83' lang='lat' dir='ltr'><strong>pag.</strong></span> <span class='ocrx_word' id='word_1_934' title='bbox 3347 5934 3470 5989; x_wconf 78' lang='grc'><strong>551.</strong></span> 
     </span>
    </p>
   </div>
  </div>
