4092 6504
293 368 427 427 I257

1110 381 1257 439 OPP.
1300 384 1703 444 SUPPOSITA.
1746 420 1814 429 ——
1850 388 1976 447 LIB.
2016 392 2105 448 DE
2142 392 2393 452 DlV'lNIS
2431 393 2738 453 OFFlCllS.

3411 403 3432 456 l
3444 401 3548 457 9.58

287 485 374 541 nis
394 485 713 558 supplicatio
732 497 787 547 et
808 493 999 562 petitio
1019 504 1205 552 nostra
1232 464 1390 570 dirigi
1415 500 1575 556 debet
1590 501 1661 557 ad
1677 501 1866 569 Deum,
1896 516 1943 576 Α
1974 504 2158 573 quitur
2185 524 2195 559 :
2226 505 2296 560 Et
2346 509 2578 563 antistite
2604 517 2796 565 nostro.
2831 507 2984 565 Sicut
3031 511 3174 569 enim
3231 514 3556 570 universalis

287 584 544 647 tanquam
571 593 669 650 per
692 596 881 636 verum
918 584 1273 642 mediatorem
1308 596 1363 642 et
1399 600 1663 644 a3ternum
1694 605 1868 645 sacer-

283 669 487 737 dotem,
518 672 611 742 qui
635 672 789 729 sedet
824 675 891 730 ad
914 675 1196 734 dexteram
1238 679 1440 749 Patris,
1478 693 1537 738 et
1563 684 1868 756 interpellat

281 776 383 835 pro
408 763 583 821 nobis.
620 764 761 832 Quid
798 776 979 824 autem
1012 782 1167 843 roget
1192 781 1247 827 et
1281 783 1454 845 petat,
1483 778 1761 832 ostendit:
1787 777 1869 831 vi-

1973 596 2226 651 licelesiae
2253 599 2697 654 commemoratio
2729 589 2950 670 propter
2989 603 3259 657 unitatem
3278 604 3555 660 societatis

1970 695 2023 739 et
2045 687 2195 754 pacis
2217 686 2563 759 coniungitur
2587 690 3090 745 commemorationi
3117 693 3398 762 apostolici
3416 708 3553 764 pon-

1972 776 2150 844 tiﬁcis,
2189 778 2263 832 ita
2293 779 2513 851 dignum
2536 788 2593 834 et
2612 780 2923 853 religiosum
2952 791 3057 847 est,
3094 791 3155 838 ut
3181 783 3407 856 singulae
3450 784 3553 841 Ec-

280 853 499 923 delicet,
523 867 586 912 ut
609 874 672 913 ea
714 875 834 931 quae
861 861 1164 919 oll'eruntur
1187 865 1350 930 dona,
1398 884 1640 934 munera,
1682 880 1871 925 sancta
1970 870 2147 928 etesiae
2166 873 2735 929 commemorationem
2753 889 2974 931 suorum
2996 873 3326 950 subiungant
3339 878 3553 934 antisti-

277 947 564 1017 sacn‘ﬁcia,
594 960 828 1021 accepta,
862 953 917 1007 id
936 961 1043 1020 est,
1090 956 1316 1027 placita,
1368 959 1558 1013 habeat
1588 970 1635 1017 at
1657 961 1868 1015 benedi-

276 1045 382 1091 cat.
409 1036 770 1095 Sacerdotem
796 1043 946 1097 enim
977 1051 1065 1099 est
1088 1044 1303 1112 oll‘erre,
1325 1055 1382 1103 et
1408 1049 1747 1120 maiestatem
1769 1050 1867 1106 Dei

274 1126 566 1185 invocare:
592 1130 688 1186 Dei
713 1142 920 1198 autem,
945 1134 1233 1204 dignanter
1256 1139 1553 1208 suscipere,
1570 1147 1625 1194 et
1654 1154 1718 1194 ea
1746 1155 1867 1210 qua:

269 1219 590 1289 atteruntur,
639 1224 959 1281 benedicere
985 1244 997 1280 :
1033 1226 1167 1283 dicit
1200 1243 1332 1299 ergo
1358 1246 1372 1283 :
1409 1227 1498 1284 Uti
1523 1240 1741 1302 accepta
1773 1230 1866 1285 Ita-

269 1309 418 1378 beas,
452 1321 502 1367 et
528 1312 825 1378 benedicas,
860 1331 926 1371 ac
950 1318 994 1373 si
1035 1319 1354 1390 suppliciter
1377 1320 1522 1376 dicat
1550 1341 1563 1375 :
1596 1321 1862 1389 Petimus,

267 1411 331 1457 ut
367 1404 484 1459 hac
503 1406 694 1475 spiritu
733 1415 825 1461 tuo
855 1410 1184 1477 sanctiﬁces,
1229 1421 1392 1483 atque
1418 1427 1515 1468 ore
1544 1414 1861 1479 benedicas,

269 1502 330 1550 ut
350 1496 496 1568 quod
550 1506 753 1553 nostrae
793 1499 1118 1556 humilitatis
1151 1501 1360 1574 geritur
1406 1503 1729 1568 ministerio,
1760 1511 1863 1560 tua:

265 1587 487 1644 virtutis
528 1588 816 1659 impleatur
858 1589 1075 1647 eﬂ'ectu.
1113 1592 1269 1661 Quod
1298 1604 1487 1651 autem
1537 1594 1812 1669 subiungit
1845 1614 1859 1651 :

270 1673 401 1730 Ha'c
446 1679 608 1744 dona,
640 1678 754 1733 hinc
798 1695 1019 1735 munera
1039 1722 1056 1747 ,
1084 1683 1200 1737 lucc
1232 1694 1421 1739 sancta
1441 1685 1729 1757 sacriﬁcia,
1754 1701 1862 1743 non

265 1765 411 1823 aliud
458 1776 621 1838 atque
647 1769 795 1826 aliud
833 1772 1064 1836 dicitur,
1119 1774 1219 1830 sed
1245 1789 1334 1831 res
1362 1791 1468 1830 una
1505 1790 1607 1847 pro
1625 1777 1710 1834 sui
1750 1792 1867 1834 ma-

1970 977 2083 1023 tum
2094 1012 2109 1033 ,
2125 969 2414 1038 probantes
2431 986 2488 1026 se
2503 986 2602 1040 per
2616 970 2760 1040 illam
2776 963 3075 1029 orationem
3091 988 3315 1029 servare
3326 989 3450 1029 cum
3470 974 3553 1030 eis

1967 1061 2226 1116 unitatem
2251 1062 2476 1132 spiritus
2497 1038 2552 1117 in
2570 1038 2788 1119 vinculo
2809 1063 2979 1133 pacis.
3010 1062 3322 1129 Orthodoxi,
3352 1065 3404 1121 id
3443 1075 3550 1130 est,

1968 1161 2129 1206 rectae
2179 1150 2364 1222 gloriae
2423 1152 2713 1219 dicuntur,
2757 1170 2824 1211 eo
2867 1155 3013 1225 quod
3048 1155 3193 1210 nullo
3224 1171 3413 1213 errore
3458 1157 3557 1211 dc-

1968 1244 2176 1313 pravati
2205 1282 2221 1309 ,
2257 1251 2422 1301 rectae
2469 1244 2595 1301 fidei
2636 1244 2977 1303 confessione
3028 1247 3198 1302 Deum
3227 1247 3550 1319 gloriﬁcent.

1967 1333 2110 1390 Idem
2145 1349 2274 1407 ergo
2298 1342 2428 1391 sunt
2458 1336 2730 1391 catholica:
2751 1345 2802 1390 et
2827 1336 3125 1407 apostolicis
3151 1336 3278 1406 ﬁdei
3299 1336 3548 1393 cultores.

1967 1424 2285 1492 Catholicae,
2306 1424 2360 1481 id
2378 1433 2487 1493 est,
2509 1425 2855 1495 universalis,
2881 1443 3045 1499 quam
3068 1426 3320 1484 universa
3351 1427 3553 1499 ubique

1967 1524 2151 1574 servat
2182 1517 2461 1586 Ecclesia;
2516 1515 2866 1591 eiusdemque
2908 1520 3237 1592 apostolicae,
3282 1536 3446 1592 quam
3494 1523 3550 1581 in

1969 1618 2082 1667 toto
2105 1612 2309 1668 mundo
2333 1611 2579 1669 doctrina
2610 1614 2973 1684 apostolorum
3009 1612 3271 1670 fundavit.
3295 1613 3551 1679 Additur,

1966 1720 2061 1776 per
2111 1702 2383 1761 Christum
2417 1705 2703 1761 Dominum
2750 1716 3027 1762 nostrum:
3064 1708 3190 1778 quia
3243 1708 3399 1765 aliter
3450 1722 3555 1764 nec

1968 1794 2150 1854 oratio
2184 1796 2464 1865 Ecclesia,
2508 1813 2609 1855 nec
2634 1796 2836 1857 oblatio
2861 1800 2972 1856 Deo
2992 1798 3173 1856 oll‘crri
3212 1809 3415 1872 potest,
3445 1802 3554 1856 nisi

264 1858 548 1930 gnitudine
569 1861 785 1917 diversa
822 1862 1185 1934 appellatione
1236 1864 1503 1921 laudatur.
1541 1866 1673 1936 Quae
1717 1869 1865 1927 enim

1967 1905 2065 1960 per
2092 1907 2258 1947 unum
2307 1858 2661 1951 mediatorem
2694 1894 2786 1951 Dei
2824 1904 2878 1951 et
2910 1858 3231 1963 hominum:
3261 1858 3415 1968 quod.
3438 1898 3554 1969 ipse

266 1949 470 2005 divinis
491 1949 794 2009 adet-untur
831 1954 1118 2022 altaribus,
1170 1963 1226 2012 et
1252 1972 1477 2015 munera
1498 1956 1859 2031 appellantur,

262 2041 407 2096 sicut
421 2042 683 2100 Dominus
714 2062 727 2099 :
752 2044 989 2117 εἰσῇτε
1016 2063 1210 2102 munus
1237 2056 1385 2102 tuum
1402 2041 1621 2121 (Matth.
1648 2065 1705 2117 v,
1728 2049 1856 2122 9.5):

262 2140 316 2188 et
344 2134 486 2190 dona
526 2135 611 2191 vel
642 2137 934 2204 sacriﬁcia,
967 2140 1108 2195 sicut
1134 2138 1427 2211 Apostolus
1451 2143 1519 2197 de
1555 2141 1857 2213 pontiﬁce;

264 2223 337 2283 Ut
360 2229 550 2299 aleret
570 2230 713 2285 dona
740 2240 789 2286 et
812 2231 1079 2303 sacriﬁcia
1106 2248 1201 2303 pro
1222 2235 1450 2304 peccatis
1476 2232 1640 2306 (Helo.
1671 2249 1730 2302 v,
1763 2232 1816 2308 ί)
1841 2250 1857 2302 ;

260 2319 382 2387 aed,
408 2330 469 2375 ut
502 2320 709 2378 dictum
736 2329 843 2389 est,
880 2336 1192 2379 sermonum
1214 2324 1488 2395 repetitio,
1512 2325 1647 2380 tanti
1675 2339 1861 2381 sacra-

261 2412 433 2469 menti
451 2420 538 2469 est
557 2414 982 2483 commendatio,
1006 2410 1067 2471 et
1091 2416 1196 2487 piae
1233 2416 1539 2476 devotionis
1573 2420 1853 2476 excitatio.

260 2502 399 2571 Quia
428 2504 545 2559 haec
589 2512 721 2560 sunt
746 2520 876 2560 vere
908 2516 1095 2561 sancta
1124 2517 1174 2563 et
1200 2506 1431 2575 illibata,
1460 2509 1515 2565 id
1554 2517 1662 2577 est,
1687 2510 1860 2568 invio-

261 2595 373 2651 lata
409 2604 466 2651 et
513 2596 943 2654 incontaminata
983 2599 1277 2666 sacrificia,
1319 2616 1441 2673 quae
1468 2601 1522 2657 in
1553 2602 1857 2659 ministerio

256 2686 521 2745 dominici
551 2689 797 2761 corporis
834 2688 1141 2746 oﬂ'eruntur
1168 2710 1182 2746 :
1210 2691 1294 2747 vel
1320 2691 1531 2748 illibata
1571 2693 1852 2760 dicuntur,

259 2777 315 2835 id
340 2786 426 2834 est
451 2819 467 2846 ,
498 2796 608 2837 non
634 2790 986 2853 praegustata,
1016 2782 1114 2838 sed
1156 2783 1369 2858 integra
1413 2783 1593 2840 adhuc
1633 2800 1859 2842 manen-

260 2867 355 2926 tia.
388 2868 585 2927 Libare
604 2871 752 2927 enim
776 2871 880 2928 sub
907 2887 1018 2928 uno
1048 2888 1214 2929 sensu
1241 2874 1442 2931 dicitur
1463 2874 1711 2932 fundere.
1743 2875 1857 2934 Un-

256 2960 327 3016 de
354 2959 610 3031 legimus,
661 2963 807 3034 quod
853 2949 1025 3020 David
1056 2964 1247 3021 libavit
1274 2981 1473 3038 aquam
1502 2967 1733 3024 Domino
1762 2966 1852 3040 (II

257 3049 386 3125 Reg.
414 3067 575 3120 mu,
611 3054 703 3125 l6)
734 3054 839 3110 sibi
871 3055 1133 3123 oblatam,
1159 3057 1215 3112 id
1240 3066 1347 3124 est,
1386 3056 1549 3114 fudit.
1585 3058 1701 3116 Sub
1742 3059 1853 3117 alio

255 3158 423 3201 sensu
451 3144 651 3202 dicitur
682 3146 870 3214 libare,
900 3157 1119 3218 gustare
1149 3166 1163 3203 :
1192 3151 1336 3207 unde
1360 3159 1417 3206 et
1452 3151 1730 3226 pra-libata
1759 3169 1850 3212 res

257 3231 461 3290 dicitur
493 3225 844 3308 prtegustata.

328 3342 585 3400 Reddidit
612 3354 796 3401 autem
818 3363 1039 3403 causam
1079 3350 1361 3417 sacerdos,
1388 3368 1489 3422 pro
1512 3366 1621 3423 qua
1658 3353 1748 3409 illa
1772 3353 1855 3411 of-

256 3433 399 3492 ferat
411 3437 704 3503 sacriﬁcia,
731 3447 789 3493 et
806 3438 942 3495 dicit
970 3454 1033 3523 se
1055 3441 1112 3495 in
1134 3442 1343 3511 primis,
1372 3442 1429 3498 id
1453 3451 1559 3507 est,
1578 3444 1854 3518 principa-

255 3525 383 3583 liter
398 3544 496 3599 pro
510 3527 751 3584 Ecclesia
766 3530 1050 3597 catholica,
1069 3532 1123 3586 id
1142 3540 1244 3597 est,
1264 3534 1576 3590 universali.
1597 3533 1690 3590 Sic
1702 3537 1851 3594 enim

251 3617 476 3691 dignum
497 3618 619 3685 fuit,
646 3628 705 3675 ut
729 3620 990 3693 inciperet
1010 3631 1199 3678 sancta
1234 3623 1458 3691 oblatio,
1483 3625 1734 3681 videlicet
1752 3641 1853 3697 pro

254 3708 496 3767 Ecclesia
524 3711 620 3769 Dei
634 3721 748 3770 toto
765 3715 900 3772 orbe
923 3714 1137 3783 diﬂ‘usa,
1165 3729 1383 3787 quteest
1399 3719 1561 3775 unico
1589 3721 1852 3789 sanguine

254 3802 469 3859 Domini
489 3805 788 3875 redempta.
807 3805 981 3871 Quam
1000 3808 1288 3879 paciﬁcarc
1307 3809 1560 3882 digneris,
1577 3818 1640 3866 ut
1657 3825 1850 3881 pacem

254 3894 457 3951 habeat
479 3896 549 3950 ab
578 3897 851 3953 bereticis
885 3907 943 3953 et
987 3900 1254 3970 paganis;
1284 3901 1546 3968 adunare,
1574 3918 1699 3973 quas
1742 3904 1852 3960 dis-

252 4000 412 4056 persa
462 3994 551 4043 est
570 4001 671 4057 per
711 4003 954 4061 paganos
982 3998 1039 4044 et
1072 3990 1456 4047 haereticorum
1483 3993 1758 4065 dogmata.
1787 3993 1849 4051 Id

254 4078 432 4149 ipsum
450 4086 633 4133 autem
666 4078 879 4134 videtur
911 4094 1036 4136 esse
1054 4080 1320 4148 adunare,
1346 4083 1492 4153 quod
1514 4083 1843 4155 pacificare:

254 4168 311 4225 id
334 4169 514 4240 ipsum
542 4169 840 4235 custodire,
864 4172 1011 4243 quod
1034 4178 1093 4227 et
1117 4188 1313 4245 regere.
1338 4173 1688 4231 Paciﬁcando
1702 4192 1852 4231 nam-

253 4274 361 4330 que
383 4260 606 4327 adunat,
630 4276 756 4317 cum
778 4264 1025 4320 omnium
1048 4264 1288 4321 ﬁdelium
1316 4267 1483 4323 corda
1512 4267 1567 4323 in
1597 4284 1696 4325 sua
1714 4283 1850 4340 pace

251 4352 557 4423 coniungit,
586 4367 710 4408 cum
735 4354 979 4408 omnium
1010 4352 1251 4412 ﬁdelium
1300 4365 1514 4413 mentes
1542 4356 1706 4414 unius
1742 4357 1851 4414 em-

253 4443 331 4498 cit
353 4442 669 4510 voluntatis,
716 4443 913 4501 diffusa
935 4446 1204 4502 cbaritate
1249 4462 1345 4519 per
1389 4446 1656 4519 Spiritum
1694 4465 1850 4507 sanc-

256 4542 372 4591 tum
397 4553 411 4589 :
440 4535 796 4592 custodiendo
845 4537 1009 4609 regit,
1037 4553 1164 4594 cum
1207 4539 1352 4595 inter
1381 4542 1565 4595 omnia
1606 4541 1847 4612 pericula

1873 3236 1922 3298 (Σ

1963 1980 2204 2053 503m
2265 1982 2559 2056 Evangelio
2602 1988 2972 2054 commendat,
3006 1987 3225 2045 dicens:
3280 1989 3552 2061 Quidquid

1959 2070 2213 2142 petieritis
2234 2073 2291 2128 in
2306 2075 2517 2130 nomine
2541 2090 2676 2141 meo,
2721 2078 2820 2133 hac
2846 2077 3043 2147 faciam
3083 2080 3265 2153 (Joan.
3290 2097 3403 2148 xw,
3434 2081 3548 2155 l4).

1958 2162 2133 2231 Quam
2156 2165 2439 2237 petitionis
2469 2164 2702 2224 formam
2751 2170 2809 2227 in
2842 2171 2990 2227 omni
3018 2172 3266 2229 oratione
3316 2190 3413 2230 sua
3451 2190 3552 2234 cu-

1958 2254 2127 2313 s‘t'odit
2145 2257 2412 2315 Ecclesia.

2025 2364 2161 2422 Cum
2191 2367 2392 2424 dicitur
2422 2388 2436 2423 :
2471 2367 2757 2437 Memento,
2792 2370 3037 2438 Domine,
3087 2374 3432 2445 (anulorum,
3466 2378 3553 2450 fa-

1954 2455 2325 2532 mularumque
2353 2467 2589 2528 tuarum,
2628 2470 2685 2520 et
2730 2464 2811 2520 sic
2837 2464 3031 2521 deinde
3072 2464 3451 2540 subiungitur:
3494 2479 3574 2526 ει·

1954 2549 2188 2605 omnium
2219 2550 2700 2622 circumstantium,
2729 2556 3073 2613 manifestum
3094 2566 3199 2621 est,
3228 2561 3372 2630 quod
3391 2562 3549 2633 quasi

1955 2639 2175 2708 quidam
2206 2642 2359 2700 locus
2386 2644 2477 2712 sit,
2507 2647 2602 2702 ubi
2645 2647 2920 2719 aliquibus
2965 2649 3274 2720 specialiter
3301 2653 3549 2710 nomina-

1954 2732 2046 2799 tis,
2098 2732 2266 2789 etiam
2320 2743 2673 2803 ceterorum,
2723 2739 2817 2810 qui
2868 2741 3131 2798 assistunt
3180 2744 3236 2799 in
3296 2745 3547 2811 ecclesia,

1952 2826 2399 2882 commemoratio
2427 2824 2773 2899 adiungatur.
2810 2829 2869 2886 ln
2898 2846 3006 2901 quo
3032 2832 3153 2889 loco
3186 2834 3417 2895 liberum
3458 2848 3546 2896 est

1953 2914 2250 2981 sacerdoti,
2296 2932 2436 2987 quos
2485 2918 2900 2987 desideraverit,
2970 2926 3324 2995 peculiariter
3372 2930 3546 2985 nomi-

1953 3021 2109 3073 nare,
2136 3019 2193 3066 et
2224 3009 2545 3068 nominatim
2581 3012 2694 3071 Deo
2730 3018 3117 3076 commendare
3144 3036 3158 3075 :
3190 3029 3288 3076 aut
3312 3031 3462 3080 certe
3483 3023 3549 3078 il-

1950 3096 2045 3155 lud
2068 3099 2417 3173 abantiquis
2457 3111 2548 3160 est
2569 3104 2939 3175 observatum,
2986 3117 3048 3164 ut
3083 3110 3157 3165 ibi
3200 3110 3544 3169 offerentium

1952 3192 2174 3250 nomina
2228 3196 2613 3252 recitarentur.
2662 3195 2823 3255 Prius
2866 3215 2999 3271 ergo
3060 3202 3361 3260 oblationes
3418 3215 3549 3266 sunt

1954 3288 2422 3355 commendaudte,
2472 3304 2537 3345 ac
2583 3298 2712 3348 tunc
2768 3306 2957 3349 eorum
3004 3297 3249 3363 nomina,
3314 3314 3547 3369 quorum

1955 3386 2103 3445 sunt,
2132 3379 2417 3446 edicenda,
2447 3392 2508 3436 ut
2540 3380 2685 3437 inter
2708 3397 2864 3440 sacra
2886 3388 3147 3457 mysteria
3177 3389 3549 3456 nominentur,

1955 3484 2063 3525 non
2089 3469 2234 3526 inter
2259 3470 2365 3526 alia
2396 3487 2519 3542 quae
2548 3474 2951 3543 prtemittimus.
2997 3475 3236 3542 Quorum
3276 3479 3374 3535 tibi
3413 3479 3549 3551 ﬁdes

1953 3560 2162 3633 cognita
2192 3570 2291 3628 est,
2321 3571 2373 3617 et
2393 3572 2521 3618 uota
2550 3564 2753 3620 deuotio
2775 3580 2795 3619 .'
2830 3566 2884 3623 id
2910 3576 3017 3634 est,
3043 3585 3207 3640 quam
3247 3580 3395 3629 recte
3423 3589 3549 3629 cre-

1950 3650 2105 3720 dant,
2128 3660 2185 3707 et
2209 3667 2373 3723 quam
2398 3652 2590 3709 devote
2607 3655 2855 3728 diligant,
2893 3667 2949 3713 tu
2984 3660 3137 3716 solus
3158 3662 3315 3719 vides
3341 3663 3397 3717 in
3420 3678 3554 3719 con-

1952 3750 2197 3808 scientiis
2224 3767 2434 3819 eorum,
2467 3755 2561 3826 qui
2593 3755 2688 3813 tibi
2730 3756 2964 3815 oﬂ'erunt
2997 3778 3009 3814 :
3057 3761 3111 3816 in
3143 3763 3341 3832 quibus
3369 3765 3553 3821 verbis

1953 3842 2187 3900 ﬁdeliter
2211 3845 2668 3903 considerandum
2695 3858 2800 3916 est,
2832 3852 2975 3921 quod
3005 3860 3117 3908 tota
3166 3854 3407 3912 Ecclesia
3434 3856 3548 3911 Deo

1952 3932 2147 3990 oderat
2177 3934 2306 3991 illud
2332 3936 2663 3994 sacriﬁcium
2690 3939 2886 4007 laudis,
2908 3943 3037 4013 quia
3063 3944 3128 4000 de
3167 3946 3315 4001 omni
3358 3946 3546 4002 multi-

1953 4027 2141 4084 tudine
2190 4029 2663 4089 circumstantium
2712 4036 2950 4093 dicitur:
3004 4037 3110 4104 Qui
3154 4041 3250 4095 tibi
3291 4042 3547 4112 oﬂ'erunt.

1948 4119 2107 4188 Quod
2130 4119 2277 4175 enim
2308 4120 2635 4194 adimpletur
2676 4126 2896 4199 proprie
2939 4128 3245 4188 ministerio
3288 4136 3548 4191 sacerdo-

1951 4231 2093 4291 tum,
2120 4222 2227 4281 boc
2251 4224 2577 4297 generaliter
2619 4227 2801 4300 agitur
2844 4228 2950 4286 fide
2974 4238 3036 4287 et
3072 4231 3361 4291 devotione
3407 4249 3546 4292 cun-

1951 4330 2185 4374 ctorum.
2218 4317 2559 4392 Sacriﬁcium
2595 4322 2794 4380 dicitur
2820 4323 3019 4393 laudis,
3055 4329 3185 4400 quia
3212 4329 3266 4385 in
3306 4329 3466 4389 laude
3491 4332 3555 4390 il-

1951 4417 2057 4473 lius
2098 4414 2346 4475 oll‘ertur.
2378 4417 2498 4476 Non
2526 4422 2671 4478 enim
2715 4431 2903 4480 nostra
2947 4425 3022 4481 illi
3068 4427 3285 4496 damus,
3314 4430 3413 4488 sed
3446 4446 3548 4491 sua

1952 4507 2252 4566 reddimus.
2285 4507 2396 4567 Pro
2422 4526 2480 4565 se
2504 4512 2718 4584 suisque
2757 4516 3020 4583 omnibus,
3055 4517 3107 4575 id
3133 4529 3239 4589 est,
3266 4522 3335 4578 ad
3361 4539 3441 4590 se,
3463 4522 3550 4581 vel

252 4622 551 4681 demente,
596 4638 721 4681 eam
774 4600 1043 4697 ευδεῖηέι
1073 4635 1132 4683 ει
1158 4628 1323 4700 ,εδει
1374 4628 1530 4697 Quod
1558 4600 1692 4690 γέω
1726 4642 1853 4703 post
1877 4617 1928 4678 ι)
1953 4615 2174 4703 genere,
2204 4601 2292 4660 vel
2316 4600 2711 4672 familiaritate,
2739 4608 2823 4663 vel
2849 4610 3090 4681 qualibet
3115 4612 3216 4668 alia
3241 4617 3552 4675 conditione

252 4717 563 4788 generalem
608 4718 867 4775 Ecclesiae
891 4721 1425 4779 commendationem
1482 4722 1842 4797 adiungitur:

256 4804 377 4864 Una
396 4824 518 4864 cum
542 4808 746 4880 {amula
776 4819 867 4865 tuo
887 4828 1027 4883 papa
1059 4820 1261 4879 nostra,
1294 4813 1463 4888 ipsius
1488 4815 1850 4874 ecclesiastici

253 4899 502 4975 corporis
533 4904 719 4958 unitas
755 4902 952 4960 fortius
998 4906 1413 4963 commendatur
1437 4909 1611 4979 :quia
1637 4909 1852 4983 religio-

254 4992 343 5050 nis
375 4992 584 5050 cultum
610 4993 692 5051 sic
724 4993 991 5051 Dominus
1027 4997 1284 5065 instituit,
1315 5007 1381 5054 ut
1427 5001 1484 5056 in
1530 5001 1850 5059 beatissimo

255 5083 416 5143 Petro
445 5087 812 5159 apostolorum
853 5104 1069 5146 summo
1108 5090 1490 5162 principaliter
1531 5092 1847 5162 collocaret,

254 5188 419 5251 atque
443 5181 513 5237 ab
536 5181 654 5253 ipso
697 5182 855 5254 quasi
880 5184 1115 5254 quodam
1144 5185 1328 5255 capite
1372 5185 1517 5242 dona
1554 5202 1655 5242 sua
1691 5186 1854 5243 vellet

253 5270 311 5326 in
344 5268 548 5342 corp'us
572 5287 735 5328 omne
770 5289 1011 5330 manare.
1071 5274 1227 5331 Unde
1256 5285 1473 5333 constat
1514 5279 1585 5333 ab
1610 5278 1851 5336 universi

250 5362 403 5417 orbis
435 5364 815 5420 communione
845 5373 1129 5435 separatos
1148 5381 1295 5435 esse,
1321 5367 1464 5423 sicut
1481 5368 1674 5424 beatus
1696 5368 1853 5426 Pela-

255 5451 376 5524 gius
394 5452 573 5518 docet,
600 5455 692 5525 qui
713 5455 956 5525 qualibet
975 5456 1312 5514 dissensione
1324 5457 1470 5514 inter
1490 5474 1643 5515 sacra
1658 5470 1856 5533 myste-

259 5543 339 5597 ria
388 5545 671 5614 apostolici
708 5545 983 5617 pontiﬁcis
1020 5548 1341 5603 memoriam
1389 5549 1689 5606 secundum
1720 5568 1849 5608 cono

256 5635 597 5693 auetudinem
629 5653 736 5692 non
764 5636 1134 5709 frequentant.
1174 5636 1326 5711 Papa
1347 5649 1530 5696 autem
1552 5642 1850 5697 secundum

256 5726 521 5797 quosdam
550 5728 750 5786 dicitur
772 5730 1107 5789 admirabilis
1130 5733 1214 5789 vel
1239 5741 1556 5799 coronatus,
1585 5735 1679 5791 sed
1707 5738 1850 5807 quod

257 5814 452 5874 melius
484 5826 607 5884 est,
643 5828 800 5893 pater
829 5828 1068 5892 patrum,
1097 5820 1148 5878 id
1176 5830 1282 5891 est,
1309 5824 1708 5897 episcOporum.
1752 5826 1848 5885 Se—

662 5913 913 5977 Pnaoc
973 5918 1073 5978 Cl.

1956 4703 2060 4760 sub
2084 4701 2327 4773 eiusdem
2356 4704 2479 4762 ﬁdei
2519 4706 2859 4780 professione
2878 4712 3302 4783 pertinentibus,
3327 4723 3437 4775 tam
3468 4721 3551 4775 vi-

1943 4794 2211 4853 ventibus
2242 4812 2406 4869 quam
2448 4797 2740 4857 defunctis.
2775 4802 2846 4858 Et
2886 4804 3011 4871 hoc,
3055 4819 3161 4877 qua
3199 4821 3296 4880 spe
3320 4807 3548 4875 faciant,

1956 4885 2337 4961 subiungitur:
2382 4890 2510 4959 quia
2538 4906 2645 4948 non
2667 4908 2768 4966 pro
2808 4894 2993 4967 aliquo
3031 4906 3251 4955 terreno
3284 4902 3552 4973 appetitu,

1959 4992 2067 5034 non
2092 4995 2191 5050 pro
2220 4983 2504 5053 temporali
2538 4983 2712 5046 lucro.
2742 4988 2839 5044 sed
2864 4989 3208 5048 solummodo
3230 5009 3325 5067 pro
3350 4995 3556 5050 redem-

1956 5072 2133 5141 ptione
2157 5072 2455 5128 animarum
2498 5092 2741 5146 suarum,
2772 5081 2899 5149 quia
2933 5081 2987 5137 in
3012 5083 3129 5154 ipso
3169 5084 3436 5144 habemus
3467 5103 3553 5143 rc—

1958 5163 2325 5236 demptionem
2364 5181 2465 5238 per
2500 5171 2819 5241 sanguinem
2842 5172 2981 5245 eius,
3009 5177 3387 5236 remissionem
3427 5196 3550 5252 per,

1957 5258 2386 5315 catomm.~Pro
2428 5278 2519 5333 spe
2563 5261 2777 5331 salutis,
2810 5265 2865 5322 id
2891 5274 2997 5334 est,
3041 5283 3142 5339 pro
3170 5269 3280 5325 vita
3325 5280 3552 5340 aeterna,

1958 5363 2081 5419 quae
2126 5357 2212 5405 est
2265 5365 2395 5406 vera
2449 5351 2617 5407 salus.
2672 5354 2778 5425 Spe
2823 5358 2962 5412 enim
3022 5358 3155 5415 salvi
3201 5358 3330 5431 facti
3371 5379 3555 5421 suasua

1960 5447 2139 5523 (Rom.
2168 5467 2263 5506 vm
2286 5492 2301 5518 ,
2329 5451 2446 5525 24).
2486 5452 2601 5510 Nec
2633 5454 2807 5511 solum
2851 5473 2951 5528 pro
2982 5458 3156 5522 salute
3197 5470 3421 5528 acterna,
3455 5464 3587 5522 sed-

1958 5540 2124 5596 etiam
2152 5555 2254 5611 pro
2288 5543 2570 5616 temporali
2598 5545 2989 5615 incolumitate,
3039 5550 3095 5607 id
3139 5561 3250 5621 est,
3283 5550 3557 5626 corporali

1959 5640 2215 5697 sanitate.
2248 5640 2597 5702 lncolumitas
2630 5648 2776 5702 enim
2811 5648 3028 5715 dicitur,
3056 5651 3306 5709 sanitatis
3329 5654 3558 5725 integri-

1960 5742 2064 5790 tas.
2100 5734 2344 5809 Utraque
2388 5747 2572 5795 autem
2623 5741 2831 5798 sanitas
2876 5743 2947 5799 ab
2989 5742 3082 5801 illo
3128 5756 3236 5813 est,
3266 5754 3320 5805 et
3360 5747 3560 5803 anima:

1959 5828 2165 5888 scilicet
2220 5838 2275 5887 et
2330 5835 2594 5905 corporis,
2656 5835 2723 5892 de
2775 5851 2884 5909 quo
2937 5835 2989 5893 in
3043 5837 3254 5908 psatmo
3300 5840 3552 5899 canitur:
