4092 6526
525 407 669 464 1159

1392 396 1452 450 Β.
1493 392 1552 451 F.
1603 390 1828 448 ALBINI
1871 386 2004 443 SEU
2043 380 2322 440 ALCUlNl
2361 375 2653 436 OPERUM
2688 369 2871 429 PARS
2900 368 2992 425 IX.

3692 356 3843 413 1260

522 520 740 576 Domini
765 525 842 571 est
863 513 1011 569 salus
1035 506 1210 583 (Psal.
1247 522 1343 574 ιιι,
1386 506 1463 578 9).
1494 505 1742 560 Reddunt
1776 510 1913 567 uota,
1941 497 1994 554 id
2019 504 2127 564 est,
2158 506 2208 563 Α
2234 492 2581 549 damnatione
2606 462 2853 560 erep'tos:
2885 497 3082 555 usque,
3125 477 3231 536 Per
3253 477 3522 534 Christum
3549 473 3845 529 Dominum

522 610 818 675 sacriﬁcia,
855 605 940 663 vel
965 613 1091 659 vota
1116 600 1239 657 ﬁdei
1262 607 1318 655 et
1347 599 1452 670 pia:
1475 596 1802 653 devotionis.

593 704 1078 765 Communicantes,
1100 705 1233 762 etc.,
1249 709 1445 763 usque,
1468 702 1517 748 et
1543 693 1777 747 omnium
1801 698 2125 745 sanctorum.

525 803 625 869 Se,
662 802 755 873 qui
802 798 983 863 offert,
1031 802 1087 851 et
1120 807 1310 849 omnes
1344 790 1787 851 circumstantes,
1837 782 1929 854 qui
1967 777 2130 836 simul

522 893 784 958 oderunt.
812 889 948 945 dicit
978 883 1386 942 communicare
1416 900 1428 934 :
1469 889 1518 934 et
1543 877 1851 934 memoriam
1877 888 2131 929 ueneran-

524 997 603 1041 tes
627 984 793 1039 beata:
815 980 916 1036 Dei
944 976 1232 1051 genitricis,
1278 984 1328 1028 et
1368 972 1601 1027 omnium
1630 977 1936 1023 sanctorum
1959 982 1977 1020 :
2003 965 2130 1035 quia

526 1082 587 1131 ut
611 1073 941 1131 sacriﬁcium
976 1069 1092 1124 Dee
1129 1066 1306 1138 possit
1342 1078 1464 1119 esse
1495 1068 1805 1133 acceptum,
1849 1072 1957 1112 non
2003 1055 2131 1111 alibi

525 1169 631 1224 hoc
662 1166 921 1230 offerunt,
963 1162 1070 1217 nisi
1100 1161 1155 1215 in
1184 1155 1569 1214 communione
1608 1161 1665 1207 et
1706 1151 1971 1207 societate
2000 1164 2133 1203 san-

525 1268 765 1323 ctorum,
794 1263 852 1309 et
886 1255 944 1309 in
975 1265 1167 1308 eorum
1191 1245 1472 1307 meruerim
1492 1243 1845 1300 veneratione
1871 1250 2133 1309 tanquam

529 1352 745 1407 iuvero
792 1344 997 1417 templo
1023 1344 1147 1410 Dei,
1188 1341 1319 1414 quia
1365 1340 1419 1395 in
1465 1338 1554 1395 his
1589 1336 1761 1392 voluit
1789 1334 2135 1405 omnipotens

529 1437 677 1499 Deus
702 1435 965 1496 Ecclesiae
993 1451 1108 1492 sua:
1137 1441 1395 1491 constare
1417 1430 1850 1485 fundamentum.
1881 1425 2008 1480 ldeo
2044 1438 2135 1478 sn-

529 1551 653 1591 mus
682 1530 1147 1590 communicantes
1178 1523 1460 1581 memoria:
1499 1534 1713 1585 eorum,
1753 1526 2011 1587 tanquam
2039 1515 2135 1570 ﬁlii

529 1636 746 1700 patrum
787 1633 846 1680 et
886 1628 1192 1678 sectatores
1225 1613 1691 1689 praecedentium:
1724 1607 2136 1664 Communican-

528 1731 627 1787 tes,
670 1719 727 1774 id
758 1725 866 1783 est,
915 1712 1308 1785 participantes
1350 1706 1475 1763 ﬁdei
1529 1705 1771 1768 illorum,
1823 1700 1952 1772 quia
1987 1714 2138 1754 eam-

530 1815 658 1871 dem
687 1811 849 1867 ﬁdem
870 1807 1157 1870 habemus,
1180 1817 1349 1875 quam
1370 1810 1428 1856 et
1458 1798 1537 1855 illi
1570 1797 1901 1852 habuerunt.
1928 1791 2134 1848 Memo-

2232 595 2497 643 nostrum.

2303 678 2599 749 Eurusque
2627 675 2973 731 obsecratio:
3022 671 3152 727 hinc
3178 667 3428 740 sequitur
3469 661 3847 727 consecratio,

2233 772 2311 828 ita
2340 772 2650 843 incipiens:
2700 769 2877 836 Quam
2905 765 3246 827 oblationem,
3277 769 3388 816 etc.
3434 754 3637 813 Oratur
3671 752 3852 819 Deus,

2232 875 2296 922 ut
2339 863 2676 920 oblationem
2728 861 2844 917 suis
2888 856 3156 914 altaribus
3200 850 3528 923 impositam,
3574 853 3632 900 ct
3678 843 3853 900 tantis

2232 958 2491 1029 precibus
2532 952 3002 1017 commendatam,
3038 947 3156 1019 ipse
3181 960 3281 1018 per
3307 943 3569 997 virtutem
3604 935 3854 1007 Spiritus

2234 1050 2410 1106 sancti
2463 1049 2537 1101 ita
2587 1046 2894 1119 perfectam
2945 1038 3338 1098 eucharistiam
3383 1030 3637 1102 accipiat,
3699 1028 3851 1082 utin

2233 1145 2489 1201 omnibus
2521 1142 2598 1198 sit
2630 1139 2927 1204 benedicta,
2956 1135 3214 1204 ascripta,
3244 1131 3299 1186 id
3336 1136 3442 1192 est,
3474 1126 3527 1181 in
3555 1136 3853 1179 numerum

2234 1244 2561 1315 placitorum
2600 1238 2705 1295 sibi
2749 1242 2971 1305 recepta
2995 1231 3088 1297 sit,
3114 1238 3163 1283 et
3188 1235 3328 1291 rata,
3366 1225 3420 1279 id
3449 1230 3551 1284 est,
3580 1216 3854 1274 immobili

2237 1338 2498 1393 firmitate
2530 1339 2818 1405 perpetua,
2843 1329 2921 1384 sit
2942 1339 3160 1398 quoque
3183 1316 3539 1382 rationabilis,
3572 1324 3634 1370 ut
3653 1328 3853 1384 quam—

2234 1430 2320 1484 vis
2374 1427 2443 1484 de
2491 1404 2836 1496 simplicibus
2875 1428 3038 1475 terra:
3077 1413 3324 1486 frugibus
3352 1417 3593 1479 sumpta,
3624 1404 3859 1496 benedi-

2235 1520 2437 1576 ctionis
2461 1495 2705 1589 potentia
2730 1510 2998 1569 efﬁciatur
3019 1520 3222 1577 corpus
3248 1513 3305 1558 et
3329 1500 3552 1572 sanguis
3578 1496 3705 1552 Filii
3726 1495 3853 1561 Dei,

2235 1620 2295 1667 ut
2321 1626 2422 1682 per
2465 1610 2613 1665 hunc
2645 1605 2827 1662 cibum
2875 1610 2933 1657 et
2980 1608 3169 1671 potum
3220 1595 3517 1667 impleatur
3562 1591 3618 1646 in
3662 1589 3852 1654 nobis,

2237 1681 2385 1775 quOd
2415 1701 2532 1772 ipse
2556 1697 2846 1769 promisit:
2891 1692 3041 1749 Sicut
3085 1690 3229 1745 misit
3259 1704 3342 1743 me
3368 1687 3540 1741 vivens
3584 1681 3773 1747 Pater,
3804 1691 3859 1735 et

2239 1810 2335 1867 ego
2363 1794 2477 1849 vivo
2506 1799 2724 1864 propter
2769 1786 3025 1841 Patrem:
3067 1790 3143 1846 et,
3191 1779 3297 1863 Qui
3338 1776 3624 1833 manducat
3668 1789 3777 1839 me,
3804 1781 3857 1826 et

531 1908 671 1962 riam
712 1909 1043 1965 venerantes,
1085 1862 1272 1961 idest,
1309 1909 1433 1951 cum
1479 1892 1685 1963 pietate
1717 1897 1775 1943 et
1829 1885 2136 1942 humilitate
2169 1884 2212 1945 Β
2238 1862 2349 1958 ipse
2376 1862 2515 1940 uiuet
2537 1888 2754 1953 propter
2777 1894 2862 1932 me
2898 1874 3086 1949 (Joan.
3121 1888 3197 1939 Vl,
3226 1862 3344 1945 58).
3369 1870 3486 1925 Hoc
3507 1881 3727 1937 corpus,
3759 1864 3859 1920 hic

530 1997 760 2069 vestigia
783 2007 975 2053 eorum
1009 1996 1325 2061 sequentes.
1352 1985 1412 2041 in
1444 1984 1550 2040 hac
1573 1990 1760 2037 autem
1806 1990 2142 2034 commemo-

531 2067 747 2145 ratione
779 2091 1121 2147 sanctorum,
1146 2080 1309 2136 beata
1333 2077 1431 2132 Dei
1459 2072 1702 2147 genitrix
1725 2071 1964 2143 primum
1987 2067 2141 2140 poni-

531 2189 643 2245 tur,
669 2193 770 2251 per
799 2190 966 2249 quam
989 2184 1044 2231 et
1066 2172 1150 2229 illi
1177 2178 1236 2227 et
1258 2184 1360 2228 nos
1384 2166 1692 2225 meruimus
1710 2170 1996 2220 auctorem
2016 2158 2144 2214 vitae

531 2271 858 2341 suscipere:
911 2274 971 2323 et
1016 2263 1268 2338 jungitur
1318 2256 1777 2317 commemoratio
1824 2259 2143 2311 sanctorum

531 2361 902 2435 apostolorum
921 2364 979 2414 et
1004 2364 1331 2427 martyrum,
1356 2366 1469 2407 non
1494 2350 1670 2407 solum
1690 2362 1905 2413 eorum,
1932 2344 2027 2417 qui
2053 2344 2146 2400 hic

514 2450 858 2508 nominatim
889 2447 1294 2519 exprimuntur,
1348 2441 1445 2498 sed
1472 2448 1527 2495 et
1580 2439 1848 2502 omnium,
1903 2450 2142 2508 quorum

534 2559 637 2600 nec
665 2554 981 2607 numerum,
1010 2551 1114 2595 nec
1158 2535 1381 2591 nomina
1421 2534 1565 2588 scire
1606 2544 1923 2602 possumus,
1972 2535 2030 2583 et
2058 2535 2140 2582 ta-

536 2651 662 2692 men
688 2650 788 2705 per
829 2631 1015 2697 ﬁdem,
1042 2628 1169 2685 siin
1200 2627 1287 2683 his
1328 2624 1618 2696 principuis
1645 2622 1734 2693 pie
1779 2621 2145 2685 adhmremus,

538 2727 708 2782 etiam
733 2725 844 2781 illis
888 2724 946 2780 in
994 2722 1194 2777 horum
1247 2716 1638 2774 communione
1670 2710 1908 2783 copulati
1937 2723 2145 2766 sumus.

537 2817 780 2885 Quorum
809 2814 1036 2880 meritis,
1066 2820 1177 2867 etc.
1210 2809 1444 2879 Propter
1478 2806 1676 2862 merita
1717 2816 1957 2874 namque
1982 2812 2041 2857 et
2064 2800 2150 2856 in-

538 2906 929 2963 tercessionem
960 2901 1242 2973 iustorum
1297 2897 1564 2953 Dominus
1619 2895 1937 2960 miseretur,
1983 2901 2047 2948 ut
2093 2891 2149 2947 in

537 3001 797 3058 omnibus
847 3001 965 3056 sive
1020 2995 1302 3069 prosperis
1353 2994 1472 3049 sive
1515 2989 1764 3046 adversis
1809 2983 2150 3060 protectionis

538 3098 655 3170 ejus
684 3086 1007 3151 muniam"
1038 3091 1263 3157 auxilio,
1307 3106 1401 3162 per
1429 3085 1702 3145 Christum
1734 3084 2021 3139 Dominum
2049 3097 2146 3137 no—

539 3202 730 3247 strum.
757 3188 851 3243 Sic
876 3195 934 3242 et
974 3185 1188 3256 Moyses
1222 3198 1322 3254 pro
1365 3178 1566 3252 populo
1604 3186 1870 3250 peccante
1914 3176 2151 3230 interce-

540 3284 703 3349 dens,
745 3281 972 3336 Patrum
1026 3278 1161 3333 facit
1206 3273 1555 3331 memoriam.
1601 3269 1853 3326 Erechia:
1887 3265 2151 3322 auxilium
2176 3260 2223 3322 Ο

542 3374 753 3448 petenti
782 3373 986 3429 dicitur
1013 3390 1027 3426 :
1060 3369 1338 3425 Civitatem
1360 3366 1498 3422 hanc
1519 3373 1792 3437 protegam
1816 3370 2031 3433 propter
2071 3376 2154 3414 me

540 3477 592 3522 et
627 3474 843 3537 propter
875 3463 1050 3518 David
1074 3476 1283 3517 servum
1322 3474 1497 3512 meum
1520 3455 1628 3529 (IV
1656 3454 1788 3527 Reg.
1817 3470 1909 3517 xx,
1941 3452 2018 3525 6).
2044 3450 2158 3508 Nec

543 3556 902 3615 dubitandum
931 3562 1019 3609 est
1067 3552 1313 3608 ﬁdelium
1357 3548 1653 3621 petitiones
1682 3561 1712 3600 a
1744 3544 2033 3615 spiritibus
2060 3541 2154 3612 ju-

544 3658 756 3705 storum
779 3647 913 3703 sciri
944 3664 958 3700 :
987 3644 1120 3716 quia
1154 3644 1248 3714 qui
1296 3642 1445 3697 intus
1470 3640 1567 3695 Dei
1598 3638 1911 3693 claritatem
1942 3636 2153 3700 vident,

545 3757 655 3799 nou
682 3748 769 3797 est
796 3737 1157 3802 credendum,
1178 3736 1307 3808 quia
1338 3734 1411 3789 sit
1436 3731 1644 3801 aliquid
1671 3728 1804 3785 foris
1833 3728 1978 3798 quod
2002 3728 2157 3799 igno-

546 3843 689 3891 rent.
717 3829 968 3888 Postulat
1021 3844 1155 3902 ergo
1209 3826 1457 3884 Ecclesia
1511 3822 1772 3893 suffragia
1825 3827 2153 3891 martyrum,

547 3943 652 3984 nec
678 3936 863 3981 tamen
915 3922 1191 3979 sacriﬁcat
1239 3918 1599 3991 martyribus,
1653 3915 1750 3970 sed
1802 3913 1897 3969 uni
1943 3912 2058 3968 Deo
2100 3920 2158 3967 et

548 4029 857 4092 martyrum
899 4026 957 4073 et
988 4023 1210 4081 nostro;
1245 4010 1315 4067 ad
1347 4010 1493 4081 quod
1523 4007 1857 4065 sacriﬁcium
1882 4006 2027 4062 sicut
2057 4005 2156 4060 ho-

549 4114 729 4169 mines
772 4110 894 4174 Dci,
922 4109 1015 4179 qui
1056 4105 1320 4163 mundum
1351 4103 1407 4158 in
1455 4101 1576 4174 ejus
1618 4096 1965 4155 confessione
2012 4097 2158 4153 vice-

551 4213 699 4271 runt,
745 4216 848 4256 suo
894 4200 1016 4256 loco
1061 4196 1436 4258 nominantur,
1481 4206 1588 4247 non
1620 4198 1800 4244 tamen
1834 4189 2161 4242 invocantur

552 4316 585 4355 a
641 4297 949 4361 sacerdote,
989 4293 1118 4365 quia
1156 4289 1256 4347 Dei
1293 4287 1551 4345 sacerdos
1598 4292 1704 4350 est,
1757 4297 1867 4337 nou
1918 4280 2156 4337 illorum.

549 4393 733 4466 Ipsum
763 4404 892 4446 vero
928 4384 1263 4443 sacriﬁcium
1282 4395 1484 4453 corpus
1507 4387 1595 4435 est
1617 4376 1845 4443 Christi,
1879 4374 2025 4447 quod
2050 4390 2158 4431 non

549 4484 782 4544 offertur
806 4480 963 4552 ipsis,
986 4476 1115 4549 quia
1138 4477 1244 4533 hoc
1268 4489 1380 4531 non
1402 4482 1532 4530 sunt
1555 4480 1613 4528 et
1642 4469 1767 4542 ipsi.

626 4574 784 4631 Hauc
821 4572 986 4642 igitur
1009 4567 1329 4624 oblationem
1352 4563 1623 4621 servitutis
1668 4570 1863 4618 nostra:
1880 4578 1899 4615 :
1925 4560 2055 4632 quia
2076 4559 2161 4614 di—

2242 1976 2465 2048 sanguis
2486 1988 2595 2029 non
2619 1972 2674 2028 iu
2706 1970 2896 2041 spicis,
2930 1966 3026 2023 sed
3061 1966 3117 2022 in
3145 1960 3509 2022 sacramentis
3538 1958 3857 2031 colligitur;

2241 2078 2301 2127 et
2340 2064 2757 2125 consecratione
2798 2062 3063 2136 mysticus
3098 2058 3161 2113 ﬁt
3203 2056 3381 2122 nobis,
3427 2070 3537 2112 non
3579 2052 3857 2109 nascitur.

2242 2161 2313 2217 Et
2334 2158 2425 2215 ille
2451 2156 2676 2229 quidem
2699 2152 2879 2226 panis,
2907 2160 2965 2209 et
2999 2150 3133 2207 illud
3158 2149 3343 2204 vinum
3388 2161 3490 2218 per
3516 2159 3577 2201 se
3623 2142 3861 2199 irratio-

2244 2250 2427 2307 nabile
2452 2254 2576 2304 est:
2608 2247 2705 2301 sed
2738 2250 2867 2301 orat
2912 2240 3193 2305 sacerdos,
3223 2246 3284 2292 ut
3313 2236 3402 2293 ille
3449 2233 3864 2291 rationabiliter

2246 2352 2537 2407 tractatus,
2572 2348 2631 2395 et
2660 2337 2729 2393 ab
2765 2332 3127 2405 omnipotenti
3174 2331 3288 2387 Deo
3330 2338 3706 2394 consecratus,
3746 2342 3859 2383 ra-

2245 2433 2524 2493 tionabilis
2549 2432 2664 2497 ﬁat,
2696 2427 3032 2485 transeundo
3052 2425 3108 2480 in
3128 2438 3330 2495 corpus
3354 2420 3481 2477 Filii
3505 2419 3642 2492 t3th,
3668 2418 3851 2486 nobis,

2247 2530 2305 2587 id
2336 2538 2445 2597 est,
2476 2528 2542 2584 ad
2571 2525 2808 2583 salutem
2842 2531 3110 2577 nostram.

2322 2624 2436 2679 Hoc
2464 2630 2671 2685 autem,
2697 2618 2843 2690 quod
2871 2614 3159 2686 sequitur:
3199 2611 3306 2678 Qui
3330 2610 3503 2683 pridie
3527 2624 3686 2682 quam
3707 2616 3861 2678 pate-

2249 2727 2417 2781 retur,
2447 2730 2645 2786 nsque,
2677 2714 2735 2768 in
2753 2710 3063 2766 memoriam
3109 2706 3315 2778 facietis
3340 2721 3359 2759 :
3404 2701 3635 2775 apostoli
3665 2702 3720 2756 in
3751 2716 3858 2757 usu

2250 2811 2566 2868 habuerunt
2584 2814 2710 2880 post
2733 2803 3113 2863 ascensionem
3140 2798 3377 2855 Domini.
3405 2795 3560 2854 Unde
3582 2810 3717 2868 ergo
3745 2794 3857 2851 Ec-

2248 2902 2415 2960 clesia
2448 2901 2637 2974 jugem
2676 2898 2762 2954 sui
2803 2894 3127 2951 memoriam
3176 2888 3561 2960 Redemptoris
3584 2884 3854 2951 celebret,

2251 2999 2369 3069 ipse
2396 2996 2663 3053 Dominus
2686 2989 2967 3062 apostolis,
3004 2995 3062 3041 et
3089 2983 3323 3057 apostoli
3348 2980 3677 3053 generaliter
3704 2979 3860 3035 omni

2249 3087 2511 3148 Etclesias
2535 3084 2875 3142 tradiderunt
2900 3082 2953 3135 in
2975 3080 3061 3135 his
3089 3077 3294 3139 verbis,
3323 3074 3444 3131 sine
3465 3072 3662 3144 quibus
3689 3070 3861 3145 505

2251 3181 2403 3237 nulla
2421 3179 2632 3251 lingua,
2676 3176 2825 3232 nulla
2857 3176 3033 3246 regio,
3064 3171 3211 3227 nulla
3240 3169 3459 3235 civitas,
3493 3168 3548 3224 id
3568 3174 3673 3233 est,
3707 3166 3863 3221 nulla

2256 3290 2386 3348 pars
2422 3272 2680 3329 Ecclesia:
2726 3277 2909 3342 potest
2936 3279 3263 3325 consecrare
3300 3263 3405 3319 hoc
3432 3268 3865 3324 sacramentum,

2255 3364 2403 3438 quod
2450 3361 2743 3435 Apostolus
2790 3358 3129 3423 manifestat,
3174 3356 3407 3411 dicens:
3457 3352 3572 3425 Ego
3600 3350 3741 3405 enim
3763 3366 3867 3405 ac-

2256 3458 2370 3530 cepi
2396 3473 2430 3511 a
2461 3454 2713 3521 Domino,
2749 3451 2890 3524 quod
2920 3460 2969 3506 et
2995 3448 3193 3504 tradidi
3241 3446 3405 3511 vobis,
3446 3443 3698 3517 quoniam
3745 3440 3865 3496 Do.

2256 3550 2433 3605 "tinus
2456 3545 2640 3613 Iesus,
2689 3562 2795 3617 qua
2845 3552 2994 3599 nocte
3039 3540 3373 3605 tradebatur,
3402 3537 3601 3608 accepit
3645 3551 3864 3607 panem,

2256 3649 2313 3698 et
2341 3640 2551 3711 reliqua
2582 3636 2635 3712 (1
2679 3636 2805 3693 Cor.
2836 3651 2946 3699 xu,
2987 3634 3104 3704 23).
3140 3632 3348 3689 Christi
3387 3643 3520 3701 ergo
3559 3629 3764 3683 virtute
3808 3636 3869 3683 et

2258 3731 2443 3790 verbis
2464 3732 2569 3789 iste
2599 3731 2761 3802 panis
2789 3736 2847 3785 et
2868 3728 3014 3786 calix
3046 3724 3117 3781 ab
3158 3726 3317 3781 initio
3362 3729 3715 3779 consecratus
3754 3730 3868 3786 est,

2257 3833 2315 3880 et
2338 3838 2557 3895 semper
2598 3828 2973 3883 consecratur,
3006 3827 3063 3873 et
3094 3815 3530 3873 consecrabitur.
3569 3814 3689 3885 Ipse
3716 3814 3871 3868 enim

2259 3914 2489 3986 loquens
2515 3930 2614 3985 per
2643 3912 2963 3968 sacerdotes
3008 3924 3107 3966 sua
3140 3908 3330 3975 verba,
3379 3907 3594 3964 cmlesti
3640 3905 3872 3963 benedi-

2257 4008 2443 4064 ctione
2467 4012 2718 4061 sanctum
2749 4017 2949 4073 corpus
2978 4008 3036 4057 et
3063 4000 3386 4071 sanguinem
3432 4014 3593 4054 suum
3620 3996 3863 4068 per-ﬁcit.

2260 4099 2417 4170 Quod
2436 4106 2619 4154 autem
2644 4097 2759 4152 ait:
2788 4094 2996 4153 Sumite
3017 4109 3085 4149 ea:
3111 4093 3209 4148 hoc
3234 4107 3431 4153 omnes,
3463 4089 3874 4146 commendatio

2257 4202 2344 4250 est
2368 4191 2617 4258 unitatis,
2642 4198 2706 4245 ut
2748 4203 2850 4258 per
2879 4188 2984 4243 hoc
3024 4184 3348 4255 mysterium
3377 4180 3602 4239 Christo
3637 4179 3871 4251 partici-

2261 4294 2478 4357 pantes,
2527 4298 2696 4337 unum
2742 4281 2915 4336 simus
2954 4294 3148 4335 omnes
3187 4279 3243 4333 in
3284 4276 3400 4341 illo,
3449 4275 3593 4330 sicut
3639 4274 3877 4346 Aposto-

2262 4378 2348 4434 lus
2406 4377 2484 4431 ait
2527 4394 2542 4431 :
2608 4373 2759 4429 Unus
2816 4374 2990 4445 panis,
3026 4388 3192 4427 unum
3236 4386 3427 4441 corpus
3475 4367 3632 4422 multi
3680 4384 3873 4423 auritus

2264 4475 2319 4550 (1
2350 4472 2479 4532 Cor.
2511 4490 2569 4541 ι,
2598 4471 2711 4544 l7).
2754 4470 2931 4525 Tanta
2964 4477 3051 4525 est
3091 4476 3274 4523 autem
3315 4463 3577 4521 Ecclesia:
3600 4463 3784 4518 unitas
3812 4464 3874 4517 in

2262 4567 2507 4632 Christo,
2536 4574 2598 4620 ut
2636 4579 2780 4620 unus
2805 4561 3009 4632 ubique
3052 4560 3127 4616 sit
3150 4559 3311 4631 panis
3352 4557 3602 4627 corporis
3625 4553 3829 4610 Christi
3850 4596 3871 4622 ,

552 4683 718 4745 gnum
743 4675 829 4723 est
857 4674 920 4723 ιιι
960 4678 1153 4719 servus
1180 4675 1281 4717 SUO
1302 4658 1512 4716 serviat
1534 4655 1801 4720 Domino;
1833 4653 1926 4708 ιεά
1952 4662 2004 4708 ετ
2026 4668 2158 4706 ταη-
2185 4651 2236 4712 υ
2258 4666 2317 4713 et
2336 4670 2480 4713 unus
2493 4650 2646 4711 'calix
2677 4651 2962 4722 sanguinis
2981 4651 3102 4722 ejus
3130 4668 3145 4704 :
3175 4649 3471 4720 Accipiens,
3498 4646 3693 4716 inquit,
3721 4645 3875 4701 hunc

552 4776 654 4820 ctu:
679 4759 901 4835 familia:
925 4767 1056 4824 tute,
1083 4764 1142 4813 et
1160 4753 1393 4824 reliqua.
1424 4750 1494 4805 Et
1518 4750 1574 4805 in
1617 4748 1709 4803 his
1753 4746 1938 4802 verbis
1981 4746 2163 4799 unitas

553 4854 816 4915 Ecclesia:
849 4849 1185 4914 ostenditur,
1230 4844 1450 4917 quando
1495 4844 1549 4899 in
1580 4843 1673 4898 illa
1699 4840 1978 4897 oblatione
2005 4854 2159 4895 com-

556 4947 740 5005 munis
784 4943 1025 5001 servitus
1070 4938 1367 4995 exhibetur
1412 4936 1525 4991 Deo
1562 4942 1673 4988 tam
1704 4948 1736 4988 a
1766 4931 2159 4996 sacerdotibus,

557 5055 723 5113 quam
762 5052 792 5090 a
837 5041 1035 5090 cuncta
1087 5028 1295 5086 familia
1339 5029 1537 5083 domus
1585 5025 1705 5081 Dei.
1742 5023 1948 5081 Oratur
1977 5023 2162 5092 itaque

555 5131 726 5194 Deus,
753 5134 814 5181 ut
837 5126 976 5180 hanc
1001 5122 1356 5186 oblationem,
1390 5134 1557 5189 quam
1584 5118 1662 5173 illi
1692 5115 1794 5172 soli
1832 5115 2015 5172 debita
2041 5131 2157 5170 ser-

556 5223 731 5277 vitute
758 5216 935 5274 defert
962 5214 1227 5278 Ecclesia,
1268 5212 1508 5283 placatus
1554 5208 1805 5281 accipiat,
1840 5216 1889 5262 et
1931 5208 2006 5262 sic
2045 5207 2160 5261 dies

560 5323 792 5376 nostros,
821 5308 1020 5380 quibus
1067 5307 1212 5360 inter
1264 5305 1479 5360 diversa
1528 5299 1771 5372 pericula
1822 5300 2073 5363 vivimus,
2102 5299 2159 5351 in

557 5421 658 5460 sua
684 5419 812 5474 pace
832 5401 1101 5471 disponat,
1132 5398 1395 5466 ﬁnitoque
1419 5394 1581 5462 hujus
1598 5390 1947 5447 mortalitatis
1968 5406 2157 5455 cursu,

557 5496 627 5552 ab
656 5505 856 5551 aeterna
886 5493 1231 5547 damnatione
1272 5498 1499 5561 ereptos,
1528 5488 1584 5541 in
1618 5486 1902 5540 electorum
1937 5501 2157 5539 suorum

558 5600 713 5658 grege
733 5598 1087 5639 annumerare
1108 5580 1372 5653 dignetur.
1419 5577 1544 5632 llmc
1564 5576 1805 5646 quidem,
1844 5576 1896 5631 id
1930 5584 2034 5641 est,
2070 5593 2160 5632 ex-

560 5677 953 5740 hortationem,
1010 5673 1451 5731 obsecrationem
1544 5678 1602 5725 et
1666 5670 2155 5735 consecrationem,

557 5767 936 5842 principaliter
960 5766 1213 5825 Gelasius
1231 5765 1559 5837 composuit.
1594 5763 1702 5818 Sed
1726 5764 1922 5818 beatus
1951 5763 2160 5836 Grego-

564 5878 677 5918 rius
731 5861 939 5918 addidit
988 5860 1135 5920 hunc
1186 5858 1512 5917 versiculum
1552 5872 1566 5911 :
1622 5857 1791 5928 Atque
1841 5856 1906 5910 ab
1960 5869 2157 5912 trterna

2263 4747 2584 4821 prteclarum
2625 4744 2865 4799 calicem.
2914 4741 3040 4797 Ideo
3077 4741 3233 4806 dicit,
3282 4742 3422 4794 hunc
3452 4738 3675 4803 accepit,
3716 4739 3873 4808 quod

2263 4839 2428 4904 calix,
2459 4853 2624 4908 quem
2659 4835 2919 4892 sacerdos
2945 4833 3249 4890 catholicus
3293 4829 3591 4897 sacriﬁcat,
3642 4846 3751 4886 non
3780 4840 3877 4887 est

2263 4931 2443 4997 alius,
2484 4928 2594 4984 nisi
2633 4928 2751 4998 ipse
2800 4941 2964 4996 quem
3012 4924 3274 4980 Dominus
3309 4921 3572 4994 apostolis
3616 4921 3870 4979 tradidit.

2263 5021 2401 5090 Quia
2436 5021 2579 5078 sicut
2602 5020 2862 5076 divinitas
2887 5017 3052 5075 Verbi
3104 5017 3199 5073 Dei
3246 5032 3354 5071 uua
3383 5023 3492 5082 est,
3523 5029 3648 5085 qua:
3686 5021 3872 5071 totum

2263 5114 2453 5186 implet
2476 5111 2763 5177 mundum,
2796 5111 2873 5165 ita
2915 5109 3044 5165 licet
3073 5108 3259 5164 multis
3286 5107 3422 5163 locis
3445 5114 3503 5162 et
3541 5107 3870 5165 innumera-

2261 5207 2461 5263 bilibus
2490 5206 2681 5262 diebus
2722 5203 2855 5257 illud
2908 5216 3110 5272 corpus
3159 5205 3535 5264 consecretur,
3581 5211 3692 5253 non
3737 5210 3874 5255 sunt

2263 5308 2445 5353 tamen
2490 5298 2659 5352 multa
2690 5310 2921 5365 corpora
2954 5293 3182 5359 Christi,
3231 5306 3409 5362 neque
3456 5289 3613 5345 multi
3640 5291 3869 5359 calices,

2262 5391 2357 5445 sed
2396 5406 2562 5444 unum
2588 5402 2791 5459 corpus
2829 5385 3056 5449 Christi,
3099 5392 3157 5439 et
3205 5398 3348 5438 unus
3374 5383 3596 5454 sanguis
3622 5398 3749 5437 cum
3774 5398 3869 5451 eo,

2262 5482 2407 5551 quod
2435 5481 2669 5551 sumpsit
2699 5480 2752 5534 in
2784 5487 2942 5533 utero
2977 5475 3241 5549 Virginis,
3269 5484 3326 5531 et
3366 5477 3512 5546 quod
3552 5476 3700 5531 dedit
3733 5491 3873 5546 apo-

2259 5575 2435 5631 stolis.
2470 5574 2736 5629 Divinitas
2775 5573 2924 5628 enim
2967 5571 3132 5626 Verbi
3165 5570 3338 5641 replet
3375 5568 3505 5624 illud
3560 5569 3704 5639 quod
3743 5569 3873 5624 ubi—

2260 5684 2367 5740 que
2420 5678 2526 5736 est,
2556 5679 2613 5725 et
2640 5665 2947 5738 conjungit,
2991 5679 3058 5720 ac
3102 5663 3256 5730 facit,
3308 5672 3370 5719 ut
3418 5665 3562 5719 sicut
3604 5664 3722 5733 ipsa
3758 5679 3869 5718 una

2259 5770 2363 5828 est,
2408 5762 2481 5816 ita
2518 5762 2881 5831 conjungatur
2917 5757 3138 5827 corpori
3170 5755 3398 5821 Christi,
3442 5764 3499 5811 et
3542 5770 3706 5811 unum
3741 5768 3871 5811 cor-

2260 5872 2362 5928 pus
2399 5852 2518 5924 ejus
2548 5855 2621 5911 sit
2657 5853 2710 5908 in
2751 5851 3001 5908 veritate.
