4092 6486
598 347 631 401 "l
642 346 747 401 Ξ(ῗό

1430 336 1495 395 Β.
1538 338 1601 395 F.
1642 337 1872 395 ALBINI
1913 337 2046 395 SEU
2088 335 2372 396 ALCUINI
2406 334 2698 395 OPERUM
2735 329 2921 389 PARS
2957 330 3052 386 1x.

3777 322 3922 379 ιεδι

604 480 745 538 pene
775 459 1120 519 ineﬂ'abiliter
1146 456 1377 529 loquens
1408 469 1433 497 ι
1463 476 1476 512 :
1509 476 1529 510 ι
1566 456 1723 525 Quis,
1751 455 1947 527 inquit,
1972 452 2213 509 ﬁdelium
2244 458 2289 516 Α
2317 453 2696 511 defunctorum
2735 457 3061 523 separantur
3097 447 3166 504 ab
3188 446 3465 505 Ecclesia:
3513 445 3758 517 alioquin
3808 461 3923 500 non

606 559 810 616 habere
837 553 1061 609 dubium
1084 551 1280 623 possit,
1312 551 1365 605 in
1404 552 1521 621 ipsa
1548 548 1941 606 immolationis
1973 546 2106 602 hora
2136 545 2208 600 ad

606 649 912 707 sacerdotis
941 661 1131 702 vocem
1162 645 1334 701 cmlos
1359 643 1585 714 aperiri,
1638 644 1694 698 in
1724 642 1816 699 illo
1842 640 1974 697 Iesu
2005 638 2211 694 Christi

607 743 872 815 mysterio
891 739 1206 811 angelorum
1234 736 1432 794 choros
1455 739 1669 803 adesse,
1700 736 1934 792 summis
1973 735 2082 790 ima
2122 746 2213 788 so-

606 834 766 899 ciari,
819 842 1034 888 terrena
1066 829 1379 885 caelestibus
1410 829 1589 901 iungi,
1644 843 1813 883 unum
1842 826 2103 899 quiddam
2141 838 2210 879 ex

608 924 911 980 visibilibus
935 932 1097 993 atque
1130 921 1487 976 invisibilibus
1512 919 1629 974 ﬁeri
1657 919 1681 973 ?
1712 940 1731 972 ι
1798 916 1944 974 Idem
1995 930 2212 987 quoque

610 1015 768 1070 alibi:
827 1034 845 1066 ι
882 1012 1023 1077 Uno,
1064 1012 1259 1082 inquit,
1294 1012 1483 1065 eodem
1516 1019 1762 1082 tempore
1797 1024 1863 1064 ac
1910 1017 2210 1072 momento,

609 1119 666 1164 et
690 1111 743 1164 in
770 1106 1001 1163 excelsis
1029 1106 1237 1175 rapitur
1264 1104 1629 1159 ministerium
1660 1102 1980 1174 angelorum
2023 1114 2215 1156 conso-

611 1203 865 1257 ciandum
905 1198 1121 1269 corpori
1141 1196 1368 1262 Christi,
1403 1204 1460 1252 et
1510 1204 1636 1251 ante
1672 1194 1859 1251 oculos
1913 1192 2216 1250 sacerdotis

613 1294 668 1348 in
702 1293 860 1349 altari
912 1292 1147 1347 videtur.
1201 1309 1220 1342 ι
1282 1288 1484 1344 Beatus
1525 1304 1743 1359 quoque
1771 1287 2110 1361 Augustinus
2148 1285 2216 1341 de

611 1388 802 1443 eodem
824 1384 1037 1440 sublimi
1064 1382 1227 1438 altari
1263 1382 1320 1435 in
1349 1390 1633 1451 conspectu
1676 1379 1872 1435 divinis
1919 1375 2217 1449 majestatis

612 1480 695 1533 sic
732 1476 865 1532 ait'b
898 1493 911 1529 :
961 1494 979 1526 ι
1014 1473 1110 1529 Est
1131 1472 1405 1543 quoddam
1434 1471 1609 1527 altare
1660 1470 1754 1524 Dei
1803 1468 2101 1533 invisibile,
2148 1466 2221 1524 ad

614 1571 758 1639 quod
785 1585 893 1624 non
929 1567 1164 1632 accedit,
1186 1564 1278 1636 qui
1308 1564 1377 1618 ad
1398 1562 1543 1617 istud
1577 1577 1805 1617 securus
1830 1560 2064 1617 accedit.
2103 1557 2221 1615 Illic

615 1663 827 1718 invenit
850 1661 1019 1715 vitam
1042 1673 1217 1723 suam,
1240 1657 1329 1727 qui
1351 1656 1457 1711 isto
1481 1655 1727 1710 decernit
1753 1669 1971 1709 causam
1994 1668 2169 1709 suam.
2194 1671 2214 1704 ι

618 1753 744 1810 Haec
771 1769 835 1808 ex
871 1751 1095 1806 Patrum
1122 1748 1306 1804 verbis
1334 1746 1512 1819 posita
1547 1753 1695 1812 sunt,
1731 1761 1802 1802 ne
1830 1746 1957 1817 quis
1985 1744 2219 1801 carnali-

2312 547 2381 605 ad
2404 548 2579 605 altare
2608 548 2763 604 ﬁeret
2787 560 2976 602 eorum
3004 544 3263 600 memoria
3290 539 3775 599 inconsecratione
3802 552 3928 594 cor-

2311 639 2463 711 poris
2485 638 2710 694 Christi.
2765 635 2896 692 Post
2927 634 3019 689 illa
3047 648 3175 704 ergo
3205 633 3392 698 verba,
3445 631 3644 703 quibus
3687 629 3923 692 dicitur,

2311 734 2369 788 in
2388 747 2574 787 somno
2594 730 2761 802 pacis,
2786 743 2920 784 usus
2934 726 3039 783 fuit
3061 725 3436 796 antiquorum,
3460 726 3602 781 sicut
3623 722 3795 780 etiam
3830 735 3927 776 us—

2313 836 2421 893 que
2440 821 2600 877 hodie
2631 820 2876 874 Romana
2902 818 3015 889 agit
3041 816 3304 883 Ecclesia,
3328 825 3390 872 ut
3408 816 3591 873 statim
3618 813 3927 871 recitaren-

2317 925 2408 970 tur
2418 926 2481 967 ex
2505 913 2794 984 diptychis,
2812 911 2867 965 id
2889 920 2995 975 est,
3017 909 3239 975 tabulis,
3259 908 3479 964 nomina
3495 905 3886 963 defunctorum
3908 923 3921 956 :

2316 1016 2481 1077 atque
2515 1006 2588 1060 ita
2621 1012 2745 1076 post
2796 1002 3087 1059 lectionem
3133 1001 3433 1065 nominum,
3462 998 3930 1071 subjungerentur

2316 1098 2482 1153 verba
2506 1095 2820 1166 sequentia:
2848 1092 3010 1164 Ipsis,
3039 1091 3293 1146 videlicet
3305 1105 3538 1161 quorum
3560 1090 3785 1145 nomina
3810 1101 3931 1143 me-

2318 1196 2623 1254 morantur,
2653 1196 2702 1241 et
2733 1184 2939 1240 caneris
2962 1183 3272 1238 omnibusin
3305 1179 3516 1236 Christo
3540 1178 3931 1252 quiescentibus

2318 1278 2595 1351 indulgeas
2640 1277 2815 1332 locum
2849 1276 3158 1347 refrigerii,
3206 1272 3296 1329 ubi
3329 1287 3439 1329 non
3477 1272 3712 1329 sentitur
3755 1269 3934 1326 ardor

2318 1389 2604 1448 pmnarum
2629 1391 2643 1428 :
2664 1382 2713 1427 et
2735 1371 2895 1435 lucis,
2915 1370 2985 1426 de
2997 1384 3103 1440 qua
3122 1365 3439 1433 Psalmista,
3465 1362 3718 1420 Placeam
3739 1378 3933 1419 coram

2318 1467 2453 1533 Deo,
2479 1474 2537 1522 et
2553 1471 2752 1523 cetera
2782 1459 2961 1536 (Psal.
2992 1476 3081 1527 ιν,
3120 1458 3244 1529 l5):
3295 1467 3345 1513 et
3371 1457 3539 1528 pacis,
3568 1458 3624 1512 in
3653 1471 3764 1528 qua
3796 1470 3934 1512 san-

2319 1566 2535 1615 ctorum
2564 1558 2763 1613 anima:
2792 1554 3167 1627 requiescunt,
3196 1559 3258 1607 ut
3286 1559 3372 1608 est
3406 1566 3421 1606 :
3461 1548 3551 1606 Illi
3575 1558 3753 1605 autem
3800 1558 3935 1605 sunt

2322 1655 2378 1709 in
2398 1668 2530 1725 pace
2556 1649 2711 1727 (Sap.
2738 1666 2827 1718 ιιι,
2854 1648 2936 1724 5).

2396 1767 2565 1824 Nobis
2593 1785 2794 1841 quoque
2814 1768 3174 1841 peccatoribus
3195 1768 3412 1841 famulis
3436 1768 3561 1832 tuis,
3591 1778 3646 1825 et
3685 1766 3930 1838 reliqua.

619 1854 703 1902 ter
728 1845 962 1901 aestimet
995 1843 1048 1896 in
1074 1840 1229 1897 cuilis
1255 1854 1380 1895 esse
1405 1838 1576 1894 altare
1598 1852 1953 1909 corporeum:
2002 1837 2097 1893 sed
2122 1852 2220 1908 po-
2251 1821 2297 1884 B
2324 1821 2502 1918 Liéﬂ—
2522 1821 2684 1918 55,,

618 1942 729 1995 tius
754 1938 1118 2009 intelligamus
1142 1934 1374 1991 sublime
1402 1934 1576 1989 altare
1603 1932 1725 1999 Dei,
1772 1932 2040 1989 rationale
2062 1940 2119 1987 et
2140 1932 2219 1986 in-

620 2029 918 2100 telligibile,
949 2027 1155 2083 essein
1184 2026 1357 2081 electa
1382 2034 1438 2081 et
1466 2024 1720 2081 rationali
1751 2032 2022 2090 creatura,
2052 2038 2220 2095 ange-

619 2124 723 2180 lica
755 2121 961 2177 scilicet
984 2129 1041 2176 et
1066 2121 1337 2181 humana;
1391 2132 1512 2187 quae
1543 2115 1600 2171 in
1629 2116 1836 2172 sanctis
1867 2114 2095 2186 angelis,
2150 2128 2219 2168 cx

617 2228 728 2283 quo
755 2210 971 2269 condita
1017 2219 1122 2276 est,
1163 2209 1220 2264 in
1248 2207 1710 2279 contemplatione
1754 2206 1855 2262 Dei
1905 2206 2214 2268 sublimata,

618 2315 676 2359 et
709 2303 814 2359 sibi
836 2303 1069 2357 invicem
1095 2315 1194 2371 per
1213 2298 1492 2357 Christum
1519 2300 1702 2367 unita,
1733 2313 1923 2354 verum
1954 2305 2011 2353 et
2058 2297 2222 2353 subli-

619 2411 707 2451 me
744 2396 918 2450 altare
943 2391 1039 2447 Dei
1072 2392 1280 2458 existit,
1328 2406 1395 2446 ex
1434 2406 1543 2462 quo
1572 2390 1772 2461 accipit
1819 2389 2220 2460 sempiternum

618 2484 952 2543 sacriﬁcium
980 2484 1155 2539 laudis
1181 2491 1239 2539 et
1269 2484 1505 2538 hostiam
1537 2481 1916 2553 jubilationis;
1961 2482 2030 2537 ad
2062 2479 2220 2552 cujus

621 2578 889 2634 unitatem
914 2575 1227 2647 adiungitur
1250 2589 1394 2629 nunc
1422 2589 1523 2644 per
1541 2574 1723 2640 tidem,
1767 2581 1823 2630 et
1843 2573 1901 2628 in
1924 2571 2110 2628 futuro
2122 2586 2223 2644 per

620 2671 821 2727 divina:
869 2666 1346 2738 contemplationis
1406 2667 1645 2737 speciem
1687 2667 1867 2721 omnis
1927 2663 2223 2721 multitudo

619 2764 937 2821 electorum.
980 2761 1067 2816 Fit
1092 2774 1223 2831 ergo
1242 2766 1299 2813 et
1329 2758 1385 2814 in
1414 2758 1519 2816 ista
1546 2758 1822 2815 oblatione
1855 2757 2060 2828 aliquid
2084 2755 2223 2814 inef-

624 2854 811 2921 fabile,
832 2863 892 2909 ut
916 2868 1014 2925 per
1033 2851 1278 2925 angelica
1293 2851 1617 2917 ministeria,
1648 2859 1910 2921 tanquam
1924 2851 1991 2906 de
2003 2849 2222 2906 sublimi

626 2950 807 3015 altari,
862 2949 1059 3004 divina:
1114 2947 1385 3018 majestati
1429 2944 1714 3012 oll'eratur,
1766 2960 1893 3001 cum
1916 2946 2225 3002 astantibus

626 3041 889 3098 ministris
935 3038 1247 3095 ctelestibus
1277 3037 1549 3103 Christus,
1580 3046 1640 3092 ut
1684 3037 1867 3094 oblata
1912 3046 2221 3107 consecret,

2322 1969 2651 2027 cognoscere
2674 1955 2994 2021 debeamus,
3046 1965 3179 2013 tunc
3202 1972 3367 2029 quam
3394 1959 3633 2014 maxime
3659 1958 3935 2015 conﬁten-

2322 2048 2452 2103 dum
2473 2056 2580 2115 est,
2610 2063 2735 2105 cum
2763 2049 2858 2105 illo
2880 2064 3039 2106 sacro
3083 2053 3348 2123 mysterio
3371 2049 3681 2107 celebratur
3730 2051 3939 2108 remis-

2324 2137 2497 2194 sionis
2516 2140 2694 2211 gratia
2720 2148 2776 2196 et
2802 2139 3137 2213 indulgentia
3170 2153 3541 2213 peccatorum,
3594 2150 3653 2198 et
3674 2157 3807 2200 cum
3837 2144 3939 2199 hu-

2325 2229 2556 2303 militate
2582 2239 2638 2287 et
2657 2232 2984 2288 contritione
3010 2232 3190 2288 cordis
3213 2232 3500 2289 dicendum
3543 2232 3658 2290 Deo
3703 2252 3717 2289 :
3756 2234 3939 2289 Nobis

2323 2337 2530 2397 quoque
2562 2322 2950 2395 peccatoribus,
2972 2338 3081 2380 non
3109 2323 3176 2379 de
3192 2323 3319 2380 ullis
3339 2324 3542 2380 nostris
3565 2323 3806 2391 meritis,
3836 2324 3939 2381 sed

2323 2415 2391 2470 de
2409 2414 2747 2471 multitudine
2767 2414 3165 2472 miserationum
3190 2432 3409 2472 suarum
3430 2417 3784 2487 sperantibus,
3806 2432 3943 2487 par-

2324 2517 2431 2564 tem
2454 2507 2690 2582 aliquam
2735 2520 2783 2564 et
2808 2508 3108 2564 societatem
3138 2509 3339 2563 donare
3364 2509 3610 2581 dignetur
3654 2525 3774 2563 cum
3820 2508 3943 2564 suis

2325 2602 2526 2657 sanctis
2547 2602 2822 2674 apostolis,
2851 2610 2901 2656 et
2922 2602 3267 2673 martyribus,
3293 2611 3343 2655 et
3354 2601 3597 2657 omnibus
3622 2600 3849 2666 sanctis,
3872 2610 3941 2657 ut

2328 2707 2429 2764 pro
2448 2691 2666 2749 modulo
2689 2700 2898 2757 nostro,
2947 2693 3147 2762 quibus
3166 2705 3312 2747 nunc
3338 2691 3615 2748 sociamur
3656 2706 3756 2762 per
3782 2706 3944 2747 com-

2328 2785 2646 2842 munionem
2670 2784 2818 2852 ﬁdei,
2859 2798 3095 2855 quorum
3135 2786 3457 2841 memoriam
3478 2799 3826 2849 veneramur,
3880 2785 3941 2840 in

2329 2892 2562 2948 quorum
2591 2878 2977 2935 communione
3008 2887 3066 2934 et
3108 2879 3320 2934 unitate
3350 2879 3470 2934 hcce
3519 2882 3782 2949 mysteria
3820 2878 3944 2948 agi-

2329 2986 2475 3038 mus,
2501 2985 2625 3027 cum
2653 2971 2787 3042 ipsis
2804 2971 3122 3027 societatem
3144 2969 3493 3025 beatitudinis
3522 2979 3739 3025 aeterna!
3770 2969 3830 3024 in
3859 2967 3945 3023 fu-

2330 3070 2460 3118 turo
2490 3062 2845 3133 accipiamus.
2895 3060 3051 3117 Intra
3078 3077 3303 3134 quorum
3350 3063 3694 3125 consortium,
3718 3070 3781 3115 ut
3836 3060 3947 3115 Dei

621 3135 815 3188 adesse
840 3130 1141 3187 credendus
1163 3139 1267 3186 est.
1323 3130 1476 3186 Unde
1498 3128 2054 3186 beatusAmbros'ius:
2102 3128 2221 3187 Non

646 3228 657 3241 .
1414 3220 1655 3241 --ηιμ
1725 3222 1930 3241 _-__.-

2334 3168 2428 3208 nos
2463 3128 2631 3225 pietas
2670 3152 2975 3208 introducat
3012 3128 3259 3223 petimus,
3286 3160 3345 3206 ut
3389 3168 3495 3207 non
3538 3153 3704 3207 nostri
3758 3152 3947 3206 meriti

624 3225 861 3289 dubites,
900 3222 1094 3292 inquit,
1123 3222 1379 3276 assistere
1410 3220 1679 3291 angelum,
1717 3222 1935 3291 quando
1973 3222 2221 3279 Christus

625 3315 856 3379 assistit,
872 3312 1118 3367 Christus
1139 3310 1468 3367 immolatur.
1502 3309 1607 3365 Per
1635 3311 1751 3367 haec
1776 3312 2035 3383 mysteria
2056 3314 2222 3369 corda

628 3405 869 3461 ﬁdelium
896 3404 1045 3460 omni
1074 3403 1451 3458 benedictione
1478 3402 1691 3459 caelesti
1732 3404 1904 3474 replet
1933 3413 1989 3459 et
2025 3404 2219 3477 gratia,

633 3503 881 3557 tribuens
908 3498 1228 3569 corporibus
1270 3497 1671 3565 castimoniam,
1699 3499 1973 3556 mentibus
2037 3500 2222 3568 ﬁdem,

627 3593 1054 3666 cogitationibus
1076 3591 1390 3662 puritatem.

705 3688 968 3742 Memento
993 3684 1172 3749 etiam,
1194 3683 1439 3749 Domine,
1457 3682 1781 3751 famulorum
1798 3683 2227 3756 famularumque

627 3792 864 3844 tuarum,
902 3786 958 3833 et
981 3776 1208 3847 reliqua.
1283 3774 1416 3830 Orat
1460 3776 1551 3846 pia
1582 3790 1756 3831 mater
1784 3777 2029 3833 Ecclesia
2058 3780 2227 3834 etiam

628 3886 729 3943 pro
775 3869 1046 3925 defunctis
1070 3869 1201 3935 suis,
1254 3878 1309 3921 et
1338 3882 1432 3922 eos
1456 3882 1625 3923 suem
1651 3868 1940 3924 oblationis
1964 3870 2231 3928 interces-

628 3968 784 4021 sione
809 3962 1184 4030 commendat,
1228 3961 1530 4017 certissime
1567 3963 1800 4018 credens
1837 3964 1965 4034 quia
2006 3965 2229 4036 sanguis

630 4061 722 4116 ille
748 4058 1039 4131 pretiosus,
1072 4057 1161 4126 qui
1190 4071 1292 4125 pro
1317 4054 1503 4110 multis
1529 4054 1735 4111 effusus
1762 4065 1848 4111 est
1876 4058 1928 4110 in
1952 4057 2231 4113 remissio-

631 4168 756 4208 nem
780 4158 1149 4220 peccatorum,
1178 4163 1286 4202 nou
1326 4147 1501 4202 solum
1531 4148 1599 4202 ad
1637 4147 1865 4203 salutem
1905 4149 2227 4212 viventium,

629 4246 727 4302 sed
771 4245 937 4300 etiam
982 4241 1049 4296 ad
1076 4241 1309 4296 salutem
1352 4241 1531 4296 valeat
1560 4226 1963 4297 defunctorum.
2020 4238 2233 4295 Praece-

630 4340 767 4390 dunt
814 4334 958 4388 enim
1000 4331 1184 4387 ﬁdeles
1237 4331 1304 4384 de
1338 4345 1565 4402 corpore
1612 4340 1877 4386 exeuntes
1923 4330 1991 4386 ad
2034 4331 2227 4396 Deum,

630 4428 723 4482 sed
748 4440 855 4480 non
879 4425 1261 4497 pmceduntur
1281 4426 1627 4492 abEcclesia,
1652 4428 1745 4496 qui
1762 4427 2077 4496 praecedunt
2099 4444 2227 4484 cum

2329 3244 2637 3308 a’stimator,
2663 3244 2753 3299 sed
2777 3245 2941 3298 veniae
2962 3243 3207 3315 largitor,
3239 3253 3300 3297 ut
3324 3243 3451 3313 quia
3480 3251 3796 3299 sanctorum
3844 3257 3943 3298 so-

2328 3336 2516 3392 cietati
2556 3351 2659 3408 per
2688 3336 2945 3405 meritum
2996 3351 3103 3391 non
3130 3351 3456 3406 possumus,
3511 3351 3609 3407 per
3659 3336 3951 3409 indulgen-

2330 3433 2466 3488 tiam
2486 3430 2896 3502 conjungamur.
2924 3428 2983 3484 in
3009 3428 3117 3485 ﬁne
3144 3436 3325 3486 autem
3344 3429 3627 3496 orationis,
3658 3444 3759 3501 per
3773 3444 3949 3501 quem

2333 3519 2451 3577 haec
2473 3520 2653 3575 omnia
2691 3518 2849 3575 nobis
2899 3518 3173 3589 speranda
3201 3527 3259 3574 et
3295 3519 3589 3575 obtinenda
3633 3520 3768 3580 sint.
3814 3520 3951 3575 sub-

2328 3611 2595 3682 iungitur,
2634 3618 2689 3665 et
2740 3608 2924 3665 statim
2976 3607 3255 3664 conclusio
3284 3609 3453 3664 totius
3504 3609 3949 3665 consecrationis

2333 3702 2600 3772 sequitur,
2646 3698 2914 3755 dicendo:
2960 3694 3069 3753 Per
3096 3713 3249 3769 quem
3298 3698 3409 3753 haec
3454 3701 3653 3765 omnia,
3683 3698 3947 3763 Domine,

2332 3810 2536 3865 semper
2580 3792 2715 3848 bona
2747 3808 2915 3855 creas,
2949 3796 3272 3846 etcaetera:
3323 3804 3521 3875 usque,
3582 3791 3773 3846 Amen.
3832 3792 3950 3848 Per

2333 3885 2612 3944 Christum
2649 3883 2791 3940 Deus
2817 3883 2979 3940 Pater
3005 3883 3124 3939 haec
3144 3882 3327 3939 omnia
3364 3898 3473 3938 non
3500 3882 3671 3938 solum
3695 3883 3750 3938 in
3779 3900 3949 3941 exor-

2331 3979 2423 4035 dio
2449 3978 2658 4035 creavit
2671 3978 2972 4044 condendo,
2999 3978 3093 4033 sed
3118 3978 3285 4033 etiam
3315 3992 3532 4049 semper
3553 3986 3702 4032 creat
3732 3994 3947 4050 propa-

2332 4070 2512 4141 gando
2536 4078 2593 4125 et
2618 4071 2956 4141 reparando;
3009 4071 3170 4138 bona,
3197 4070 3324 4141 quia
3346 4071 3531 4126 omnia
3558 4087 3587 4125 a
3610 4070 3724 4127 Deo
3749 4086 3946 4129 creata

2331 4167 2489 4223 valde
2514 4168 2686 4233 bona;
2729 4178 2884 4223 creat
2910 4175 2965 4222 et
2989 4167 3104 4223 suis
3126 4166 3509 4238 conspectibus
3530 4165 3711 4223 oblata
3730 4169 3945 4222 sancti-

2330 4259 2476 4329 ﬁcat,
2524 4267 2585 4315 ut
2630 4275 2752 4330 quae
2789 4268 2945 4315 erant
2995 4259 3227 4330 simplex
3286 4270 3557 4326 creatura,
3591 4259 3727 4315 ﬁant
3749 4274 3949 4316 sacra-

2331 4360 2537 4408 menta.
2596 4349 2862 4422 Viviﬁcat,
2885 4360 2946 4407 ut
2970 4351 3081 4408 sint
3105 4350 3367 4423 mysteria
3391 4352 3533 4406 vitm.
3564 4350 3953 4423 Benedicitque

2332 4444 2483 4501 omni
2509 4442 2876 4500 benedictioni
2901 4443 3113 4500 caelesti
3134 4452 3189 4497 et
3211 4440 3388 4515 gratia
3414 4441 3745 4497 accumulat.
3784 4439 3952 4499 Pro:-

631 4517 787 4607 signo
811 4515 954 4582 ﬁdei,
984 4517 1111 4585 quia
1145 4531 1284 4585 aqua
1310 4524 1365 4570 et
1402 4517 1607 4587 Spiritu
1636 4526 1826 4573 sancto
1854 4518 2050 4584 renati,
2098 4517 2226 4588 quia
2262 4546 2311 4607 ο
2332 4546 2441 4591 “at
2483 4535 2643 4592 nobis
2683 4549 2783 4605 per
2809 4535 3062 4591 eumdem
3102 4548 3288 4589 secum
3343 4534 3794 4599 ωηοιωαιηιειη,
3845 4535 3950 4605 qui

630 4606 833 4661 Christi
859 4622 1024 4661 cruce
1042 4608 1271 4675 signati:
1301 4607 1789 4675 dorminntautem,
1820 4616 2079 4680 tanquam
2102 4624 2232 4665 vere

632 4702 687 4755 in
721 4700 1117 4755 resurrectione
1152 4701 1475 4765 suscitandi,
1506 4702 1563 4756 in
1590 4718 1772 4756 somno
1813 4704 1983 4775 pacis,
2003 4703 2133 4774 quia
2165 4705 2234 4759 ab

632 4794 842 4847 unitate
887 4791 1093 4847 Christi
1141 4800 1197 4846 et
1226 4791 1503 4858 Ecclesiae,
1548 4809 1649 4849 nec
1696 4809 1796 4864 per
1823 4794 2082 4860 haereses,
2131 4809 2236 4850 nec

630 4899 729 4952 per
755 4883 1003 4938 mortalia
1020 4884 1256 4938 crimina
1283 4885 1519 4954 separati
1542 4892 1667 4939 sunt
1696 4927 1710 4951 ,
1753 4886 1806 4941 in
1837 4888 2034 4955 quibus
2080 4896 2138 4943 et
2187 4888 2235 4944 si

631 4975 927 5045 aliquando
976 4974 1177 5029 fuerint
1201 5016 1214 5035 ,
1276 4984 1455 5030 tamen
1480 4990 1580 5045 per
1607 4976 1987 5045 paenitentiam
2015 4979 2229 5047 sanati,

631 5075 695 5121 ut
727 5080 827 5136 per
853 5065 1157 5119 orationem
1195 5064 1473 5131 Ecclesiae,
1523 5068 1615 5120 cui
1632 5068 1835 5121 dictum
1884 5078 1997 5125 est:
2051 5068 2231 5134 Quod-

634 5170 839 5226 cunque
858 5152 1096 5218 solveris,
1125 5154 1224 5207 erit
1247 5154 1476 5207 solutum
1507 5152 1724 5225 (Matth.
1748 5173 1862 5222 xvn,
1896 5158 2007 5227 i9),
2041 5174 2236 5216 recon-

637 5245 805 5300 ciliati
843 5253 901 5300 et
929 5244 1318 5315 redemptionis
1367 5248 1625 5316 mysterio
1673 5239 1887 5314 sociati,
1936 5250 2126 5320 utique
2174 5252 2229 5307 iu

636 5350 769 5409 pace
795 5336 1065 5400 obierunt,
1122 5335 1414 5391 miserante
1437 5337 1553 5403 illo,
1609 5338 1701 5408 qui
1728 5354 1834 5394 non
1858 5340 1971 5395 vult
1998 5350 2228 5398 mortem

634 5427 960 5501 peccatoris,
1005 5435 1061 5483 et
1085 5426 1337 5498 reliqua;
1396 5445 1572 5499 neque
1620 5429 1765 5485 enim
1798 5433 2008 5502 piorum
2035 5433 2231 5490 anima:

711 5595 737 5656 ξ
780 5582 838 5656 ξ.
872 5580 1035 5651 Greg.
1064 5580 1154 5643 M.,
1180 5580 1303 5636 libr.
1341 5599 1400 5656 ινη
1427 5583 1567 5639 Dial.
1596 5602 1714 5656 cap.
1745 5586 1833 5642 58.

715 5654 761 5733 δ’
782 5652 988 5733 Textus
1004 5660 1326 5733 corruptus.
1388 5655 1450 5733 lu
1490 5652 2123 5733 Augustino,__Enarrat.
2176 5663 2232 5717 in

644 5722 783 5799 l’sal.
813 5739 945 5799 ξιιι3
977 5721 1303 5799 italegitur:
1351 5743 1368 5775 ι
1410 5726 1507 5780 Est
1534 5721 1679 5799 enim
1704 5729 1977 5799 quoddam
2001 5732 2231 5788 sublime

643 5794 814 5851 altare
836 5793 1125 5861 invisibile,
1175 5808 1283 5866 quo
1318 5810 1423 5851 non
1446 5798 1657 5854 accedit
1686 5793 1951 5871 injustas;
2002 5802 2068 5857 ad
2103 5803 2231 5860 illud

2338 4625 2496 4682 nobis
2514 4624 2582 4681 de
2606 4640 2834 4695 corpore
2856 4641 2923 4681 ac
2949 4624 3215 4696 sanguine
3249 4639 3350 4679 suo
3374 4633 3488 4680 tam
3534 4622 3809 4680 salubrem
3841 4625 3950 4683 de—

2337 4718 2419 4773 dit
2442 4714 2813 4782 refectionem,
2845 4732 2941 4788 per
2962 4716 3136 4785 ipsum
3167 4724 3424 4785 tanquam
3459 4729 3647 4769 verum
3674 4715 3950 4771 mediato-

2338 4824 2454 4863 rem
2477 4806 2575 4863 Dei
2601 4814 2659 4862 et
2705 4806 3011 4872 hominum,
3055 4823 3175 4860 cum
3204 4806 3318 4878 ipso
3372 4814 3630 4876 tanquam
3650 4810 3946 4877 comquali,

2338 4901 2393 4955 in
2416 4900 2529 4971 ipso
2554 4906 2815 4969 tanquam
2846 4913 2976 4955 vere
3008 4898 3478 4966 consubstantiali,
3506 4902 3676 4955 omnis
3697 4902 3874 4955 honor
3898 4914 3951 4959 et

2339 4991 2508 5063 gloria
2530 5001 2606 5047 est
2627 4990 2740 5046 Deo
2776 4988 2934 5045 Patri
2958 4991 3015 5048 in
3038 4992 3240 5046 unitate
3265 4991 3497 5063 Spiritus
3524 4993 3713 5059 sancti,
3749 4996 3849 5065 qui
3875 5009 3946 5051 ex

2340 5083 2502 5139 Patre
2550 5082 2796 5153 Filioque
2832 5082 2997 5156 506
3028 5083 3367 5153 procedens,
3414 5084 3676 5138 unitatem
3717 5085 3947 5141 deitatis

2336 5173 2582 5248 possidet
2606 5190 2734 5231 cum
2758 5173 2922 5230 Patre
2939 5184 2998 5229 et
3044 5173 3202 5231 Filio.
3230 5173 3546 5230 Insinuatur
3565 5174 3749 5246 itaque
3779 5177 3947 5235 nobis

2336 5265 2391 5319 in
2419 5263 2580 5323 Patre
2594 5265 2913 5331 auctoritas,
2944 5266 2997 5320 in
3024 5266 3163 5321 Filio
3194 5265 3467 5331 nativitas,
3503 5268 3558 5321 in
3583 5264 3788 5337 Spiritu
3813 5283 3948 5324 san-

2339 5365 2427 5412 cto
2451 5355 2630 5413 Patris
2659 5357 2891 5427 Filiique
2915 5357 3278 5413 communitas
3303 5399 3319 5424 ,
3353 5357 3407 5412 in
3432 5359 3607 5414 tribus
3630 5359 3942 5429 arqualitas.

2342 5446 2449 5503 Per
2471 5449 2650 5505 omnia
2672 5450 2869 5505 uacula
2892 5448 3228 5504 surculorum.
3251 5448 3330 5504 lta
3352 5448 3602 5506 dicuntur
3621 5451 3824 5507 saecula
3849 5469 3946 5510 sa:-

2340 5600 2509 5679 _a_ltar_e
2540 5603 2627 5658 ille
2639 5604 2792 5679 solus
2816 5605 3153 5679 accedit,qni
3182 5603 3248 5679 ad
3270 5608 3411 5663 istud
3436 5624 3662 5664 securus
3686 5613 3937 5668 accedit:

2338 5672 2449 5798 isllic
2475 5674 2711 5732 inveniet
2734 5678 2902 5734 vitam
2921 5672 3096 5743 suam,
3115 5679 3207 5751 qm
3236 5677 3291 5734 in
3316 5680 3421 5736 isto
3436 5680 3698 5738 discernit
3711 5696 3941 5743 causam

2371 5759 2516 5801 nam.
2555 5766 2574 5800 ι
3231 5780 3249 5796 ο
