4092 6500
205 390 343 446 1265
1029 397 1180 453 OPP.
1224 397 1631 454 SUPPOSITA.
1673 428 1740 438 --
1781 396 1908 452 LIB.
1952 399 2043 455 DE
2080 399 2332 455 DlVlNIS
2369 400 2676 458 OFFICHS.
3355 403 3497 457 1263

200 509 467 576 culorum,
489 516 747 581 tanquam
765 512 960 567 smcula
976 512 1031 567 in
1049 513 1315 584 sapientia
1339 512 1609 568 Deifirma
1627 511 1799 567 stabi—
1828 518 1878 574 Δ
1907 513 2159 570 sctualia.
2221 514 2369 572 Talis
2417 526 2503 572 est
2553 518 2716 584 Deus,
2748 519 2909 574 Pater
2944 529 3146 575 noster.
3222 519 3325 586 Qui
3363 540 3415 577 es
3444 531 3498 579 in

202 599 354 656 litate
368 604 664 670 manentia,
683 603 1070 674 istorum,quae
1092 619 1215 660 cum
1235 613 1478 674 tempore
1496 611 1801 669 transeunt,
1907 606 2068 662 aclis.
2122 607 2408 664 Psalmista
2441 610 2572 664 dicit
2603 610 2740 666 Deo:
2790 612 2852 666 Si
2895 612 3178 666 ascendere
3201 615 3257 667 in
3286 615 3496 682 caelum,

200 692 491 751 eilicientia
534 695 729 752 saecula
768 696 1110 752 saeculorum.
1153 696 1261 750 Aut
1293 704 1444 751 certe
1479 694 1802 766 simpliciter
1901 707 1959 750 tu
2003 699 2114 753 illic
2141 717 2195 754 es
2207 717 2228 766 ;
2265 701 2310 756 si
2355 701 2671 757 descendere
2707 703 2762 756 in
2795 703 3083 772 infernum,
3137 706 3262 758 ades
3317 703 3494 777 (Psal.

198 785 516 856 accipienda
544 796 670 843 sunt
696 785 890 841 sarcula
914 786 1258 851 sazculorum,
1282 785 1433 841 velut
1462 800 1801 856 consequen-
1898 806 2164 857 cxxxvm.
2201 791 2291 864 8):
2330 795 2496 849 etiam
2548 795 2593 850 si
2630 795 2895 864 potuisset
2942 796 3083 862 ﬁeri,
3125 806 3187 851 ut
3232 798 3493 852 haberem

202 874 275 929 tia
307 876 751 946 praecedentium,
782 885 842 931 ut
868 877 1183 932 continuata
1208 876 1313 931 sibi
1340 876 1680 932 connexionc
1704 891 1796 932 σου
1896 900 2113 954 pennas
2128 894 2183 941 et
2207 886 2447 942 volarem
2503 887 2557 941 in
2581 896 2856 943 extremas
2881 897 3065 958 partes
3088 905 3275 953 maris,
3307 890 3419 945 illic
3441 900 3496 946 te

197 966 465 1038 pulentur,
490 982 610 1037 qua:
629 968 884 1023 dicuntur
907 967 1103 1023 saecula
1124 967 1470 1033 saeculorum,
1485 968 1656 1022 donec
1665 982 1785 1038 prae

1897 981 2218 1037 invenirem.
2280 983 2346 1038 Et
2383 984 2644 1040 Dominus
2675 1000 2776 1055 per
2818 982 3178 1054 Propiietam:
3219 983 3416 1040 Caelum
3443 994 3494 1038 et

197 1076 339 1125 sens,
368 1060 510 1132 quod
523 1077 590 1116 ex
617 1061 848 1117 diversis
884 1071 1189 1131 temporum
1221 1060 1434 1116 saeculis
1461 1059 1790 1126 contexitur,

195 1154 478 1226 perveniat
491 1154 558 1210 ad
575 1153 736 1209 linem
759 1162 814 1209 et
826 1154 1082 1210 succedat
1101 1152 1342 1209 futurum
1353 1153 1633 1219 sazeulum,
1646 1153 1794 1224 quod

197 1264 302 1304 non
318 1246 680 1315 habetlinem,
704 1248 795 1303 ubi
815 1248 956 1304 Deus
978 1246 1250 1303 videbitur
1270 1255 1326 1303 et
1346 1246 1654 1303 laudabitur
1673 1247 1793 1302 sine

195 1342 320 1400 line.
349 1342 515 1398 Amen
544 1351 750 1408 autem,
780 1344 925 1412 quod
951 1341 1020 1397 ab
1043 1341 1193 1397 omni
1218 1339 1464 1396 Ecclesia
1492 1340 1787 1410 responde-

196 1449 300 1501 tur,
326 1435 735 1508 interpretatur,
758 1451 971 1490 verum.
999 1433 1115 1490 Hoc
1139 1449 1270 1505 ergo
1282 1435 1350 1489 ad
1383 1433 1520 1488 tanti
1545 1432 1790 1504 mysterii

191 1527 736 1592 consummationem,
764 1527 906 1584 sicut
933 1526 1056 1581 etin
1084 1526 1230 1581 omni
1256 1525 1496 1595 legitima
1517 1524 1788 1590 oratione,

196 1619 528 1691 respondent
549 1618 755 1684 ﬁdeles,
770 1627 825 1674 et
837 1618 994 1688 quasi
1010 1615 1364 1673 subscribunt
1385 1616 1784 1685 respondendo.

261 1713 521 1784 Adjungit
540 1720 724 1769 autem
752 1712 932 1768 adhuc
956 1711 1239 1776 sacerdos,
1256 1719 1312 1766 et
1337 1709 1504 1765 dicit:
1537 1705 1784 1776 Oremus,

193 1815 248 1862 et
271 1813 392 1862 orat
420 1804 662 1862 Ecclesia
689 1821 816 1861 cum
836 1803 1140 1869 sacerdote,
1166 1817 1276 1858 non
1304 1816 1454 1868 voce,
1483 1799 1578 1856 sed
1597 1800 1781 1856 corde.

1894 1079 2091 1126 terram
2131 1090 2225 1144 ego
2255 1073 2447 1145 impleo
2489 1074 2625 1146 (Jer.
2662 1075 2957 1148 xxm,24).
3029 1074 3207 1132 Altior
3252 1093 3492 1148 namque

1893 1171 1981 1218 est
2027 1165 2182 1230 caelo,
2268 1166 2589 1238 profundior
2632 1167 2830 1240 abysso
2859 1210 2874 1234 ,
2929 1170 3091 1225 latior
3147 1177 3320 1236 terra,
3373 1169 3491 1225 lon-

1892 1258 2012 1329 gior
2039 1260 2198 1314 mari.
2264 1259 2332 1314 Et
2360 1262 2406 1317 si
2428 1261 2629 1333 ubique
2652 1278 2751 1332 per
2774 1262 3163 1333 plenitudinem
3188 1263 3491 1318 divinitatis

1894 1363 2030 1416 suae,
2076 1359 2134 1406 et
2156 1367 2264 1407 non
2288 1368 2385 1422 per
2417 1354 2811 1419 extensionem,
2871 1369 3041 1425 quare
3092 1356 3400 1426 specialiter
3429 1371 3490 1411 se

1890 1442 2025 1499 dicit
2059 1443 2114 1500 in
2147 1445 2344 1500 caelis?
2391 1444 2527 1512 Quia
2558 1461 2657 1516 per
2683 1448 2852 1504 caelos
2882 1447 3261 1519 intelliguntur
3284 1449 3485 1520 angeli;

1887 1543 1947 1590 et
1963 1536 2212 1592 homines
2231 1538 2387 1609 justi,
2417 1538 2474 1593 in
2501 1539 2700 1610 quibus
2726 1540 2967 1595 maxime
2997 1538 3140 1595 Deus
3192 1540 3485 1604 inhabitat,

1880 1624 2036 1696 juxta
2051 1629 2195 1698 quod
2212 1629 2475 1699 scriptum
2493 1639 2577 1686 est
2595 1646 2609 1682 :
2627 1629 2820 1684 Anima
2835 1629 2993 1700 justi,
3016 1629 3165 1685 sedes
3189 1639 3265 1685 est
3277 1631 3486 1701 sapien-

1884 1723 1994 1778 tiae.
2039 1719 2207 1777 Pater
2246 1733 2440 1788 noster,
2471 1724 2564 1794 qui
2590 1740 2646 1779 es
2667 1724 2722 1779 in
2744 1725 2906 1790 caelis,
2932 1725 2985 1781 id
3011 1735 3115 1792 est,
3152 1725 3244 1795 qui
3271 1725 3488 1782 habitas

1887 1816 1944 1871 in
1972 1816 2198 1888 angelis,
2237 1832 2467 1886 quorum
2503 1817 2886 1874 habitaculum
2905 1829 3034 1874 sunt
3061 1818 3186 1874 cteli
3228 1825 3283 1875 et
3307 1819 3486 1874 homi-

194 1896 476 1954 Silentium
506 1906 612 1962 est,
639 1904 696 1952 et
725 1895 924 1952 clanat
951 1903 1144 1967 pectus
1168 1894 1236 1950 ad
1265 1893 1438 1949 Deum
1479 1894 1535 1948 in
1565 1893 1792 1948 auribus
1821 1887 1868 1950 Β
1893 1924 1992 1964 nes
2018 1887 2172 1977 Ῑαειί,

193 1992 320 2050 Dei:
357 1987 646 2062 Prtrceptis
675 1986 1004 2066 salutaribus
1025 1988 1232 2042 moniti.
1258 1986 1374 2042 Hoc
1410 1985 1556 2041 enim
1585 1999 1790 2056 prace-

194 2094 342 2155 ptum
364 2083 522 2140 nobis
547 2089 632 2141 est
649 2081 910 2148 salutare,
943 2080 998 2135 id
1042 2087 1150 2146 est,
1179 2079 1248 2134 ad
1277 2077 1512 2135 salutem
1541 2085 1786 2133 nostram

192 2181 501 2251 proﬁciens,
538 2196 647 2252 quo
693 2195 793 2236 nos
841 2177 1150 2248 unigenitus
1177 2175 1346 2232 Filius
1372 2188 1471 2246 per
1508 2173 1787 2230 lavacrum

195 2271 620 2345 regenerationis
648 2278 704 2325 et
729 2269 981 2341 Spiritum
1007 2267 1315 2338 adoptionis
1357 2265 1454 2322 Dei
1491 2265 1631 2321 ﬁlios
1656 2263 1788 2320 eli'e-

191 2377 329 2433 stos,
353 2365 534 2422 dicere
561 2363 790 2428 monuit,
816 2371 873 2418 et
900 2377 1007 2416 non
1025 2361 1288 2426 humana,
1325 2359 1420 2416 sed
1467 2359 1649 2413 diuina
1685 2374 1785 2412 sua

190 2458 540 2524 institutione,
571 2464 632 2512 ut
669 2456 780 2512 Deo
807 2453 1110 2511 audeamus
1139 2453 1342 2519 dicere,
1385 2448 1549 2505 Pater
1587 2459 1782 2516 noster,

191 2549 506 2607 informavit
532 2548 719 2604 dicens
739 2562 754 2600 :
771 2545 860 2602 Sic
881 2562 970 2601 vos
991 2544 1234 2610 orabitis,
1264 2539 1429 2596 Pater
1456 2549 1662 2605 noster,
1693 2540 1786 2612 qui

193 2660 247 2696 ενδ
275 2642 330 2695 in
356 2639 521 2704 caelis,
551 2647 655 2694 etc.
688 2636 906 2710 (Matth.
931 2652 1006 2701 vr,
1040 2634 1118 2708 9).
1161 2633 1355 2688 Divina
1404 2646 1538 2701 ergo
1572 2631 1787 2687 institu-

195 2734 338 2789 tione
362 2729 656 2794 informati,
699 2744 807 2785 non
833 2725 1274 2798 praesumptionis
1309 2724 1636 2789 temeritate,
1686 2722 1784 2777 sed

189 2826 507 2885 obedientiae
522 2825 725 2896 pietate
738 2822 1117 2895 pmsumimus
1137 2821 1319 2877 dicere
1342 2820 1456 2875 Deo
1477 2818 1654 2875 Patri:
1675 2817 1787 2896 Pa-

211 2938 268 2975 er
296 2928 491 2986 noster,
516 2918 608 2990 qui
625 2936 680 2974 es
710 2918 766 2972 in
785 2915 949 2984 caelis,
975 2926 1031 2972 et
1051 2925 1270 2972 caetera.
1324 2914 1453 2970 Haec
1480 2919 1661 2968 autem
1686 2911 1786 2967 ob-

189 3012 442 3078 secratio,
471 3009 656 3067 Oratio
684 3009 967 3067 Dominiea
990 3015 1238 3072 vocatur,
1267 3007 1394 3077 quia
1425 3022 1548 3062 eam
1589 3005 1780 3061 Domi-

208 3119 292 3157 zus
313 3102 518 3168 docuit,
548 3109 604 3158 et
625 3118 654 3156 a
693 3099 924 3157 Domino
961 3099 1140 3155 oratio
1165 3089 1467 3155 Dominica.
1521 3094 1782 3168 Discipuli

190 3204 518 3268 rogaverunt
554 3194 867 3261 Dominum,
890 3202 950 3250 ut
969 3208 1065 3250 eos
1085 3192 1326 3256 doceret,
1358 3190 1591 3262 qualiter
1623 3205 1783 3245 orare

208 3258 469 3357 ieberent,
498 3289 694 3361 quibus
715 3258 978 3346 Dominus
1004 3288 1176 3342 dixit:
1224 3285 1350 3342 Non
1374 3258 1580 3341 necesse
1596 3294 1698 3351 est,
1721 3293 1778 3339 ut
1805 3258 1851 3320 C

195 3383 411 3438 nultum
434 3382 723 3456 loquamini
757 3384 811 3436 in
840 3382 1097 3445 oratione,
1141 3379 1270 3451 quia
1317 3380 1645 3449 omnipotens
1686 3377 1781 3432 scit

201 3473 314 3543 guid
336 3493 465 3547 opus
517 3476 586 3532 sit
611 3484 892 3546 antequam
932 3472 1121 3544 petatis
1146 3488 1264 3526 eum
1291 3469 1478 3538 (Ibid.,
1507 3469 1584 3543 7).
1630 3468 1784 3526 Tunc

215 3567 329 3621 :ix’it
354 3566 489 3622 illis:
534 3565 666 3621 Cum
701 3565 892 3632 oratis,
925 3563 1120 3619 dicite:
1152 3560 1318 3617 Pater
1354 3571 1550 3618 noster.
1619 3561 1784 3618 Pater

188 3658 389 3714 dicitur
419 3674 451 3713 a
475 3658 764 3728 patrando,
790 3656 844 3713 id
879 3665 985 3723 est,
1006 3655 1356 3727 perficiendo.
1403 3655 1506 3723 Qui
1532 3670 1663 3728 ergo
1681 3655 1782 3711 Pa-

191 3764 327 3805 arem
363 3749 583 3805 invocat
607 3748 776 3805 Deum
833 3748 997 3806 talem
1027 3763 1090 3806 se
1123 3747 1285 3804 debet
1343 3763 1676 3821 pmparare,
1723 3757 1786 3804 ut

194 3843 332 3898 :Elius
365 3841 483 3910 ejus
525 3842 720 3913 dignus
751 3842 825 3897 sit
875 3842 1082 3898 vocari.
1140 3841 1296 3910 Quod
1321 3843 1369 3896 si
1412 3841 1611 3912 injuste
1654 3857 1781 3897 eum

192 3945 349 3991 tocat
368 3934 608 4002 Patrem,
640 3950 740 4008 pro
771 3936 887 4010 ipsa
914 3935 1259 3992 invocatione
1293 3931 1492 4004 injusta
1511 3932 1782 4004 judicium

188 4025 438 4098 recipiet.
501 4025 659 4082 Sicut
690 4027 838 4082 enim
869 4026 1015 4083 illius
1047 4026 1291 4082 imitatur
1317 4025 1519 4091 bonum
1543 4035 1779 4096 patrem,

229 4117 420 4175 tlsaac
446 4119 691 4176 imitatus
712 4128 800 4175 est
839 4118 1144 4188 Abraham,
1173 4128 1231 4176 et
1252 4117 1422 4176 Iacob
1452 4120 1640 4186 lsaac;
1699 4119 1785 4178 sic

227 4226 291 4268 os
311 4212 405 4284 qui
437 4211 604 4269 Deum
634 4211 854 4271 Patrem
880 4228 1164 4278 vocamus,
1211 4220 1274 4267 ut
1297 4212 1426 4271 boni
1456 4211 1552 4268 lilii
1579 4212 1782 4268 sancti-

189 4314 356 4361 tatem
380 4303 524 4360 illius
546 4305 748 4360 imitari
769 4304 1052 4370 debemus,
1086 4313 1148 4359 ut
1168 4298 1346 4360 simus
1375 4304 1554 4361 sancti
1582 4311 1640 4361 et
1683 4304 1785 4360 im-

188 4396 465 4464 :uaculati,
495 4396 651 4468 juxta
676 4397 820 4467 quod
862 4396 980 4467 ipse
1001 4396 1169 4452 dicit:
1211 4394 1397 4451 Sancti
1425 4405 1608 4462 estote,
1655 4397 1784 4467 quia

187 4504 282 4559 (σο
305 4497 517 4544 sanctus
543 4505 660 4543 sum
686 4488 942 4545 Dominus
969 4487 1114 4543 Deus
1148 4497 1316 4544 uester
1344 4487 1398 4560 (1
1426 4486 1572 4543 Petr.
1598 4504 1639 4555 ι,
1665 4487 1780 4560 16).

191 4580 432 4636 i'rimum
454 4579 559 4637 fuit
577 4581 924 4653 omnipotens
938 4579 1443 4647 Paterludteorum,
1462 4583 1620 4654 juxta
1636 4584 1783 4654 quod

233 4687 306 4729 ise
327 4669 462 4729 dicit
482 4686 581 4743 per
602 4671 960 4743 Prophetam:
1010 4669 1188 4727 Filius
1211 4689 1358 4727 meus
1402 4674 1780 4745 primogenitus

236 4762 363 4819 :rael
391 4760 591 4837 (Exod.
618 4779 693 4831 Iv,
729 4763 858 4838 2‘2);
885 4771 961 4829 et,
997 4761 1171 4818 Filios
1197 4763 1426 4818 enutrivi
1451 4772 1499 4818 et
1528 4763 1781 4830 exaltari,

237 4858 290 4914 Isi
311 4866 485 4914 autem
509 4866 812 4928 spreverunt
834 4874 916 4914 me
934 4855 1151 4930 (Isaia,
1172 4857 1251 4927 2).
1290 4853 1401 4912 Sed
1424 4856 1554 4927 quid
1580 4855 1780 4912 factum

241 4952 316 5009 st?
359 4951 531 5008 Desiit
565 4959 722 5022 pater
747 4965 938 5008 eorum
965 4966 1089 5007 esse
1112 4958 1336 5022 propter
1365 4949 1776 5006 inﬁdelitatem:

244 5050 379 5099 ister
402 5050 584 5097 autem
613 5047 837 5113 propter
861 5055 1016 5097 suam
1043 5039 1474 5096 misericordiam
1497 5037 1676 5095 factus
1696 5047 1782 5095 est

245 5140 353 5189 iter
393 5148 492 5203 per
535 5132 696 5189 ﬁdem
742 5140 800 5188 et
847 5131 1212 5198 dilectionem,
1267 5131 1355 5186 cui
1415 5129 1781 5201 supplicamus

249 5224 434 5280 totidie
462 5224 725 5291 dicentes,
779 5221 943 5280 Pater
972 5232 1168 5279 noster.
1233 5221 1397 5278 Pater
1423 5223 1633 5279 duobus
1661 5239 1780 5278 mo-

251 5335 279 5375 s
308 5320 508 5376 dicitur
530 5319 897 5390 omnipotens,
917 5317 1005 5373 vel
1029 5317 1157 5388 quia
1183 5316 1421 5388 patravit
1450 5332 1571 5381 nos,
1599 5317 1652 5371 id
1675 5323 1779 5382 est,

248 5411 420 5476 cavit,
476 5417 534 5466 et
558 5411 828 5482 compegit
851 5411 905 5465 in
927 5418 1084 5466 utero
1110 5417 1344 5465 matrum
1381 5416 1690 5464 nostrarum
1712 5425 1782 5465 ex

248 5520 364 5561 trne
393 5513 450 5561 et
491 5505 695 5572 anima,
718 5521 784 5561 ex
809 5505 1019 5562 semine
1044 5505 1145 5559 viri
1173 5514 1230 5561 et
1255 5502 1490 5568 feminae,
1520 5519 1641 5560 cum
1674 5519 1782 5559 non

247 5611 473 5652 ssemus:
497 5595 582 5650 vel
603 5596 729 5666 quia
753 5594 884 5652 fecit
906 5611 1004 5651 nos
1030 5595 1241 5652 renasci
1267 5610 1332 5650 ex
1351 5610 1488 5666 aqua
1502 5603 1556 5650 ct
1578 5594 1785 5667 Spiritu

247 5696 409 5753 meto,
442 5703 566 5743 cum
604 5687 801 5759 perditi
839 5703 1100 5743 essemus.
1165 5685 1345 5741 Prima
1373 5687 1627 5743 nativitas
1656 5685 1784 5742 fecit

256 5797 300 5836 )S
340 5781 478 5838 ﬁlios
499 5782 1000 5853 prawaricntionis;
1059 5781 1294 5838 secunda
1327 5771 1786 5837 reconciliationis

260 5876 523 5935 mittendo
564 5877 718 5934 nobis
776 5876 958 5935 omnia
1013 5883 1234 5949 peccata
1272 5918 1284 5944 ,
1331 5882 1385 5932 et
1421 5873 1704 5948 originalis
1732 5885 1782 5932 ct

1961 1997 2336 2069 Sanctiﬁcetur
2363 2018 2552 2056 nomen
2579 2012 2749 2056 ritum.
2785 2001 2992 2058 Nomen
3019 2003 3112 2058 Dei
3143 2017 3240 2073 per
3273 2018 3330 2058 se
3357 2019 3483 2057 san-

1888 2099 2036 2146 ctum
2059 2101 2171 2157 est;
2195 2100 2252 2147 et
2270 2109 2438 2163 quare
2460 2108 2561 2149 nos
2584 2094 2816 2149 dicimus
2843 2112 2854 2147 :
2887 2092 3265 2162 Sanctiﬁcetur
3291 2110 3482 2148 nomen

1886 2191 2035 2236 tuum
2050 2183 2076 2236 .’
2103 2181 2330 2250 Quando
2351 2185 2526 2240 renati
2543 2200 2734 2241 sumus
2747 2201 2816 2241 ex
2837 2200 2976 2256 aqua
2992 2182 3264 2256 etSpiritu
3291 2193 3482 2240 sancto

1887 2284 2131 2346 tempore
2169 2273 2534 2347 baptismatis,
2587 2276 2643 2330 in
2693 2275 2912 2331 nomine
2944 2275 3040 2330 Dei
3091 2275 3480 2346 oumipotentis

1887 2381 2077 2421 sumus
2107 2366 2449 2430 sanetilicati,
2476 2367 2693 2422 dicente
2709 2368 3060 2441 presbytero:
3098 2365 3322 2440 Baptiso
3351 2377 3401 2423 te
3423 2369 3477 2421 in

1887 2458 2096 2512 nomine
2123 2454 2304 2512 Patris
2323 2466 2373 2511 et
2398 2454 2530 2511 Filii
2572 2465 2620 2511 et
2652 2455 2884 2527 Spiritus
2904 2457 3108 2512 sancti:
3137 2456 3258 2513 ideo
3293 2469 3479 2527 preca-

1887 2563 2032 2614 mur,
2077 2547 2251 2601 utilia
2277 2547 2562 2614 sanctitas,
2615 2563 2738 2617 quas
2778 2545 2920 2602 facta
2947 2554 3033 2602 est
3081 2546 3136 2602 in
3161 2546 3319 2603 nobis
3348 2557 3480 2603 tunc

1887 2642 1942 2696 in
1989 2641 2315 2712 baptismate
2371 2655 2470 2710 per
2499 2640 2900 2696 invocationem
2949 2640 3069 2706 Dei,
3136 2640 3226 2696 illa
3260 2656 3478 2712 perma-

1885 2743 2014 2789 neat
2036 2735 2091 2789 in
2156 2733 2315 2788 nobis
2363 2734 2416 2788 in
2468 2740 2756 2798 aeternum,
2781 2741 2846 2788 ut
2875 2747 2984 2788 non
3005 2731 3308 2803 poiluamus
3332 2747 3480 2798 eam,

1885 2829 1980 2884 sed
2003 2842 2219 2900 semper
2240 2828 2409 2882 simus
2434 2828 2631 2893 sancti,
2683 2835 2743 2881 ut
2773 2827 2915 2884 sicut
2942 2835 3070 2883 tunc
3099 2827 3275 2882 sancti
3298 2826 3478 2884 ell‘ecti

1884 2935 2095 2986 sumus,
2120 2921 2196 2975 ita
2218 2920 2276 2976 in
2288 2927 2547 2991 perpetuo
2569 2920 2744 2976 sancti
2770 2935 3107 2976 maneamus.
3170 2919 3261 2976 Vel
3286 2920 3476 2976 aliter:

1887 3012 2264 3083 Sanctiﬁcetur
2276 3029 2463 3067 nomen
2481 3021 2651 3077 tuum,
2669 3012 3001 3084 intelligatur
3015 3028 3045 3067 a
3060 3012 3235 3079 nobis,
3260 3025 3486 3083 quanta)

1884 3105 2191 3163 sanctitatis
2211 3107 2284 3161 sit
2315 3121 2515 3162 nomen
2542 3116 2714 3171 tuum,
2737 3105 2792 3160 id
2825 3113 2930 3173 est,
2985 3113 3236 3162 sanctum
3280 3107 3481 3162 habea-

1885 3207 1978 3253 tur
2001 3198 2056 3252 in
2083 3196 2335 3253 omnibus
2367 3196 2626 3266 operibus
2661 3195 2884 3261 nostris,
2938 3202 3000 3250 ut
3024 3195 3149 3252 dum
3178 3205 3326 3252 tuam
3354 3212 3483 3253 san-

1882 3290 2132 3346 ctitatem
2162 3289 2471 3354 recolimus,
2511 3302 2741 3358 peccare
2768 3288 3077 3359 timeamus.
3132 3287 3227 3344 Vel
3272 3289 3476 3344 aliter:

1883 3383 1981 3439 Est
1993 3381 2155 3438 modo
2165 3380 2361 3452 aliquis
2380 3378 2722 3437 Christianus
2743 3379 2938 3446 bonus,
2963 3379 3094 3436 facit
3117 3378 3258 3434 bona
3277 3395 3444 3450 opera
3467 3397 3482 3444 ;

1881 3474 2032 3530 videt
2060 3473 2168 3528 hoc
2192 3471 2389 3541 aliquis
2413 3486 2661 3542 paganus
2689 3469 3013 3526 autJudteus
3040 3480 3096 3524 et
3118 3471 3282 3526 dicit:
3315 3469 3480 3526 Bene-

1881 3567 2056 3622 dictus
2090 3564 2237 3620 Deus
2263 3605 2280 3630 ,
2328 3565 2418 3636 qui
2458 3563 2618 3618 talem
2665 3579 2872 3620 seruum
2915 3562 3104 3617 habet:
3156 3577 3354 3618 nomen
3383 3560 3480 3618 Dei

1881 3660 2274 3723 sanetilicatur,
2304 3661 2357 3715 id
2389 3668 2495 3727 est,
2522 3659 2778 3716 laudatur
2809 3675 2909 3730 per
2937 3658 3086 3715 illum
3099 3660 3303 3715 bonum
3317 3657 3477 3715 Chri-

1880 3754 2138 3810 stianum.
2198 3754 2243 3808 E
2273 3761 2465 3808 contra
2487 3754 2682 3818 malus,
2712 3752 2863 3808 videt
2896 3767 3028 3808 eum
3061 3767 3307 3823 paganus
3335 3749 3482 3806 maia

1879 3846 2119 3916 operari,
2147 3854 2202 3901 et
2223 3845 2384 3900 dicit:
2451 3842 2604 3901 Certe
2623 3862 2740 3899 ecce
2764 3843 2941 3900 malus
2967 3840 3328 3909 Christianus,
3383 3859 3479 3896 nos

1880 3955 2062 3996 sumus
2080 3937 2319 3993 meliores
2337 3956 2357 4004 ;
2379 3953 2578 3993 nomen
2598 3937 3005 4009 blasphematur
3019 3951 3114 4007 per
3127 3935 3299 4000 illum,
3321 3936 3477 4006 juxta

1881 4032 2025 4103 quod
2058 4031 2259 4088 Paulus
2302 4031 2462 4088 dicit:
2507 4029 2716 4086 Nomen
2746 4029 2844 4084 Dei
2886 4047 2979 4100 per
3024 4047 3115 4085 nos
3147 4029 3480 4100 blasphema-

1881 4135 1969 4179 tur
1999 4125 2057 4179 in
2080 4123 2318 4196 gentibus
2348 4121 2528 4194 (Rom.
2563 4138 2602 4178 il
2626 4165 2640 4189 ,
2681 4119 2795 4192 24).
2823 4119 2930 4176 Nos
2961 4128 3139 4176 autem
3166 4133 3477 4190 precamur,

1881 4224 1943 4274 ut
1961 4216 2331 4273 sanctiﬁcetur
2351 4229 2549 4271 nomen
2573 4215 2689 4278 Dei,
2716 4214 2770 4268 id
2795 4221 2898 4279 est,
2930 4212 3179 4269 laudetur
3199 4222 3255 4269 et
3276 4212 3481 4285 glorifi-

1882 4322 2039 4369 cetur
2055 4312 2112 4368 in
2132 4326 2299 4382 opere
2322 4319 2531 4366 nostro.
2564 4307 2839 4379 Quidquid
2857 4307 2988 4362 boni
3012 4306 3244 4378 agimus,
3274 4306 3340 4360 ad
3362 4303 3497 4375 ejus.-

1883 4403 2096 4460 laudem
2111 4401 2366 4468 refertur,
2390 4399 2650 4471 quidquid
2673 4399 2824 4466 mali,
2843 4398 2912 4453 ad
2929 4397 3048 4468 ejus
3068 4397 3475 4455 contumeliam;

1955 4493 2209 4550 Adoeniat
2236 4508 2452 4564 regnum
2480 4502 2648 4546 tuum.
2697 4491 2841 4546 Deus
2884 4491 3227 4560 omnipotens
3260 4504 3500 4560 semper-

1814 4635 1865 4696 υ
1885 4595 2080 4660 regnat
2098 4586 2154 4642 in
2184 4586 2325 4642 cmlo
2348 4593 2404 4641 et
2453 4585 2508 4640 in
2534 4594 2703 4649 terra,
2754 4592 2811 4638 et
2841 4599 2939 4638 nos
2969 4584 3243 4639 nescimus
3294 4583 3477 4648 modo,

1886 4677 2121 4748 qualiter
2163 4683 2379 4749 regnat,
2417 4675 2621 4731 idcirco
2644 4689 2955 4745 precamur,
2995 4681 3058 4728 ut
3109 4674 3366 4728 adveniat
3390 4690 3479 4729 re-

1882 4783 2047 4839 gnum
2072 4767 2237 4834 iilius.
2263 4766 2404 4835 Quid
2425 4775 2510 4822 est
2535 4766 2676 4821 istud
2698 4780 2926 4835 regnum
2940 4765 3073 4821 Dei?
3094 4762 3323 4820 Aliter-na
3351 4764 3480 4819 bea-

1884 4861 2079 4927 titudo,
2115 4860 2184 4918 de
2209 4875 2317 4931 qua
2340 4861 2586 4915 dicturus
2615 4867 2701 4914 est
2731 4859 2949 4915 electis:
2988 4856 3187 4924 Venite,
3223 4857 3497 4912 benedicti-

1889 4954 2066 5010 Patris
2095 4955 2219 5020 mei,
2241 4961 2348 5009 etc.
2389 4953 2407 5018 (
2415 4951 2605 5006 Matth.
2634 4968 2762 5016 xxv,
2794 4950 2908 5021 34).
2959 4949 3073 5005 Hoc
3102 4963 3327 5020 regnum
3348 4964 3477 5018 pre-

1882 5061 2091 5111 camur,
2119 5052 2182 5100 ut
2202 5044 2476 5107 adveniat,
2492 5042 2608 5098 dies
2627 5041 2817 5112 judicii
2840 5039 2994 5095 valde
3015 5040 3175 5094 debet
3196 5053 3320 5094 esse
3342 5054 3478 5109 pne-

1883 5144 2126 5207 paratus.
2152 5135 2250 5190 Vel
2279 5134 2466 5189 aliter:
2492 5133 2635 5187 Deus
2649 5131 2991 5200 omnipotens
3012 5137 3203 5200 regnat
3222 5129 3275 5182 in
3293 5128 3496 5182 electis.

1885 5244 1948 5285 su
1971 5245 2000 5284 s
2025 5243 2124 5300 per
2152 5243 2323 5298 spem,
2383 5227 2542 5283 fidem
2591 5235 2648 5280 et
2691 5225 3035 5288 charitatem,
3073 5232 3129 5278 et
3153 5238 3252 5291 per
3282 5229 3478 5275 caatera

1884 5321 2046 5377 bona.
2114 5319 2158 5374 E
2187 5329 2378 5376 contra
2423 5318 2672 5374 diabolus
2702 5325 2891 5386 regnat
2931 5331 3029 5386 per
3059 5315 3352 5373 luxuriam.
3380 5329 3480 5383 per

1885 5412 2228 5478 ebrietatem,
2264 5411 2447 5466 odium
2480 5418 2536 5465 et
2557 5417 2750 5465 czetera
2775 5409 2946 5462 mala:
2974 5407 3177 5461 ideirco
3192 5420 3482 5475 precamur

1893 5505 2201 5570 Dominum,
2223 5512 2284 5559 ut
2308 5503 2428 5574 ipse
2455 5510 2644 5570 regnet
2665 5502 2720 5556 in
2746 5499 2903 5555 nobis
2933 5513 3034 5569 per
3054 5496 3344 5567 justitiam,
3372 5512 3478 5550 non

1891 5595 2139 5652 diabolus
2160 5611 2262 5667 per
2283 5601 2586 5664 peccatum.

1963 5683 2090 5739 Fiat
2114 5685 2355 5739 voluntas
2384 5693 2474 5737 tua
2500 5684 2635 5737 sicut
2681 5681 2735 5734 in
2763 5679 2910 5745 caelo,
2948 5687 2996 5733 et
3025 5678 3082 5730 in
3112 5687 3273 5731 terra.
3322 5675 3481 5732 Sicut

1892 5781 1944 5835 in
1968 5778 2122 5844 cmlo,
2153 5777 2206 5832 id
2231 5787 2336 5843 est,
2365 5777 2416 5832 in
2439 5773 2768 5847 angelis,qui
2796 5787 3070 5842 nunquam
3094 5779 3476 5840 peccaverunt,

1890 5881 1975 5930 est
2001 5872 2248 5929 voluntas
2284 5881 2375 5926 tua
2407 5870 2567 5941 bona,
2605 5876 2661 5924 et
2694 5866 2906 5924 illorum
2932 5863 3164 5922 oﬂicium
3223 5875 3476 5934 accepta-
