4092 6486
633 380 772 435 Η.ὓῖ

1480 377 1541 433 Β.
1582 378 1642 433 F.
1687 378 1913 434 ALBlNl
1953 378 2086 435 SEU
2126 376 2406 434 ALCUINI
2438 377 2730 435 OPERUM
2769 377 2951 434 PARS
2989 376 3083 434 IX.

3804 382 3942 439 19.68

630 496 964 556 bilebabes:
1008 495 1089 551 sic
1109 496 1203 551 ﬁat
1230 494 1478 551 voluntas
1522 504 1613 550 tua
1639 496 1780 551 bona
1811 497 1865 551 in
1914 494 2229 553 hominibus
2258 501 2303 557 Α
2335 495 2655 563 sanguinem
2697 495 2909 551 Domini
2956 497 3265 553 sumeretis.
3322 495 3573 565 Quandiu
3628 513 3738 555 non
3786 515 3941 555 acce-

630 591 687 646 iu
710 597 882 654 terra,
914 598 977 643 ut
1007 587 1223 643 illorum
1249 586 1535 643 servitium
1570 585 1785 657 placeat
1805 587 1923 643 tibi.
1992 586 2090 643 Vel
2124 586 2225 641 ali-

629 692 747 738 ter:
782 680 944 753 507
1001 678 1108 734 Per
1140 677 1343 735 omium
1395 677 1716 748 intelligitur
1752 678 2017 734 Dominus
2064 674 2227 735 Iesus

626 772 900 838 Christus,
939 786 1037 842 per
1066 779 1273 826 terram
1296 777 1485 826 sancta
1507 768 1773 825 Ecclesia.
1825 768 2066 835 Scimus,
2096 769 2225 841 quia

626 866 775 922 sicut
824 865 907 920 vir
945 880 978 920 a
1011 863 1259 929 muliere,
1297 862 1378 918 sic
1422 861 1623 918 omium
1667 871 1809 918 esta
1858 869 2007 918 terra
2036 874 2088 917 ι.
2142 861 2227 917 Ab

627 959 749 1029 ipso
771 958 973 1029 accipit
1004 970 1224 1012 omnem
1273 954 1609 1011 ubertatem:
1665 954 1747 1011 sic
1792 963 1848 1011 et
1906 963 2096 1011 sancta
2122 954 2229 1011 Ec-

627 1052 797 1109 clesia
832 1050 1097 1122 quidquid
1123 1050 1254 1106 boui
1281 1049 1469 1115 habet,
1503 1065 1533 1104 a
1579 1051 1700 1105 viro
1727 1049 2077 1106 suoChristo
2106 1066 2229 1121 per—

627 1144 782 1214 cipit,
805 1143 963 1213 juxta
987 1143 1134 1213 quod
1162 1144 1428 1213 scriptum
1483 1150 1596 1197 est:
1643 1140 1812 1199 Omne
1863 1143 2048 1197 datum
2090 1142 2226 1213 apti-

626 1254 797 1304 mum,
827 1247 877 1293 et
904 1253 1056 1292 omne
1081 1236 1281 1292 donum
1313 1235 1627 1308 perfectum,
1652 1234 1930 1290 desursum
1950 1245 2025 1290 est
2079 1234 2223 1308 (Jac.

627 1351 667 1398 ι,
702 1333 813 1406 1⁸7).
855 1331 983 1388 Fiat
1010 1330 1275 1387 voluntas.
1322 1331 1403 1386 Ad
1430 1330 1605 1386 Deum
1633 1328 1852 1387 Patrem
1871 1330 2092 1386 dicitur.
2141 1329 2229 1386 Si-

625 1438 723 1485 cut
760 1437 847 1485 est
893 1428 1147 1484 voluntas
1182 1435 1275 1482 tua
1310 1426 1368 1482 in
1405 1426 1548 1484 cmlo
1576 1468 1592 1490 ,
1646 1425 1700 1482 id
1742 1435 1829 1483 est
1887 1426 1941 1481 in
1984 1426 2225 1491 Christo,

628 1521 701 1575 ita
727 1520 821 1575 fiat
844 1520 897 1575 lu
936 1529 1105 1586 terra,
1159 1519 1213 1575 id
1248 1527 1357 1585 est,
1410 1519 1466 1574 in
1495 1518 1762 1587 Ecclesia,
1835 1535 1956 1591 qua:
1991 1527 2077 1575 est
2106 1534 2227 1575 cor-

626 1627 729 1682 pus
757 1611 895 1682 ejus.
963 1612 1082 1677 Vel,
1134 1611 1278 1668 sicut
1312 1619 1402 1668 est
1436 1610 1688 1667 voluntas
1743 1621 1833 1668 tua
1882 1612 1936 1667 in
1964 1611 2130 1679 caelo,
2174 1613 2228 1668 id

626 1713 732 1769 est,
766 1704 820 1759 in
856 1700 1369 1770 bominibusjustis,
1402 1702 1476 1757 ita
1499 1702 1595 1758 ﬁat
1622 1702 1678 1758 in
1710 1713 1874 1767 terra,
1908 1704 1963 1759 id
2002 1712 2110 1770 est,
2171 1703 2227 1758 in

626 1797 1025 1866 peccatoribus,
1056 1805 1119 1851 ut
1144 1794 1246 1867 ipsi
1275 1795 1495 1852 valeant
1546 1796 1647 1852 tibi
1669 1796 1885 1867 placere
1908 1811 2007 1868 per
2047 1798 2225 1868 poeni-

626 1892 874 1946 tentiam.
952 1889 1069 1957 Vel,
1117 1888 1214 1945 ﬁat
1235 1888 1487 1946 voluntas
1514 1898 1605 1946 tua
1642 1891 1798 1947 sicut
1834 1892 1888 1947 in
1915 1891 2077 1959 coelo,
2120 1893 2226 1949 hoc
2258 1878 2303 1940 3

625 1991 731 2049 est,
768 1982 825 2037 in
848 1981 1123 2038 mentibus
1149 1981 1390 2048 nostris,
1408 1982 1483 2037 ita
1505 1982 1604 2038 fiat
1628 1983 1682 2038 in
1706 1991 1871 2049 terra,
1897 1985 2001 2041 hoe
2033 1994 2141 2053 est,
2171 1987 2228 2041 in

624 2073 968 2145 corporibus.

693 2163 896 2220 Panem
923 2176 1165 2221 nostrum
1189 2164 1559 2238 quotidianum
1586 2165 1657 2220 da
1698 2166 1845 2222 nobis
1889 2166 2065 2222 hodie.
2101 2165 2223 2223 Pan

622 2257 835 2321 Grece,
866 2256 1061 2314 Latine
1082 2300 1098 2324 ,
1145 2268 1315 2313 totum
1352 2256 1437 2313 vel
1466 2275 1619 2313 omne
1648 2278 1663 2312 :
1691 2268 1749 2315 et
1791 2261 1860 2315 ab
1888 2276 1953 2316 eo
1976 2262 2119 2331 quod
2144 2273 2227 2318 est

622 2365 755 2419 pan,
788 2349 1070 2407 derivatur
1109 2351 1301 2422 panis;
1334 2358 1393 2405 et
1420 2350 1543 2406 ideo
1570 2366 1669 2421 per
1693 2367 1892 2422 panem
1924 2353 2226 2427 intelligere

625 2459 919 2514 possumus
950 2445 1135 2501 omnia
1187 2450 1499 2505 necessaria
1548 2458 1660 2505 tam
1700 2448 1755 2502 in
1788 2447 1935 2515 cibo,
1970 2464 2133 2519 quam
2169 2452 2225 2507 in

626 2544 778 2606 potu,
834 2545 893 2593 et
930 2538 1275 2603 vestimento,
1335 2542 1593 2611 omnique
1636 2541 1880 2596 subsidio
1930 2543 2228 2614 corporali.

625 2629 797 2686 Panis
848 2630 1199 2703 quotidianus
1226 2631 1447 2696 dicitur,
1478 2632 1624 2704 quod
1656 2634 1900 2703 quotidie
1937 2635 2096 2692 nobis
2141 2644 2228 2690 est

622 2723 989 2779 necessarius.
1043 2722 1246 2779 Panem
1295 2735 1534 2780 nostrum
1577 2726 1969 2796 quotidianum,
2026 2728 2079 2782 id
2118 2736 2219 2790 est,

622 2814 830 2881 omnia,
877 2829 1001 2885 quae
1043 2816 1202 2872 nobis
1239 2826 1369 2873 sunt
1405 2817 1716 2873 necessaria
1764 2826 1874 2871 tam
1904 2817 1972 2872 ad
1998 2819 2221 2885 victum,

622 2923 787 2979 quam
833 2909 902 2963 ad
947 2907 1356 2977 vestimentum,
1400 2910 1572 2965 tribue
1602 2909 1751 2963 nobis
1798 2908 1973 2976 hodie,
2013 2910 2069 2965 id
2116 2919 2220 2978 est,

621 2998 769 3055 omni
806 3009 1053 3071 tempore
1082 3000 1208 3056 vita:
1234 3010 1456 3057 nostrae.
1489 3000 1589 3057 Vel
1618 3001 1780 3057 aliter
1825 3020 1839 3057 :
1887 3000 2089 3058 Panem
2132 3003 2223 3060 hic

619 3106 914 3162 possumus
958 3092 1265 3164 intelligere
1295 3107 1494 3165 corpus
1530 3101 1588 3149 et
1633 3094 1953 3166 sanguinem
1983 3094 2219 3161 Domini,

617 3186 824 3255 dequo
850 3184 968 3255 ipse
992 3184 1125 3240 dicit
1169 3183 1298 3240 alibi
1345 3203 1358 3239 :
1394 3184 1516 3240 Nisi
1557 3185 1674 3258 quis
1702 3186 2119 3249 manducarerit,
2164 3193 2223 3241 et

620 3250 829 3353 reliqua
871 3250 1073 3353 (Joan.
1116 3297 1195 3349 vr,
1235 3280 1350 3355 54).
1404 3250 1701 3354 Precauntr
1738 3296 1993 3353 namque,
2034 3290 2095 3336 ut
2126 3280 2219 3336 det
2244 3250 2291 3314 Ο

620 3375 782 3433 nobis
805 3389 1030 3431 carnem
1062 3383 1121 3430 ct
1159 3375 1479 3445 sanguinem
1510 3391 1666 3430 suum
1691 3371 1758 3430 ad
1783 3372 2129 3440 sumendum,
2161 3382 2221 3429 ut

620 3485 717 3538 per
749 3467 906 3533 illud,
952 3467 1097 3538 quod
1125 3466 1414 3523 visibilitcr
1440 3467 1728 3532 sumimus,
1763 3465 1912 3531 illud,
1942 3466 2086 3537 quod
2112 3481 2220 3522 non

618 3562 888 3626 videmus,
921 3561 976 3616 in
1023 3561 1179 3616 nobis
1202 3561 1480 3632 suscipere
1517 3560 1809 3631 possimus,
1846 3560 1899 3615 id
1933 3568 2017 3615 est
2050 3560 2220 3617 Deum

620 3659 1075 3730 omnipotentem,
1097 3656 1256 3726 juxta
1289 3658 1433 3728 quod
1455 3659 1568 3729 ipse
1589 3657 1757 3713 dicit:
1784 3656 1890 3723 Qui
1931 3656 2221 3712 manducat

618 3767 829 3805 carnem
870 3767 1064 3816 meam,
1109 3758 1158 3804 et
1186 3748 1311 3803 bibit
1342 3751 1653 3820 sanguinem
1682 3765 1878 3814 meum,
1920 3749 2030 3820 ipse
2053 3748 2109 3802 in
2141 3764 2221 3803 me

617 3850 815 3906 manet,
864 3850 914 3894 et
958 3857 1052 3911 ego
1104 3840 1160 3895 in
1209 3856 1270 3897 eo
1302 3838 1492 3913 (Ibid.,
1523 3839 1639 3911 55).
1670 3840 1804 3895 Illud
1846 3841 1990 3911 quod
2020 3839 2220 3895 dicitur

616 3933 794 3999 hodie,
842 3948 950 3988 non
978 3948 1271 4005 possumus
1317 3932 1644 4005 generaliter
1672 3932 1878 3988 referre
1917 3932 1985 3988 ad
2020 3947 2220 4003 corpus

616 4034 675 4079 et
700 4026 1018 4096 sanguinem
1045 4025 1284 4092 Domini,
1331 4025 1457 4095 quia
1488 4034 1613 4080 sunt
1656 4025 1813 4091 tales,
1842 4025 1935 4094 qui
1968 4041 2071 4081 non
2096 4040 2220 4096 pos-

618 4128 745 4173 sunt
786 4119 1030 4190 quotidie
1079 4118 1508 4184 communicare,
1558 4127 1652 4173 aut
1709 4117 1889 4189 aliqua
1946 4118 2216 4175 discordia

616 4220 808 4268 contra
829 4212 1140 4281 proximum
1169 4211 1578 4275 commaculati,
1618 4220 1711 4265 aut
1736 4210 2041 4267 noctumali
2067 4212 2221 4267 coin-

616 4304 826 4376 quinati
855 4304 1152 4374 pollutione
1181 4322 1194 4357 :
1227 4304 1475 4360 homines
1503 4312 1650 4369 sunt,
1698 4319 1805 4359 non
1846 4313 2073 4375 possunt
2098 4318 2220 4359 esse

616 4414 833 4468 semper
855 4398 1050 4468 parati.
1081 4396 1124 4451 Ε
1145 4405 1335 4452 contra
1361 4405 1487 4451 sunt
1516 4396 1671 4463 tales,
1701 4396 1795 4467 qui
1828 4396 2073 4467 quotidie
2093 4411 2221 4468 pos-

616 4502 745 4549 sunt
766 4493 1175 4549 communicare
1207 4510 1219 4547 :
1254 4492 1360 4547 illis
1396 4492 1601 4557 evenit,
1631 4491 1777 4561 quod
1805 4492 2057 4547 dominus
2080 4491 2219 4547 dixit

614 4588 847 4643 Zachzeo
874 4605 886 4641 :
921 4584 1094 4641 Hodie
1114 4586 1169 4640 in
1193 4586 1349 4640 domo
1371 4595 1464 4639 tua
1488 4594 1687 4656 oportet
1712 4600 1795 4639 me
1823 4600 2036 4639 manere
2060 4583 2214 4657 (Luc.

615 4695 731 4745 xu,
762 4678 840 4751 5).
873 4684 937 4733 At
959 4678 1050 4733 ille
1072 4678 1295 4749 suscepit
1318 4694 1437 4731 cum
1462 4676 1697 4747 gaudens
1726 4678 1780 4731 in
1805 4675 2019 4731 domum
2038 4694 2214 4744 suam,

615 4773 743 4843 quia
779 4771 854 4827 illi
881 4771 1024 4828 tales
1044 4786 1171 4828 eum
1210 4771 1405 4843 gaudio
1434 4769 1635 4825 debent
1676 4784 1876 4840 corpus
1905 4776 1959 4824 et
1998 4771 2217 4842 sangui-

613 4881 740 4920 nem
795 4865 1007 4921 Domini
1049 4879 1284 4920 sumere.
1338 4861 1415 4917 Illi
1473 4877 1623 4927 vero,
1674 4863 1771 4933 qui
1805 4862 2047 4932 quotidie
2104 4879 2212 4919 non

614 4965 842 5028 possunt
891 4956 1316 5021 communicare,
1351 4967 1584 5026 possunt
1634 4956 1819 5012 dicere
1857 4970 1982 5010 cum
2025 4963 2215 5010 centu-

616 5052 771 5106 rione
805 5069 816 5105 :
845 5049 1087 5114 Domine,
1115 5067 1221 5105 non
1248 5066 1365 5103 sum
1396 5048 1586 5119 dignus
1632 5059 1689 5103 ut
1712 5050 1878 5103 intres
1903 5048 1999 5103 sub
2020 5057 2212 5103 tectum

614 5158 788 5196 meum
815 5140 974 5196 hodie
1017 5139 1234 5213 (.llutth.
1266 5155 1383 5203 vut,
1415 5140 1470 5214 5)
1499 5155 1519 5194 :7
1546 5139 1778 5195 intrabis
1808 5139 1914 5195 alia
1942 5141 2047 5195 die.
2076 5139 2215 5195 Sunt

615 5234 777 5289 etiam
813 5233 971 5299 tales,
1000 5233 1093 5304 qui
1128 5233 1320 5288 nolunt
1366 5248 1396 5287 a
1453 5249 1551 5289 sua
1599 5232 1888 5304 iniquitate
1932 5233 2211 5296 recedere,

616 5326 895 5380 abstinent
934 5340 995 5381 se
1023 5342 1054 5381 a
1092 5340 1326 5396 corpore
1373 5326 1734 5399 et-sanguine
1786 5325 1999 5382 Domini
2046 5339 2212 5380 causa

615 5414 959 5469 humilitatis.
1003 5413 1223 5471 Talibus
1272 5416 1578 5487 [medicans
1627 5416 1823 5472 beatus
1876 5415 2215 5487 Augustinus

617 5506 793 5562 dixit:
835 5506 1037 5572 Placet,
1092 5506 1315 5575 fratres,
1339 5511 1470 5566 mihi
1515 5511 1793 5567 humilitas
1819 5519 2023 5576 vestra,
2067 5513 2213 5581 quod

616 5599 821 5655 timetis
856 5600 1118 5657 accedere
1158 5604 1226 5658 ad
1270 5618 1469 5673 corpus
1500 5613 1554 5658 et
1589 5605 1906 5675 sanguinem
1948 5604 2162 5659 Domini
2193 5621 2205 5656 :

616 5692 714 5745 sed
737 5691 929 5747 melius
964 5703 1131 5759 esset,
1164 5704 1226 5749 ut
1250 5695 1317 5749 ab
1348 5696 1724 5766 iniquitatibus
1755 5697 1950 5753 vestris
1994 5696 2211 5753 recede-

617 5783 769 5851 rrtis,
809 5793 865 5839 et
894 5788 1077 5842 mundi
1118 5787 1296 5843 eilccli
1328 5805 1423 5859 per
1455 5789 1853 5862 ptruitentiam,
1904 5808 2102 5862 corpus
2157 5802 2211 5848 ct

694 5906 720 5937 ι
752 5895 925 5954 Lucus
952 5908 1258 5970 corruptus.

2331 587 2479 652 ditis,
2509 603 2617 643 non
2655 588 2787 643 mihi
2825 587 3025 659 placet.
3073 589 3331 645 Dicamus
3367 588 3527 644 aliter
3560 609 3573 645 :
3608 587 3822 647 Panem
3851 611 3941 646 no-

2329 689 2499 736 strum
2519 682 2909 753 quotidianum.
2927 682 3034 738 Per
3052 699 3251 754 panem
3268 699 3560 757 possumus
3586 686 3844 756 accipere
3871 686 3945 740 di-

2329 774 2454 829 vina
2530 776 2780 847 eloquia,
2853 777 3139 832 scientiam
3198 778 3335 851 legis
3398 787 3457 835 et
3505 777 3942 851 Prophetarum,

2328 866 2673 923 Psalmorum
2698 877 2755 923 et
2766 867 3065 941 Evangelii.
3086 865 3288 924 Panem
3305 880 3543 925 nostrum
3566 870 3944 943 quotidianum

2329 961 2401 1015 da
2423 960 2570 1017 nobis
2594 960 2770 1028 hodie,
2815 961 2868 1017 id
2892 969 2976 1017 est
2998 1004 3012 1027 ,
3059 961 3114 1019 in
3147 964 3296 1019 omni
3321 972 3566 1034 tempore
3588 964 3715 1020 vita:
3736 973 3946 1020 nostra?

2330 1054 2494 1110 retice
2520 1070 2618 1111 nos
2659 1055 2905 1111 doctrina
2948 1064 3259 1112 sanctarum
3309 1055 3744 1127 Scripturarum,
3794 1059 3945 1128 quod

2330 1149 2475 1204 sicut
2524 1161 2790 1221 corporeo
2833 1150 2956 1205 cibo
3000 1148 3251 1206 reficitur
3295 1166 3518 1222 corpus,
3556 1151 3637 1206 sic
3665 1151 3944 1223 spiritnali

2329 1241 2453 1295 cibo
2479 1241 2725 1298 reficitur
2742 1243 2922 1298 anima
2955 1243 3023 1297 ad
3049 1258 3292 1299 amorem
3321 1253 3378 1298 et
3400 1244 3734 1315 agnitionem
3771 1243 3941 1300 illius.

2404 1333 2472 1388 Et
2500 1333 2708 1388 dimitte
2745 1334 2892 1389 nobis
2925 1335 3102 1390 debita
3133 1345 3340 1403 nostra,
3364 1336 3501 1391 sicut
3539 1344 3590 1390 et
3635 1353 3730 1392 nos
3758 1338 3946 1391 dimit-

2329 1426 2490 1480 timus
2538 1425 2865 1481 debitoribus
2896 1427 3112 1483 nostris.
3170 1427 3362 1483 Debita
3412 1427 3504 1483 hic
3556 1426 3943 1499 intelliguntur

2328 1532 2577 1593 peccata.
2624 1521 2846 1578 Duobus
2879 1522 3056 1578 modis
3106 1537 3295 1579 sumus
3337 1523 3613 1580 debitores
3641 1524 3739 1579 Dei
3786 1543 3801 1579 :
3843 1533 3946 1579 aut

2330 1614 2583 1670 faciendo
2633 1630 2698 1670 ea
2748 1631 2870 1686 quae
2916 1616 3033 1685 ipse
3085 1615 3365 1686 prohibuit
3408 1614 3551 1683 fieri,
3581 1624 3676 1671 aut
3709 1630 3821 1671 non
3858 1616 3946 1671 fa-

2329 1710 2542 1775 ciendo,
2596 1725 2719 1779 qua:
2759 1710 2924 1781 jussit
2955 1708 3094 1764 ﬁeri.
3143 1707 3266 1780 ipse
3296 1710 3430 1765 dicit
3466 1709 3521 1765 in
3577 1709 3883 1783 Evangelia
3923 1728 3939 1764 :

2335 1801 2532 1873 Diliges
2574 1802 2860 1858 Dominum
2892 1802 3060 1857 Deum
3088 1812 3237 1857 tuum
3265 1819 3332 1858 ea:
3359 1812 3467 1858 toto
3497 1802 3655 1858 corde
3675 1813 3789 1868 tuo,
3822 1813 3940 1858 tota

2330 1897 2534 1961 anima,
2562 1905 2672 1951 tota
2702 1896 2913 1961 virtute,
2945 1906 2993 1950 et
3023 1897 3323 1967 proximum
3353 1906 3503 1951 tuum
3545 1897 3684 1953 sicut
3705 1897 3939 1969 teipsunt

2330 1985 2547 2054 (Matth.
2574 2004 2709 2052 xxii,
2742 1986 2855 2058 57).
2884 1986 3002 2041 Non
3034 1987 3310 2059 diligimus
3341 1988 3511 2043 Deum
3542 2004 3718 2059 neque
3743 1989 3940 2060 proxi-

2328 2094 2501 2144 mum,
2537 2080 2681 2135 sicut
2718 2080 2835 2149 ipse
2863 2080 3143 2152 przecipit?
3172 2080 3459 2137 Dehitores
3500 2097 3709 2147 sumus,
3740 2082 3794 2137 id
3823 2091 3936 2149 est,

2326 2182 2661 2243 peccatores.
2692 2172 2809 2244 ipse
2831 2173 2965 2228 dicit
2999 2192 3011 2227 :
3043 2171 3264 2229 Honora
3303 2184 3508 2246 patrem
3537 2184 3685 2229 tuum
3713 2184 3767 2230 et
3808 2192 3935 2232 nsa-

2327 2278 2457 2322 trem
2512 2276 2679 2331 tuam,
2730 2276 2787 2321 ut
2832 2267 2904 2321 sis
2952 2266 3216 2338 longaevus
3254 2284 3413 2338 super
3450 2278 3647 2322 terram
3697 2266 3935 2340 (Matth.

2328 2374 2418 2424 xv,
2447 2358 2526 2433 4).
2562 2356 2680 2415 Non
2721 2357 2954 2415 facimus
2999 2359 3140 2415 hoc?
3183 2357 3469 2414 Debitores
3497 2375 3706 2425 sumus,
3734 2359 3790 2415 id
3820 2368 3939 2427 est,

2325 2461 2663 2522 peccatores.
2697 2449 2825 2507 llaic
2847 2460 2996 2516 sunt,
3043 2464 3165 2520 qua:
3190 2450 3453 2505 Dominus
3479 2449 3730 2521 przecipit
3760 2448 3887 2506 ﬁeri
3916 2466 3933 2505 :

2330 2543 2454 2599 Non
2482 2544 2707 2609 occides,
2740 2562 2845 2599 non
2866 2542 3216 2608 adulterabis,
3249 2559 3355 2597 non
3379 2540 3584 2612 furtum
3606 2542 3792 2612 facies,
3824 2559 3939 2601 non

2324 2637 2643 2708 perjurabis.
2676 2635 2795 2692 Non
2828 2634 3061 2692 facimus
3091 2634 3241 2701 talia,
3269 2650 3393 2706 quae
3438 2634 3700 2691 Dominus
3739 2634 3938 2707 prohi-

2325 2728 2443 2784 buit
2472 2729 2626 2785 ﬁeri?
2652 2729 2942 2786 Debitores
2982 2743 3189 2797 sumus,
3236 2728 3289 2785 id
3321 2736 3431 2795 est,
3476 2742 3791 2798 peccamus,
3826 2731 3933 2801 qni

2330 2827 2481 2875 tanta
2532 2820 2735 2891 ﬂagitia
2797 2829 2992 2877 contra
3038 2827 3309 2893 praecepta
3354 2819 3453 2877 Dei
3503 2822 3931 2878 committimus.

2332 2917 2716 2974 Necessarium
2755 2926 2842 2974 est
2883 2932 3016 2987 ergo
3053 2924 3135 2983 ut,
3182 2915 3231 2972 si
3278 2916 3533 2973 volumus
3582 2932 3647 2973 ea
3681 2916 3846 2973 nobis
3902 2935 3936 2973 a

2325 3015 2559 3072 Domino
2591 3014 2812 3080 dimitti,
2842 3011 3186 3069 dimittamus
3213 3026 3283 3068 ex
3323 3012 3492 3070 corde
3537 3010 3694 3069 fratri
3736 3012 3791 3068 in
3826 3030 3937 3069 no-

2321 3112 2409 3169 bis
2435 3108 2704 3181 peccanti,
2734 3116 2829 3164 aut
2861 3108 3000 3163 mala
3024 3106 3276 3177 operanti
3311 3122 3325 3160 :
3354 3115 3543 3163 contra
3573 3122 3735 3180 quem
3757 3109 3938 3164 etiam

2323 3203 2613 3275 dupliciter
2651 3216 2838 3257 sumus
2876 3209 3218 3271 peccatores,
3248 3208 3342 3255 aut
3385 3198 3639 3257 faciendo
3675 3215 3798 3271 quae
3827 3201 3946 3255 Do-

2326 3296 2508 3351 minus
2544 3293 2825 3366 prohibuit
2874 3292 3012 3356 fieri,
3069 3291 3326 3348 videlicet
3373 3292 3417 3348 si
3471 3291 3941 3363 ﬂagellaverimus

2323 3402 2450 3442 eum
2496 3386 2716 3459 injuste,
2749 3394 2845 3441 aut
2880 3386 2926 3441 si
2958 3400 3057 3441 sua
3099 3384 3521 3450 abstulerimus;
3556 3390 3652 3439 aut
3700 3400 3813 3439 non
3844 3383 3940 3441 fa-

2323 3480 2521 3537 ciendo
2564 3494 2628 3535 ea
2669 3493 2792 3549 quae.
2829 3477 3092 3534 Dominus
3142 3476 3423 3532 mandavit
3466 3474 3606 3543 fieri,
3656 3474 3711 3531 id
3739 3483 3851 3540 est,
3886 3474 3938 3531 si

2324 3588 2432 3628 non
2481 3571 2837 3629 dilexerimus
2862 3584 3010 3634 eum,
3036 3576 3095 3623 et
3125 3567 3257 3624 illud
3285 3568 3430 3639 quod
3460 3565 3515 3621 in
3546 3581 3647 3621 nos
3670 3567 3938 3621 commit-

2322 3664 2411 3731 tit,
2445 3678 2553 3719 non
2575 3661 2967 3718 dimiserimus.
3001 3658 3060 3714 Si
3095 3675 3228 3731 ergo
3276 3658 3667 3715 indulserimus
3690 3657 3765 3724 ei,
3796 3668 3939 3716 tunc

2322 3757 2591 3812 veraciter
2616 3756 2797 3811 dicere
2825 3754 3127 3824 poterimus
3147 3752 3260 3809 Deo
3294 3772 3306 3807 :
3339 3752 3555 3808 Dimitte
3578 3753 3726 3809 nobis
3748 3754 3937 3809 debita

2323 3857 2523 3902 nostra.
2576 3846 2645 3900 Et
2686 3853 2771 3901 est
2814 3858 3011 3901 sensus
3062 3858 3079 3898 :
3128 3841 3174 3900 Ο
3199 3841 3345 3899 Deus
3382 3844 3749 3915 omnipotens,
3781 3844 3936 3901 sicut

2322 3956 2423 3996 nos
2470 3938 2800 3994 dimittimus
2838 3937 2928 3993 his
2970 3935 3062 4006 qui
3104 3935 3159 3991 in
3206 3936 3364 3991 nobis
3418 3945 3803 4006 peccaverunt,
3853 3937 3932 3993 ita

2322 4031 2554 4087 dimitte.
2606 4028 2663 4086 Si
2694 4037 2877 4085 autem
2926 4044 3028 4085 nos
3054 4043 3165 4084 non
3194 4028 3520 4084 dimittimus
3563 4027 3669 4094 eis,
3700 4043 3807 4085 nec
3838 4029 3936 4087 ille

2322 4125 2564 4181 dimittet
2606 4124 2764 4179 nobis
2792 4132 3039 4193 peccata,
3069 4138 3194 4193 qua:
3243 4131 3435 4179 contra
3464 4122 3608 4179 illius
3637 4134 3919 4196 praecepta

2322 4216 2610 4287 gessimus,
2658 4214 2785 4286 quia
2817 4216 2934 4286 ipse
2981 4213 3158 4269 dixit:
3194 4212 3256 4270 Si
3309 4231 3397 4269 vos
3428 4230 3533 4270 non
3579 4213 3925 4282 dimiseritis,

2320 4328 2416 4367 nec
2439 4311 2604 4366 Pater
2626 4320 2790 4367 vester
2816 4308 3041 4364 dimittet
3069 4307 3211 4363 nobis
3246 4316 3465 4378 peccata
3503 4323 3554 4363 υι
3572 4314 3674 4363 .‘ra
3701 4304 3783 4381 (ll
3788 4307 3933 4363 auls.

2321 4421 2401 4471 Vl,
2426 4403 2538 4476 15).

2392 4495 2463 4552 Et
2487 4513 2551 4551 ne
2574 4510 2668 4551 nos
2690 4495 2915 4551 inducas
2942 4494 2999 4550 in
3040 4494 3405 4550 tentationem.
3453 4491 3575 4552 Una
3603 4500 3691 4550 est
3742 4501 3934 4552 tenta-

2326 4591 2417 4655 tio,
2474 4604 2598 4660 qua).
2664 4588 2903 4660 pertinet
2958 4587 3027 4643 ad
3073 4585 3476 4659 probationem,
3519 4585 3590 4642 de
3641 4601 3749 4657 qua
3794 4587 3936 4645 dicit

2326 4683 2541 4755 Moyses
2592 4684 2661 4741 ad
2699 4682 2959 4755 populum
3002 4681 3364 4739 lsraeliticum
3396 4699 3410 4736 :
3443 4681 3652 4749 Tentat,
3703 4682 3759 4739 id
3817 4694 3929 4751 est,

2322 4779 2537 4851 probat,
2567 4794 2657 4834 vos
2707 4777 2966 4833 Dominus
2995 4775 3139 4831 Deus
3162 4785 3348 4845 vester,
3376 4784 3435 4831 ut
3462 4776 3597 4833 sciat
3624 4776 3671 4833 si
3698 4776 3931 4850 diligitis

2320 4886 2441 4926 eum
2489 4868 2669 4942 (Deut.
2707 4886 2827 4935 xm,
2866 4868 2946 4937 5).
3002 4866 3073 4923 Ει
3098 4866 3388 4924 Psalmista
3422 4885 3435 4923 :
3470 4864 3649 4923 Proba
3679 4885 3786 4935 me,
3816 4868 3934 4925 Do-

2318 4964 2479 5028 mine,
2499 4971 2546 5017 et
2569 4970 2711 5016 tenta
2734 4978 2815 5015 me
2841 4958 3015 5033 (Psal.
3048 4974 3157 5014 xxv
3179 5002 3193 5025 ,
3229 4958 3309 5032 2).
3341 4957 3456 5015 Hac
3478 4960 3784 5016 tentatione
3808 4970 3930 5017 ten-

2321 5056 2456 5111 tavit
2483 5055 2628 5111 Deus
2653 5054 2952 5120 Abraham,
2984 5062 3042 5109 et
3070 5052 3324 5109 inventus
3351 5060 3440 5109 est
3484 5052 3682 5109 ﬁdelis.
3730 5052 3927 5109 Altera

2319 5155 2419 5211 est,
2447 5163 2570 5218 quae
2592 5148 2828 5217 pertinet
2854 5145 2923 5200 ad
2950 5145 3327 5216 dweptionem
3351 5153 3409 5200 et
3432 5144 3827 5217 perditionem,
3853 5147 3927 5203 de

2315 5254 2423 5309 qua
2458 5236 2698 5293 Iacobus
2724 5237 3002 5306 apostolus
3029 5254 3043 5290 :
3080 5235 3221 5291 Deus
3253 5236 3513 5291 neminem
3544 5243 3715 5291 tenta:
3768 5233 3921 5306 (Jac.

2316 5349 2359 5396 ι,
2412 5330 2526 5403 15),
2564 5332 2633 5387 ad
2661 5331 2767 5387 hoc
2792 5330 3029 5397 scilicet,
3069 5336 3131 5384 ut
3178 5328 3392 5400 perdat.
3441 5327 3558 5384 liae
3610 5328 3925 5386 tentatione

2316 5432 2489 5480 tentat
2517 5424 2787 5489 diabolus,
2811 5432 2874 5479 ut
2901 5423 3138 5495 decipiat
3162 5431 3218 5478 et
3250 5421 3467 5493 perdat,
3491 5428 3551 5476 et
3582 5435 3685 5477 nos
3713 5421 3786 5477 de
3818 5421 3926 5477 hac

2317 5519 2618 5573 tentatione
2663 5532 2977 5590 precamur,
3021 5524 3085 5571 ut
3134 5530 3244 5572 non
3284 5514 3524 5572 dimittat
3568 5528 3670 5569 nos
3714 5514 3923 5571 tentari

2319 5629 2481 5684 supra
2504 5629 2666 5683 quam
2692 5622 2878 5668 nostra
2910 5611 3174 5684 fragilitas
3198 5610 3372 5683 possit
3405 5608 3672 5665 subicere.
3705 5606 3769 5662 in
3795 5615 3921 5663 ten-

2319 5707 2581 5761 t-ationem
2600 5707 2744 5761 enim
2772 5706 2913 5761 Deus
2938 5707 3199 5761 inducere
3228 5704 3451 5769 dicitur,
3482 5699 3702 5772 quando
3732 5717 3766 5756 ι
3798 5711 3922 5757 ten-

2320 5797 2521 5854 tatione
2551 5814 2658 5851 non
2707 5796 2920 5852 liberat.
2952 5795 3080 5851 Tale
3103 5803 3209 5863 est,
3244 5794 3387 5865 quod
3412 5793 3477 5849 de
3526 5790 3813 5849 Phameae
3840 5790 3918 5849 le-
