4092 6504
288 360 308 413 l
321 360 427 419 269

1108 366 1262 423 OPP.
1305 363 1709 423 SlZPPOSlTA.
1752 398 1822 407 ——
1864 366 1992 421 LIB.
2036 367 2125 421 DE
2164 366 2415 423 DlVl-NlS
2452 365 2759 423 OFFICIIS.

3446 368 3577 422 Μ’ἱθ

280 479 459 549 gimus
510 498 525 535 :
570 478 850 537 Induravit
900 480 1161 536 Dominus
1205 498 1298 535 cor
1335 480 1636 535 Pharaonis
1675 480 1873 554 (Exod.
1907 486 1957 542 Α
1982 481 2131 545 trice,
2156 496 2253 551 per
2268 496 2433 552 quam
2465 481 2622 537 nobis
2649 480 2794 536 salus
2816 486 3007 535 exorta
3031 489 3112 536 est
3134 524 3148 546 ,
3177 492 3223 535 et
3261 482 3422 536 beatis
3449 500 3580 552 apo-

282 588 361 636 Ix,
389 570 500 645 l2),
534 574 679 642 quod
728 572 862 627 nihil
890 581 976 628 est
1003 571 1149 626 aliud
1182 571 1285 625 nisi
1314 612 1329 637 ,
1364 587 1471 625 non
1495 570 1760 626 cmollivit
1788 585 1885 626 cor

279 664 419 736 ejus,
448 665 593 736 quod
629 666 942 722 induratum
971 674 1115 721 erat.

354 756 461 814 Sed
503 758 667 815 libera
696 776 790 815 nos
833 778 866 815 a
895 758 1059 825 malo,
1091 760 1145 815 id
1188 768 1292 825 εει,
1321 774 1351 812 a
1383 756 1598 813 diabolo
1625 763 1682 813 et
1702 756 1884 829 poenis

284 848 504 916 inferni,
533 859 591 906 et
630 852 698 907 ab
722 851 869 908 omni
900 850 1232 907 adversitate
1270 851 1432 922 hujus
1458 849 1661 906 saeculi.
1692 848 1878 915 Amen,

283 944 623 1015 signaculum
662 954 748 1002 est
794 944 954 1002 istius
982 944 1270 1009 orationis,
1304 944 1451 1000 sicut
1473 942 1710 1014 sigillum
1751 958 1881 997 con-

282 1036 521 1092 tirmatio
562 1044 648 1093 est
672 1035 907 1107 alicujus
936 1035 1189 1092 codiculi.
1233 1036 1399 1103 Quasi
1431 1036 1579 1091 dicat
1622 1032 1736 1089 Deo
1765 1033 1877 1099 ille,

280 1127 375 1198 qui
423 1128 565 1185 hanc
609 1128 919 1185 orationem
948 1128 1206 1185 decantat
1248 1147 1261 1178 :
1326 1127 1490 1183 Certe
1545 1141 1738 1183 verum
1792 1135 1879 1183 est

279 1218 427 1289 quod
449 1220 715 1276 hactenus
735 1219 868 1275 dixi.
891 1217 954 1275 Si
974 1233 1106 1293 ergo
1124 1220 1383 1275 dimisero
1406 1219 1655 1291 peccanti
1681 1220 1737 1275 in
1764 1234 1875 1284 me,

280 1323 411 1369 tunc
428 1313 674 1369 dimittes
702 1328 768 1369 ea
819 1327 941 1385 quae
964 1322 1157 1370 contra
1187 1321 1519 1384 prreceptum
1551 1321 1707 1368 tuum
1741 1313 1827 1384 egi
1859 1331 1872 1366 :

278 1405 465 1460 Sinon
493 1404 776 1472 dimisero,
813 1419 917 1463 nec
943 1413 1003 1461 tu
1030 1405 1273 1462 dimittes
1302 1405 1457 1461 mihi.

349 1499 570 1569 Septem
628 1506 756 1555 sunt
802 1498 1098 1570 petitiones
1144 1496 1200 1552 in
1243 1496 1351 1553 hac
1397 1497 1670 1553 oratione.
1738 1496 1876 1552 Tres

274 1591 491 1661 priores
529 1590 807 1661 pertinent
850 1591 923 1646 ad
967 1590 1208 1647 animam
1254 1596 1313 1644 et
1352 1589 1521 1645 vitam
1562 1596 1822 1646 aeternam
1856 1607 1870 1644 :

279 1685 446 1757 508
488 1691 725 1756 quatuor
770 1683 1127 1754 posteriores,
1169 1683 1239 1739 ad
1276 1697 1477 1755 corpus
1521 1690 1578 1740 et
1628 1698 1872 1754 praesens

1986 570 2136 625 stolis
2159 570 2319 625 Petro
2341 581 2389 626 et
2410 569 2602 637 Paulo,
2629 580 2783 643 atque
2809 572 3023 628 Andrea
3050 573 3342 643 impetrare
3370 589 3579 628 merca—

1986 678 2127 717 mur.
2161 662 2217 717 ln
2242 677 2349 733 qua
2376 662 2745 733 postulatione
2770 677 2879 718 non
2906 669 3225 719 carterorum
3266 670 3579 718 sanctorum

1982 752 2443 824 praetermittitur,
2498 755 2593 809 sed
2652 753 2705 808 in
2763 754 2996 809 istorum
3054 752 3576 810 commemoratione

1981 846 2165 901 omnia
2208 845 2465 919 suffragia
2509 854 2858 918 expetuntur.
2891 846 3029 915 Quia
3064 847 3141 903 ita
3168 863 3360 903 omnes
3384 847 3487 902 sibi
3521 848 3576 902 iu

1984 933 2096 991 Deo
2118 936 2257 990 uniti
2281 945 2427 1001 sunt,
2456 936 2532 992 ita
2558 952 2727 992 unum
2744 936 3059 993 desiderant
3078 946 3135 995 et
3154 946 3346 1011 rogant
3361 953 3463 1010 pro
3486 954 3578 994 sa—

1983 1024 2094 1081 lute
2126 1026 2428 1093 hominum,
2461 1036 2520 1083 ut
2546 1028 2601 1083 in
2640 1043 2749 1084 uno
2776 1043 2970 1085 omnes
3010 1029 3316 1085 habeantur
3345 1030 3575 1103 pariter,

1980 1127 2036 1172 et
2090 1117 2145 1173 in
2175 1134 2287 1173 uno
2311 1133 2506 1176 omnes
2537 1121 2745 1191 pariter
2775 1121 3141 1194 negligantur.
3181 1121 3337 1192 Quod
3393 1131 3576 1178 autem

1979 1211 2113 1266 dicit
2155 1226 2170 1265 :
2212 1211 2298 1266 Da
2330 1214 2591 1285 propitius
2630 1231 2810 1285 pacem
2840 1216 2895 1270 in
2922 1214 3105 1270 diebus
3153 1216 3367 1271 nostris.
3411 1213 3574 1271 Juxta

1976 1302 2285 1374 exemplum
2328 1303 2599 1373 Ezechiaa,
2631 1307 2725 1378 qui
2772 1322 2896 1363 cum
2945 1306 3189 1364 audisset
3236 1323 3267 1362 a
3305 1307 3576 1379 Propheta

1977 1394 2118 1451 mala
2172 1403 2416 1452 venturae
2455 1397 2808 1468 captivitatis,
2840 1397 3120 1470 respondit
3161 1416 3175 1452 :
3209 1394 3335 1453 Fiat
3389 1416 3496 1469 pax
3524 1409 3575 1453 ct

1978 1488 2166 1542 veritas
2191 1487 2249 1542 in
2274 1488 2458 1543 diebus
2494 1489 2622 1545 meis
2664 1488 2770 1563 (IV
2800 1489 2930 1562 Reg,
2981 1506 3076 1557 xx,
3125 1489 3237 1561 l9),
3265 1487 3446 1544 futura
3475 1488 3568 1543 Dei

1969 1577 2178 1649 judicio
2214 1593 2527 1646 reservans,
2557 1578 2628 1636 de
2667 1581 2949 1652 praesenti,
2973 1581 3118 1652 quod
3142 1581 3212 1638 ad
3237 1597 3393 1638 suam
3419 1588 3476 1637 et
3502 1581 3573 1637 ad

1974 1672 2159 1744 populi
2181 1673 2412 1730 salutem
2432 1674 2762 1745 pertinebat,
2793 1674 3115 1747 deprecans.
3141 1673 3223 1731 Ita
3245 1682 3303 1732 et
3326 1673 3572 1732 Ecclesia

278 1785 511 1848 tempus.
553 1773 927 1834 Sanctiﬁcatio
967 1775 1207 1832 nominis
1257 1774 1377 1841 Dei,
1413 1782 1470 1833 et
1511 1790 1763 1847 regnum,
1813 1783 1872 1831 et
1903 1844 1941 1848 _
1974 1767 2302 1837 deprecatur
2348 1783 2540 1840 pacem
2588 1768 2645 1824 in
2692 1767 2889 1825 diebus
2916 1769 3139 1836 nostris,
3167 1769 3315 1841 quod
3347 1776 3405 1826 et
3447 1778 3577 1841 post

277 1844 527 1927 voluntas
546 1867 667 1940 ejus
686 1866 853 1933 bona,
880 1865 938 1923 in
971 1865 1161 1923 electis
1190 1866 1245 1921 in
1274 1865 1455 1921 futura
1482 1844 1600 1921 vita
1622 1864 1873 1939 perlicie-
1902 1844 1950 1907 Β
1978 1880 2079 1921 nos
2099 1864 2214 1931 alii,
2245 1874 2300 1922 et
2323 1873 2450 1937 post
2470 1864 2618 1937 ipsos
2649 1864 2763 1932 alii,
2798 1880 2974 1936 usque
3008 1866 3077 1921 ad
3102 1863 3267 1922 tinem
3294 1865 3477 1921 muli
3503 1866 3575 1922 sic

277 1968 387 2016 tur.
419 1959 583 2015 Panis
618 1967 803 2016 autem
841 1968 898 2015 et
938 1959 1188 2015 remissio
1236 1967 1610 2030 peccatorum,
1659 1966 1717 2015 et
1764 1972 1873 2013 non

277 2053 459 2110 induci
504 2052 561 2108 in
591 2052 969 2118 tentationem,
999 2062 1058 2107 et
1080 2050 1335 2107 liberatio
1356 2066 1390 2105 a
1437 2048 1657 2107 diabolo
1705 2057 1763 2105 et
1798 2048 1871 2104 ab

276 2145 423 2200 omni
450 2143 787 2201 adversitate
816 2140 979 2212 hujus
1004 2142 1211 2209 szeculi,
1250 2143 1307 2198 in
1332 2142 1589 2213 praesenti
1621 2150 1749 2197 sunt
1773 2156 1874 2197 no-

276 2239 362 2295 bis
376 2237 712 2303 necessaria,
734 2237 863 2309 quia
889 2236 944 2292 in
970 2235 1154 2291 futura
1165 2235 1276 2291 vita
1292 2251 1400 2291 non
1416 2234 1523 2290 erit
1543 2232 1652 2289 ulla
1675 2231 1871 2301 fames,

277 2333 374 2387 sed
416 2330 643 2387 satietas
688 2337 895 2385 aeterna
950 2326 1248 2384 electorum
1293 2326 1363 2383 de
1414 2323 1875 2398 contemplatione

278 2423 375 2477 Dei
403 2422 824 2494 omnipotentis;
862 2421 918 2477 in
961 2420 1068 2477 hac
1095 2426 1280 2475 autem
1332 2419 1493 2490 panis
1532 2418 1873 2475 necessarius

276 2522 383 2581 cst,
412 2523 469 2571 et
495 2513 768 2581 remissio,
813 2513 941 2585 quia
988 2512 1081 2569 hic
1108 2526 1417 2583 peccamus,
1447 2520 1505 2567 et
1526 2511 1617 2567 hic
1650 2527 1874 2568 necesse

280 2616 387 2673 cst,
455 2613 516 2661 ut
560 2605 859 2663 liberemur
918 2621 950 2660 a
999 2604 1201 2662 diaboli
1250 2605 1555 2662 tentatione
1604 2611 1661 2659 et
1712 2604 1876 2678 hujus

278 2698 460 2754 saeculi
490 2697 861 2754 tribulatione.

352 2793 481 2849 Post
499 2793 805 2849 orationem
831 2807 965 2849 vero
994 2791 1333 2848 Dominicam
1358 2791 1428 2847 ad
1454 2789 1874 2862 completionem

282 2885 416 2940 ututi
448 2884 695 2957 mysterii
724 2891 839 2940 tota
873 2884 943 2941 ad
971 2883 1144 2942 Deum
1187 2883 1366 2940 fundit
1391 2898 1584 2954 preces
1606 2882 1873 2948 Ecclesia,

279 2990 336 3037 et
363 2980 610 3050 sequitur
658 2978 716 3036 in
744 2978 1095 3037 conclusione
1122 2978 1367 3049 ejusdem
1394 2977 1675 3042 sacerdos,
1703 2985 1761 3033 et
1786 2977 1874 3032 di-

278 3074 391 3129 cit:
418 3070 606 3127 Libera
630 3088 747 3139 nos,
767 3087 1091 3143 quasumus,
1118 3069 1362 3135 Donsine,
1390 3078 1447 3125 et
1471 3068 1700 3139 reliqua.
1728 3066 1877 3123 Mala

279 3164 574 3235 praterita,
623 3171 846 3236 peccata
894 3171 1170 3220 transacta
1218 3163 1613 3235 intelliguntur,
1640 3176 1871 3233 quorum

279 3257 325 3313 si
348 3256 490 3313 actio
511 3257 625 3328 jam
652 3256 889 3312 cessavit
916 3255 970 3311 in
998 3255 1174 3321 nobis,
1213 3263 1396 3309 tamen
1441 3263 1626 3309 reatus
1664 3260 1870 3318 manet,

280 3349 385 3405 nisi
412 3349 508 3405 Dei
540 3347 872 3421 indulgentia
918 3345 1184 3403 deleatur.
1236 3344 1385 3401 Mala
1412 3362 1540 3401 vero
1569 3344 1872 3418 prasentia,

280 3441 599 3514 quotidiana
633 3448 856 3513 peccata
901 3438 1275 3510 intelliguntur
1307 3439 1360 3493 in
1392 3438 1592 3503 animo,
1620 3446 1678 3492 et
1720 3452 1877 3493 acce-

282 3538 477 3593 dentes
497 3550 640 3607 ssepe
681 3533 885 3590 diversi
907 3532 1228 3605 languores,
1250 3540 1307 3587 et
1331 3531 1651 3587 alllictioncs
1680 3531 1733 3585 in
1754 3545 1877 3584 cor-

282 3645 437 3700 pore,
468 3637 525 3685 et
569 3628 915 3684 extrinsecus
941 3627 1214 3683 irruentes
1266 3626 1568 3681 innumera:
1597 3624 1877 3679 calamitao

283 3731 389 3788 trs,
417 3736 541 3793 quae
586 3721 802 3792 quoties
831 3719 1087 3790 patimur,
1138 3716 1259 3788 ejus
1291 3716 1553 3773 debemus
1582 3715 1878 3786 implorare

283 3814 568 3879 auxilium,
614 3813 708 3886 qui
745 3812 897 3869 solus
920 3827 1021 3867 sua
1053 3811 1259 3881 pietate
1298 3818 1355 3865 et
1401 3808 1614 3865 animas
1642 3815 1793 3864 creat
1820 3814 1878 3864 et

284 3922 535 3979 corpora.
592 3903 803 3961 Futura
846 3904 1014 3971 mala,
1058 3919 1397 3976 quascunque
1442 3904 1598 3959 nobis
1627 3904 1879 3960 accidere

284 4006 532 4071 possunt,
564 3998 679 4056 sive
702 4014 804 4070 per
829 3999 1159 4055 tentationes
1183 3998 1408 4064 diaboli,
1455 3998 1571 4054 sive
1594 4012 1695 4069 per
1716 3998 1880 4054 mise—

285 4096 399 4150 rias
419 4094 625 4151 saeculi.
647 4092 784 4150 Orat
807 4108 941 4165 ergo
980 4094 1247 4159 Ecclesia,
1274 4102 1333 4148 ut
1358 4092 1504 4164 quod
1530 4093 1583 4149 in
1608 4092 1717 4148 line
1752 4108 1879 4148 ora-

285 4188 451 4245 tionis
476 4187 683 4245 dictum
708 4195 812 4255 est,
838 4187 1007 4243 libera
1054 4205 1149 4243 nos
1174 4207 1209 4242 a
1235 4186 1376 4243 mata
1407 4201 1427 4240 :
1469 4188 1544 4242 ita
1594 4186 1751 4241 nobis
1782 4202 1880 4257 per

290 4283 387 4340 Dei
415 4280 846 4340 misericordiam
874 4289 1186 4354 praestetur,
1210 4290 1271 4336 ut
1292 4282 1588 4337 liberemur
1606 4280 1676 4336 ab
1696 4280 1878 4336 omni-

287 4376 388 4431 bus
421 4374 600 4441 malis,
627 4390 751 4446 qua:
795 4374 954 4432 nobis
992 4373 1078 4431 vel
1128 4374 1183 4429 in
1210 4373 1490 4444 praeterito
1536 4372 1876 4438 acciderunt,

287 4470 372 4528 vel
395 4471 452 4526 in
510 4470 769 4542 praesenti
819 4469 1095 4533 accidunt,
1150 4467 1233 4523 vel
1279 4467 1334 4522 in
1386 4466 1573 4522 futuro
1629 4465 1880 4522 accidere

286 4580 447 4637 posse
468 4564 851 4621 formidantur.
884 4563 1144 4633 Sequitur
1168 4580 1183 4616 :
1209 4572 1259 4616 et
1286 4560 1635 4615 intercedente
1659 4575 1755 4629 pro
1777 4575 1876 4614 ηο-
1905 4576 1960 4639 ι)

288 4661 387 4726 bis,
419 4668 554 4725 etc.,
602 4672 797 4729 usque,
850 4659 1043 4714 securi.
1078 4656 1341 4727 Prmcepit
1376 4655 1638 4711 Dominus
1683 4655 1880 4727 populo

288 4751 476 4818 Israel,
517 4766 643 4807 cum
670 4758 946 4806 teneretur
980 4749 1306 4821 Babylonica
1335 4748 1621 4811 servitute,
1658 4756 1719 4802 ut
1748 4762 1877 4803 ora-

290 4852 414 4899 rent
437 4858 537 4915 pro
565 4857 702 4914 pace
748 4842 919 4914 ipsius
947 4840 1206 4906 civitatis,
1231 4840 1376 4911 quod
1413 4840 1469 4894 in
1496 4854 1650 4910 pace,
1682 4838 1879 4908 inquit,

287 4935 431 5006 ejus,
452 4935 559 4991 erit
586 4950 693 5007 pax
723 4942 941 5000 vestra;
964 4942 1021 4989 et
1040 4932 1333 5003 Apostolus
1352 4931 1605 4986 hortatur
1628 4930 1745 4985 ﬁeri
1762 4946 1883 4986 ora-

291 5029 466 5084 tiones
497 5042 596 5100 pro
623 5026 876 5083 omnibus
904 5025 1239 5090 hominibus,
1280 5038 1379 5095 pro
1417 5022 1638 5094 regibus
1682 5030 1738 5077 et
1792 5022 1879 5077 his

288 5119 385 5190 qui
415 5119 470 5173 in
498 5116 832 5173 sublimitate
856 5124 1004 5181 sunt,
1035 5124 1098 5171 ut
1133 5116 1375 5186 quietam
1427 5121 1484 5168 et
1530 5113 1876 5184 tranquillam

293 5213 460 5267 vitam
489 5226 732 5283 agamus.
760 5209 925 5266 Juxta
950 5210 1097 5265 hanc
1122 5207 1355 5264 formam
1382 5206 1613 5277 populus
1643 5205 1879 5261 ﬁdelium

292 5306 349 5361 in
369 5303 531 5374 hujus
550 5303 733 5360 seculi
761 5302 1219 5376 peregrinatione,
1239 5312 1495 5372 tanquam
1525 5301 1579 5356 in
1606 5299 1881 5372 Babylone

292 5400 562 5470 captivus,
586 5407 644 5455 et
687 5412 939 5470 superna:
984 5397 1179 5469 patria:
1224 5397 1524 5466 inspirans,
1549 5403 1675 5449 orat
1717 5393 1881 5448 etiam

296 5507 394 5563 pro
420 5505 553 5562 pace
590 5489 875 5560 temporali
920 5507 935 5544 :
968 5505 1039 5545 ne
1065 5488 1394 5559 impediatur
1420 5503 1452 5542 a
1506 5485 1795 5557 Spirituali,
1827 5493 1887 5542 ut

299 5584 522 5640 remotis
562 5597 663 5658 per
703 5582 799 5639 Dei
829 5582 1087 5654 pietatem
1135 5581 1389 5637 omnibus
1445 5578 1885 5643 adversitatihus,

303 5675 538 5745 quietam
584 5682 643 5731 et
677 5672 1027 5745 tranquillam
1069 5672 1235 5728 vitam
1293 5678 1422 5743 agat
1461 5668 1724 5726 Ecclesia.
1772 5667 1886 5724 Hoc

302 5774 482 5822 autem
526 5764 894 5837 paucissimis,
936 5766 1031 5820 sed
1060 5761 1511 5819 eminentissimis
1551 5759 1760 5816 sanctis
1789 5775 1887 5814 no-

306 5856 525 5915 minatis
551 5866 739 5915 cxorat
758 5899 773 5925 ,
829 5868 883 5911 ut
916 5856 1266 5912 intercedente
1318 5854 1371 5910 in
1401 5852 1593 5925 primis
1622 5850 1720 5907 Dri
1744 5851 1891 5922 grui-

1976 1957 2181 2014 militer
2200 1957 2457 2014 orabunt.
2496 1956 2610 2014 Cur
2634 1965 2818 2013 autem
2856 1958 3030 2030 ipsam
3068 1971 3262 2029 pacem
3307 1956 3571 2028 postulet,

1976 2047 2276 2120 subjungit,
2324 2048 2537 2106 scilicet
2572 2066 2587 2103 :
2621 2058 2677 2105 ut
2725 2066 2841 2122 ope,
2870 2050 2925 2107 id
2946 2056 3050 2116 est,
3084 2048 3313 2116 auxilio,
3356 2058 3413 2104 et
3439 2065 3569 2121 pro-

1976 2141 2215 2198 lectione
2240 2141 2624 2197 misericordia
2653 2140 2751 2197 Dei
2788 2141 2987 2213 adiuti,
3021 2150 3287 2214 quantum
3328 2142 3399 2198 ad
3432 2142 3574 2200 inte-

1975 2233 2175 2290 riorem
2216 2233 2494 2307 religionis
2516 2235 2858 2292 devotionem
2885 2234 3141 2307 pertinet,
3167 2235 3336 2291 simus
3365 2252 3571 2307 semper

1974 2344 2008 2383 a
2041 2337 2256 2401 peccato
2280 2327 2452 2395 liberi,
2494 2336 2756 2401 quantum
2785 2329 2856 2385 ad
2879 2328 3210 2385 exteriorem
3234 2343 3447 2400 pacem,
3484 2330 3564 2385 si-

1973 2439 2097 2480 mus
2119 2433 2169 2480 et
2188 2423 2255 2479 ab
2281 2424 2426 2479 omni
2464 2424 2857 2496 perturbatione
2884 2422 3077 2480 securi.
3134 2422 3396 2494 Sequitur
3424 2424 3570 2493 quod

1972 2526 2030 2571 et
2075 2516 2132 2571 in
2173 2516 2429 2575 omnibus
2468 2516 2859 2574 ecclesiasticis
2917 2515 3262 2573 orationibus
3315 2513 3569 2589 subiungi

1974 2606 2133 2674 solet,
2160 2607 2267 2663 Per
2286 2602 2569 2665 Dominum
2596 2617 2833 2664 nostrum
2860 2608 3044 2665 Jcsunt
3071 2606 3366 2677 Christum,
3395 2618 3452 2665 ct
3483 2626 3571 2665 rc-

1975 2698 2144 2771 liqua.
2176 2698 2247 2756 Ut
2271 2715 2435 2770 supra
2450 2700 2566 2772 jam
2599 2700 2857 2756 diximus.

2048 2791 2163 2846 Hac
2198 2791 2447 2847 oratione
2498 2791 2733 2863 expleta,
2765 2792 3129 2848 commiscens
3170 2792 3429 2848 sacerdos
3470 2792 3575 2849 Do-

1978 2884 2232 2941 minicam
2270 2884 2627 2951 oblationem,
2658 2894 2719 2940 ut
2751 2884 2895 2940 calix
2940 2883 3154 2939 Domini
3186 2893 3356 2939 totam
3399 2883 3575 2956 pleni-

1978 2975 2222 3032 tudinem
2274 2975 2559 3033 contineat
2604 2975 2963 3041 sacramenti,
2995 2982 3256 3047 tanquam
3281 2991 3382 3047 per
3427 2973 3576 3045 ejus-

1978 3068 2103 3124 dem
2158 3067 2402 3145 mysterii
2466 3067 2872 3141 capulationem
2923 3068 3261 3139 imprccatur
3314 3069 3575 3126 Ecclesia:

1977 3177 2189 3233 pacem,
2239 3162 2428 3223 dicens
2454 3180 2469 3217 :
2495 3160 2618 3217 Pax
2647 3161 2863 3218 Domini
2908 3163 2976 3217 sit
3027 3179 3232 3234 semper
3283 3163 3571 3218 uobiscum.

1976 3254 2076 3310 Cui
2120 3260 2327 3309 tantum
2366 3254 2571 3311 bonum
2594 3253 2761 3309 etiam
2791 3252 3036 3310 Ecclesia
3074 3252 3431 3325 imprecatur,
3459 3270 3577 3311 res—

1974 3345 2220 3417 pondens
2259 3345 2335 3402 illi
2366 3364 2379 3400 :
2412 3345 2482 3402 Et
2510 3363 2632 3401 cum
2664 3344 2854 3417 spiritu
2884 3357 2999 3401 tuo.
3034 3344 3147 3401 Pax
3177 3346 3412 3415 Domini,
3458 3348 3574 3419 ipsa

1974 3449 2061 3496 est
2086 3456 2193 3511 pax
2239 3440 2467 3507 Christi,
2494 3455 2616 3511 quae
2642 3438 2811 3496 ﬁnem
2850 3456 2961 3497 non
2986 3441 3170 3506 habet,
3201 3448 3260 3498 et
3286 3451 3371 3499 est
3395 3444 3578 3501 omnis

1974 3534 2078 3605 pia:
2099 3532 2334 3589 actionis
2356 3531 2638 3604 perfectio.
2672 3533 2812 3589 Vera
2856 3544 3041 3591 autem
3068 3551 3174 3606 pax
3198 3534 3465 3593 unitatem
3493 3535 3575 3592 ia—

1974 3630 2069 3692 cit,
2116 3629 2388 3700 quomodo
2414 3627 2507 3699 qui
2550 3627 2784 3683 adha'ret
2811 3626 3061 3693 Domino,
3092 3644 3231 3683 unus
3258 3629 3477 3699 spiritus
3497 3639 3575 3683 est

1977 3718 2031 3793 (1
2074 3720 2198 3776 Cor.
2246 3736 2323 3787 vr,
2353 3718 2463 3793 l7).
2501 3717 2806 3790 Imprecata
2854 3718 3022 3793 igitur
3049 3733 3207 3790 pace,
3241 3721 3509 3791 incipiens
3541 3738 3571 3775 a

1976 3814 2281 3879 sacerdote,
2317 3813 2413 3868 dat
2441 3812 2545 3867 sibi
2578 3819 2766 3867 mutuo
2817 3813 2997 3868 omnis
3050 3812 3297 3869 Ecclesia
3325 3814 3573 3883 osculum

1977 3902 2150 3975 pacis,
2190 3910 2251 3956 ut
2274 3901 2530 3957 omnibus
2558 3916 2686 3956 vera
2717 3916 2851 3971 pace
2880 3901 3049 3958 unitis
3079 3901 3177 3957 ilat
3199 3902 3255 3957 in
3301 3904 3383 3959 eis
3419 3903 3575 3960 locus

1979 3994 2100 4061 Dei,
2124 3994 2267 4050 sicut
2286 3993 2486 4050 dicitur
2512 4011 2525 4049 :
2555 3992 2699 4048 Deus
2724 3994 2780 4047 in
2801 3992 2918 4049 loco
2941 4003 3125 4049 sancto
3153 4011 3277 4062 suo,
3303 3994 3445 4051 Deus
3482 3998 3575 4069 qui

1977 4086 2274 4141 inhabitare
2312 4084 2443 4155 facit
2487 4085 2765 4139 unanimes
2788 4084 2844 4139 in
2888 4084 3045 4140 domo
3086 4083 3261 4157 (Psal.
3286 4102 3458 4153 vau,
3491 4086 3569 4159 7).

1978 4178 2047 4234 Et
2062 4179 2166 4233 hoc
2186 4192 2254 4232 ex
2278 4177 2573 4233 traditione
2596 4175 2966 4247 apostolorum
2997 4184 3182 4231 servat
3203 4176 3461 4241 Ecclesia,
3481 4180 3574 4235 cui

1979 4269 2294 4343 frequenter
2320 4270 2389 4326 ab
2410 4269 2492 4326 eis
2516 4269 2720 4326 dicitur
2748 4288 2760 4321 :
2794 4267 3037 4325 Salutate
3059 4270 3279 4326 invicem
3304 4271 3363 4326 in
3391 4272 3577 4327 oscula

1977 4376 2160 4421 sancto
2176 4364 2227 4437 (ι
2242 4363 2365 4421 Cor.
2394 4380 2507 4430 xvr,
2529 4361 2621 4435 20)
2650 4404 2666 4429 ,
2696 4362 2750 4418 id
2775 4370 2883 4429 est,
2905 4361 3159 4433 paciﬁco,
3185 4378 3336 4430 vero,
3363 4365 3573 4421 colum.

1979 4460 2132 4527 bino,
2172 4476 2280 4515 non
2309 4457 2459 4525 ficto,
2492 4472 2599 4511 non
2625 4455 2876 4524 subdolo,
2908 4454 3055 4526 quali
3084 4464 3332 4525 utuntur,
3368 4459 3461 4531 qui
3489 4459 3574 4514 lo.-

1980 4561 2215 4623 quuntur
2236 4567 2420 4622 pacem
2443 4565 2563 4604 cum
2592 4548 2835 4619 proximo
2860 4564 2979 4613 suo,
3005 4546 3150 4601 mala
3180 4559 3355 4605 autem
3376 4558 3497 4603 sunt
3518 4551 3579 4607 in

1981 4643 2227 4701 cordibus
2269 4641 2483 4698 illorum
2536 4639 2711 4713 (Psal.
2764 4656 2938 4705 xxvu,
2968 4639 3047 4713 3).
3101 4640 3182 4696 llli
3228 4656 3360 4713 ergo
3386 4641 3577 4697 osculo

1982 4745 2172 4793 sancto
2216 4735 2460 4792 salutant
2502 4732 2759 4799 invicem,
2802 4734 2893 4805 qui
2918 4748 3025 4787 non
3051 4731 3277 4803 diligunt
3300 4732 3454 4788 verbo
3480 4749 3576 4789 nec

1980 4830 2188 4902 lingua,
2213 4829 2306 4886 sed
2330 4844 2485 4900 opere
2519 4837 2568 4883 et
2594 4827 2810 4882 veritate
2838 4825 2891 4898 (1
2912 4825 3074 4881 loan.
3101 4841 3184 4893 ιιι,
3211 4824 3322 4897 l8).

2054 4924 2202 4980 inter
2224 4924 2342 4979 haec
2377 4929 2634 4979 cantatur
2654 4920 2725 4976 ah
2754 4920 3031 4986 omnibus,
3059 4926 3117 4973 et
3142 4918 3418 4974 cantando
3452 4933 3575 4974 ora-

1984 5025 2095 5082 tur,
2124 5014 2429 5072 dicentibus
2459 5031 2473 5067 :
2498 5012 2677 5084 Agnus
2700 5011 2824 5077 Dei,
2849 5012 2939 5081 qui
2963 5010 3103 5066 tollis
3125 5020 3340 5083 peccata
3362 5010 3573 5078 mundi,

1984 5119 2043 5166 et
2087 5110 2314 5180 reliqua.
2346 5106 2536 5163 Nullus
2563 5106 2713 5162 enim
2762 5104 2904 5162 tollit
2927 5112 3170 5176 peccata,
3224 5105 3327 5160 nisi
3368 5104 3456 5160 ille
3485 5119 3575 5160 so-

1988 5202 2093 5269 lus,
2121 5202 2207 5257 cui
2228 5200 2436 5256 nullum
2465 5200 2667 5255 bonum
2695 5196 2932 5253 hominis
2961 5196 3295 5267 impossibile
3313 5203 3420 5263 est,
3451 5195 3573 5252 nul-

1988 5295 2099 5349 lum
2145 5292 2348 5349 malum
2406 5289 2727 5347 insanabile.
2781 5287 3065 5357 Quomodo
3107 5295 3291 5343 autem
3344 5298 3573 5359 peccata

1990 5384 2176 5442 mundi
2219 5383 2397 5450 tollat,
2446 5381 2687 5437 Joannes
2733 5379 2788 5435 in
2834 5377 3159 5450 Apocalypsi
3198 5380 3570 5445 demonstrat,

1988 5477 2093 5545 Qui
2116 5475 2298 5533 ditexit
2334 5491 2454 5542 nos,
2478 5473 2747 5546 inquiens,
2770 5482 2821 5527 et
2848 5469 2974 5525 lauit
3012 5488 3106 5525 nos
3150 5488 3184 5525 a
3221 5471 3446 5543 peccatis
3475 5488 3573 5526 no-

1987 5570 2113 5625 stris
2135 5570 2191 5625 in
2212 5568 2469 5639 sanguine
2490 5584 2587 5622 suo
2615 5564 2801 5637 (Apoc.
2828 5579 2867 5629 I,
2890 5562 2968 5635 5),
2994 5562 3214 5634 quando
3244 5562 3421 5633 ipsum
3442 5577 3572 5617 sau-

1985 5664 2206 5736 guinem
2232 5662 2383 5719 dedit
2406 5676 2505 5732 pro
2527 5660 2683 5716 nobis
2705 5658 2759 5713 in
2785 5671 2969 5722 cruce,
2997 5654 3083 5711 vel
3106 5655 3323 5727 quando
3343 5656 3576 5727 quisque

1989 5766 2235 5811 nostrum
2269 5753 2324 5809 in
2352 5753 2611 5825 mysterio
2637 5766 2809 5808 sacra:
2833 5748 3103 5821 passionis
3143 5747 3289 5803 illius
3315 5747 3571 5819 baptismi

1992 5846 2150 5918 aquis
2193 5845 2407 5902 ablutus
2441 5855 2521 5903 cst
2552 5862 2563 5899 :
2598 5859 2788 5900 verum
2818 5842 2983 5898 etiam
3009 5842 3250 5913 quotidie
3280 5841 3415 5897 tollit
3440 5857 3569 5912 pec-
