4092 6486
554 361 691 421 ιῖἷι
1417 359 1481 417 Β.
1523 360 1588 419 l".
1628 361 1860 418 ALBI‘NI
1902 360 2034 420 SEU
2074 361 2166 418 AL

2272 362 2357 419 [Μ
2396 362 2687 422 OPERUM
2726 363 2907 421 PARS
2947 364 3037 421 IX.
3731 364 3888 423 £272

553 492 678 535 cata
715 476 925 545 mundi,
971 476 1226 550 iuvatque
1279 492 1432 532 nosa
1458 475 1702 547 peccatis
1747 474 1951 532 nostris
1977 474 2157 546 quoti-
2186 477 2234 537 Α
2264 473 2544 546 Virginem
2588 475 2767 541 venit,
2808 475 3036 531 dicens:
3090 473 3227 530 Ecce
3270 476 3550 547 cotteipies.
3597 487 3654 532 et
3690 479 3887 550 paries

556 572 736 630 dianis
764 572 819 629 in
843 573 1109 645 sanguine
1130 588 1251 639 suo,
1267 588 1390 629 cum
1406 572 1562 644 cujus
1581 572 1827 642 ejusdem
1845 572 2020 629 beata:
2039 587 2162 643 pas-
2260 568 2456 637 ﬁlitmt,
2491 583 2683 639 usque,
2722 570 2832 641 ipse
2856 570 2993 624 enim
3017 568 3221 625 salvum
3253 569 3412 640 faciet
3434 571 3685 643 populum
3705 588 3885 627 nam

554 667 727 722 tinnis
754 667 824 723 ad
855 666 1028 721 altare
1058 665 1323 721 memoria
1354 665 1663 736 replicatur.
2260 678 2294 715 a
2315 662 2543 731 peccatis
2565 679 2749 716 eorum
2774 660 2927 734 (Luc.
2956 678 3000 726 ι,
3026 660 3140 732 ει).
3169 661 3329 717 Iesus
3357 661 3645 729 Hebraice,
3673 662 3885 723 Graec

625 757 757 815 Post
780 758 900 815 haec
924 766 1144 831 sumpta
1184 759 1543 825 eucharistia,
1575 759 1630 815 id
1656 766 1761 826 est,
1785 759 1929 817 bona
1959 758 2159 829 gratia,
2262 749 2443 819 Soter,
2471 750 2667 808 Latine
2700 751 2950 808 Salvator
2977 753 3199 831 dicitur.
3231 750 3477 809 Christus
3504 754 3715 822 Graece,
3756 756 3884 814 ﬂe-

553 850 755 921 (gratia
780 849 931 906 enim
1101 864 1202 921 pro
1228 849 1489 906 omnibus
1537 824 1778 920 gustavit
1822 824 2077 921 mortem)
2107 856 2161 902 et
2259 843 2445 900 braice
2481 844 2727 909 Hessius,
2767 843 2961 899 Latine
3000 824 3222 901 Unam.
3267 843 3386 901 Non
3414 843 3517 901 fuit
3542 858 3727 903 autem
3763 864 3881 904 un-

551 940 835 996 celebrata
882 940 1187 1011 gratiarum
1234 941 1472 1006 actione,
1503 939 1864 1011 respondetur
1890 939 1958 994 ab
1984 939 2159 994 omni-
2258 946 2380 991 etus
2402 936 2525 992 oleo
2550 937 2772 1003 visibili,
2818 937 2960 993 sicut
2990 938 3318 1009 patriarcha:
3345 946 3402 995 et
3429 942 3736 1011 propheta,
3765 942 3876 1014 qui

548 1033 679 1099 bus,
704 1033 891 1090 Antea.
940 1032 1071 1091 Haec
1112 1035 1264 1090 enim
1291 1032 1442 1089 clara
1472 1046 1578 1089 vox
1608 1032 1893 1105 sanguinis
1922 1029 2158 1097 Christi,
2257 1028 2502 1099 antiquis
2528 1032 2867 1101 temporibus
2888 1030 3008 1085 oleo
3030 1031 3390 1103 ungebantur.
3416 1032 3494 1089 De
3521 1034 3721 1103 quibus
3744 1034 3875 1107 ipse

549 1141 718 1199 quam
741 1127 967 1199 sanguis
994 1126 1099 1183 iste
1128 1125 1389 1199 exprimit
1411 1140 1481 1182 εχ
1509 1140 1607 1182 ore
1647 1124 1911 1192 ﬁdelium,
1962 1126 2157 1181 eodem
2256 1115 2521 1175 Dominus
2560 1121 2733 1176 dicit:
2769 1120 2951 1177 Nolite
2998 1132 3213 1194 tangere
3254 1120 3496 1179 Christus
3536 1141 3697 1193 meos,
3750 1136 3872 1184 etc.

549 1219 817 1291 sanguine
865 1218 1291 1290 redemptorum.
1337 1216 1536 1273 Finitis
1601 1217 1894 1284 omnibus,
1951 1218 2156 1274 astanti

2259 1207 2437 1281 (Psal.
2462 1225 2574 1277 etv,
2601 1210 2714 1283 15),
2745 1211 2840 1268 εεά
2861 1212 2986 1269 oleo
3006 1212 3284 1280 invisibili,
3310 1213 3365 1271 id
3389 1222 3495 1281 est,
3526 1215 3875 1287 plenitudine

549 1320 609 1367 et
657 1311 969 1369 observanti
1012 1310 1213 1382 populo
1262 1310 1537 1367 absolutio
1589 1310 1773 1377 datur,
1824 1310 2155 1368 inclamante

2256 1299 2495 1372 Spiritus
2546 1304 2744 1358 sancti.
2801 1303 2956 1361 Unde
3008 1302 3300 1363 Psalmista
3329 1324 3343 1361 :
3376 1303 3539 1363 Uaxit
3577 1316 3629 1364 te
3675 1307 3866 1377 Deus,

552 1404 836 1461 Diaeono:
868 1402 975 1470 Ite,
1005 1405 1173 1459 missa
1216 1412 1312 1460 est.
1351 1402 1519 1459 Missa
1561 1417 1695 1477 ergo
1722 1403 1858 1459 nihil
1894 1402 2040 1461 aliud
2071 1404 2155 1460 in-

2255 1390 2398 1448 Deus
2435 1404 2558 1450 tatts
2599 1395 2716 1452 oleo
2757 1396 2959 1451 (latitia:
2994 1414 3107 1469 prae
3147 1399 3496 1471 participibus
3535 1401 3641 1457 tuis
3677 1400 3867 1475 (Pal.

553 1494 839 1567 telligitur,
865 1510 1031 1567 quam
1080 1494 1351 1563 dimissio,
1395 1494 1452 1552 id
1496 1504 1604 1561 est,
1650 1494 1941 1561 absolutio,
1986 1512 2152 1568 quam

2252 1499 2401 1550 mv,
2433 1484 2512 1558 8).
2547 1484 2793 1542 Unicum.
2844 1486 3052 1545 Unicus
3097 1490 3318 1557 dicitur,
3356 1491 3487 1561 quia
3531 1492 3729 1550 unicus
3771 1501 3868 1550 est

550 1588 847 1645 celebratis
887 1587 1163 1656 omnibus,
1188 1597 1319 1644 tunc
1343 1588 1609 1645 diaconus
1636 1602 1760 1645 esse
1810 1590 2148 1661 pronuntiat,

2257 1570 2364 1629 Deo
2405 1574 2579 1632 Patri.
2611 1575 2679 1632 Et
2708 1578 2905 1634 unicus
2940 1588 3027 1636 est
3050 1578 3161 1637 Deo
3188 1579 3361 1649 Patri,
3387 1582 3515 1655 quia
3540 1598 3645 1641 nec
3665 1584 3873 1642 habuit

548 1698 676 1741 eum
696 1681 929 1756 populus
955 1700 985 1738 a
1015 1681 1247 1739 solemni
1276 1682 1662 1741 observatione
1684 1683 1998 1740 dimittitur.
2032 1684 2148 1743 Un-

2258 1665 2417 1723 Pater
2461 1666 2662 1726 Filium
2700 1680 2830 1727 ante
2878 1670 3053 1740 illum,
3107 1688 3211 1731 nec
3256 1683 3417 1747 post;
3464 1692 3644 1749 neque
3682 1687 3874 1737 mater

550 1775 621 1831 de
647 1784 705 1831 et
735 1774 956 1830 [lissam
983 1774 1475 1852 catae/tamencum
1495 1790 1736 1832 canones
1766 1775 1976 1842 dicunt,
2008 1790 2147 1846 quo-

2251 1761 2518 1819 similiter.
2560 1763 2841 1821 Dominum
2877 1777 3146 1823 nostrum.
3206 1769 3467 1827 Dominus
3517 1780 3704 1829 noster
3748 1782 3867 1841 est,

548 1870 699 1927 niam
743 1878 868 1943 post
913 1869 1183 1943 evangelii
1225 1846 1517 1927 lectionem
1569 1869 1839 1943 incipiunt
1881 1844 2149 1927 celebrari

2255 1857 2347 1925 qui
2393 1856 2711 1914 dominatur
2750 1860 2927 1916 nostri
2963 1860 3018 1915 in
3046 1863 3304 1918 omnibus
3331 1864 3603 1922 creaturis
3630 1864 3868 1924 visibili—

546 1976 705 2020 sacra
735 1964 1019 2036 mysteria,
1050 1962 1248 2033 quibus
1301 1963 1513 2018 nullum
1543 1962 1647 2017 nisi
1695 1962 2032 2033 baptizatum
2062 1961 2150 2015 in-

2252 1950 2354 2003 bus
2396 1959 2453 2004 et
2500 1950 2887 2007 iuvisibilibus.
2938 1951 3047 2018 Qui
3089 1963 3368 2025 conceptas
3412 1965 3492 2011 est
3539 1956 3605 2011 de
3645 1955 3864 2030 Spiritu

548 2066 761 2111 teresse
810 2054 939 2110 licet
969 2074 984 2109 ε
1018 2062 1147 2111 tunc
1183 2053 1330 2110 enim
1363 2053 1638 2109 clamante
1685 2052 1939 2116 diacono,
1979 2051 2149 2107 iidem
2250 2051 2453 2109 εαησιο,
2503 2041 2559 2097 id
2580 2052 2685 2108 est,
2716 2058 2883 2113 opere
2935 2053 2990 2100 et
3033 2044 3343 2103 ministerio
3379 2045 3618 2118 Spiritus
3658 2051 3862 2106 sancti.

543 2149 925 2206 ςιιοοδιιωεηί
970 2146 1330 2204 mittebantur
1375 2146 1542 2202 ίοηε,
1602 2145 1765 2201 nam
1817 2159 1952 2217 ergo
2005 2154 2153 2200 cate.
2250 2131 2321 2187 Et
2349 2132 2395 2188 si
2426 2141 2726 2203 contmptns
2764 2142 2851 2189 est
2881 2150 2911 2189 a
2943 2133 3173 2207 Spiritu,
3207 2151 3379 2208 quare
3404 2153 3511 2195 non
3537 2138 3744 2195 dicitur
3768 2139 3865 2194 Fi-

546 2239 944 2296 ehumanorum
978 2237 1142 2293 ﬁebat
1172 2245 1303 2294 ante
1329 2237 1603 2293 actionem
1636 2243 2147 2301 sacramentorum;
2251 2222 2359 2280 lius
2396 2222 2634 2295 59ml“s
2662 2228 2875 2282 sane“?
2942 2225 3053 2282 Sed
3080 2228 3363 2285 θείθηάιιω
3390 2231 3520 2302 qu“
3548 2247 3656 2287 non
3682 2246 3859 2289 omne

544 2330 712 2387 Missa
739 2330 982 2388 ﬁdelium
1013 2338 1136 2401 post
1164 2328 1562 2387 confectionem
1588 2336 1646 2384 et
1674 2327 2148 2399 participationem

2250 2316 2396 2390 quod
2421 2316 2491 2374 ab
2509 2316 2695 2389 aliquo
2720 2319 2991 2386 nascitur,
3022 2319 3141 2392 ejus
3168 2318 3312 2377 illius
3331 2321 3668 2395 appellatur;
3696 2323 3858 2379 verbi

542 2422 864 2481 earumdem
906 2429 1401 2478 sacramentorum,
1448 2420 1548 2477 Vel
1592 2420 1762 2476 mis“
1803 2428 1913 2485 est,
1942 2418 1997 2474 id
2040 2428 2146 2485 est,
2248 2409 2449 2480 gratia,
2501 2410 2749 2466 nascitur
2785 2411 3017 2482 capillus
3046 2426 3114 2467 ex
3153 2412 3360 2484 capite,
3392 2415 3489 2470 80d
3517 2413 3867 2471 nondicitur

541 2512 784 2582 directa;
818 2514 936 2570 sive
978 2513 1145 2569 missa
1174 2520 1281 2579 est,
1312 2512 1367 2568 id
1392 2518 1492 2576 est,
1526 2509 1769 2582 perfecta
1805 2518 1893 2567 est
1924 2524 2025 2581 pro
2050 2524 2149 2566 no-

2250 2498 2397 2554 tllius
2440 2500 2661 2573 capitis.
2710 2499 2996 2558 Similiter
3023 2504 3271 2559 nascitur
3313 2505 3511 2577 unguis
3547 2520 3617 2562 εχ
3663 2522 3863 2574 manu,

543 2606 631 2665 bis
658 2606 865 2665 oblatio
899 2616 957 2663 et
982 2606 1157 2661 oratio
2252 2595 2347 2651 sed
2385 2610 2496 2651 non
2535 2594 2741 2652 dicitur
2780 2594 2925 2653 illius
2952 2612 3168 2652 manus.
3206 2595 3381 2654 Natus
3409 2612 3476 2655 es
3510 2597 3689 2655 Har-ia
3729 2598 3862 2655 Vir-

1034 2716 1199 2790 509
1227 2714 1460 2773 (Ἀρυτ
1512 2714 1648 2771 χω.
2246 2688 2388 2790 gitte,
2412 2686 2709 2790 secundum
2739 2702 2985 2790 carnem,
3021 2688 3149 2760 quia
3175 2688 3335 2746 beata
3365 2688 3537 2747 Maria
3562 2691 3719 2790 virgo
3746 2690 3864 2749 fuit

1135 2781 1263 2845 rm;
1298 2802 1557 2844 summ,
2247 2787 2377 2835 ante
2423 2788 2662 2850 partum,
2705 2790 2763 2836 et
2806 2781 2862 2836 in
2907 2790 3092 2851 partu,
3138 2789 3195 2837 et
3219 2789 3342 2854 post
3368 2793 3609 2856 partum.
3648 2781 3863 2843 Beatus

617 2883 938 2957 Symbolum
980 2883 1192 2947 Gnece,
1234 2879 1433 2936 Latine
1466 2880 1706 2946 collatio,
1754 2879 1870 2937 sive
1904 2879 2141 2951 signum,
2245 2872 2583 2945 Augustinus
2609 2872 2744 2929 dicit
2772 2873 2843 2929 ibi
2875 2889 3041 2930 uuam
3073 2875 3563 2946 comparationem.
3592 2874 3690 2933 Est
3719 2892 3857 2949 spe-

541 2975 628 3032 vel
684 2974 965 3030 indicium.
1014 2972 1319 3037 Indicium,
1372 2970 1499 3042 quia
1548 2970 1622 3025 ibi
1674 2968 1949 3025 indicatur
2008 2967 2145 3026 ﬁdes
2246 2966 2431 3023 culum
2470 2967 2524 3023 in
2562 2967 2745 3039 aliqua
2782 2969 2968 3037 domo,
3000 2970 3170 3025 intrat
3199 2968 3399 3041 aliquis
3426 2972 3483 3028 in
3514 2970 3685 3037 illam,
3725 2986 3859 3027 um-

543 3078 750 3124 sancue
791 3065 1102 3131 Trinitatis,
1130 3064 1365 3136 qualiter
1400 3062 1593 3119 debeat
1616 3062 1769 3118 credi
1798 3061 1964 3119 Pater
1987 3060 2141 3133 inge-
2244 3062 2343 3119 bra
2384 3060 2504 3133 ejus
2545 3077 2819 3134 apparens
2847 3063 2901 3118 in
2932 3062 3175 3134 Speculo,
3215 3063 3439 3137 quando
3465 3062 3772 3135 ingreditur
3796 3074 3864 3121 et

541 3158 714 3226 uitus,
762 3156 936 3214 Filius
973 3158 1210 3227 genitus,
1260 3153 1498 3225 Spiritus
1541 3161 1766 3209 sanctus
1808 3153 1877 3209 ab
1906 3160 2140 3224 utroque
2169 3206 2213 3231 η
2244 3155 2544 3227 egreditur,
2585 3172 2693 3212 non
2731 3155 2936 3231 frangit
2976 3157 3107 3214 illud
3156 3158 3754 3231 speculumtsimlliter
3797 3162 3865 3221 in

541 3206 1796 3320 sane;"statimsistam.
1814 3206 1985 3300 ea
2012 3206 2142 3314 ρῑο-
2168 3206 2215 3271 c
2249 3206 2511 3317 mg;
2529 3206 2906 3308 3.1.1.55?
2916 3206 3743 3327 sagitdzg;;;;";.;.:t:
3770 3206 3866 3314 εξς

540 3340 671 3408 fert,
696 3341 938 3398 ostendit
966 3355 1025 3397 se
1054 3341 1121 3395 ad
1150 3339 1322 3395 Deum
1369 3338 1457 3394 vel
1499 3338 1567 3394 ad
1599 3354 1888 3395 numerum
1917 3338 2143 3394 creden-
2245 3349 2401 3413 teger
2440 3344 2766 3414 permansit.
2818 3340 3024 3399 Passus
3053 3345 3151 3400 sub
3187 3343 3385 3400 Pontio
3418 3340 3625 3413 Pilato,
3653 3361 3865 3404 sema-

542 3434 679 3489 tium
710 3434 1006 3504 pertinere.
1048 3429 1276 3487 Collatia
1302 3430 1504 3486 dicitur
1531 3430 1871 3487 conferentia
1895 3431 1981 3487 vel
2006 3446 2140 3487 con-
2244 3432 2375 3487 dum
2400 3432 2821 3501 humanitatem,
2848 3433 2977 3506 quia
3009 3432 3286 3507 lapidatus
3320 3442 3432 3503 est,
3473 3436 3646 3510 virgis
3669 3451 3865 3497 casus

540 3526 726 3581 ductio
746 3524 1040 3581 verborum
1070 3526 1124 3579 in
1155 3540 1321 3579 unum
1348 3522 1512 3579 facta.
1533 3522 1739 3579 Beatus
1758 3523 2141 3594 Augustinusb
2243 3533 2350 3593 est,
2380 3534 2575 3597 sputus
2604 3535 2711 3594 est,
2742 3536 2800 3583 et
2828 3526 3047 3595 irrisus,
3085 3527 3380 3599 multisque
3409 3529 3732 3587 verberibus
3770 3530 3863 3587 af-

540 3631 598 3677 et
640 3617 876 3690 majores
920 3619 1091 3674 nostri
1133 3618 1374 3683 tradunt,
1419 3617 1548 3688 quia
1587 3624 1877 3689 postquam
1910 3615 2141 3688 apostoli
2244 3614 2447 3683 ﬂictus,
2484 3615 2582 3671 sed
2621 3616 2878 3673 divinitas
2908 3616 3055 3674 illius
3091 3618 3450 3691 impassibilis
3482 3620 3707 3677 mansit.
3741 3620 3856 3679 De-

541 3722 874 3787 acceperunt
914 3711 1177 3784 Spiritum
1209 3721 1482 3778 sanctum,
1511 3709 1809 3783 profecturi
1838 3710 1894 3766 in
1921 3725 2140 3767 omnem
2246 3720 2369 3762 mus
2398 3706 2523 3762 inde
2550 3708 3034 3778 comparationem.
3076 3708 3271 3766 Incidit
3309 3710 3435 3782 quis
3477 3710 3756 3780 arborem,
3796 3711 3858 3769 in

542 3818 750 3862 terram
776 3805 1035 3861 dixerunt
1066 3804 1270 3857 bonum
1295 3816 1433 3867 esse,
1465 3800 1595 3875 [ut,]
1623 3802 1751 3873 quia
1779 3816 1946 3857 unum
1969 3800 2141 3857 Deum
2245 3815 2353 3871 qua
2374 3798 2566 3855 radius
2592 3799 2725 3857 solis
2760 3808 2870 3857 stat
2896 3819 2910 3856 :
2941 3801 3105 3858 arbor
3134 3801 3416 3870 inciditur,
3446 3812 3629 3860 tamen
3658 3804 3855 3863 radius

541 3898 860 3960 credebant,
895 3910 1059 3951 unam
1088 3894 1248 3950 ﬁdem
1274 3895 1657 3966 prmdicarent.
1692 3893 1990 3950 Duodecim
2014 3909 2144 3966 apo-
2246 3891 2378 3947 solis
2418 3891 2553 3947 nihil
2582 3891 2711 3947 mali
2738 3894 2963 3965 patitur.
3007 3892 3102 3951 Sic
3147 3893 3411 3952 Dominus
3450 3895 3611 3954 Jesus
3648 3912 3851 3955 secun-

542 3990 671 4047 stoli
716 3990 970 4055 fuerunt,
1019 3987 1305 4043 duodecim
1353 3987 1521 4043 verba
1568 3995 2033 4057 composuerunt,
2086 3994 2145 4043 et
2245 3982 2373 4038 dum
2394 3982 2793 4040 humanitatem
2816 4000 3016 4056 passus
3044 3993 3146 4050 est,
3173 3985 3473 4042 secundum
3502 3988 3851 4047 divinitatem

544 4083 1007 4140 denuntiaverunt
1038 4097 1147 4137 non
1170 4095 1236 4137 ea
1264 4080 1464 4153 scripta
1489 4079 1693 4138 habere
1716 4081 1772 4135 in
1798 4079 2145 4136 membrauu-
2245 4075 2597 4146 impassibilis
2644 4078 2864 4133 mansit.
2912 4076 3135 4135 Pontius
3178 4077 3387 4135 Pilatus
3422 4082 3704 4152 proprium
3744 4098 3850 4141 no-

538 4177 642 4244 lis,
682 4176 779 4234 sed
815 4175 871 4232 in
910 4175 1114 4231 tabulis
1150 4175 1333 4231 cordis
1369 4174 1608 4231 retinete
1634 4191 1648 4228 :
1680 4172 1822 4240 Quia
1852 4172 2009 4229 corde
2030 4188 2143 4229 cre-
2244 4183 2370 4224 men
2394 4176 2480 4225 est
2497 4168 2678 4224 Pilati.
2710 4168 2769 4224 in
2803 4167 2991 4226 .ludtea
3021 4178 3146 4226 erat
3173 4170 3430 4242 princeps
3461 4169 3671 4245 [Forte,
3701 4188 3849 4245 prte-

538 4269 691 4326 ditur
718 4268 787 4323 ad
801 4268 1094 4339 justitiam,
1118 4284 1208 4323 ore
1225 4278 1401 4323 autem
1425 4266 1685 4338 confessio
1712 4266 1775 4337 ﬁt
1804 4266 1876 4321 ad
1894 4266 2137 4321 salutent.
2244 4260 2356 4336 ses]
2386 4260 2490 4318 Sub
2518 4262 2739 4320 Tiberio
2768 4263 3119 4334 imperatore.
3152 4264 3256 4335 Qui
3286 4265 3512 4323 Pontius
3543 4265 3723 4325 dictus
3756 4276 3849 4325 est

610 4358 783 4415 Credo
823 4360 877 4413 in
921 4358 1113 4412 Deum.
1150 4358 1334 4423 Aliud,
1373 4358 1539 4414 credo
1579 4357 1711 4422 Deo,
1764 4355 1909 4412 aliud
1944 4356 2138 4423 Deum,
2242 4356 2385 4412 vela
2408 4356 2581 4413 Ponto
2610 4358 2852 4429 regione,
2879 4357 3023 4413 vela
3049 4357 3224 4415 Ponto
3252 4358 3428 4415 insula
3456 4358 3513 4416 in
3535 4375 3643 4432 qua
3672 4371 3845 4419 natus

538 4462 597 4512 et
625 4452 774 4509 aliud
808 4453 862 4507 in
900 4451 1093 4507 Deum.
1125 4449 1302 4508 Credo
1340 4450 1453 4506 Deo
1497 4450 1682 4506 omnia
1723 4450 1923 4515 inesse,
1975 4450 2141 4506 credo
2241 4457 2347 4516 est,
2377 4448 2522 4505 vela
2550 4447 2776 4516 familia,
2822 4458 2885 4506 ut
2906 4450 3231 4523 quibusdam
3270 4450 3471 4522 placet.
3514 4449 3847 4523 σιτοῦμαι,

537 4541 708 4599 Deum
738 4558 866 4599 vera
890 4541 1098 4609 dicere,
1132 4542 1297 4598 credo
1323 4541 1379 4597 in
1407 4541 1603 4609 Deum,
1652 4541 1708 4597 id
1749 4550 1833 4598 est
1866 4542 2138 4599 credendo
2169 4596 2215 4613 ,ι
2242 4539 2297 4595 id
2321 4548 2424 4604 est,
2457 4540 2606 4596 cruci
2638 4539 2831 4597 aliian
2856 4556 2981 4597 cum
3012 4540 3201 4598 clavis.
3252 4540 3407 4597 Multi
3445 4540 3655 4609 dicunt,
3692 4543 3845 4613 quod

535 4596 1167 4707 .1i.}..‘.ti;,o;t»......
1204 4596 1629 4705 omnipotentem.
1658 4596 1825 4689 15....
1850 4596 2137 4689 astas
2169 4596 2220 4659 θ
2244 4596 2446 4686 an...
2490 4629 2744 4699 iniuriam
2794 4596 2877 4688 ibi
2916 4596 3278 4689 -sustinuerit
3318 4596 3654 4690 una..."
3676 4596 3840 4692 sict;

537 4744 734 4784 nomen
782 4736 869 4784 est
913 4743 945 4783 a
989 4726 1120 4783 lilio.
1202 4726 1367 4783 Pater
1408 4728 1610 4784 dicitur
1651 4741 1718 4784 eo
1752 4727 1900 4798 quod
1938 4728 2141 4784 habeat
2239 4723 2387 4781 enim
2415 4722 2644 4796 quilibet
2679 4725 2844 4781 homo
2888 4740 3063 4782 χχχιιι
3104 4734 3163 4783 et
3201 4724 3373 4782 semis
3415 4740 3589 4782 annos
3628 4725 3844 4783 habens

536 4819 729 4875 tilium.
768 4817 885 4875 Non
930 4819 1077 4875 enim
1119 4829 1299 4891 potest
1333 4820 1438 4876 dici
1477 4818 1663 4887 Pater,
1701 4819 1807 4876 nisi
1840 4820 2042 4876 habeat
2070 4819 2136 4875 ﬂ-
2241 4816 2496 4887 iniuriam
2527 4819 2841 4885 sustineret,
2873 4819 2921 4874 si
2949 4818 3404 4891 cruciﬁgeretur:
3434 4820 3510 4875 ita
3540 4817 3713 4878 Filius
3735 4819 3839 4877 Dei

534 4908 701 4975 lium,
758 4923 935 4979 neque
982 4908 1161 4975 ﬁlius,
1230 4908 1335 4965 nisi
1391 4909 1595 4966 haheat
1650 4917 1883 4981 patrem.
1951 4907 2137 4966 Omai-
2240 4921 2459 4980 penam
2483 4910 2761 4977 sustinuit,
2792 4910 2921 4983 quia
2969 4910 3018 4968 si
3060 4927 3170 4967 non
3212 4910 3455 4981 fecisset,
3490 4928 3621 4970 vera
3652 4914 3841 4987 passio

530 5012 810 5075 potentem.
860 5000 1216 5074 Omnipotens
1265 5002 1469 5057 dicitur
1506 5016 1576 5058 eo
1621 5002 1769 5073 quod
1808 5000 1993 5058 omnia
2040 5015 2140 5073 po-
2241 5016 2351 5057 non
2390 5010 2557 5058 esset.
2606 5001 2879 5069 Hortaris,
2926 5002 3225 5060 secundum
3275 5019 3521 5063 carnem.
3575 5004 3729 5064 Unde

534 5104 660 5151 test.
687 5095 758 5151 Et
792 5110 963 5166 quare
989 5096 1197 5152 dicitur
1221 5096 1597 5168 omnipotens,
1641 5112 1766 5152 cum
1814 5096 1996 5153 omnia
2028 5110 2136 5153 non
2242 5093 2532 5166 Evangelio
2579 5093 2784 5150 dicitur
2822 5112 2839 5150 :
2882 5094 3150 5151 Inclinato
3177 5097 3347 5169 capite
3381 5100 3559 5154 emisit
3591 5098 3843 5171 spiritum

531 5189 747 5258 possit?
787 5188 1005 5245 Mentiri
1052 5204 1161 5245 non
1210 5198 1416 5261 potest,
1468 5190 1596 5261 quia
1637 5189 1998 5246 immutabilis
2026 5196 2132 5245 est.
2238 5186 2423 5261 (Joan.
2458 5203 2577 5255 χιχ,
2624 5188 2737 5260 '50).
2782 5188 2940 5246 Unde
2971 5196 3028 5247 et
3052 5187 3316 5245 Dominus
3343 5206 3485 5247 nona
3514 5191 3699 5247 emisit
3722 5192 3841 5262 spi-

533 5280 643 5338 Sed
689 5280 968 5337 sciendum
1015 5285 1145 5353 quia
1191 5282 1456 5355 quidquid
1499 5283 1651 5339 illum
1684 5283 1879 5351 decet,
1929 5290 2129 5355 potest.
2236 5281 2426 5348 ritum,
2448 5283 2579 5353 quia
2602 5291 2757 5339 sexta
2780 5282 2917 5339 hora
2938 5282 3118 5338 fuerat
3136 5282 3453 5342 cruciﬁxus.
3478 5285 3838 5343 Etrectoon-

532 5370 603 5426 Ia
644 5371 830 5428 Iesum
873 5369 1145 5429 Christum
1188 5372 1395 5429 Filium
1442 5374 1585 5445 ejus,
1632 5375 1881 5441 subaudi,
1930 5374 2126 5432 credo.
2232 5372 2359 5430 dine
2395 5373 2601 5431 factum
2629 5384 2738 5440 est,
2768 5381 2829 5431 ut
2851 5390 2958 5445 qua
2989 5374 3128 5431 liora
3152 5374 3317 5430 homo
3343 5376 3413 5433 de
3443 5375 3701 5449 paradiso
3722 5377 3843 5449 eje-

530 5458 688 5515 Jesas
710 5475 905 5517 nomen
931 5470 1014 5517 est
1041 5463 1397 5519 humanitatis
1422 5473 1716 5537 assumpta:
1737 5481 1768 5521 a
1792 5465 1993 5522 Verbo.
2019 5465 2130 5522 An-
2232 5474 2355 5521 ctus
2378 5473 2485 5533 est,
2514 5466 2705 5522 eadem
2732 5466 2843 5522 illic
2870 5465 3275 5522 restitueretur.
3321 5464 3392 5521 Et
3439 5466 3695 5538 sepultus.
3732 5468 3841 5524 So-

530 5550 685 5621 gelus
728 5552 987 5626 imposuit
1026 5556 1076 5611 ci
1105 5555 1211 5612 hoc
1251 5570 1473 5622 nomen,
1522 5558 1741 5628 quando
1788 5558 1856 5614 ad
1902 5557 2127 5615 Mariam
2232 5558 2467 5630 pultusa
2497 5558 2699 5631 Joseph
2736 5567 2794 5615 et
2828 5574 2859 5613 a
2890 5558 3209 5624 Nicodemo,
3239 5558 3382 5614 sicut
3406 5558 3658 5632 legimus,
3700 5562 3835 5631 quia

604 5700 630 5727 ιι
660 5687 853 5767 Capita
893 5704 989 5745 sex
1032 5691 1317 5761 sequentia
1352 5692 1589 5763 primum
1617 5708 1646 5747 a
1678 5691 2023 5759 Quercctano
2059 5709 2125 5748 ex
2234 5693 2367 5767 certi
2394 5694 2656 5767 auctoris,
2690 5695 2779 5765 qui
2804 5696 2981 5751 editus
3014 5702 3192 5753 exstat
3216 5692 3269 5752 in
3302 5693 3545 5767 Append.
3578 5704 3709 5755 tom.
3763 5696 3833 5755 Vl

534 5773 634 5837 ms.
669 5762 919 5837 restituta
952 5772 1097 5816 sunt.
1122 5834 1133 5837 _
1161 5834 1170 5837 Α
1356 5762 1365 5763 ί
1686 5836 1695 5837 ί
1890 5836 1897 5837 ,
1964 5836 1969 5837 ,

1029 5772 1097 5815 nt.
1122 5834 1133 5837 _
1161 5834 1170 5837 A
1356 5762 1365 5763 ί
1686 5836 1695 5837 7
1890 5836 1897 5837 ί
1964 5836 1969 5837 ν
2232 5765 2394 5836 Oper.
2422 5764 2480 5822 S.
2513 5765 2645 5837 Aug.

607 5831 633 5869 ι
667 5824 790 5885 iter
824 5840 1044 5903 accepta
1085 5834 1337 5890 videntur
1366 5849 1431 5891 ex
1466 5852 1633 5892 scrin.
1667 5836 1733 5891 dc
1766 5836 2011 5905 symbolo
2038 5838 2123 5892 in-
