4092 6484
302 376 438 436 1973

297 506 349 562 in
381 504 629 576 sepulcro
659 520 798 561 novo
827 505 1075 577 sepelivit
1111 521 1260 572 eum,
1299 505 1446 575 quod
1489 502 1771 561 exciderat
1817 501 1872 557 in
1904 499 1951 554 Δ

293 608 464 669 petra.
507 597 788 654 Descendit
818 599 887 652 ad
922 597 1157 667 inferna,
1193 599 1247 652 in
1276 598 1459 654 anima
1491 596 1626 653 sola.
1659 596 1883 664 Quare?

298 691 367 746 Ut
390 690 615 756 electos,
648 691 743 761 qui
779 689 852 746 ibi
880 690 1269 745 detinebantur
1297 689 1497 759 injuste
1523 699 1750 759 propter
1767 689 1881 744 ori-

292 782 468 855 ginale
505 791 809 852 peccatum,
855 781 1115 838 liberaret
1142 791 1198 837 et
1244 779 1313 836 ad
1356 780 1525 837 cados
1572 781 1878 836 reduceret.

296 875 447 931 Unde
471 875 672 932 dicitur
699 892 798 947 per
825 875 1154 946 Prophetam
1181 893 1196 930 :
1229 874 1342 930 Ero
1370 892 1512 930 mors
1547 885 1661 940 tua,
1686 890 1720 928 o
1740 890 1884 928 mors

289 966 438 1038 (Ose.
462 982 584 1032 xm,
609 967 720 1037 li).
765 967 1056 1024 Momerdit
1100 966 1363 1023 Dominus
1407 965 1701 1032 infernum,
1753 967 1882 1036 quia

287 1059 412 1114 inde
435 1067 647 1131 partem
674 1058 918 1123 abstulit,
956 1069 1012 1116 et
1047 1069 1259 1132 partem
1304 1058 1542 1129 reliquit.
1587 1057 1766 1114 Tertia
1795 1058 1883 1113 die

291 1153 600 1208 resurrexit.
643 1151 814 1208 Sexta
850 1155 996 1208 enim
1032 1152 1169 1208 feria
1198 1152 1494 1209 cruciﬁxus
1520 1161 1626 1218 est,
1654 1150 1882 1208 sabbato

285 1245 495 1314 quievit
525 1245 579 1300 in
611 1244 886 1315 sepulcro,
915 1244 1004 1301 die
1032 1243 1318 1300 Dominico
1345 1244 1649 1300 resurrexit
1677 1259 1711 1299 a
1736 1259 1883 1300 mor-

287 1341 421 1405 tuis,
451 1340 592 1396 sicut
619 1338 969 1409 praedixerat.
1013 1338 1170 1394 Unde
1201 1338 1336 1394 dicit
1374 1337 1441 1392 ad
1479 1343 1692 1406 patrem
1721 1352 1735 1392 :
1769 1335 1883 1394 Ea:-

284 1448 504 1504 surgam
545 1429 784 1485 diluculo
818 1428 994 1502 (Psal.
1032 1446 1146 1496 ut,
1184 1429 1263 1502 9).
1306 1429 1554 1484 Ascendit
1594 1427 1664 1482 ad
1702 1428 1878 1494 celos,

285 1523 704 1596 quadragesimo
728 1523 817 1579 die
848 1521 1274 1579 resurrectionis
1318 1536 1450 1578 sure.
1500 1517 1637 1576 Nam
1678 1535 1778 1592 per
1809 1537 1880 1577 xi.

285 1614 406 1675 dies
445 1623 804 1672 conversatus
831 1625 916 1671 est
943 1630 1070 1670 cum
1091 1610 1372 1685 discipulis
1392 1611 1531 1679 suis,
1567 1621 1625 1668 et
1653 1613 1882 1669 mandu-

283 1707 429 1762 cavit
465 1722 592 1762 cum
618 1706 747 1772 illis,
776 1707 919 1763 sicut
941 1704 1190 1777 legimus,
1218 1711 1433 1776 partem
1457 1702 1625 1774 piscis
1659 1703 1792 1769 assi,
1821 1711 1880 1759 et

282 1797 466 1856 favum
511 1799 709 1856 mellis.
751 1799 900 1855 Bibit
939 1798 1105 1854 etiam
1147 1812 1272 1853 cum
1316 1795 1445 1861 illis,
1485 1795 1629 1853 sicut
1677 1795 1876 1853 Petrus

1117 379 1268 436 OPP.
1312 375 1717 435 SUPPOSITA.
1758 406 1826 415 —-
1865 373 1993 429 LIB.
2034 374 2123 430 DE
2159 374 2413 432 DIVINIS
2446 376 2532 434 OF
2538 377 2579 433 F
2582 377 2754 435 ICIIS.

1903 1857 1951 1918 Β

3442 380 3582 438 1⁵274

2554 497 2784 554 CAPUT
2840 497 3002 554 XLII.

2082 601 2196 645 ενι
2237 605 2477 656 τεκτιλε,
2519 606 2707 647 δεΧτΒ
2747 607 3006 656 δοκερυε
3045 607 3201 647 IlOBE
3241 608 3487 649 οεπιεηε.

2057 680 2261 739 Horam
2307 684 2548 750 tertiam,
2591 692 2802 740 sextam
2835 693 2892 742 et
2927 700 3128 741 nonam
3165 685 3356 742 Daniel
3383 697 3439 744 et
3467 697 3582 744 tres

1983 776 2138 847 pueri
2185 774 2673 845 supplicationibus
2726 777 3101 845 devoverunt;
3151 778 3364 834 scilicet
3408 789 3471 834 ut
3509 781 3582 836 ab

1984 878 2108 925 ortu
2138 869 2246 925 diei
2268 869 2321 923 in
2355 879 2568 941 tempus
2591 870 2925 941 precationis
2963 878 3079 926 tres
3115 872 3266 926 hora:
3312 883 3580 944 porrecta

1984 961 2269 1017 Trinitatis
2309 961 2467 1018 nobis
2495 963 2864 1020 reverentiam
2893 963 3238 1021 declararent
3266 984 3281 1020 :
3311 968 3521 1036 pariter
3545 985 3576 1025 a

1983 1057 2145 1113 tertia
2187 1058 2257 1113 ad
2298 1066 2530 1124 sextam,
2563 1057 2644 1132 [et
2692 1059 2840 1132 inde]
2898 1076 3071 1130 usque
3115 1063 3183 1118 ad
3234 1078 3432 1120 nonam
3479 1080 3579 1135 per

1984 1147 2186 1221 [paria]
2224 1147 2361 1205 lucis
2401 1148 2687 1205 intervalla
2735 1151 2871 1206 ratis
2914 1152 3343 1210 dimensionibus
3389 1157 3579 1210 termi-

1980 1249 2133 1306 nata,
2172 1240 2415 1298 Trinitas
2455 1251 2543 1298 ter
2565 1241 2653 1299 die
2686 1253 2876 1316 regata
2914 1245 3207 1302 coleretur.
3245 1247 3383 1304 Illud
3410 1250 3577 1306 etiam

1978 1336 2222 1392 occurrit
2241 1335 2310 1391 ad
2331 1335 2712 1406 probationem
2736 1339 3063 1396 venerabilis
3091 1340 3398 1411 Trinitatis,
3428 1346 3578 1414 quod

1980 1427 2222 1500 Spiritus
2265 1436 2492 1485 sanctus
2531 1427 2667 1485 hora
2715 1431 2899 1502 tertia,
2935 1432 3037 1488 hoc
3075 1442 3178 1498 est,
3212 1449 3311 1490 suo
3354 1434 3474 1492 loco
3518 1446 3579 1494 et

1978 1534 2212 1577 numero
2235 1530 2292 1578 et
2316 1528 2560 1593 tempore
2587 1523 2870 1580 descendit
2909 1527 2978 1582 ad
3017 1537 3196 1584 terras
3248 1529 3576 1602 impleturus

1977 1612 2234 1685 gratiam,
2257 1628 2425 1684 quam
2447 1614 2698 1672 Christus
2724 1617 2996 1688 promisit.
3020 1617 3158 1675 Nam
3179 1631 3235 1676 et
3262 1632 3416 1679 sexta
3437 1624 3572 1682 hora

1978 1705 2232 1762 Christus
2258 1721 2453 1776 passus
2478 1708 2534 1762 in
2561 1724 2761 1765 nonam
2790 1710 3016 1780 patibuli
3050 1714 3417 1769 cruciamenta
3445 1731 3575 1788 por-

1979 1797 2140 1854 rexit.
2188 1797 2308 1853 Tali
2352 1799 2499 1854 enim
2541 1811 2886 1857 sacramento
2934 1802 3190 1873 legitimis
3237 1805 3308 1859 ad
3353 1820 3572 1877 precem

282 1891 419 1949 dixit
447 1908 462 1946 :
501 1891 667 1948 Nobis
707 1894 797 1965 qui
837 1890 1271 1948 manducavimus
1299 1899 1349 1946 et
1382 1888 1606 1946 bibimus
1629 1909 1750 1947 cum
1778 1892 1871 1949 illo
1907 1888 1951 1918 ⁰
1981 1889 2319 1962 temporibus
2342 1906 2443 1962 per
2469 1899 2654 1948 ternas
2682 1892 2848 1948 horas
2873 1892 3161 1949 Trinitatis
3194 1893 3458 1965 perfectio
3476 1907 3574 1952 aut

277 1997 554 2059 postquam
606 1989 894 2043 resurrexit
923 2005 957 2041 α
986 1986 1211 2045 mortuis
1259 1984 1399 2057 (Act.
1432 2001 1487 2052 ι,
1538 1985 1650 2059 Η).
1693 1985 1873 2055 Quare

279 2078 630 2135 manducavit
658 2096 781 2135 cum
825 2079 934 2136 illis
969 2085 1092 2150 post
1133 2077 1630 2135 resurrectionem?
1667 2077 1784 2134 Non
1813 2089 1874 2134 ut

275 2169 401 2225 cibo
425 2171 700 2239 corporali
730 2172 1017 2242 indigeret,
1048 2171 1144 2227 sed
1173 2179 1234 2226 ut
1259 2172 1662 2228 demonstraret
1681 2188 1872 2228 verum

275 2276 476 2333 corpus
519 2279 579 2319 se
607 2264 908 2334 sumpsisse
954 2266 1022 2321 de
1065 2263 1314 2336 sepulcro
1337 2306 1353 2332 ,
1414 2281 1523 2321 non
1578 2265 1867 2322 factitium.

272 2357 442 2415 Cibus
480 2368 663 2415 autem
707 2360 796 2417 ille
843 2361 917 2416 ita
963 2359 1251 2418 deﬁciebat
1278 2377 1310 2415 a
1341 2361 1545 2417 virtute
1576 2361 1872 2418 divinitatis

275 2449 440 2514 illius,
478 2459 538 2506 ut
572 2451 916 2519 postmodum
958 2466 1068 2508 non
1094 2460 1271 2518 esset;
1304 2452 1464 2516 sicut,
1491 2451 1643 2508 verbi
1669 2452 1866 2523 gratia,

274 2553 426 2616 gutta
469 2560 626 2616 aquae
666 2545 852 2602 deﬁcit
891 2561 921 2600 a
964 2545 1136 2602 nimio
1158 2544 1340 2602 calore
1381 2545 1544 2617 ignis.
1598 2544 1759 2600 Sedet
1799 2546 1870 2601 ad

271 2638 545 2694 dexteram
577 2637 675 2692 Dei
702 2637 884 2692 Patris
909 2637 1299 2709 omnipotentis.
1349 2637 1535 2703 Sedet,
1563 2638 1693 2710 quia
1714 2637 1872 2694 habi-

272 2735 354 2785 tat
380 2729 436 2784 in
452 2727 823 2800 magnitudine
840 2735 1084 2798 paterna:
1101 2727 1408 2798 maiestatis
1429 2726 1682 2784 feliciter.
1707 2726 1868 2795 Inde,

270 2821 326 2876 ἱ]
355 2830 460 2888 est,
490 2821 557 2878 de
586 2820 763 2888 uelis,
801 2831 1053 2877 venturus
1073 2821 1323 2892 judicare
1369 2823 1510 2878 vinos
1534 2831 1583 2878 et
1606 2833 1866 2878 mortuos.

272 2913 460 2980 Vivus,
506 2914 600 2983 qui
635 2924 763 2972 tunc
786 2914 893 2970 vivi
929 2911 1286 2986 reperientur,
1328 2916 1455 2987 quia
1487 2915 1591 2972 iste
1629 2914 1866 2972 mundus

267 3006 463 3076 plenus
490 3007 596 3062 erit
623 3006 786 3079 510
824 3005 1155 3063 hominibus.
1187 3004 1451 3072 Mortuus,
1493 3008 1588 3078 qui
1637 3021 1870 3078 corpore

269 3095 470 3151 mortui
506 3104 687 3151 erunt.
730 3096 825 3152 Vel
852 3097 1026 3162 vivos,
1062 3096 1273 3168 justus;
1321 3105 1589 3163 mortuos,
1611 3105 1869 3168 peccato-

1972 1985 2226 2041 laudatur
2255 1985 2688 2054 celebritatibus,
2717 1996 2812 2042 aut
2831 1989 3088 2059 precibus
3114 1989 3457 2060 impetratur.
3486 1991 3573 2047 Li-

1972 2087 2060 2138 cet
2083 2083 2140 2136 et
2168 2078 2219 2135 si
2244 2088 2592 2150 computet—ur
2616 2081 2810 2137 diurna
2838 2081 3129 2137 celebritas
3152 2097 3250 2153 per
3278 2091 3574 2153 quaterna-

1971 2176 2114 2232 rium
2155 2187 2330 2244 usque
2373 2175 2430 2230 in
2470 2175 2839 2247 vespertinum
2866 2174 3126 2240 ofﬁcium,
3170 2177 3287 2252 hoc.
3301 2185 3408 2243 est,
3438 2194 3573 2248 qua-

1973 2266 2118 2324 terni
2147 2264 2531 2338 signiﬁcantur
2561 2267 2802 2330 numeri,
2827 2268 2953 2337 quia
2978 2268 3213 2322 mundus
3237 2268 3571 2336 quadriiarie

1969 2358 2179 2416 divisus
2220 2359 2276 2414 in
2317 2355 2589 2414 Trinitate
2627 2357 2887 2414 salvatur.
2931 2357 3211 2430 Siquidem
3239 2360 3380 2415 etin
3410 2369 3570 2416 nocte

1969 2452 2254 2517 stationes,
2267 2459 2327 2508 et
2343 2451 2540 2524 vigilia:
2561 2452 2827 2509 militares
2849 2453 2900 2508 in
2925 2460 3157 2524 quatuor
3173 2463 3360 2524 partes
3379 2455 3568 2512 divisa:

1969 2543 2145 2599 ternis
2187 2543 2446 2600 horarum
2480 2544 2672 2613 spatiis
2710 2555 3114 2601 secernuntur:
3144 2554 3206 2602 ut
3241 2554 3296 2602 et
3336 2548 3392 2603 in
3434 2548 3570 2619 ipsis

1969 2634 2255 2692 nocturnis
2283 2633 2757 2708 mundialibusque
2794 2635 2994 2694 ofﬁciis
3035 2635 3325 2698 Trinitatis
3365 2648 3569 2713 myste‘

1971 2729 2115 2784 rium
2140 2737 2451 2785 veneretur.

2527 2821 2759 2880 CAPUT
2809 2823 2990 2879 XLIII.

2393 2913 2423 2955 1³
2463 2930 2531 2969 nu
2570 2930 2920 2971 vssrsa'nms
2951 2930 3129 2974 nouis.

2039 3024 2422 3096 Vesportinum
2443 3023 2626 3080 diurni
2657 3023 2782 3080 ﬁnis
2812 3024 3054 3082 ofﬁcium
3086 3034 3145 3083 et
3171 3027 3395 3085 alterna:
3426 3029 3566 3087 lucis

1966 3134 2199 3176 occasus
2239 3127 2343 3173 est.
2391 3115 2560 3187 Cujus
2600 3133 2668 3173 ex
2709 3117 2894 3175 Veteri
2922 3117 3275 3176 Testamento
3304 3121 3568 3179 solemnis

268 3201 378 3243 res.
433 3186 606 3244 Credo
639 3189 695 3245 in
731 3188 989 3262 Spiritum
1021 3200 1285 3246 sanctum.
1333 3189 1600 3246 Sanctum
1626 3190 1762 3247 dicit
1790 3191 1886 3275 ad,

1969 3224 2048 3274 est
2075 3213 2391 3270 celebratio.
2433 3211 2678 3282 Denique
2706 3212 2811 3268 hoc
2837 3222 3086 3284 tempore
3121 3222 3370 3271 veterum
3395 3219 3565 3272 sacri-

268 3281 675 3339 distinctionem
712 3282 956 3354 maligni,
1000 3281 1056 3338 in
1100 3297 1264 3354 quem
1310 3282 1492 3339 nullus
1541 3281 1706 3341 debet
1736 3299 1860 3340 ere-

268 3370 419 3428 dere.
497 3371 752 3429 Sanctam
802 3369 1098 3429 Ecclesium
1146 3373 1461 3430 catholicam
1485 3413 1500 3439 ,
1561 3374 1825 3430 subaudis
1846 3415 1863 3440 ,

267 3464 446 3519 credo.
494 3463 737 3520 Ecclesia
763 3462 977 3532 Graece,
1007 3464 1199 3522 Latine
1221 3467 1575 3538 congregatio
1598 3465 1861 3522 ﬁdelium.

267 3555 383 3612 Hoc
415 3555 581 3610 distat
611 3553 757 3612 inter
797 3555 1278 3628 congregationem
1306 3564 1365 3613 et
1391 3557 1864 3624 convocationem,

265 3645 394 3716 quia
441 3645 764 3702 convocatio
811 3645 874 3701 ﬁt
905 3647 976 3703 de
1014 3645 1285 3712 ﬁdelibus,
1337 3648 1689 3719 congregatio
1732 3662 1866 3704 vero

265 3753 377 3794 non
405 3736 604 3805 solum,
650 3737 746 3794 sed
779 3737 948 3793 etiam
973 3736 1042 3793 de
1071 3736 1402 3804 inﬁdelibus,
1433 3746 1491 3794 et
1520 3739 1587 3795 de
1611 3738 1864 3794 animali-

266 3827 392 3892 bus,
437 3835 496 3882 ct
519 3828 588 3883 de
626 3827 916 3900 lapidibus.
964 3829 1228 3893 motus;
1277 3829 1491 3897 Graece,
1537 3829 1865 3887 universalis

265 3919 482 3988 Latine,
509 3922 637 3993 quia
659 3929 850 3979 sancta
877 3922 1120 3980 Ecclesia
1141 3939 1240 3996 per
1261 3925 1576 3981 universum
1603 3927 1863 3982 mundum

263 4014 485 4070 dilatata
517 4022 620 4070 est.
648 4012 967 4071 Sanctorum
998 4017 1438 4085 communionem,
1471 4017 1526 4073 id
1549 4025 1657 4084 est,
1689 4018 1866 4076 socie-

264 4111 457 4169 tatem,
501 4105 630 4176 quia
667 4121 837 4161 uuum
879 4106 1048 4162 Deum
1086 4100 1336 4173 credunt,
1385 4123 1497 4165 uno
1533 4109 1864 4181 baptismate

272 4205 401 4254 sunt
442 4198 641 4264 renati,
694 4212 806 4254 uno
852 4197 1061 4271 Spiritu
1106 4210 1297 4257 sancto
1343 4201 1669 4270 conﬁrmati,
1699 4212 1757 4260 et
1793 4203 1864 4261 ad

263 4305 426 4345 unam
457 4290 623 4346 vitam
646 4297 907 4347 aeternam
947 4293 1184 4348 transire
1230 4296 1604 4349 merebuntur.
1653 4294 1863 4351 Remis-

263 4383 463 4436 sionem
499 4393 835 4453 peccatorum
862 4386 1028 4442 credo
1055 4400 1178 4441 esse
1217 4385 1272 4440 in
1315 4385 1580 4452 Ecclesia,
1625 4389 1862 4457 primum

265 4491 366 4547 per
407 4475 760 4547 baptismum,
789 4475 986 4532 deinde
1011 4492 1112 4547 per
1140 4479 1486 4551 martyrium,
1518 4479 1737 4536 demum
1762 4495 1864 4551 per

1965 3309 2091 3365 ﬁcia
2112 3305 2298 3362 oﬂ‘erri
2323 3303 2641 3374 adolerique
2664 3304 2863 3360 altario
2889 3313 3139 3361 aromata
3169 3314 3226 3360 et
3249 3305 3409 3362 thura
3446 3324 3566 3365 mos

1963 3410 2104 3460 erat.
2129 3400 2310 3457 Testis
2335 3407 2420 3455 est
2448 3397 2796 3470 hymnidicus
2824 3398 2935 3465 ille,
2968 3401 3119 3471 regio
3149 3416 3215 3455 ac
3239 3401 3565 3459 sacerdotali

1963 3493 2286 3569 perfunctus
2331 3489 2534 3557 ofﬁcio,
2588 3490 2817 3546 dicens:
2853 3490 3135 3562 Diligatur
3190 3496 3364 3549 oratio
3421 3511 3560 3563 mea,

1962 3589 2100 3644 sicut
2148 3586 2423 3640 incensum
2455 3583 2512 3639 in
2555 3594 2837 3654 conspectu
2879 3593 2970 3638 tuo
2996 3596 3016 3637 :
3040 3583 3258 3641 elevatio
3307 3605 3566 3646 manuum

1963 3697 2202 3738 mearum
2244 3675 2571 3746 sacriﬁcium
2611 3679 2960 3749 vespertinum
3004 3676 3181 3751 (Psal.
3226 3695 3348 3746 cxn,
3379 3679 3456 3750 2).
3500 3681 3561 3737 In

1962 3772 2115 3830 Novo
2142 3786 2361 3843 quoque
2389 3769 2744 3826 Testamento
2771 3770 2965 3826 eodem
3008 3779 3253 3841 tempore
3296 3771 3561 3829 Dominus

1963 3873 2021 3920 et
2049 3862 2306 3920 Salvator
2341 3869 2531 3919 noster
2567 3861 2912 3918 coenantibus
2940 3863 3201 3933 apostolis
3241 3867 3562 3935 mysterium

1963 3960 2048 4016 sui
2077 3957 2324 4029 corporis
2348 3967 2406 4013 et
2440 3957 2726 4028 sanguinis
2754 3958 2810 4013 in
2844 3959 3001 4015 initio
3037 3961 3262 4016 tradidit
3293 3980 3306 4017 :
3335 3972 3395 4018 ut
3422 3972 3561 4019 tem-

1962 4066 2067 4124 pus
2095 4052 2230 4109 illud
2265 4050 2522 4107 sacriﬁcii
2551 4066 2837 4121 vesperum
2866 4052 3047 4108 succidi
3077 4057 3409 4113 ostenderet.
3439 4057 3558 4114 Sci-

1963 4145 2092 4203 licet
2117 4144 2347 4217 proinde
2369 4145 2426 4198 in
2455 4144 2660 4199 honore
2685 4160 2752 4200 ac
2778 4145 3042 4201 memoria
3069 4155 3345 4204 tantorum
3375 4166 3561 4207 sacra-

1963 4247 2275 4295 mentorum
2322 4237 2409 4293 his
2463 4237 2797 4306 temporibus
2849 4237 3043 4293 adesse
3094 4255 3196 4295 nos
3245 4241 3402 4298 decet
3461 4243 3559 4301 Dei

1962 4329 2368 4399 conspectibus,
2416 4337 2473 4384 et
2511 4344 2807 4399 personare
2835 4329 2889 4384 in
2917 4329 3035 4400 eius
3063 4331 3319 4399 cultibus,
3353 4336 3550 4393 oratio-

1963 4438 2095 4478 num
2130 4430 2442 4479 nostrarum
2479 4421 2557 4479 illi
2595 4422 2928 4479 sacriﬁcium
2963 4423 3275 4492 offerentes,
3307 4430 3558 4500 atquein

1965 4512 2085 4584 ejus
2131 4513 2380 4570 laudibus
2424 4511 2632 4585 pariter
2667 4514 3020 4572 exsultantes.
3049 4517 3343 4589 Vesperum
3373 4529 3557 4580 autem

263 4567 690 4640 eleemosynam,
721 4568 1066 4638 postmodum
1088 4584 1188 4639 per
1213 4569 1542 4638 orationem,
1578 4580 1634 4626 et
1657 4580 1856 4628 uetera

1969 4614 2216 4661 vocatum
2252 4614 2358 4671 est,
2397 4620 2430 4659 a
2455 4605 2660 4673 sidere,
2691 4607 2837 4676 quod
2867 4608 3076 4679 Vesper
3100 4567 3345 4679 vereatur,
3375 4621 3433 4668 et
3460 4616 3555 4670 de-

261 4662 406 4718 bona
434 4676 623 4732 opera.
669 4658 861 4716 Carnis
905 4665 1341 4718 resurrectionem
1387 4665 1574 4730 credo,
1623 4667 1752 4735 quia
1800 4665 1855 4722 in

261 4757 364 4812 hac
390 4770 574 4822 carne,
604 4755 661 4810 in
688 4770 796 4825 qua
823 4771 968 4811 nunc
1009 4772 1222 4825 sumus,
1268 4758 1324 4813 in
1359 4759 1448 4815 die
1485 4775 1856 4833 resurgemus.

261 4852 370 4908 Sed
389 4851 520 4924 quid
538 4851 745 4907 restat?
771 4849 893 4908 Vita
912 4861 1127 4917 (eterna,
1153 4852 1209 4908 id
1227 4852 1442 4910 estvita
1458 4853 1577 4910 sine
1599 4856 1853 4911 termino.

260 4943 376 5000 Hoc
414 4944 581 5000 distat
625 4945 768 5000 inter
787 4951 1072 5009 alternum,
1106 4952 1164 4999 et
1188 4953 1535 5016 perpetuum,
1565 4953 1622 5001 et
1649 4954 1859 5017 tempo-

259 5041 375 5098 rale
401 5059 416 5097 :
448 5043 554 5098 hoc
586 5050 874 5109 aeternum,
922 5045 1069 5114 quod
1097 5061 1203 5100 non
1247 5044 1436 5100 habuit
1465 5044 1678 5101 initium
1698 5087 1715 5114 ,
1754 5063 1856 5105 nec

258 5135 421 5191 ﬁnem
444 5135 688 5203 habebit,
707 5145 766 5193 ut
784 5135 948 5203 Deus;
967 5145 1310 5209 perpetuum,
1328 5140 1471 5209 quod
1495 5140 1736 5207 initium,
1757 5140 1854 5198 sed

261 5227 425 5281 tinem
474 5242 585 5282 non
637 5227 881 5295 habebit,
929 5237 993 5284 ut
1035 5239 1162 5285 sunt
1211 5231 1483 5297 homines,
1530 5239 1588 5286 et
1631 5233 1849 5305 angeli:

259 5318 352 5388 qui
397 5318 670 5385 homines,
719 5319 847 5376 licet
887 5321 1195 5377 moriantur
1223 5321 1276 5377 in
1304 5338 1554 5395 corpore,
1587 5324 1642 5380 in
1668 5325 1851 5381 anima

262 5411 601 5467 immortales
644 5421 838 5478 erunt;
887 5413 1181 5485 temporale
1222 5424 1325 5484 est,
1371 5417 1516 5487 quod
1562 5425 1852 5489 utrumque

260 5501 449 5566 habet,
488 5508 547 5558 et
588 5502 839 5568 initium,
887 5513 944 5560 et
969 5503 1167 5573 ﬁnem,
1215 5515 1276 5563 ut
1321 5516 1449 5565 sunt
1494 5510 1751 5567 animalia
1799 5520 1856 5568 et

261 5593 470 5649 bestiae.

336 5803 360 5874 ξ
506 5793 734 5874 Isidoro,
766 5796 892 5874 libr.
925 5815 938 5851 I
969 5797 1036 5853 de
1063 5796 1218 5874 Ofﬁc.
1252 5801 1457 5860 Ecclus.
1486 5818 1603 5874 cap.
1638 5802 1719 5859 I9.

339 5865 365 5905 ι»
397 5865 475 5920 Ex
505 5865 653 5934 cod.,
687 5867 790 5923 loc.
826 5870 918 5926 cit.
949 5885 1066 5942 cap.
1094 5871 1184 5926 20.

1960 4695 2188 4752 cedente
2232 4696 2346 4753 sole
2395 4696 2662 4752 exoritur.
2714 4699 2790 4754 De
2837 4713 2944 4768 quo
2990 4699 3258 4771 Pmpheta
3285 4704 3453 4759 dicit:
3483 4703 3554 4760 Et

1959 4804 2230 4860 vesperum
2261 4806 2417 4859 super
2448 4789 2590 4859 ﬁlios
2625 4790 2898 4844 hominum
2931 4791 3219 4863 producere
3245 4794 3371 4865 facit
3404 4793 3550 4869 (Job.

1959 4894 2192 4947 xxxvm,
2220 4879 2334 4954 32).

2539 4971 2771 5030 CAPUT
2809 4973 2994 5032 XLIV.

2521 5078 2545 5108 θ
2576 5083 2644 5123 DE
2680 5083 3001 5126 COIPLETIS.

2032 5178 2110 5236 De
2152 5180 2438 5252 completis
2481 5191 2663 5238 autem
2694 5183 3051 5253 celebrandis,
3085 5187 3139 5242 id
3173 5188 3336 5244 etiam
3367 5192 3422 5247 in
3448 5191 3553 5249 Pa-

1960 5280 2108 5326 trum
2149 5271 2426 5328 invenitur
2469 5275 2752 5346 exemplis,
2791 5275 2959 5333 David
2996 5279 3256 5348 propheta
3296 5283 3507 5340 dicente
3530 5304 3548 5341 :

1959 5362 2020 5417 Si
2041 5363 2327 5419 escendero
2353 5364 2409 5419 in
2437 5363 2629 5419 lectum
2665 5369 2819 5423 strati
2857 5370 2981 5436 mei,
3011 5372 3057 5424 si
3086 5371 3278 5427 dedero
3308 5392 3553 5434 somnum

1960 5455 2145 5521 oculis,
2172 5465 2221 5508 et
2252 5453 2512 5526 palpebris
2549 5458 2996 5526 donnitationem,
3038 5475 3128 5518 aut
3163 5468 3394 5537 requiem
3424 5479 3555 5524 tm

1960 5549 2174 5620 poribus
2211 5548 2374 5614 meis;
2402 5548 2567 5604 donec
2602 5550 2863 5608 inveniam
2893 5554 3066 5610 locum
3097 5556 3347 5625 Domino,
3381 5560 3554 5616 tuber.

1963 5639 2213 5694 naculum
2254 5638 2363 5694 Deo
2403 5639 2574 5697 Iacob
2607 5641 2780 5715 (Psal.
2808 5661 2992 5714 cxxxt,
3014 5649 3048 5705 3
3067 5649 3253 5721 δοίη).
3284 5651 3418 5718 Quis
3445 5667 3554 5710 non

2041 5827 2060 5851 δ’
2092 5815 2165 5870 Ex
2201 5815 2346 5881 cod.,
2371 5816 2471 5873 loc.
2506 5819 2597 5875 ςξι.
2628 5836 2746 5892 cup.
2773 5821 2861 5876 ιιι.
