4092 6486
531 363 673 421 Ιὶῖῦ

1383 366 1445 421 Β.
1485 365 1547 420 F.
1587 363 1814 421 ALBINI
1858 362 1991 420 SEU
2033 363 2312 421 ALCUINI
2350 362 2640 421 OPEIlUM
2679 362 2861 421 PARS
2899 363 2993 420 lx.

3610 375 3615 380 ‘
3707 358 3856 415 1276

527 487 749 551 stupeat
790 487 1001 535 tantam
1024 479 1084 535 in
1113 479 1209 536 Dei
1235 494 1426 535 amore
1458 480 1628 535 animi
1658 479 2030 540 devotionem.
2067 488 2130 534 ut
2160 488 2206 546 Α
2233 480 2463 551 proinde
2502 490 2716 548 oratur,
2746 490 2808 537 ιιι
2859 482 3191 538 resurrectio
3237 481 3440 539 Christi
3505 481 3850 538 celebretur.

529 589 784 631 somnum
809 575 939 640 sibi,
967 575 1087 630 sine
1113 590 1224 646 quo
1251 574 1442 645 utique
1466 590 1698 647 corpora
1724 575 1966 631 humana
1996 575 2134 630 deﬁ-

527 671 705 735 ciunt,
729 668 950 739 penitus
971 667 1340 734 interdixerit,
1369 667 1543 724 donec
1567 668 1747 725 locum
1775 668 1846 724 ad
1873 669 2136 740 templum

529 759 766 814 Domino
793 756 1175 814 fabricandum
1204 757 1258 812 in
1284 770 1505 828 pectore
1531 773 1631 814 suo
1657 774 1753 814 rex
1782 768 1838 814 et
1865 760 2135 830 propheta

529 852 833 923 reperiret?
858 849 994 920 Quae
1025 867 1114 907 res
1139 851 1357 907 fortiter
1382 867 1484 908 nos
1522 852 1687 908 debet
1725 853 2044 919 admonere,
2077 862 2138 909 ut

535 947 583 1002 si
616 947 719 1018 ipsi
749 945 903 1002 locns
945 947 1161 1002 Domini
1185 962 1306 1003 esse
1335 946 1610 1009 volumus.
1640 956 1696 1004 et
1722 947 2135 1004 tabernaculum

529 1045 671 1114 ejus.
701 1053 796 1098 aut
817 1043 1082 1116 templum
1103 1043 1358 1115 cupimus
1381 1043 1568 1099 haberi
1590 1044 1764 1099 sancti
1791 1042 2051 1114 Spiritus,
2078 1044 2132 1099 in

529 1149 800 1208 quantum
815 1155 1128 1209 possumus,
1143 1139 1391 1210 exempla
1411 1150 1723 1195 sanctorum
1744 1140 2046 1206 imitemur,
2065 1156 2136 1196 ne

529 1235 598 1285 de
618 1232 777 1287 nobis
803 1232 1047 1298 dicatur,
1080 1232 1228 1304 quod
1258 1231 1492 1306 legitur:
1516 1231 1858 1287 Dormiernnt
1887 1249 2135 1288 somnum

525 1341 704 1387 suum,
754 1335 805 1379 et
837 1322 974 1379 nihil
1006 1326 1314 1380 invenerunt
1347 1341 1528 1380 omnes
1572 1325 1675 1379 viri
1721 1324 2034 1380 divitiarum
2078 1327 2135 1380 in

529 1417 773 1472 manibus
804 1416 917 1472 suis
950 1414 1067 1490 (Ps.
1099 1432 1266 1482 Lxxv,
1292 1416 1371 1487 ﬁ).

870 1522 874 1525 '
1004 1529 1164 1602 511
1204 1528 1436 1588 CAPUT
1470 1530 1634 1588 XLv.

1120 1615 1146 1644 ⁸
1187 1617 1255 1658 »ιι
1292 1619 1380 1659 νις
1388 1620 1532 1660 ιιιιδ.

601 1694 837 1766 Antiqua
881 1694 1190 1767 vigiliarum
1224 1695 1443 1752 devotio
1481 1693 1750 1755 familiare
1786 1696 1988 1755 bonum
2014 1715 2135 1756 om-

531 1789 692 1842 nibus
716 1787 922 1843 sanctis
948 1785 1068 1842 fuit.
1096 1785 1192 1842 Sic
1217 1786 1388 1843 Isaias
1409 1787 1642 1860 denique
1668 1789 1931 1862 propheta
1949 1790 2133 1847 excla-
2172 1848 2180 1852 _

2237 569 2499 626 Matutina
2526 573 2675 628 enim
2719 572 2840 630 luce
2867 573 3131 629 Dominus
3156 583 3213 631 et
3243 573 3499 631 Salvator
3532 585 3722 632 noster
3771 577 3852 631 ab

2237 661 2428 720 inferis
2453 666 2778 729 resurrexit,
2805 666 3024 736 quando
3069 666 3237 737 cmpit
3275 667 3411 722 oriri
3443 665 3693 723 ﬁdelibus
3723 666 3847 732 lux,

2235 773 2358 828 qua:
2395 758 2664 815 moriente
2691 758 2912 816 Christo
2945 759 3223 816 occiderat
3265 759 3698 830 pecccatoribus.
3747 756 3847 814 Si-

2235 848 2452 919 quidem
2497 857 2552 905 et
2580 851 2772 907 eodem
2802 859 3049 922 tempore
3076 851 3293 908 cunctis
3325 864 3450 922 spes
3504 850 3698 906 future
3747 867 3848 906 re-

2234 940 2596 997 surrectionis
2629 940 2898 1008 creditur,
2928 957 3054 996 cum
3093 940 3227 1014 justi
3274 950 3331 997 et
3377 956 3570 996 omnes
3620 941 3688 997 ab
3734 943 3849 998 hac

2237 1033 2522 1103 temporali
2552 1042 2752 1102 morte,
2779 1036 2936 1107 quasi
2966 1051 2995 1091 a
3023 1051 3219 1108 sopore
3249 1035 3428 1091 somni
3469 1044 3844 1110 resurgentes,

2230 1126 2588 1198 cvigilabunt.

2759 1220 2991 1280 CAPUT
3029 1220 3234 1280 XLVII.

2232 1321 2262 1350 θ
2291 1327 2362 1366 DE
2389 1327 2584 1369 ORDINE
2613 1329 2683 1368 AD
2721 1331 3048 1370 VISITANDUI
3088 1329 3351 1373 INFIBIUI
3390 1334 3488 1374 SEU
3528 1334 3844 1388 UNGEKDUI,

2723 1402 2792 1440 Εἰ
2831 1403 3044 1443 NICENO
3079 1403 3346 1446 CONCILIO.

2311 1520 2330 1554 ι
2366 1501 2601 1560 Iacobus
2643 1505 2923 1576 apostolus
2951 1505 3090 1562 dixit
3122 1524 3136 1562 :
3176 1506 3496 1579 Inﬁrmatur
3519 1510 3638 1581 quis
3662 1511 3721 1565 in
3743 1527 3843 1566 vo-

2236 1594 2316 1649 bis
2338 1594 2364 1648 7
2399 1595 2630 1650 Inducat
2679 1595 3008 1669 presbyteros
3068 1597 3353 1665 Ecclesiae,
3378 1610 3427 1656 et
3475 1611 3625 1658 orent
3679 1619 3845 1674 super

2234 1704 2377 1754 cum,
2407 1698 2659 1760 ungentes
2687 1705 2807 1744 eum
2831 1689 2946 1746 oleo
2977 1689 3036 1745 in
3061 1692 3270 1747 nomine
3302 1691 3543 1760 Domini,
3579 1703 3630 1748 et
3664 1695 3843 1750 oratio

2235 1779 2362 1849 ﬁdei
2395 1780 2618 1836 salvabit
2651 1781 2926 1852 inﬁrmum
2960 1797 2978 1837 .'
3018 1792 3066 1837 et
3113 1784 3160 1838 si
3194 1783 3250 1839 in
3278 1786 3506 1856 peccatis
3537 1786 3624 1850 sit,
3655 1788 3844 1842 remit-

531 1891 644 1935 mat
672 1879 740 1935 ad
780 1879 1089 1944 Dominum,
1123 1879 1311 1934 dicens
1349 1898 1364 1934 :
1403 1879 1481 1935 De
1511 1893 1662 1935 nocte
1689 1879 1873 1953 vigilat
1912 1882 2130 1955 spiritus

2237 1883 2415 1928 tentur
2446 1875 2494 1928 ei
2532 1871 2694 1945 (Jac.
2724 1889 2778 1941 v,
2804 1873 2934 1944 ιι).
2974 1873 3130 1941 Quod
3175 1889 3284 1932 non
3341 1885 3426 1932 est
3485 1877 3710 1934 dubium
3769 1876 3843 1933 de

527 1989 676 2027 meus
703 1971 775 2026 ad
805 1983 876 2039 te,
909 1969 1084 2037 Deus,
1118 1972 1241 2043 quia
1272 1971 1367 2027 lux
1393 1983 1656 2045 prtecepta
1676 1984 1770 2028 tua
1812 1984 1935 2030 sunt
1974 1991 2133 2047 super

527 2076 726 2120 terram
753 2065 913 2138 (lsai.
940 2081 1090 2130 xxvr,
1116 2065 1194 2137 9).
1223 2063 1359 2120 Item
1388 2063 1560 2122 David
1587 2080 1604 2120 :
1637 2064 1818 2121 Media
1840 2077 1990 2122 nocte
2012 2087 2132 2124 sur-

527 2160 711 2230 gebam
737 2158 809 2213 ad
843 2158 1201 2229 conﬁtendum
1227 2158 1343 2222 tibi,
1376 2175 1535 2229 super
1551 2157 1762 2230 judicia
1781 2161 2133 2232 iustiﬁcatio-

529 2253 611 2306 nis
639 2262 746 2307 tua:
777 2248 953 2326 (Psal.
985 2265 1172 2314 cxvm,
1205 2249 1320 2322 62).
1352 2250 1466 2306 lloc
1486 2266 1724 2322 namque
1759 2262 2006 2325 tempore
2033 2271 2131 2310 va-

528 2353 707 2400 stator
751 2343 976 2416 angelus
1028 2342 1324 2408 transiens,
1354 2341 1715 2415 primogenita
1751 2343 2133 2419 Egyptiorum

527 2435 821 2506 percussit.
873 2434 1028 2491 Unde
1078 2450 1178 2490 nos
1220 2434 1450 2506 vigilare
1498 2446 1747 2507 oportet,
1775 2453 1844 2494 ne
1891 2440 2134 2510 periculo

529 2528 914 2600 Egyptiorum
938 2528 1358 2583 admisceamur.
1381 2526 1581 2584 Iisdem
1602 2532 1768 2586 etiam
1810 2531 1962 2589 horis
1997 2549 2133 2590 ven-

528 2634 713 2679 turum
750 2639 810 2680 se
835 2638 958 2679 esse
985 2623 1249 2679 Dominus
1270 2625 1324 2679 in
1354 2624 1650 2697 Evangelia
1675 2623 1926 2680 Salvator
1950 2634 2132 2682 astru-

525 2717 628 2771 xit.
663 2715 818 2773 Unde
849 2723 906 2771 et
934 2714 1001 2770 ad
1029 2715 1361 2787 vigilandum
1386 2717 1667 2773 auditores
1712 2733 1842 2773 suos
1887 2719 2136 2774 etcitans

527 2809 662 2864 dicit
693 2824 708 2864 :
740 2807 892 2863 Beati
916 2817 1036 2864 sunt
1064 2810 1198 2865 servi
1220 2808 1322 2869 illi.
1339 2827 1470 2882 quos
1490 2827 1611 2864 cum
1632 2811 1825 2865 venerit
1848 2809 2132 2879 Dominus,

525 2902 783 2957 invenerit
816 2900 1094 2972 vigilantes
1141 2900 1297 2974 (Luc.
1333 2918 1435 2968 ιιι,
1465 2901 1582 2975 57).
1620 2899 1691 2957 Et
1733 2903 1781 2957 si
1815 2905 2133 2975 vespertina,

527 2995 728 3065 inquit,
760 2993 894 3048 hora
927 2993 1160 3062 venerit,
1192 3003 1243 3050 et
1277 2995 1324 3050 si
1357 2995 1533 3050 media
1584 3006 1766 3064 nocte,
1814 3007 1863 3054 et
1909 2997 1956 3052 si
2005 2997 2137 3070 galli

532 3099 717 3155 cantu,
746 3100 796 3144 et
831 3089 1058 3144 inveniat
1091 3089 1212 3144 illos
1249 3088 1561 3160 vigilantes,
1595 3090 1733 3145 beati
1767 3100 1910 3146 sunt.
1946 3090 2136 3163 Itaque

526 3192 578 3236 et
631 3199 718 3236 vos
770 3191 933 3236 estote
988 3182 1185 3253 parati,
1210 3182 1335 3253 quia
1385 3181 1597 3237 nescitis
1633 3199 1737 3254 qua
1787 3182 1919 3237 liora
1961 3178 2135 3238 Filius

531 3273 760 3327 hominis
791 3282 1040 3327 venturus
1069 3281 1146 3327 cst
1176 3271 1374 3344 (Marc.
1408 3288 1526 3340 xm,
1551 3274 1665 3345 55).
1706 3273 1764 3330 Si
1787 3275 2008 3346 quidem
2034 3292 2136 3333 nec

529 3368 714 3422 verbis
735 3366 912 3423 solum
943 3367 1131 3422 docuit
1165 3368 1399 3439 vigilias,
1429 3369 1523 3424 sed
1571 3369 1738 3432 etiam
1791 3371 2136 3428 conﬁrmavit

528 3459 811 3532 exemplis.
847 3458 982 3516 Nam
1010 3469 1246 3517 testatur
1267 3462 1641 3535 Evangelium,
1672 3464 1799 3535 quia
1829 3475 1942 3519 erat
1975 3464 2134 3520 Iesus

533 3563 849 3624 pernoctans
877 3555 931 3608 in
956 3554 1288 3610 orationibus
1327 3556 1426 3612 Dei
1473 3555 1640 3629 (Luc.
1673 3573 1726 3611 vr
1747 3599 1760 3619 ,
1791 3557 1903 3628 19.).
1937 3557 2136 3614 Paulus

530 3655 586 3702 et
624 3644 767 3701 Silas
803 3646 858 3700 in
908 3647 1152 3702 custodia
1207 3647 1422 3718 publica
1475 3649 1620 3703 circa
1673 3650 1910 3705 medium
1957 3653 2137 3708 noctis

530 3749 756 3795 orantes
782 3739 1048 3812 hymnum
1072 3741 1289 3797 cunctis
1335 3741 1680 3798 audientibus
1725 3743 1930 3799 dixisse
1962 3746 2135 3802 vincti

533 3843 915 3890 memorantur
958 3832 1098 3904 (Act.
1125 3850 1240 3899 xw,
1265 3833 1357 3898 25,
1386 3833 1502 3904 26).
1561 3834 1664 3891 Ubi
1711 3845 1934 3906 repente
1979 3845 2138 3892 terra:

533 3936 684 3982 motu
744 3925 913 3992 facto,
942 3934 999 3982 et
1043 3926 1329 3982 concussis
1378 3926 1618 3981 carceris
1665 3925 2056 3993 fundamentis,
2083 3937 2140 3984 et

525 4021 712 4090 januis
761 4020 988 4090 apertis,
1021 4019 1266 4074 omnium
1302 4017 1518 4073 vincula
1561 4026 1689 4074 sunt
1737 4018 1934 4075 soluta.
1984 4019 2137 4077 Unde

532 4121 751 4184 oportet
784 4113 872 4169 his
916 4112 1067 4168 horis
1107 4112 1370 4182 psallendi
1420 4112 1722 4181 orandique
1768 4111 2138 4184 frequentiam

535 4223 637 4262 nos
669 4206 871 4262 habere
901 4207 954 4261 in
983 4206 1189 4261 sanctis
1216 4204 1429 4271 olliciis,
1461 4205 1734 4276 ﬁnemque
1765 4210 2136 4276 nostrum,vel

537 4299 584 4353 si
608 4299 909 4362 advenerit,
942 4297 1044 4352 sub
1068 4296 1160 4352 tali
1194 4305 1316 4352 actu
1348 4306 1668 4367 exspectare
1691 4298 1958 4354 securius.

1109 4407 1340 4463 CAPUT
1380 4406 1564 4462 XLVI.

1106 4480 1136 4520 ὶι
1158 4494 1223 4535 DE
1249 4495 1562 4534 IATUTINIS.

608 4574 684 4627 De
715 4572 1102 4626 Matutinarum
1141 4569 1464 4640 antiquitate
1503 4579 1560 4625 et
1601 4572 1927 4626 auctoritate
1981 4575 2138 4628 testis

2234 1967 2486 2025 ﬁdelibus
2508 1969 2898 2041 aegrotantibus
2925 1970 3098 2041 accipi
3129 1970 3214 2026 vel
3243 1971 3470 2043 intelligi
3500 1971 3717 2038 debere,
3741 1973 3838 2044 qui

2234 2071 2427 2118 sancto
2453 2061 2575 2118 oleo
2601 2063 2829 2135 perungi
2863 2072 3108 2135 possunt,
3135 2064 3282 2134 quod
3318 2063 3389 2119 ab
3415 2063 3670 2137 episcopo
3698 2080 3838 2120 con-

2235 2153 2436 2209 fectum
2476 2162 2580 2221 est,
2633 2171 2740 2211 non
2787 2155 2962 2211 solum
3008 2156 3417 2223 sacerdotibus,
3448 2156 3544 2212 sed
3581 2156 3841 2213 omnibus

2235 2246 2315 2302 uti
2341 2246 2669 2304 Christianis
2699 2248 2756 2304 in
2781 2264 2879 2303 sua
2904 2257 2999 2303 aut
3025 2265 3250 2305 suorum
3285 2249 3612 2306 necessitate
3635 2251 3706 2306 ad
3735 2267 3841 2305 un-

2235 2338 2489 2411 gatdnm.
2541 2337 2676 2394 Nam
2722 2338 2929 2396 idcirco
2984 2341 3320 2414 presbyteris
3372 2357 3692 2398 concessum
3729 2351 3838 2410 est,

2234 2432 2363 2502 quia
2389 2433 2628 2505 episcopi
2653 2435 3102 2506 occupationibus
3129 2436 3251 2492 aliis
3272 2436 3538 2509 impediti,
3561 2438 3627 2493 ad
3645 2452 3840 2495 omnes

2236 2525 2522 2599 languidos
2569 2527 2650 2583 ire
2699 2544 2808 2584 non
2855 2537 3106 2600 possunt.
3157 2529 3431 2586 Caeterum
3477 2531 3525 2587 si
3551 2532 3841 2604 episcopus

2235 2627 2437 2692 potest,
2467 2630 2561 2676 aut
2607 2619 2830 2695 dignum
2885 2624 3035 2679 ducit
3085 2624 3361 2680 inﬁrmum
3412 2626 3746 2684 visitandnm
3780 2637 3837 2685 et

2235 2714 2689 2785 benedicendum,
2713 2725 2772 2773 et
2815 2718 3144 2791 tangendum
3188 2720 3506 2787 chrismate,
3536 2722 3657 2778 sine
3698 2738 3838 2779 cun-

2237 2806 2478 2863 ctatione
2502 2816 2706 2878 potest,
2743 2807 2900 2879 cujus
2927 2818 3012 2865 est
3053 2809 3229 2881 ipsum
3256 2811 3499 2868 chrisma
3543 2812 3837 2869 conﬁcere.

2238 2897 2377 2954 Nam
2399 2901 2795 2970 paenitentibus
2821 2901 2965 2957 istud
2992 2900 3145 2958 fundi
3175 2918 3282 2959 non
3303 2912 3504 2973 potest,
3521 2905 3644 2976 quia
3670 2921 3844 2978 genus

2237 3001 2322 3048 est
2352 2994 2681 3049 sacramenti
2716 3012 2730 3048 :
2761 2993 2962 3064 quibus
3007 3002 3190 3049 autem
3237 2994 3446 3066 reliqua
3498 3007 3846 3054 sacramenta

2239 3095 2529 3159 negantur,
2560 3087 2831 3157 quomodo
2855 3102 3023 3142 unum
3055 3103 3227 3159 genus
3271 3096 3494 3160 putatur
3540 3105 3664 3147 esse
3709 3107 3843 3148 con-

2240 3181 2579 3237 cedendum?
2637 3200 2656 3233 ι
2695 3179 2810 3236 IIac
2856 3181 3187 3236 auctoritate
3215 3181 3575 3255 promulgata,
3600 3185 3845 3255 quoties-

2159 3243 2210 3310 ο
2239 3289 2456 3344 cunque
2495 3271 2672 3329 ﬁdelis
2719 3271 3066 3338 inﬁrmatur,
3095 3243 3478 3344 ingrediuntur
3523 3243 3726 3333 fratres
3772 3278 3846 3332 ad

2235 3372 2500 3436 :cgrotum
2527 3381 2652 3421 cum
2691 3380 2832 3437 aqua
2872 3366 3180 3433 benedicta,
3212 3375 3269 3422 et
3328 3382 3455 3422 cum
3503 3368 3678 3424 cereis
3724 3370 3847 3428 sive

2237 3459 2461 3514 incenso
2508 3467 2636 3513 ante
2683 3457 2864 3514 oleum
2909 3467 3184 3525 sanctum,
3209 3466 3266 3515 et
3320 3471 3590 3533 peragunt
3631 3465 3843 3531 omnia,

2237 3552 2378 3607 sicut
2405 3551 2460 3605 in
2488 3559 2959 3607 sacramentorum
2986 3548 3150 3607 Libro
3173 3553 3510 3608 continetur.

2786 3663 3018 3720 CAPUT
3057 3663 3282 3720 XLVIII.

2236 3735 2263 3775 δ
2289 3751 2354 3792 οε
2383 3752 2484 3792 IIOC
2513 3753 2653 3800 QUOD
2693 3753 2796 3792 NON
2821 3753 2906 3792 SIT
2949 3752 3304 3793 PLl-INITENTIA
3358 3753 3603 3794 NEGANDA
3651 3754 3704 3795 IN
3743 3757 3849 3797 IlI-

2524 3823 2740 3874 'I‘IlEMIS,
2768 3825 2836 3863 EX
2867 3823 3112 3864 DECRETO
3153 3824 3342 3865 LEONIS
3376 3824 3545 3865 PAPJE.

2309 3897 2386 3952 Ita
2413 3912 2543 3968 ergo
2572 3897 2762 3953 talium
2789 3898 3102 3954 necessitati
3141 3899 3513 3956 auxiliandum
3535 3909 3640 3968 est,
3657 3910 3718 3957 ut
3743 3919 3850 3960 nec

2238 3989 2379 4045 ratio
2410 3989 2515 4044 illis
2538 3988 2895 4059 pcenitentize,
2920 4004 3020 4044 nec
3046 3991 3452 4046 communionis
3474 3993 3651 4064 gratia
3674 3994 3848 4050 dene-

2238 4091 2418 4154 getur,
2448 4082 2494 4138 si
2518 4083 2707 4148 etiam,
2726 4079 2840 4151 jam
2865 4081 3068 4137 amisso
3093 4083 3245 4138 vocis
3269 4081 3467 4150 ofﬁcio,
3495 4101 3594 4155 per
3638 4087 3846 4144 indicia

2239 4173 2433 4246 integri
2477 4189 2671 4229 sensus
2708 4189 2955 4244 quazrere
2991 4175 3436 4245 comprobentur.
3476 4177 3630 4247 Quod
3673 4181 3721 4236 si
3767 4181 3848 4238 ita

2237 4264 2560 4337 aagritudine
2609 4263 2816 4319 fuerint
2861 4267 3168 4337 aggravati,
3198 4275 3258 4322 ut
3304 4269 3452 4338 quod
3499 4270 3662 4342 paulo
3717 4282 3849 4330 ante

2238 4357 2566 4428 poscebant,
2617 4356 2718 4411 sub
2767 4359 3058 4428 praesentia
3113 4357 3284 4432 [Edit.
3333 4361 3464 4415 add.
3519 4365 3845 4439 sacerdotis]

2237 4448 2547 4520 signiﬁcare
2577 4463 2684 4503 non
2710 4451 2940 4519 possint,
2969 4451 3282 4508 testimonia
3319 4454 3402 4508 eis
3439 4454 3679 4511 ﬁdelium
3713 4473 3848 4528 pro-

2240 4543 2395 4597 desse
2421 4541 2715 4607 debebunt,
2744 4543 2906 4598 simul
2938 4553 3121 4600 tamen
3165 4554 3223 4602 et
3264 4549 3604 4618 pcenitentia:
3649 4560 3707 4608 et
3753 4569 3847 4610 re-

610 4616 684 4627 νυ
1141 4616 1464 4640 ..ην-ιν----
1506 4616 1559 4625 ν-
1601 4616 1926 4626 ..ηπ-...ψη
1982 4616 2138 4628 --νην

535 4677 620 4720 cst
649 4664 792 4719 idem
818 4662 985 4716 David
1018 4661 1304 4732 propheta,
1331 4661 1520 4717 dicens
1553 4679 1566 4714 :
1599 4661 1666 4715 In
1709 4666 1982 4718 matutinis
2036 4683 2139 4719 me-

2241 4637 2639 4692 conciliationis
2667 4635 2995 4693 beneﬁcium
3021 4649 3452 4710 consequantur.

535 4756 751 4812 ditabor
783 4757 839 4809 in
863 4765 935 4819 te,
961 4755 1086 4824 quia
1109 4753 1258 4823 fuisti
1284 4753 1507 4823 adjutor
1533 4769 1680 4807 meus
1709 4751 1882 4825 (Psal.
1910 4759 2133 4827 ι,ιιιι,7).

528 4850 608 4905 Έι
645 4848 772 4903 alibi
806 4865 819 4901 :
857 4844 1233 4901 Prtet'cncrunt
1259 4844 1396 4898 oculi
1437 4845 1538 4900 mei
1581 4845 1652 4899 ad
1697 4856 1746 4900 te
1788 4846 2046 4915 diluculo,
2081 4859 2136 4902 ut

539 4943 827 4997 meditarer
861 4939 1073 5011 eloquia
1101 4949 1195 4994 tua
1219 4937 1408 5008 (lbid.,
1441 4953 1637 5002 cxvm,
1671 4937 1815 5010 M8).
1843 4939 2138 4996 Cassianus

534 5047 725 5092 autem
773 5035 926 5100 dicit,
967 5033 1245 5088 matutina:
1291 5032 1655 5088 solemnitatis
1711 5032 1946 5088 oﬁicium
1995 5050 2137 5089 novo

528 5130 717 5187 adhuc
745 5138 990 5197 tempore
1020 5125 1328 5180 institutum
1354 5139 1473 5179 esse
1504 5124 1755 5194 primitus
1784 5124 1836 5178 in
1864 5124 2138 5180 Bethleem

529 5221 898 5285 monasterio,
921 5217 1012 5273 ubi
1045 5218 1306 5272 Dominus
1333 5223 1518 5271 noster
1545 5213 1706 5270 Jesns
1744 5215 1998 5270 Christus
2041 5231 2142 5286 pro

533 5314 918 5383 sedemptione
943 5310 1197 5365 humanm
1220 5305 1410 5362 salutis
1433 5322 1501 5362 ex
1531 5307 1739 5377 virgine
1768 5307 1918 5361 nasci
1953 5307 2144 5377 digna-

533 5416 631 5462 sus
660 5415 778 5470 est;
811 5405 998 5473 sicque
1021 5416 1086 5457 ex
1120 5399 1211 5456 illo
1238 5416 1336 5472 per
1361 5401 1676 5456 universum
1705 5401 1966 5456 mundum
1991 5401 2140 5471 ejus-

531 5500 666 5554 .dcin
687 5495 1072 5554 celebrationis
1095 5493 1286 5549 inoluit
1305 5495 1662 5550 consuetudo.
1683 5493 1928 5550 Diluculo
1958 5502 2139 5550 autem

616 5675 642 5702 ι
673 5663 749 5716 Ex
779 5660 907 5715 Isid.
941 5659 1044 5715 Ioc.
1078 5659 1173 5713 cit.
1200 5671 1322 5727 cap.
1351 5657 1447 5711 2‘2.

619 5735 644 5772 ι’
679 5734 752 5787 Et
785 5733 906 5788 eod.
934 5733 1037 5786 loc.
1070 5731 1166 5785 cit.
1197 5746 1318 5798 cap.
1344 5729 1432 5783 (ὶῦ.

618 5819 636 5840 τ
678 5805 750 5858 lis
807 5806 963 5875 epist.
1001 5802 1296 5857 Innocentii
1347 5817 1495 5870 papae
1543 5800 1607 5853 ad
1658 5799 1978 5854 Decentium
2030 5817 2140 5870 ep,

540 5894 663 5948 (λιι.
702 5883 752 5932 δ.

2713 4751 2875 4824 512
2901 4754 3131 4811 CAPUT
3164 4755 3349 4813 χιιι.

2572 4858 2595 4886 ⁸
2622 4860 2688 4900 DE
2726 4862 3070 4903 COIIIUNIONE
3109 4864 3214 4904 NON
3251 4865 3520 4907 ισιιωκω.

2315 4939 2391 4993 De
2417 4938 2503 4993 his
2527 4939 2622 5008 qui
2647 4940 2700 4994 in
2729 4939 2935 4995 exitum
2967 4941 3216 5009 veniunt,
3247 4942 3415 4998 etiam
3441 4960 3585 5000 nunc
3612 4945 3698 5002 lex
3745 4963 3848 5003 an-

2244 5030 2392 5099 tiqua
2419 5029 2793 5100 regularisque
2819 5030 3149 5099 servabitur,
3183 5033 3260 5090 ita
3296 5042 3357 5090 ut
3389 5035 3434 5090 si
3473 5037 3597 5108 quis
3632 5041 3846 5110 egredi-

2245 5133 2334 5174 tur
2358 5119 2426 5176 de
2449 5137 2712 5191 corpore,
2737 5123 2930 5178 ultimo
2959 5132 3016 5178 et
3047 5128 3362 5184 necessario
3386 5128 3587 5186 viatico
3616 5132 3844 5190 minimo

2244 5213 2509 5283 privetur.
2543 5214 2698 5282 Quod
2723 5215 2768 5271 si
2797 5215 3120 5286 desperatus
3144 5228 3202 5274 et
3234 5233 3562 5278 consecutus
3595 5237 3843 5280 commu—

2244 5308 2462 5362 nionem
2507 5307 2905 5379 oblationisque
2951 5310 3127 5367 factus
3147 5315 3444 5387 particeps,
3477 5317 3674 5373 iterum
3702 5335 3836 5376 con-

2245 5400 2496 5468 valuerit,
2526 5401 2598 5457 sit
2629 5403 2772 5457 inter
2799 5418 2895 5460 eos
2926 5404 3020 5475 qui
3061 5410 3610 5468 communicationem
3641 5418 3846 5471 oratio-

2245 5492 2331 5550 nis
2363 5492 2740 5549 tantummodo
2793 5505 3219 5566 consequuntur.
3269 5498 3611 5558 Generaliter
3655 5515 3842 5564 autem

2315 5655 2340 5696 ἀ
2376 5656 2485 5735 L_eo
2509 5671 2671 5728 papa,
2699 5656 2856 5728 epist.
2907 5657 2972 5713 18
3003 5656 3112 5730 [ΑΙ.
3139 5655 3232 5730 83]
3263 5659 3331 5715 ad
3359 5660 3705 5719 Theodorum
3727 5678 3842 5735 ρει..

2249 5727 2548 5854 “glauca
2576 5807 2694 5854 erat
2728 5818 2736 5852 :
2765 5799 2840 5855 De
2869 5798 2949 5854 his
2995 5800 3086 5871 qui
3125 5800 3178 5856 in
3210 5805 3454 5860 extremis
3485 5815 3625 5861 sunt.
3659 5805 3843 5872 Qun-

2248 5888 2372 5927 CILI.
