4092 6482
323 399 458 455 I277

1140 398 1295 457 OPP.
1336 392 1742 456 SUPPOSITA.
1784 424 1857 436 -
1893 391 2024 449 LIB.
2065 390 2156 449 DE
2197 388 2447 447 DlVlNlS
2487 386 2798 448 OFFlCiiS.

3477 383 3617 442 i278

315 518 465 575 omni
497 518 552 575 in
577 521 727 577 exitu
752 518 930 591 posito
963 523 1020 574 et
1062 515 1307 590 poscenti
1358 483 1464 571 sibi
1516 506 1915 569 communionis
1945 508 1991 568 Α
2018 503 2153 562 dicit
2198 504 2623 577 prmdieandum,
2656 513 2712 559 et
2753 499 2979 575 Joscph,
3022 499 3116 575 qui
3164 517 3289 559 eum
3345 498 3615 573 sepelivit,

318 612 549 687 gratiam
592 611 793 678 tribui,
822 610 1109 683 episcopus
1143 603 1499 681 probabiliter
1538 619 1605 659 ex
1643 598 1918 658 oblatione

318 706 450 763 dare
474 704 712 762 debebit.
743 704 951 761 Horum
993 719 1128 760 vero
1153 715 1341 767 causa,
1367 698 1461 771 qui
1511 696 1631 756 sine
1674 709 1919 753 commu-

319 800 481 856 nione
524 804 655 856 sunt
697 795 958 861 defuncti,
989 794 1090 852 Dei
1127 792 1336 866 judicio
1369 786 1701 849 reservanda
1731 793 1837 853 est,
1862 782 1917 842 in

319 888 474 960 cujus
498 903 666 946 manu
695 887 819 954 fuit,
850 894 910 943 ut
935 885 1125 943 talium
1147 882 1329 942 obitus
1357 897 1389 938 a
1414 874 1816 939 communionis
1838 889 1922 933 re-

321 982 500 1040 tnedio
525 979 857 1038 differretur.
884 975 997 1035 Nos
1021 975 1220 1049 quibus
1258 969 1567 1031 viventibus
1611 985 1719 1026 non
1764 981 1918 1025 com-

321 1075 739 1142 municavimus,
770 1072 1000 1129 mortuis
1023 1068 1432 1127 communicare
1458 1080 1566 1121 non
1607 1064 1915 1134 pessumus.

465 1185 493 1214 ι
544 1171 820 1240 Quomodo
870 1170 1164 1225 moriturus
1210 1165 1338 1222 olim
1380 1162 1774 1237 providebatur.

395 1262 535 1320 Vera
564 1280 694 1337 ergo
724 1265 792 1320 ad
818 1262 1111 1318 Dominum
1132 1259 1419 1317 conversio
1447 1258 1502 1314 in
1536 1256 1745 1312 ultimis
1767 1252 1918 1326 posi-

326 1364 504 1413 torum
552 1365 737 1413 mente
762 1356 945 1428 potius
971 1362 1057 1411 est
1075 1352 1419 1417 aestimanda,
1449 1366 1615 1422 quam
1637 1358 1879 1420 tempore
1902 1365 1916 1401 :

325 1450 671 1520 propterhoc
703 1448 934 1504 Domino
967 1446 1153 1503 taliter
1190 1452 1470 1502 asserente
1500 1460 1515 1497 :
1548 1441 1684 1499 Cum
1708 1456 1921 1496 conver-

324 1557 415 1595 sus
447 1540 782 1612 ingemueris,
804 1548 930 1595 tunc
962 1538 1141 1594 saluus
1175 1538 1280 1591 eris
1331 1535 1351 1606 (
1380 1534 1571 1589 Ezech.
1598 1547 1759 1597 xvut,
1782 1529 1853 1586 53
1874 1527 1917 1601 ).

324 1630 461 1690 Cum
493 1649 626 1703 ergo
646 1633 908 1690 Dominus
935 1632 1008 1691 sit
1027 1630 1213 1687 cordis
1238 1630 1534 1698 inspector,
1558 1623 1755 1697 quovis
1785 1629 1923 1679 tem-

326 1740 461 1795 pore
486 1741 594 1779 non
632 1732 717 1780 est
740 1722 1054 1794 deneganda
1076 1719 1399 1791 pmnitentia
1447 1714 1769 1788 postulanti,
1794 1727 1919 1771 cum

329 1818 404 1874 illi
432 1834 492 1874 se
521 1817 719 1889 obliget
748 1814 950 1882 Iudici,
978 1815 1064 1871 cui
1097 1812 1313 1869 occulta
1336 1810 1520 1867 omnia
1552 1805 1804 1864 noverint
1830 1820 1921 1860 re—

2019 596 2162 656 mire
2209 594 2572 655 collaudatur.
2609 614 2628 651 »
2657 593 2737 652 Ac
2772 593 2894 653 ideo
2942 609 3041 667 pro
3086 594 3295 653 nostris
3343 592 3619 652 defunctis

2019 694 2237 748 certare
2287 686 2583 757 debemus,
2608 693 2878 761 quatenus
2911 685 3122 762 possint
3154 684 3453 759 participes
3498 684 3619 767 fieri

2018 796 2388 857 eorum,quos
2412 780 2665 841 Christus
2700 797 2731 838 a
2773 780 3027 840 claustris
3073 779 3350 839 revocavit
3395 778 3615 838 inferni.

2020 875 2197 936 Simili
2222 876 2390 936 etiam
2419 875 2581 935 modo
2618 872 2960 935 celebramus
2989 871 3163 933 officia
3191 890 3290 948 pro
3311 872 3461 947 ipsis.
3486 888 3623 946 quo-

2019 970 2182 1030 modo
2233 968 2581 1030 celebrantur
2637 968 2693 1027 in
2738 966 2845 1026 illis
2873 966 3086 1036 diebus,
3113 966 3333 1041 quando
3368 964 3623 1026 Christus

2019 1062 2302 1122 descendit
2326 1063 2394 1121 ad
2423 1061 2660 1130 inferna,
2692 1060 2747 1120 in
2776 1058 2974 1135 quibus
2994 1066 3052 1119 et
3077 1059 3319 1118 creditur
3344 1066 3617 1117 mortuus.

2020 1154 2267 1229 Denique
2293 1154 2349 1212 in
2376 1154 2651 1228 aliquibus
2686 1153 2824 1212 locis
2869 1152 3200 1227 generaliter
3239 1166 3341 1224 pro
3368 1151 3623 1210 omnibus

2019 1246 2293 1307 defunctis
2345 1249 2495 1304 omni
2552 1254 2829 1320 tempore,
2874 1243 3118 1319 exceptis
3171 1243 3525 1303 Pentecostes
3567 1250 3621 1302 et

2022 1339 2175 1400 festis
2197 1340 2407 1409 diebus,
2430 1349 2626 1399 oratur
2670 1340 2726 1399 in
2771 1336 2951 1399 cilicio
3005 1336 3382 1413 vespertinali,
3411 1338 3465 1396 iu
3516 1338 3620 1396 ali-

2020 1434 2221 1506 quibus
2247 1432 2492 1508 quotidie
2533 1448 2634 1505 pro
2662 1431 2745 1491 eis
2774 1432 2940 1491 missa
2971 1431 3301 1491 celebratur.
3336 1429 3394 1488 lu
3428 1428 3625 1489 lialcuo

2021 1528 2106 1585 dis
2132 1529 2301 1585 etiam
2329 1543 2425 1584 seu
2460 1524 2653 1585 diebus
2679 1522 3070 1583 anniversariis
3097 1538 3197 1597 per
3239 1538 3434 1581 novem
3478 1518 3627 1597 psal-

2022 1636 2162 1688 mos,
2192 1627 2250 1677 et
2280 1617 2648 1691 responsoria,
2685 1632 2781 1676 seu
2804 1614 3088 1684 lectiones,
3118 1614 3283 1674 simili
3308 1614 3470 1674 modo
3502 1612 3622 1672 οω.

2022 1716 2107 1770 cia
2145 1716 2534 1786 persolvuntur
2565 1733 2579 1771 :
2612 1721 2669 1771 et
2691 1711 2814 1771 ideo
2838 1709 2994 1785 juxta
3023 1711 3387 1787 Augustinum
3406 1709 3436 1756 δ
3464 1730 3484 1769 t
3514 1729 3623 1771 nou

2023 1804 2505 1879 praetermittenda:
2540 1805 2970 1880 supplicationes
3005 1820 3103 1879 pro
3145 1802 3431 1878 spiritibus
3476 1822 3624 1864 mor-

327 1912 518 1967 veiari.
555 1883 686 1966 Post
708 1909 844 1965 istas
869 1906 1271 1964 sacratissimas
1310 1904 1677 1970 definitiones,
1701 1896 1921 1972 quando
1951 1883 1998 1943 Β
2029 1912 2417 1971 tuorum,qnas
2437 1894 2720 1957 faciendas
2744 1911 2844 1971 pro
2868 1897 3123 1959 omnibus
3143 1897 3472 1958 Christianis
3492 1898 3623 1959 ﬁde-

329 2004 526 2075 aliquis
543 2003 891 2060 Christianus
919 2000 1209 2057 articulum
1234 1999 1427 2055 mortis
1451 1994 1788 2068 persenserit
1822 1992 1925 2046 im-

329 2092 559 2162 minere,
587 2095 844 2167 primitus
886 2099 1113 2150 renovet
1150 2090 1551 2148 confessionem
1596 2101 1751 2143 suam
1797 2099 1921 2141 cum

327 2191 567 2262 puritate
603 2205 670 2246 ac
713 2189 861 2244 omni
912 2186 1133 2250 fiducia,
1162 2185 1360 2241 deinde
1404 2181 1697 2240 distribuat
1739 2177 1922 2235 omnia

328 2299 451 2355 quae
477 2281 742 2353 possidet,
778 2288 900 2351 post
925 2280 1043 2337 haec
1062 2278 1303 2335 dimittat
1331 2276 1608 2339 omnibus,
1637 2273 1731 2344 qui
1758 2270 1814 2327 in
1865 2286 1925 2327 se

327 2384 716 2449 peccaverunt,
748 2382 806 2431 et
827 2372 1232 2431 reconcilietur.
1265 2370 1420 2426 Tune
1446 2367 1685 2439 postulet
1726 2367 1926 2423 missas

328 2482 384 2529 et
406 2470 710 2528 oblationes
733 2485 831 2527 seu
852 2466 1293 2526 communionem
1334 2470 1603 2519 sanctam.
1631 2460 1752 2529 Qua
1798 2476 1925 2531 per-

329 2571 508 2635 cepta,
532 2563 697 2617 etiam
728 2562 775 2617 si
805 2560 925 2632 ipso
961 2558 1051 2614 die
1092 2556 1349 2620 comedit,
1378 2560 1551 2608 mutet
1586 2552 1832 2607 habitum
1869 2554 1922 2605 in

332 2655 511 2710 cilicio
539 2662 595 2709 et
623 2653 811 2709 cinere
853 2666 951 2707 seu
993 2648 1172 2706 viliori
1212 2647 1552 2702 indumento.
1579 2645 1649 2700 Et
1683 2654 1814 2700 tunc
1842 2644 1926 2699 itt-

331 2748 650 2820 grediantur
674 2745 874 2802 fratres
898 2759 1024 2801 cum
1072 2742 1221 2799 omni
1269 2741 1558 2813 gravitate,
1608 2738 1696 2793 vel
1739 2738 1924 2795 caeteri

332 2841 519 2897 fideles
551 2856 676 2896 cum
706 2852 848 2909 aqua
880 2834 1164 2893 benaiicta
1203 2841 1260 2888 et
1303 2846 1490 2896 cruce,
1515 2838 1573 2885 et
1597 2845 1721 2885 cum
1751 2828 1927 2885 cereis

332 2949 431 2991 seu
461 2935 702 2997 incenso,
732 2931 998 2997 dicentes,
1029 2927 1196 3001 Kyrie
1225 2927 1442 2992 eleison,
1470 2923 1678 2980 Christe
1706 2923 1924 2991 eleison,

335 3036 421 3084 ter
462 3027 773 3098 repetendo.
805 3024 937 3081 Post
980 3022 1097 3079 haec
1131 3020 1278 3079 dicat
1303 3019 1561 3075 sacerdos
1593 3036 1607 3072 :
1646 3016 1728 3071 Ad
1768 3018 1924 3074 vitam

332 3131 586 3177 a'ternam
638 3118 910 3174 resuscitet
965 3132 1085 3171 eum
1145 3112 1430 3177 Dominus,
1470 3120 1518 3166 et
1567 3109 1813 3164 misertus
1857 3108 1933 3162 sit—

334 3212 521 3269 nostri.
563 3210 718 3267 Tune
745 3206 976 3264 canendi
1002 3214 1128 3262 sunt
1153 3212 1362 3277 septem
1406 3202 1609 3260 Psalmi
1654 3202 1928 3257 Paeniten-

2024 1991 2189 2059 libus,
2216 1992 2383 2048 etiam
2418 1990 2605 2049 tacitis
2634 1990 2946 2048 nominibus
2993 2004 3203 2057 eorum,
3232 1991 3335 2052 sub
3383 1990 3623 2067 generali

2021 2084 2548 2140 commemoratione
2578 2079 2824 2155 suscepit
2874 2080 3140 2150 Ecclesia,
3178 2088 3241 2139 ut
3274 2082 3474 2156 quibus
3518 2082 3624 2140 ista

2023 2177 2538 2246 desunt,parentes,
2558 2185 2654 2230 aut
2681 2175 2800 2241 filii,
2833 2184 2929 2232 aut
2954 2172 3361 2248 qualescunque
3388 2173 3625 2249 cognati,

2023 2267 2109 2323 vel
2134 2267 2315 2333 amici,
2339 2266 2410 2322 ab
2428 2283 2537 2323 una
2559 2269 2641 2324 eis
2676 2267 3003 2323 exhibcatur
3022 2277 3200 2322 matre
3229 2264 3528 2324 communi.
3563 2264 3625 2323 Si

2023 2366 2208 2415 autem
2237 2359 2491 2415 deessent
2514 2359 2634 2414 ista:
2660 2356 3110 2429 supplicationes,
3143 2373 3265 2428 qua:
3296 2358 3433 2414 fiunt
3473 2362 3627 2414 recta

2024 2458 2081 2505 et
2107 2449 2196 2521 pia
2224 2447 2332 2505 fide
2357 2463 2460 2520 pro
2500 2449 2756 2514 mortuis,
2782 2461 2914 2520 puto
2954 2451 3101 2519 quod
3158 2448 3292 2505 nihil
3344 2449 3630 2520 prodesset

2024 2542 2309 2614 spiritibus
2339 2557 2550 2607 eorum,
2577 2542 2623 2597 si
2656 2540 2958 2613 quamlibet
2986 2541 3123 2598 locis
3150 2543 3357 2598 sanctis
3374 2541 3629 2598 exanima

2025 2649 2254 2707 corpora
2274 2642 2629 2704 ponerentur.
2667 2653 2687 2688 ι

2097 2729 2440 2799 Quapropter
2467 2727 2574 2783 rite
2599 2728 2948 2785 celebrantur
2986 2728 3063 2784 illi
3095 2738 3209 2786 tres
3242 2729 3360 2787 dies
3395 2747 3630 2803 genera-

2026 2825 2151 2881 liter
2188 2834 2258 2879 an
2287 2825 2541 2881 omnibus
2580 2824 2721 2881 infra
2780 2826 3147 2899 trigesimum,
3188 2826 3284 2894 qui
3341 2836 3628 2893 vocantur,

2026 2922 2233 2987 tertius,
2256 2921 2534 2992 septimus,
2558 2928 2725 2993 atque
2742 2922 3060 2977 tricesimus.
3090 2922 3168 2978 De
3190 2923 3354 2979 tertio
3372 2924 3519 2979 enim
3545 2924 3635 2980 die

2028 3031 2124 3072 seu
2155 3018 2389 3088 septimo
2417 3018 2494 3074 ita
2529 3017 2767 3075 habetur
2792 3018 2850 3074 in
2888 3017 3030 3075 libro
3070 3016 3442 3075 Numerorum
3475 3037 3490 3075 :
3524 3018 3633 3086 Qui

2027 3108 2255 3180 tetigerit
2275 3108 2504 3165 cadauer
2523 3106 2839 3176 hominis,“
2863 3098 3075 3183 propter
3100 3111 3198 3165 hoc
3223 3110 3384 3181 fuerit
3405 3111 3636 3166 immun-

2028 3198 2151 3267 dus,
2179 3211 2374 3274 septem
2418 3201 2604 3258 diebus
2641 3212 2957 3276 aspergatur
3000 3219 3140 3274 aqua
3166 3200 3519 3268 lustrationis,
3548 3204 3636 3259 die

336 3307 495 3363 tiales
521 3321 647 3363 cum
670 3302 897 3369 litaniis,
922 3308 1086 3373 prout
1135 3269 1350 3371 tempus
1405 3297 1739 3370 permiserit.
1784 3294 1927 3350 lute—
1953 3269 2003 3332 (ἶ
2032 3292 2190 3346 tertio
2211 3269 2259 3347 et
2282 3294 2528 3369 septima,
2552 3303 2602 3349 et
2626 3269 2713 3349 sic
2737 3269 3086 3349 inundabitur
3136 3293 3330 3367 (Nam.
3361 3310 3477 3364 xu,
3518 3296 3631 3369 ll).

335 3401 441 3457 rim
470 3414 601 3455 vero
628 3399 882 3469 legantur
929 3394 1220 3452 Passiones
1264 3391 1563 3448 Dominicae
1606 3399 1735 3446 ante
1775 3406 1925 3455 eum,

335 3509 431 3548 seu
462 3491 581 3547 alia:
605 3488 902 3561 Scriptura:
927 3502 1117 3544 sacrae.
1143 3486 1240 3542 His
1279 3484 1450 3541 finitis
1468 3525 1483 3550 ,
1508 3483 1754 3555 sequitur
1781 3482 1928 3538 anti-

334 3587 537 3656 pltona,
583 3583 877 3655 Antequam
932 3595 1195 3636 nascerer.
1248 3576 1499 3634 Psalmus
1540 3596 1553 3632 :
1589 3575 1802 3633 Domini
1851 3582 1928 3629 est

336 3689 502 3743 terra,
531 3691 656 3733 cum
693 3673 1038 3746 repetitione,
1062 3680 1119 3727 et
1140 3672 1341 3728 dicitur
1374 3679 1461 3727 ter
1502 3667 1670 3741 Hyrie
1707 3667 1928 3734 eleison,

338 3779 397 3825 ut
431 3785 615 3840 supra.
650 3768 855 3826 Deinde
882 3766 1139 3825 sacerdos
1170 3784 1185 3822 :
1221 3764 1288 3821 In
1318 3765 1441 3819 sinu
1484 3762 1712 3816 Abralue
1765 3759 1929 3815 collo-

336 3870 414 3917 eet
462 3876 581 3916 eum
620 3858 902 3926 Dominus,
932 3867 981 3916 et
1014 3858 1332 3914 misereatur
1358 3854 1548 3912 nostri.
1609 3851 1931 3924 Sequuntur

335 3954 613 4011 orationes
642 3952 709 4010 ad
733 3950 1220 4010 commendandam
1249 3949 1507 4005 animam.

965 4061 1196 4120 CAPUT
1235 4062 1299 4118 L.

339 4140 368 4181 δ
411 4155 478 4194 ns
522 4152 798 4203 sxsmuus
842 4151 1201 4202 uosruonuu,
1240 4151 1310 4192 ετ
1353 4150 1533 4194 sonus
1576 4150 1934 4193 COIIEIORA-

661 4227 669 4230 ”
1041 4223 1223 4265 TIONE.

411 4302 489 4360 De
513 4302 601 4361 his
630 4302 703 4359 ita
732 4300 1072 4375 Augustinus
1100 4300 1154 4356 in
1183 4300 1325 4359 libro
1346 4301 1414 4358 de
1439 4317 1570 4358 cura
1595 4303 1802 4375 agenda
1830 4317 1933 4373 pro

340 4397 595 4463 mortuis,
617 4405 673 4453 et
705 4396 758 4452 in
787 4395 926 4451 libro
953 4394 1201 4451 Civitatis
1228 4394 1324 4452 Dei
1356 4407 1403 4451 ο.
1435 4395 1539 4465 Qui
1570 4395 1931 4470 facit,inquit,

341 4488 629 4559 exsequias
680 4495 1046 4555 mortuorum,
1084 4487 1155 4543 ob
1202 4503 1445 4544 amorem
1485 4489 1630 4545 illius
1660 4489 1810 4557 facit,
1838 4490 1931 4562 qui

340 4579 591 4652 promisit
615 4594 844 4651 corpora
871 4586 1247 4635 resurrectura
1281 4593 1297 4634 :
1342 4596 1362 4630 ι
1404 4578 1593 4651 Neque
1623 4581 1770 4637 enim
1799 4597 1930 4637 con-

342 4647 631 4728 temnenda
656 4647 785 4728 sunt
820 4679 876 4728 et
903 4670 1202 4742 abiicienda
1250 4688 1481 4744 corpora
1505 4647 1929 4742 idefunctorum,
1961 4647 2009 4706 D

344 4766 579 4821 maxime
603 4763 863 4831 fidelium,
894 4765 1094 4838 quibus
1136 4773 1396 4836 tanquam
1422 4767 1643 4837 organis
1687 4776 1744 4823 et
1790 4770 1937 4826 vasis

342 4859 410 4914 ad
444 4857 627 4914 omnia
655 4873 822 4928 opera
842 4856 982 4914 bona
1003 4873 1137 4914 usus
1158 4866 1243 4913 est
1265 4856 1501 4930 Spiritus
1521 4870 1764 4917 sanctus.
1782 4861 1937 4920 Unde

341 4962 397 5008 et
424 4955 770 5024 antiquorum
812 4951 1055 5009 fidelium
1083 4950 1273 5007 funera
1310 4951 1549 5009 ofﬁciosa
1591 4956 1795 5026 pietate
1840 4973 1936 5013 cu-

344 5054 461 5101 rata
491 5054 640 5111 sunt,
667 5054 723 5101 et
747 5043 1021 5115 exsequiae
1059 5043 1367 5112 celebratae,
1396 5060 1462 5101 ac
1492 5046 1785 5117 sepulturae
1811 5063 1936 5118 pro-

341 5138 501 5194 visae:
521 5137 733 5209 ipsique
758 5153 882 5192 cum
905 5135 1170 5201 viverent,
1187 5138 1254 5193 de
1280 5136 1603 5207 sepeliendis
1632 5153 1729 5194 seu
1757 5146 1936 5195 trans-

345 5230 582 5287 ferendis
643 5232 758 5287 suis
784 5230 1107 5302 corporibus
1137 5229 1263 5287 filiis
1294 5232 1725 5301 mandaverunt,
1748 5241 1804 5290 et
1831 5233 1938 5290 To-

344 5324 464 5380 bias
490 5322 643 5396 (Tob.
674 5323 807 5389 u,9,
831 5333 880 5379 et
911 5340 1010 5389 xu,
1036 5322 1125 5396 12)
1155 5323 1481 5396 sepeliendis
1506 5326 1740 5383 mortuis
1765 5326 1936 5384 Deum

344 5414 715 5487 promeruisse
740 5416 1172 5472 commendatur.
1200 5416 1320 5487 ipse
1348 5416 1611 5475 Dominus
1647 5419 1736 5476 die
1777 5421 1939 5478 tertia

344 5517 782 5574 resurrecturus,
812 5508 1061 5580 gloriosa:
1105 5509 1352 5565 mulieris
1378 5510 1579 5567 bonum
1608 5526 1747 5584 opus
1789 5529 1934 5586 prae-

418 5677 444 5705 ο
472 5662 558 5742 Ex_
570 5664 738 5742 epist.
772 5663 1049 5742 leestini
1080 5682 1233 5738 papte
1256 5668 1323 5725 ad
1352 5669 1637 5742 episcopos
1668 5672 1939 5731 Viennen-

346 5751 434 5808 ses
457 5746 513 5808 et
538 5734 777 5808 Narbon.
804 5753 923 5808 cap.
952 5739 1007 5793 '5.

419 5806 447 5845 ι)
474 5806 531 5861 In
560 5807 679 5864 cod.
713 5824 812 5864 ms.
869 5806 948 5863 tit.
991 5809 1062 5863 De
1093 5810 1276 5867 ordine
1307 5810 1695 5883 defunctorum.
1753 5820 1936 5886 Quen-

347 5889 469 5934 CK].

2029 3384 2378 3441 lmmunditia
2408 3386 2527 3443 hate
2552 3402 2655 3459 pro
2678 3395 2829 3445 tactu
2855 3386 3139 3444 cadaveris
3180 3388 3421 3444 animam
3465 3387 3641 3459 pollu-

2030 3484 2142 3532 tam
2163 3476 2437 3550 significat
2457 3479 2719 3549 operibus
2746 3479 2983 3536 mortuis
3009 3498 3024 3534 :
3056 3486 3112 3537 et
3149 3479 3277 3550 quia
3324 3478 3631 3552 neglexerit

2030 3571 2238 3629 cultum
2264 3572 2383 3639 Dei,
2411 3574 2467 3628 in
2492 3574 2849 3646 cogitatione,
2893 3574 2952 3630 in
2993 3574 3128 3639 vita,
3156 3582 3214 3629 et
3255 3573 3309 3629 in
3358 3573 3637 3631 intellectu

2032 3663 2311 3722 humiliter
2334 3664 2668 3733 confitendo,
2689 3664 2972 3723 offerimus
2995 3665 3332 3722 sacrificium
3378 3664 3491 3732 Deo
3526 3674 3639 3722 ter-

2032 3757 2107 3812 tia
2134 3758 2242 3824 die,
2273 3765 2546 3829 quatenus
2573 3756 2643 3812 ab
2669 3757 2755 3812 his
2774 3758 3018 3829 peccatis
3040 3766 3322 3829 purgetur.
3361 3757 3420 3812 In
3456 3758 3641 3830 expia—

2032 3851 2180 3906 tione
2210 3866 2339 3906 vero
2367 3850 2473 3905 diei
2501 3849 2650 3919 tertii
2674 3848 3041 3905 commendati
3068 3847 3331 3915 defuncti,
3347 3862 3657 3921 possumus.

2032 3944 2102 4000 ad
2126 3944 2449 4000 memoriam
2486 3943 2748 3998 reducere
2778 3941 2997 3998 tertiam
3039 3942 3183 3999 diem
3213 3941 3657 4001 resurrectionis.

2033 4040 2267 4105 Domini,
2297 4040 2456 4112 513
2488 4040 2678 4111 inqua
2707 4039 2958 4096 devotius
3002 4047 3090 4096 est
3134 4038 3466 4111 generaliter
3509 4054 3639 4110 sup-

2030 4131 2366 4203 plicandum.
2406 4132 2482 4187 De
2520 4132 2754 4203 septimo
2787 4147 2922 4189 vero
2952 4131 3043 4188 die
3088 4131 3353 4189 habemus
3400 4135 3641 4189 auctori-

2033 4233 2203 4281 tatem
2241 4225 2294 4279 in
2321 4224 2459 4280 libro
2489 4223 2787 4281 Geneseos.
2839 4223 3053 4281 Mortuo
3101 4223 3305 4281 etenim
3355 4222 3528 4282 Jacob
3577 4226 3634 4281 in

2033 4316 2292 4390 Egypto,
2314 4325 2373 4374 et
2397 4317 2665 4374 translato
2694 4334 2724 4375 a
2751 4316 2956 4389 Joseph
2986 4326 3141 4373 trans
3169 4317 3463 4375 Iordanem
3507 4335 3635 4377 cum

2032 4411 2296 4465 comitatu
2336 4410 2599 4477 maximo,
2650 4408 3069 4466 celebraverunt
3112 4409 3314 4467 ibidem
3348 4412 3639 4483 exsequias

2032 4490 2157 4559 cum
2178 4503 2400 4573 planctu
2429 4520 2651 4577 magno,
2668 4512 2726 4561 et
2748 4504 2999 4561 fecerunt
3021 4513 3231 4575 septem
3251 4504 3370 4562 dies
3387 4502 3540 4578 (Gen.
3558 4506 3636 4582 ι).

2035 4594 2103 4649 Ει
2126 4594 2254 4650 alibi
2289 4614 2302 4651 :
2345 4594 2545 4651 Luctus
2580 4597 2776 4651 mortui
2811 4606 3006 4669 septem
3036 4597 3263 4661 dierum,
3292 4597 3431 4667 fatui
3460 4609 3636 4655 autem

2036 4705 2214 4743 omnes
2243 4689 2352 4743 dies
2384 4690 2502 4745 vita:
2544 4690 2661 4761 ejus
2717 4689 2912 4763 (Eccti.
2943 4706 3081 4756 xxu,
3107 4690 3218 4764 15).
3251 4690 3407 4760 Quod
3454 4703 3636 4751 autem

2038 4778 2181 4850 apud
2209 4778 2420 4849 aliquos
2448 4795 2625 4835 nonus
2649 4780 2765 4836 dies
2779 4780 3106 4847 celebratur,
3132 4790 3189 4837 et
3212 4782 3511 4840 vocabatur
3539 4802 3640 4842 no-

2038 4871 2334 4939 vendialis,
2365 4871 2700 4942 Augustinus
2729 4872 2786 4927 in
2820 4872 2959 4929 libro
2995 4872 3366 4942 Qumstionum
3396 4887 3421 4915 θ
3452 4876 3639 4932 redar-

2039 4964 2177 5035 guit,
2206 4963 2445 5019 maxime
2472 4978 2597 5019 cum
2627 4963 2807 5020 nullus
2838 4974 3152 5022 sanctorum
3175 4967 3281 5023 hoc
3306 4965 3501 5024 fecisse
3520 4984 3640 5040 pm-

2039 5055 2223 5122 batur,
2250 5070 2374 5110 cum
2404 5054 2478 5110 sit
2502 5054 2841 5111 consuetudo
2866 5055 3169 5126 gentilium.
3201 5054 3347 5114 Sane
3372 5060 3637 5130 septimus

2040 5146 2161 5204 dies
2188 5148 2244 5203 in
2269 5146 2572 5218 Scripturis
2594 5148 2976 5205 auctoritatem
3004 5149 3190 5217 habet,
3219 5151 3347 5222 quia
3381 5162 3637 5227 septena-

2039 5243 2155 5300 rius
2182 5260 2444 5301 numerus
2471 5253 2694 5316 propter
2716 5244 2926 5301 sabbati
2948 5254 3351 5300 sacramentum
3370 5247 3641 5317 praecipue

2041 5338 2243 5410 quietis
2262 5339 2522 5396 indicium
2560 5349 2664 5397 est.
2694 5338 2849 5397 Unde
2876 5339 3077 5395 merito
3102 5339 3337 5396 mortuis
3379 5350 3646 5413 tanquam

2041 5431 2447 5502 quiescentibus
2470 5431 2778 5488 exhibetur.
2811 5429 2890 5488 De
2931 5431 3207 5488 tricesima
3242 5431 3331 5488 die
3373 5430 3641 5503 scriptum

2038 5533 2126 5582 est
2153 5526 2208 5581 in
2232 5524 2374 5584 libro
2396 5525 2758 5584 Numerorum
2786 5524 2977 5599 (Num.
2994 5542 3090 5593 ιι,
3116 5525 3231 5599 30),
3253 5525 3439 5583 Omnis
3461 5537 3646 5584 autem

2115 5690 2137 5718 ο
2171 5678 2228 5735 S.
2253 5680 2481 5760 August.
2507 5681 2642 5760 libr.
2664 5683 2732 5740 de
2759 5698 3020 5760 eur_a_pro
3058 5684 3309 5753 mortuis,
3338 5704 3459 5760 cap.
3490 5689 3553 5746 5:
3580 5695 3654 5751 et.

2041 5749 2166 5828 libr.
2188 5767 2238 5828 Δι.
2267 5749 2535 5828 defCivitL
2548 5753 2667 5828 Dei,
2695 5770 2816 5828 cap.
2852 5749 2934 5812 i3:

2113 5822 2139 5861 ά
2172 5821 2309 5900 Aug.
2344 5823 2475 5900 ibid.
2511 5821 2880 5900 De_Cura'pt-u
2913 5827 3161 5893 mortuis,
3194 5844 3313 5900 cap.
3348 5829 3401 5886 4.
3450 5838 3451 5841 ‘

2121 5904 2142 5933 ε
2182 5892 2318 5967 Aug.
2352 5896 2551 5965 Qttmst.
2593 5896 2648 5953 in
2678 5892 2936 5967 Genesiu,
2967 5892 3159 5970 qua-st.
3190 5892 3310 5957 172.
