4092 6514
441 411 583 466 1279

1305 410 1367 465 Β.
1408 409 1471 465 F.
1513 408 1740 465 ALBINI
1783 409 1917 467 SEU
1957 406 2240 466 AhCUlNl
2277 407 2569 464 OPERUII
2607 407 2786 464 PARS
2825 406 2919 463 lx.

3599 406 3746 465 1280

434 528 722 586 multitudo
769 527 951 585 videns
1004 525 1311 582 occubuisse
1342 527 1553 591 Aaron,
1588 528 1731 596 [lenit
1779 544 1938 592 super
1974 544 2036 581 eo
2067 535 2110 588 Α
2142 525 2266 581 ideo
2290 527 2557 596 repetitur
2574 524 2882 591 defunctis,
2922 495 3179 596 quoniam
3207 526 3483 584 nescimus
3503 528 3750 600 qualiter

442 624 657 694 triginta
679 619 886 686 diebus,
906 629 957 674 et
981 619 1202 691 Moysen
1223 621 1478 688 ﬂeverunt
1500 619 1602 688 ﬁlii
1629 617 1801 674 Israel
1821 621 1877 674 in
1899 635 2045 674 cans-

434 717 699 781 pestribus
732 713 892 769 lout
915 715 1135 786 triginta
1153 713 1337 768 diebus
1359 713 1541 786 (Deut.
1558 727 1748 779 xxxrv,
1770 711 1846 785 8).
1873 712 2043 769 David

442 819 503 864 et
522 807 619 864 ﬁlii
657 806 826 864 Israel
861 807 1250 879 jejunaverunt
1293 821 1393 878 pro
1434 803 1586 870 Saul,
1616 814 1672 860 et
1716 805 2045 876 planxerunt

443 916 566 958 eum
595 902 816 974 planctu
848 899 1107 955 maximo.
1140 897 1207 952 Et
1236 899 1292 952 in
1319 896 1485 952 Libro
1525 893 1816 967 Sapientia:
1844 896 1911 953 de
1937 903 2046 951 ter-

443 998 541 1062 tio,
576 995 810 1067 septimo
846 1002 1014 1064 atque
1034 993 1318 1066 trigesimo
1335 991 1426 1047 die
1465 1007 1480 1047 :
1523 989 1656 1045 Filii
1681 992 1739 1044 in
1776 999 2044 1046 mortuum

442 1091 644 1160 produc
670 1091 957 1160 lacryrnas.
989 1088 1056 1144 Et
1079 1096 1202 1158 post
1239 1102 1412 1158 pauca
1440 1104 1453 1141 :
1489 1086 1719 1157 Propter
1743 1084 2046 1140 delaturum

441 1193 620 1238 autem
649 1200 835 1238 amare
866 1182 949 1252 {er
973 1181 1174 1236 luctum
1201 1179 1369 1235 illius.
1399 1179 1469 1235 Et
1494 1178 1696 1235 iterum
1741 1194 1756 1232 :
1807 1172 1923 1230 Fac
1959 1177 2046 1230 lu-

443 1288 587 1332 ctum
635 1276 926 1332 secundum
971 1277 1220 1331 meritum
1257 1275 1377 1346 ejus
1420 1290 1527 1329 uno
1567 1272 1678 1339 die,
1721 1271 1799 1327 uel
1837 1268 2044 1324 duobus

443 1381 657 1442 propter
701 1369 1080 1424 detractionem
1131 1365 1345 1441 (Eceli.
1386 1363 1893 1436 xxxvaG-IS).
1939 1361 2046 1418 Ubi

444 1461 621 1533 primo
642 1460 796 1525 dixit,
819 1470 1046 1532 propter
1075 1459 1384 1514 deiaturam
1406 1472 1517 1513 uno
1541 1457 1632 1512 die
1658 1455 1778 1511 ﬁeri
1815 1456 2044 1520 luctum,

443 1565 498 1611 et
529 1565 717 1625 postea
741 1563 965 1626 propter
985 1554 1403 1619 detractionem,
1428 1569 1534 1608 uno
1573 1551 1650 1607 uel
1674 1548 1901 1615 duobus,
1932 1557 2048 1606 tres

442 1649 564 1705 dies
591 1629 896 1704 introduxit
947 1648 1004 1702 in
1044 1645 1272 1702 luctum.
1316 1644 1660 1716 Quapropter
1700 1649 1760 1700 et
1805 1657 1908 1698 nos
1945 1655 2048 1712 pro

445 1740 602 1796 valde
639 1739 983 1797 charissimis
1001 1736 1253 1809 jejunare
1277 1752 1374 1793 seu
1416 1735 1796 1806 eleemosynas
1841 1732 2046 1800 facere,

446 1842 613 1903 atque
643 1832 874 1886 interius
899 1847 999 1901 pro
1021 1846 1213 1887 eorum
1243 1827 1486 1884 restibus
1514 1826 1644 1882 ﬁere
1680 1823 1961 1889 debemus,
1988 1832 2048 1878 ut

2143 630 2334 673 eorum
2358 633 2527 674 causa
2553 619 2819 673 habeatur
2848 618 2902 672 in
2935 617 3040 672 alia
3070 616 3206 675 vita.

2756 758 2988 816 CAPUT
3045 758 3132 814 ιι.

2256 890 2280 918 ε
2311 895 2375 934 ne
2412 880 2650 945 rufis,
2689 891 2919 932 servius
2967 890 3039 932 ετ
3081 891 3368 932 τιιςεδηιλ
3408 893 3495 933 nr.
3533 894 3635 936 rao

2783 983 3096 1024 DEFUNC'I‘IS.

2220 1083 2399 1139 Tertia
2453 1081 2567 1138 dies
2618 1080 2935 1152 specialiter
2987 1098 3088 1155 pro
3140 1081 3338 1139 anima:
3403 1083 3746 1141 absolutione

2145 1175 2476 1242 celebratur,
2513 1176 2642 1246 quia
2672 1175 2926 1232 videlicet
2964 1176 3193 1248 triplicis
3239 1185 3325 1232 est
3371 1188 3598 1242 naturae,
3633 1179 3746 1234 ira—

2145 1269 2374 1335 seibilis,
2402 1265 2866 1340 concupiscibilis,
2893 1277 2951 1324 et
2979 1271 3267 1327 rationalis
3295 1288 3310 1326 :
3343 1280 3400 1327 et
3428 1272 3555 1344 quia
3585 1273 3745 1345 inge-

2147 1363 2240 1420 nio
2268 1365 2437 1436 viget,
2465 1363 2769 1430 intellectu,
2799 1371 2851 1418 et
2880 1365 3166 1426 memoria.
3198 1365 3428 1437 Propter
3453 1367 3558 1424 hoc
3579 1367 3750 1440 igitur

2147 1456 2480 1514 sacriﬁcium
2511 1457 2599 1512 die
2625 1458 2788 1513 tertia
2813 1458 3114 1530 peragitur,
3148 1467 3208 1514 ut
3248 1460 3293 1516 si
3319 1459 3451 1530 quid
3482 1457 3751 1517 tennden—

2149 1559 2266 1606 tum
2293 1548 2452 1624 [ϐοά.
2475 1547 2622 1615 Vat.,
2643 1550 3012 1624 cenulentum]
3036 1568 3103 1608 ex
3128 1553 3313 1608 carnis
3340 1552 3750 1611 cohabitatioue

2149 1643 2444 1709 contraxit,
2467 1641 2811 1709 obliteretur,
2836 1651 2894 1697 et
2918 1652 3122 1700 sancta:
3141 1644 3430 1702 Trinitatis
3449 1645 3750 1703 similitudo

2155 1750 2283 1805 repa
2291 1743 2464 1789 retur.

2221 1826 2350 1883 Dies
2388 1828 2642 1898 septimus
2687 1828 3044 1886 nihilominus
3071 1829 3266 1888 oﬂiciis
3304 1832 3598 1904 deputatur
3638 1834 3753 1890 eis-

448 1897 594 1997 quod
631 1925 706 1981 illi
735 1925 791 1979 in
823 1897 932 1978 vita
958 1925 1267 1979 debuerunt
1299 1920 1500 1984 facere,
1525 1928 1581 1975 et
1619 1934 1729 1974 non
1775 1916 2044 1980 fecerunt,
2082 1897 2125 1958 Β
2153 1919 2304 1989 dem,
2331 1931 2393 1976 ut
2420 1897 2606 1976 anima
2632 1937 2732 1977 suo
2757 1924 2977 1994 corpori
3026 1897 3414 1982 reconcilietur
3441 1943 3458 1981 :
3488 1934 3753 1999 septena-

447 2017 640 2073 saltem
668 2032 770 2073 nos
793 2032 892 2089 pro
919 2016 1026 2072 illis
1062 2031 1188 2071 cum
1227 2013 1326 2069 Dei
1377 2012 1581 2069 auxilio
1630 2010 2044 2081 adimpleamus.

519 2111 729 2166 Interea
757 2108 948 2164 dicunt
990 2107 1192 2178 aliqui,
1235 2115 1420 2160 utrum
1468 2121 1570 2176 pro
1608 2101 1864 2158 omnibus
1891 2099 2048 2156 Chri-

447 2202 641 2258 stianis
681 2200 889 2255 licitum
929 2201 1000 2254 sit
1037 2199 1236 2254 missas
1273 2195 1589 2252 celebrare?
1619 2195 1760 2251 Hinc
1785 2193 2049 2264 Augusti-

447 2314 553 2353 nus
583 2307 634 2350 ι.
686 2295 874 2367 Neque
911 2293 1220 2364 negandum
1267 2300 1354 2348 est
1399 2288 1781 2346 defunctorum
1835 2286 2052 2341 animas

450 2394 654 2464 pietate
703 2406 928 2446 suorum
972 2387 1268 2444 viventium
1314 2383 1571 2450 revelari,
1625 2397 1752 2440 cum
1795 2396 1897 2453 pro
1943 2379 2053 2436 illis

448 2483 784 2540 sacriﬁcium
832 2482 1153 2539 mediatoris
1195 2478 1444 2545 offertur,
1474 2477 1560 2533 vel
1601 2477 1959 2547 eleemosynte
1994 2475 2051 2528 in

451 2575 696 2633 Ecclesia
725 2575 883 2630 ﬁunt.
929 2574 1039 2629 Sed
1073 2573 1156 2628 eis
1182 2575 1302 2629 hare
1335 2579 1587 2642 prosunt,
1627 2569 1720 2642 qui
1752 2583 1878 2624 cum
1904 2567 2053 2624 vive-

451 2680 597 2742 rent,
635 2668 755 2725 harc
789 2669 896 2724 sibi
939 2675 1001 2722 ut
1038 2676 1229 2738 postea
1257 2665 1519 2738 prodesse
1553 2671 1798 2735 possent,
1839 2675 2052 2717 merue-

449 2757 598 2840 runt,
634 2763 734 2820 Est
758 2762 906 2819 enim
927 2763 1153 2833 quidam
1182 2761 1396 2816 vivendi
1428 2758 1644 2824 modus,
1681 2773 1785 2813 nec
1813 2763 1925 2813 tam
1952 2755 2051 2811 bo-

455 2873 561 2913 nus
593 2864 675 2911 aut
714 2872 824 2911 non
878 2854 1128 2926 requirat
1176 2853 1280 2908 ista
1329 2861 1454 2923 post
1496 2858 1750 2914 mortem,
1795 2864 1897 2904 nec
1939 2854 2053 2902 tam

448 2948 628 3006 malus
663 2955 726 3003 ut
747 2947 800 3004 ei
834 2964 944 3003 non
970 2948 1185 3019 prosint
1213 2947 1319 3001 ista
1344 2953 1469 3016 post
1491 2951 1746 3000 mortem.
1790 2941 1887 2998 Est
1919 2955 2053 2997 vero

450 3041 579 3098 talis
606 3041 660 3096 in
689 3043 856 3108 bono,
877 3048 940 3096 ut
966 3043 1081 3097 hmo
1101 3055 1210 3095 non
1230 3039 1506 3107 requirat;
1533 3046 1589 3094 et
1609 3044 1694 3092 est
1710 3052 1902 3092 rursus
1925 3035 2054 3093 talis

450 3133 506 3186 in
532 3131 700 3198 malo,
719 3139 780 3187 ut
798 3147 899 3187 nec
917 3131 1003 3187 his
1021 3130 1221 3195 valeat,
1244 3147 1370 3186 eum
1393 3131 1464 3186 ab
1491 3131 1594 3186 hac
1618 3129 1729 3183 vita
1750 3128 2049 3195 transierit,

447 3223 716 3292 adjuvari.
791 3221 1138 3293 Quapropter
1177 3230 1397 3293 oportet
1445 3236 1548 3291 pro
1584 3218 1841 3276 omnibus
1894 3234 2052 3290 rege-

2152 2017 2269 2071 rius
2292 2031 2531 2089 namque
2560 2033 2825 2074 numerus
2849 2031 2918 2072 ex
2943 2018 3186 2074 ternario
3206 2028 3424 2076 constat
3449 2029 3506 2077 et
3523 2029 3753 2093 quater-

2152 2105 2335 2169 nario,
2369 2112 2428 2159 et
2454 2105 2734 2160 ternarias
2777 2104 2976 2161 animae
3031 2103 3316 2173 tribuitur,
3363 2109 3754 2178 quaternarius

2150 2193 2368 2266 corpori
2395 2194 2715 2265 deputatur,
2748 2203 2972 2266 propter
2999 2204 3238 2268 quatuor
3262 2198 3600 2266 notissimos,
3627 2200 3754 2271 qui-

2151 2289 2254 2345 bus
2281 2294 2520 2353 constat,
2547 2288 2828 2344 humores.
2859 2286 2958 2343 Est
2985 2302 3118 2361 ergo
3158 2290 3315 2359 quasi
3351 2291 3602 2361 quasdam
3629 2292 3752 2348 rixa

2153 2381 2405 2454 corporis
2448 2390 2506 2438 et
2553 2381 2751 2437 anima:
2772 2423 2788 2446 ,
2836 2396 2959 2452 quze
2996 2396 3164 2439 carne
3200 2383 3480 2450 illiciente,
3520 2401 3759 2458 eamque

2153 2475 2272 2530 suis
2300 2473 2575 2531 illecebris
2617 2474 2951 2539 attrahente,
2977 2475 3247 2545 peccavit.
3307 2475 3376 2534 Ut
3406 2491 3541 2549 ergo
3567 2477 3751 2534 anima

2154 2582 2256 2622 suo
2307 2569 2524 2637 corpori
2571 2565 2920 2637 paciﬁcetur,
2967 2566 3345 2624 holocausta
3392 2569 3622 2641 septima
3662 2570 3758 2628 die

2156 2657 2316 2733 [Hs.,
2339 2658 2558 2729 septimi
2581 2658 2713 2730 diei]
2740 2659 3044 2732 peragitur.
3076 2659 3159 2715 Ad
3187 2661 3293 2717 hoc
3322 2660 3462 2717 forte
3490 2664 3753 2733 pertinet,

2153 2752 2301 2823 quod
2343 2751 2398 2806 in
2434 2751 2578 2807 libro
2603 2748 2976 2806 Ecclesiastici
3018 2750 3262 2806 dicitur:
3294 2751 3494 2808 Luctus
3530 2755 3755 2820 mortui,

2151 2852 2348 2912 septem
2388 2842 2503 2898 dies
2530 2856 2549 2896 .'
2575 2841 2749 2897 luctus
2771 2849 2949 2896 autem
2971 2841 3133 2909 fatui,
3157 2860 3337 2899 omnes
3363 2844 3477 2900 dies
3496 2846 3612 2916 ejus
3637 2846 3755 2903 vita

2156 2932 2349 3006 (Eccli.
2392 2949 2532 2999 un,
2563 2932 2675 3006 l3).
2717 2932 2846 2990 Haec.
2875 2935 2942 2990 de
2974 2935 3136 2991 tertia
3165 2944 3222 2991 et
3247 2937 3484 3008 septima
3509 2940 3618 3006 die,
3657 2957 3760 2997 au-

2152 3025 2467 3081 ctoritative
2493 3025 2716 3098 quidem
2745 3023 2901 3099 [Hs.',
2919 3028 3305 3085 auctoritativa
3325 3032 3598 3107 quaedam]
3623 3033 3759 3092 breo

2153 3115 2300 3171 viter
2343 3115 2602 3173 diximus.

2225 3207 2498 3266 Cmterum
2547 3210 2615 3267 de
2656 3210 2931 3282 trigesima
2979 3213 3067 3268 die
3111 3213 3168 3270 in
3213 3213 3565 3288 Dialogorum
3599 3215 3758 3274 libris

450 3291 656 3371 neratis
691 3315 794 3371 ista
823 3291 1030 3376 facere.
1056 3323 1118 3369 ut
1145 3291 1325 3369 nullus
1349 3328 1543 3370 eorum
1568 3311 2045 3385 praetermittatur,
2077 3291 2124 3352 (ἶ
2153 3305 2387 3375 legimus
2429 3303 2482 3372 ἀ,
2531 3306 2754 3362 beatum
2803 3305 3128 3380 Gregorium
3189 3311 3516 3383 precepisse
3561 3312 3756 3370 diebus

448 3407 519 3463 ad
547 3421 687 3478 quos
713 3406 828 3461 inec
864 3405 1128 3461 beneﬁcia
1167 3404 1370 3474 possint
1400 3413 1460 3460 et
1481 3404 1720 3460 debeant
1737 3401 2046 3474 pervenire.

523 3495 838 3551 Prteaertim
883 3513 1008 3552 cum
1037 3495 1261 3566 quidam
1291 3495 1361 3550 ab
1390 3495 1642 3554 hostibus
1685 3503 1903 3565 captus,
1931 3495 2051 3547 vin-

451 3588 703 3658 culisque
749 3588 945 3644 ferreis
989 3588 1352 3659 mancipatus,
1395 3604 1424 3642 a
1457 3588 1695 3659 quodam
1740 3603 1902 3643 servo
1929 3586 2048 3652 Dei,

452 3681 669 3736 scilicet
693 3695 957 3751 germano
999 3694 1121 3746 suo,
1159 3687 1223 3734 ut
1257 3680 1554 3751 putabatur
1585 3687 1859 3745 mortuus,
1908 3677 2052 3734 cele-

448 3771 624 3828 bratis
649 3787 749 3843 pro
775 3787 842 3828 eo
865 3772 1111 3841 quotidie
1138 3770 1323 3827 missis
1353 3786 1506 3827 more
1547 3781 1912 3836 mortuorum,
1949 3786 2051 3826 suae

449 3866 674 3936 pissime
701 3865 914 3922 vincula
940 3864 1301 3932 solverentur,
1333 3880 1365 3919 a
1385 3864 1585 3935 quibus
1609 3873 1799 3935 postea
1832 3863 2048 3920 absolu-

449 3968 540 4014 ωε
568 3967 673 4015 εει.

525 4050 635 4107 Sed
663 4059 720 4107 et
758 4050 864 4107 hoc
890 4051 1212 4116 notandum,
1239 4051 1367 4121 quia
1399 4052 1544 4123 quod
1578 4052 1761 4109 missa:
1805 4061 2050 4108 mortuo-

449 4160 573 4200 rum
595 4144 804 4214 absque
827 4140 1011 4198 Gloria
1037 4150 1094 4197 et
1111 4141 1363 4208 Alleluia,
1392 4159 1490 4199 seu
1515 4145 1667 4216 pacis
1691 4145 1878 4201 osculo
1905 4146 2052 4202 cele-

455 4235 704 4299 brantur,
739 4231 886 4302 quod
919 4241 1005 4288 est
1042 4232 1302 4288 indicium
1327 4233 1548 4301 laetitia,
1582 4235 1650 4290 ad
1683 4237 2050 4294 imitationem

459 4325 641 4398 agitur
687 4323 1013 4392 ofﬁciorum,
1058 4341 1182 4396 quas
1225 4338 1460 4399 aguntur
1500 4327 1554 4382 in
1604 4339 1779 4384 morte
1809 4329 2045 4386 Domini.

454 4416 638 4473 Potest
676 4417 782 4473 hoc
824 4417 1031 4473 addisei
1067 4418 1122 4472 iu
1144 4419 1368 4474 homilia
1400 4419 1653 4491 Origenis
1690 4422 1881 4491 quinta
1922 4423 2048 4479 libri

451 4509 701 4576 Leﬁtici,
727 4509 820 4566 ubi
862 4510 994 4565 dicit
1025 4509 1054 4550 δ
1081 4530 1094 4564 :
1126 4529 1146 4561 ς
1183 4509 1525 4567 Sacriﬁcium
1548 4529 1649 4583 pro
1673 4523 1898 4583 peccato
1939 4531 2049 4571 non

451 4604 512 4659 lit
549 4603 603 4659 in
632 4604 774 4671 oleo,
824 4602 957 4659 dicit
1006 4603 1153 4658 enim
1197 4623 1211 4659 :
1255 4604 1383 4660 Non
1414 4618 1728 4678 superponet
1763 4609 1813 4664 ei
1849 4607 2047 4675 oleum,

449 4713 570 4751 rum
585 4695 706 4768 jam
734 4714 831 4770 pro
850 4709 1064 4769 peccato
1090 4707 1187 4752 est.
1219 4697 1374 4765 Quod
1399 4715 1529 4770 ergo
1560 4715 1660 4769 pro
1687 4708 1916 4771 peccato
1937 4710 2046 4769 est,

452 4806 553 4844 nec
581 4790 761 4846 oleum
790 4792 1014 4857 lmtitim,
1060 4808 1161 4847 nec
1187 4792 1314 4845 thus
1347 4791 1634 4846 suavitatis
1664 4791 1982 4861 imponitur.
2019 4812 2040 4848 ι

449 4883 530 4939 Ac
578 4883 702 4938 ideo
743 4883 953 4956 absque
976 4883 1162 4940 Gloria
1197 4892 1254 4940 et
1275 4882 1505 4940 Alleluia
1539 4886 1872 4953 celebratur,
1917 4887 2047 4958 quia

451 4981 568 5029 sine
590 4973 711 5030 oleo
736 4982 793 5030 et
817 4975 978 5030 thure
1006 4973 1238 5030 Romani
1285 4975 1342 5030 in
1372 4975 1699 5048 vespertinis
1726 4992 1824 5033 seu
1847 4976 2050 5049 vigiliis

450 5081 616 5140 atque
645 5069 926 5126 matutinis
949 5068 1330 5126 defunctorum
1361 5078 1475 5126 tres
1500 5072 1879 5127 tantummodo
1901 5071 2048 5143 psal-

451 5177 572 5216 mos
598 5162 846 5226 rccitant,
892 5160 1102 5216 scilicet
1128 5160 1198 5217 ob
1227 5161 1563 5231 svpulturam
1597 5162 1911 5217 triduanam
1944 5161 2049 5216 Do~

454 5253 609 5308 mini.
639 5251 712 5307 At
740 5253 814 5318 hi,
845 5255 937 5323 qui
962 5271 1058 5325 per
1099 5254 1493 5310 novennarinm
1540 5271 1853 5320 numerum,
1883 5255 2049 5311 sicuti

451 5353 535 5398 est
565 5342 620 5399 in
648 5343 1011 5398 Kalendarum
1038 5345 1229 5400 diebus
1267 5361 1361 5401 seu
1392 5343 1930 5410 Anniversariorum,
1966 5361 2052 5401 re-

451 5435 660 5501 colunt,
687 5436 924 5504 ﬁgurant
957 5437 1044 5491 illa
1082 5437 1257 5493 ollicia
1294 5438 1661 5504 nocturnalia,
1686 5453 1808 5508 qua:
1839 5439 1893 5492 in
1925 5455 2053 5510 pas-

451 5526 607 5582 sione
647 5526 859 5582 Domini
915 5527 1018 5582 rite
1072 5527 1440 5585 celebrantur.
1493 5527 1882 5584 Anniversaria
1919 5530 2042 5586 dies

525 5654 556 5685 ι
596 5643 651 5697 In
685 5641 1020 5715 Eriehiridio,
1059 5659 1179 5713 cap.
1211 5641 1342 5710 no;
1390 5649 1446 5698 et
1493 5641 1618 5699 libr.
1670 5642 1740 5699 de
1776 5641 1918 5698 Cura
1950 5658 2052 5715 pro

455 5716 688 5771 mortuis
715 5730 834 5786 cap.
865 5714 951 5771 18.

531 5787 557 5826 δ
596 5782 904 5858 (ὶήςσειὶοεη
929 5787 1076 5840 hom.
1105 5787 1137 5837 Pi
1168 5786 1221 5858 in
1249 5782 1446 5853 l.evit.,
1479 5799 1627 5840 num.
1678 5783 1731 5850 6,
1763 5800 1884 5856 pag.
1920 5783 2047 5850 209,

455 5867 587 5915 ton».
626 5859 663 5912 ll
695 5856 854 5929 (iper.
889 5856 1061 5912 Paris.
1096 5857 1247 5912 1755.

527 5932 785 5991 κλωπ
839 5932 940 5987 hoc
994 5932 1290 6001 capitulum
1338 5939 1631 6000 separatim
1689 5930 1740 5983 in
1789 5929 1907 5985 eod.
1943 5945 2046 5986 ius.

2154 3398 2377 3470 triginta
2435 3399 2714 3456 continuis
2775 3415 2877 3470 pro
2927 3401 3166 3471 quodam
3221 3404 3492 3461 monacho
3531 3407 3757 3463 nomine

2150 3490 2307 3545 Justo
2356 3488 2512 3562 [Cod.
2552 3487 2673 3545 Vat.
2707 3491 2903 3557 ornitt.,
2932 3490 3398 3568 Justo],‘sibique
3439 3499 3759 3556 necessario

2151 3582 2385 3647 medico,
2409 3598 2574 3653 quem
2606 3582 2746 3654 ipse,
2772 3583 2843 3640 ob
2865 3583 3047 3641 scelus
3077 3586 3163 3664 rei
3184 3587 3497 3658 peculiaris,
3525 3590 3757 3647 damna-

2151 3683 2328 3741 verat,
2364 3674 2560 3731 missas
2587 3683 2644 3731 et
2669 3675 2950 3734 orationes
2976 3672 3368 3749 percelebrari.
3409 3681 3618 3750 Quibus
3661 3699 3756 3741 ex-

2151 3765 2329 3838 pletis,
2357 3766 2540 3822 divina
2573 3765 2983 3824 manifestatum
3008 3778 3094 3826 est
3124 3770 3482 3839 revelatione,
3509 3791 3757 3833 commu-

2151 3860 2372 3915 nionem
2422 3870 2851 3932 sanctorumque
2896 3863 3219 3920 societatem
3275 3866 3548 3937 recepisse
3594 3866 3753 3942 [Νι.

2151 3953 2470 4009 societatem
2521 3952 2835 4026 redditam].
2887 3953 3016 4010 llaec
3049 3970 3182 4028 ergo
3204 3955 3486 4014 salutifera
3531 3959 3760 4017 inolevit

2150 4045 2509 4110 consuetudo,
2543 4053 2603 4100 ut
2647 4045 2930 4117 trigesima
2956 4045 3076 4102 dies
3117 4046 3501 4105 defunctorum
3545 4050 3758 4110 devotis

2150 4136 2571 4208 frequententur
2626 4136 2840 4196 (illiciis.
2898 4148 2923 4178 °
2973 4137 3296 4212 [Possumus
3347 4141 3514 4197 etiam
3565 4151 3624 4199 et
3665 4144 3760 4202 hic

2152 4231 2497 4288 auctoritatis
2533 4231 2738 4302 aliquid
2767 4231 3049 4298 adhibere,
3088 4248 3213 4289 nam
3246 4231 3410 4308 515
3431 4233 3614 4291 Aaron
3643 4238 3759 4308 pri-

2153 4340 2303 4381 mum
2353 4324 2702 4381 sacerdotum
2759 4323 2984 4394 triginta
3033 4325 3227 4382 diebus
3296 4326 3495 4400 legitur
3539 4327 3758 4387 ﬂevisse

2152 4417 2384 4489 populus
2431 4416 2625 4490 (Nam.
2651 4433 2745 4484 xx,
2771 4416 2914 4492 30).]
2973 4416 3116 4474 Sunt
3153 4412 3255 4501 Qui
3299 4420 3492 4478 dicunt
3531 4423 3638 4480 hoc
3665 4425 3756 4498 agi

2151 4525 2255 4583 pro
2297 4509 2634 4582 perfectione
2681 4511 2962 4567 tricenarii
3013 4506 3229 4569 numeri
3273 4529 3444 4571 :nam
3489 4516 3756 4575 Dominus

2155 4604 2379 4675 triginta
2424 4617 2695 4659 annorum
2744 4611 2910 4659 aetate
2960 4603 3272 4675 baptizatus
3312 4615 3417 4664 est.
3470 4607 3541 4665 Et
3579 4607 3757 4667 David

2154 4697 2377 4768 triginta
2433 4711 2704 4752 annorum
2731 4736 2747 4763 ,
2804 4697 2959 4768 regni
3015 4700 3254 4771 suscepit
3301 4701 3750 4774 gubernaculum.

2151 4788 2395 4845 Primum
2421 4789 2589 4845 etiam
2614 4789 2926 4857 hominem,
2957 4789 3014 4845 in
3041 4790 3264 4864 triginta
3290 4808 3560 4850 annorum
3587 4804 3750 4852 aetate

2151 4892 2397 4941 creatum
2447 4881 2703 4940 doctores
2753 4891 3028 4949 asserunt,
3078 4891 3137 4940 et
3180 4893 3370 4942 nostra
3419 4901 3651 4960 corpora
3694 4888 3755 4944 in

2152 4991 2469 5033 mensuram
2510 4975 2693 5032 aetatis
2721 4974 3080 5046 plenitudinis
3123 4973 3356 5044 Christi,
3391 4979 3665 5036 credimus
3697 4988 3774 5052 et_

2153 5085 2440 5142 speramus
2473 5076 2885 5126 resurrectura:
2911 5069 3189 5141 multaque
3215 5073 3434 5128 exstant
3455 5073 3560 5129 alia
3593 5072 3756 5145 hujus

2153 5161 2233 5217 rei
2265 5160 2543 5232 mysteria.
2585 5157 2911 5217 Celebratur
2945 5175 3078 5232 ergo
3121 5160 3242 5218 dies
3268 5163 3570 5234 tricesima,
3601 5175 3664 5223 ut
3696 5169 3753 5224 in

2154 5254 2336 5308 anima
2376 5251 2802 5323 incorruptionis
2846 5261 3138 5308 renovetur
3155 5251 3438 5323 juventus,
3470 5268 3527 5313 et
3554 5275 3755 5332 corpus

2152 5346 2299 5418 quod
2343 5345 2401 5400 in
2445 5344 2753 5401 humilitate
2794 5343 3067 5414 sepultum
3117 5343 3336 5423 fuerat,
3391 5361 3641 5423 resurgat
3694 5355 3754 5410 in

2155 5438 2350 5509 gloria,
2388 5436 2783 5509 conﬁguratum
2828 5437 3044 5509 corpori
3075 5435 3344 5500 claritatis
3371 5440 3577 5499 Christi
3597 5443 3756 5518 (Phi-

2156 5531 2248 5603 lip.
2278 5547 2358 5596 Ill,
2380 5528 2498 5602 2|).
3151 5531 3160 5552 '

2158 5645 2422 5699 Vaticano
2469 5643 2635 5708 5850,
2678 5653 2802 5713 post
2831 5639 3118 5698 Orationes
3160 5641 3339 5700 Albini
3392 5648 3460 5702 ad
3489 5647 3661 5706 Deum
3695 5661 3757 5708 et

2158 5714 2879 5796 apostolosqriasdedimus
2905 5729 3067 5796 supra
3091 5714 3196 5768 col.
3229 5715 3366 5796 l
3395 5719 3540 5776 inter
3565 5721 3754 5780 dubia.

2228 5786 2252 5824 ἀ
2295 5786 2352 5841 S.
2379 5785 2540 5856 Greg.
2590 5785 2654 5838 Μ.
2685 5785 2810 5838 libr.
2843 5801 2893 5838 Iv
2928 5784 3066 5839 Dial.
3107 5801 3226 5854 cap.
3253 5787 3342 5841 55.

2166 5929 2200 5983 γ
2236 5869 2262 5983 ἶ
2299 5859 2430 5927 ριιςρ
2469 5858 2678 5914 uncinis
2716 5857 3084 5924 includuntur,
3125 5860 3324 5915 omissa
3368 5870 3492 5919 sunt
3541 5864 3593 5920 in
3627 5866 3753 5924 cod.

2209 5948 2237 5983 ει
2270 5969 2283 5983 ο

2209 5937 2283 5986 at.
