4092 6484
376 343 503 400 1281

979 463 1209 521 CAPUT
1246 468 1353 523 Lll.

795 563 821 592 ι
853 569 918 608 ne
938 544 1102 612 ~ult-vsa
1144 574 1530 616 INNOCE‘N‘I‘IUI.

440 639 517 695 De
545 641 706 698 missa
743 642 1115 702 Innocentium
1145 651 1551 719 particulariter
1601 652 1654 707 in
1687 654 1954 723 Antipho~

367 731 524 785 nario
550 731 668 788 sic:
701 731 886 790 Gloria
926 737 979 790 in
1014 738 1233 793 excelsis
1263 740 1375 796 Deo
1403 759 1509 797 non
1546 751 1824 809 cantatur,
1853 760 1954 799 nec

365 826 617 892 Alleluia,
649 830 744 885 sed
772 830 928 901 quasi
979 833 1034 886 in
1079 835 1300 890 tristitia
1344 835 1631 892 deducitur
1677 839 1794 893 dies
1841 838 1948 893 ille.

365 919 706 989 Compositor
729 921 890 977 oﬁicii
911 925 1198 992 prtesentis
1226 925 1632 982 Innocentium:
1663 926 1950 983 Voluerunt

365 1021 420 1065 et
443 1010 962 1082 planxerunsicut
1007 1026 1222 1086 separat
1269 1035 1368 1075 nos
1408 1020 1478 1075 ab
1512 1028 1636 1076 actu
1682 1022 1950 1076 malorum

363 1103 672 1161 Judaeorum
723 1109 778 1163 in
801 1095 966 1164 Coena
999 1110 1235 1178 Domini,
1269 1113 1386 1169 sive
1421 1115 1476 1170 in
1502 1115 1820 1182 Parasceve,
1853 1133 1948 1172 seu

365 1197 419 1251 in
465 1196 706 1255 Sabbato
758 1210 968 1268 sancto,
1011 1206 1312 1262 omittendo
1357 1209 1540 1264 oscula
1593 1211 1710 1264 sive
1750 1221 1948 1266 czetera

362 1301 643 1360 consueta,
675 1296 754 1350 sic
775 1281 1055 1369 coniungit
1084 1301 1136 1356 in
1163 1305 1419 1370 prtesenti
1448 1304 1748 1362 festivitate
1773 1307 1947 1364 dolori

361 1381 677 1440 devotarum
702 1383 1050 1443 feminarum.
1080 1389 1254 1447 Causa
1287 1408 1480 1449 earum
1518 1396 1753 1453 tristitie
1788 1400 1951 1455 omit-

363 1473 545 1542 timus,
576 1473 762 1532 Gloria
791 1478 845 1532 in
867 1479 1085 1536 excelsis
1103 1481 1237 1549 Deo,
1261 1493 1317 1539 et
1339 1485 1589 1543 Alleluia.

958 1595 1188 1653 CAPUT
1227 1597 1356 1654 Llll.

958 1598 1091 1651 CAP
1126 1598 1188 1652 'T
1227 1598 1356 1654 Llll.

361 1674 424 1716 tu:
464 1676 565 1716 nec
601 1677 708 1717 cun
746 1679 998 1720 IAGISTRI
1038 1598 1302 1724 EchJLl-ZSIE
1349 1687 1771 1734 QUADIAGESIIE
1812 1691 1948 1730 rsu-

431 1766 526 1806 pus
561 1767 700 1807 ANTE
740 1770 927 1810 DOIINI
965 1773 1250 1815 PLSSIONEI
1284 1776 1664 1819 OBSEIVANDUI
1704 1782 1946 1822 STATUE-

430 1856 598 1899 IUN‘I'.

428 1933 678 2006 Congrua
716 1947 897 1995 autem
953 1941 1162 1998 ratione
1211 1944 1457 2016 magistri
1501 1945 1760 2002 Ecclesiae
1793 1945 1944 2014 Qua-

357 2026 678 2100 dragesimze
706 2040 919 2104 tempus
939 2044 1066 2090 ante
1093 2035 1302 2092 Domini
1325 2039 1634 2109 passionem
1654 2040 1944 2095 observan-

356 2120 484 2176 dum
513 2137 636 2179 esse
664 2133 993 2194 statuerunt,
1039 2137 1102 2184 ut
1139 2129 1504 2203 intelligamus
1535 2134 1664 2203 quia
1707 2148 1946 2203 praesen-

357 2215 428 2271 tis
457 2217 583 2272 vita:
606 2217 827 2275 alllictio
866 2220 1332 2278 immortalitatem
1376 2223 1612 2280 futuram
1647 2225 1812 2296 parit.
1859 2225 1943 2281 Ad

354 2323 519 2379 quam
568 2326 684 2367 rem
716 2313 1150 2371 conﬁrmandum
1197 2317 1312 2388 ipse
1341 2317 1638 2385 Dominus,
1670 2321 1764 2391 qui
1808 2335 1946 2391 qua-

354 2397 605 2471 draginta
634 2401 824 2458 diebus
865 2413 991 2459 ante
1015 2407 1322 2477 passionem
1364 2407 1662 2481 jejunavit,
1706 2412 1942 2483 quadra-

354 2489 503 2558 ginta
532 2491 695 2547 etiam
723 2503 846 2563 post
875 2498 1329 2554 resurrectionem
1355 2516 1480 2556 cum
1504 2502 1785 2572 discipulis
1812 2519 1944 2560 con-

355 2589 604 2638 versatus
622 2591 740 2652 est,
786 2595 1078 2658 utrumque
1108 2597 1320 2662 tempus
1340 2592 1702 2663 quadraginta
1730 2593 1942 2651 dierum

355 2687 585 2730 numero
627 2677 924 2747 complens,
973 2687 1035 2735 ut
1076 2683 1394 2739 ostenderet
1434 2684 1490 2739 in
1529 2687 1785 2756 praesenti
1831 2689 1942 2745 vita

355 2773 569 2836 tempus
598 2779 720 2822 esse
759 2767 1084 2835 aﬁlictionis,
1115 2781 1172 2827 et
1217 2772 1272 2828 in
1319 2772 1502 2830 futura
1550 2778 1753 2848 gaudii.
1802 2777 1942 2836 Cum

352 2858 498 2914 enim
527 2860 888 2932 quadraginta
918 2863 1107 2920 diebus
1143 2874 1270 2920 ante
1298 2868 1608 2936 passionem
1643 2869 1939 2942 jejunaret,

354 2952 512 3021 quasi
557 2951 832 3010 clamabat
869 2974 882 3009 :
933 2956 1056 3011 Nisi
1085 2960 1444 3029 paenitentiam
1492 2964 1721 3033 egeritis,
1750 2967 1944 3020 morie-

353 3045 484 3098 mini
514 3046 570 3099 in
598 3048 826 3116 peccatis
871 3051 1053 3105 vestris
1086 3049 1266 3121 (Joan.
1302 3068 1420 3119 vm,
1447 3053 1560 3125 24).
1619 3055 1689 3110 Et
1712 3055 1938 3113 Petrus:

354 3136 618 3192 Abstinete
657 3154 744 3193 vos
793 3157 826 3192 a
869 3140 1172 3196 carnalibus
1213 3143 1507 3210 desideriis,
1554 3163 1674 3217 qua:
1707 3148 1939 3203 militant

354 3230 604 3284 adversus
634 3232 867 3285 animam
891 3231 945 3303 (1
970 3231 1116 3287 Petr.
1149 3250 1208 3297 tt,
1234 3233 1345 3307 ll).
1384 3234 1521 3292 Cum
1548 3251 1679 3293 vero
1701 3249 1826 3311 post
1854 3256 1943 3296 re-

355 3324 748 3376 surrectionem
793 3337 915 3377 cum
960 3323 1240 3394 discipulis
1276 3339 1719 3395 conversaretur,
1752 3344 1940 3386 eorum

353 3411 518 3465 corda
549 3410 853 3478 laetiﬁcans,
882 3415 1037 3483 quasi
1073 3416 1203 3470 illud
1228 3418 1482 3488 gaudium
1518 3419 1788 3477 ineﬂ‘abile
1810 3437 1940 3492 pro-

356 3501 641 3568 mittebat,
695 3503 762 3558 de
797 3518 905 3572 quo
945 3502 1074 3560 alibi
1110 3506 1225 3561 ait:
1265 3506 1468 3562 lterum
1514 3509 1694 3565 uidebo
1741 3528 1852 3577 vos,
1891 3521 1942 3568 et

352 3592 600 3663 gaudebit
621 3609 714 3649 cor
732 3603 984 3661 vestrum,
1013 3606 1060 3650 et
1083 3598 1336 3668 gaudium
1363 3609 1588 3655 uestrum
1618 3619 1768 3657 nemo
1795 3603 1940 3659 tollet

353 3701 386 3736 a
408 3684 550 3738 vobis
580 3683 761 3755 (Joan.
791 3701 902 3751 va,
926 3685 1039 3759 2‘2).
1089 3688 1159 3743 Et
1205 3690 1402 3746 iterum
1435 3710 1449 3746 :
1477 3691 1614 3746 Ecce
1646 3709 1740 3765 ego
1772 3695 1939 3752 vobis-

353 3793 472 3830 cum
501 3792 616 3830 sunt
648 3778 887 3832 omnibus
911 3779 1092 3834 diebus
1136 3798 1299 3852 usque
1345 3783 1416 3838 ad
1437 3789 1940 3842 consummationem

353 3869 533 3925 saeculi
562 3868 778 3943 (Matth.
803 3887 993 3940 nvm,
1019 3871 1132 3946 20).
1171 3875 1446 3946 Jejunavit
1490 3888 1674 3935 autem
1711 3895 1817 3935 non
1850 3896 1942 3935 so-

352 3960 464 4017 lum
505 3963 862 4035 quadraginta
909 3966 1122 4033 diebus,
1157 3969 1252 4023 sed
1298 3970 1464 4024 etiam
1499 3965 1774 4038 noctibus,
1798 3981 1862 4026 ut
1889 3971 1938 4029 si

351 4066 611 4123 prospera
661 4053 1028 4124 blandiantur,
1075 4073 1198 4129 qua:
1241 4059 1619 4131 signiﬁcantur
1648 4077 1750 4134 per
1783 4064 1937 4131 dies,

352 4144 469 4200 sive
496 4145 726 4202 adversa
755 4153 1017 4214 terreant,
1041 4163 1164 4219 quae
1196 4150 1572 4221 signiﬁcantur
1595 4169 1695 4224 per
1725 4163 1935 4221 noctes,

352 4234 644 4291 immobilis
669 4247 982 4308 perseveret
1011 4240 1232 4297 animus
1259 4241 1625 4311 Christianus,
1674 4244 1818 4302 sicut
1848 4244 1936 4300 fa-

352 4324 532 4381 ciebat
561 4326 650 4382 ille
688 4328 782 4399 qui
809 4328 1061 4384 dicebat:
1103 4326 1210 4386 Per
1236 4349 1388 4387 arma
1413 4334 1642 4404 justitia!
1677 4354 1712 4390 a
1737 4336 1937 4392 dextris

351 4424 401 4469 et
429 4432 462 4470 a
487 4416 738 4482 sinistris,
766 4434 858 4490 per
882 4418 1107 4489 gloriam
1136 4429 1184 4473 et
1213 4421 1615 4490 ignobilitatem,
1659 4442 1755 4495 per
1790 4427 1938 4496 infa-

352 4505 514 4560 miam
538 4516 586 4560 et
604 4506 792 4562 bonam
817 4509 1036 4578 famam.
1065 4507 1133 4564 Ut
1152 4511 1448 4567 seductores
1470 4523 1519 4568 et
1545 4531 1769 4582 veraces,
1799 4518 1935 4572 sicut

351 4600 442 4670 qui
469 4600 635 4673 ignoti
658 4610 708 4655 et
729 4595 934 4673 cogniti
953 4601 1042 4667 (11
1065 4602 1188 4659 Cor.
1216 4619 1292 4670 v1,
1319 4604 1400 4677 8).

940 4717 1170 4775 CAPUT
1215 4719 1346 4775 LIV.

686 4803 984 4845 οιιτιοκεε
1020 4804 1184 4845 SUPER
1222 4808 1611 4849 ΗΕΝΠἜΝΤΕΙ.

421 4877 655 4946 Exaudi,
692 4879 948 4944 Domine,
980 4896 1172 4950 preces
1203 4889 1440 4960 nostras,
1471 4891 1526 4939 et
1555 4884 1937 4943 conﬁtentium

353 4970 450 5026 tibi
501 4986 667 5042 parce
711 4972 982 5042 peccatis;
1047 4980 1109 5026 ut
1163 4989 1302 5044 quos
1347 4978 1697 5032 conscientia:
1750 4988 1937 5035 reatus

352 5071 592 5131 accusat,
626 5063 958 5136 indulgentia
997 5071 1105 5121 tua:
1130 5067 1501 5125 miserationis
1540 5069 1804 5128 absolvat.
1831 5072 1942 5129 Per

351 5154 660 5211 Dominum.

421 5247 563 5302 Alia.
601 5245 906 5303 Praeveniat
925 5249 1070 5306 hunc
1101 5246 1362 5306 famulum
1398 5259 1573 5317 tuum,
1600 5269 1931 5324 quassamus,

349 5337 598 5402 Domine,
624 5337 997 5394 misericordia
1025 5345 1145 5404 tua;
1181 5347 1238 5395 et
1260 5355 1453 5398 omnes
1476 5343 1793 5416 iniquitates
1817 5347 1935 5418 ejus

347 5430 515 5488 celeri
540 5430 869 5504 indulgentia
897 5431 1203 5508 deleantur.

418 5522 560 5579 Alia.
599 5523 822 5590 Adesto,
867 5524 1113 5592 Domine,
1160 5526 1642 5599 supplicationibus
1706 5533 1929 5601 nostris,

348 5631 450 5673 nec
483 5615 555 5673 sit
579 5618 648 5674 ab
673 5619 776 5675 hoc
798 5619 1001 5675 famulo
1025 5629 1118 5678 tuo
1148 5621 1450 5679 clementiae
1483 5632 1588 5681 tua:
1635 5626 1931 5700 longinqua

420 5743 448 5807 ξ
487 5733 777 5807 Sequenda
804 5747 896 5788 sex
926 5734 1102 5805 capita
1129 5735 1293 5793 etiam
1331 5735 1542 5807 adjecta
1579 5748 1797 5796 suntex
1824 5757 1926 5799 ms.

350 5803 468 5860 cod.
509 5816 538 5856 a
565 5801 628 5857 D.
663 5801 1024 5870 Quercctauo.

1180 351 1330 410 OPP.
1371 354 1774 412 SUPPOSITA.
1813 387 1879 397 ——
1921 356 2050 411 LIB.
2094 359 2184 413 DE
2222 358 2472 416 DlYlNlS
2511 360 2599 416 OF
2602 361 2822 419 FlCllS.

3505 366 3643 422 ιεβε

1979 475 2030 535 Α
2059 474 2378 530 miseratio:
2405 491 2536 531 sana
2576 477 2826 545 vulnera,
2869 477 3092 551 ejusque
3136 482 3352 539 remitte
3391 496 3639 554 peccata,

2056 572 2117 618 ut
2145 565 2308 622 nullis
2342 583 2372 622 a
2409 577 2465 623 te
2511 570 2890 638 iniquitatibus
2941 582 3240 642 separatus,
3269 575 3366 631 tibi
3401 591 3638 647 semper,

2055 652 2303 723 Domine,
2325 659 2509 713 valeat
2531 661 2845 717 adhaerere.
2873 661 2978 717 Per
3005 663 3316 720 Dominum.

2125 745 2266 800 Alia.
2309 747 2537 802 Domine
2565 748 2710 805 Deus
2742 759 2951 817 noster,
2987 755 3078 823 qui
3112 754 3410 813 offensione
3454 765 3639 813 nostta

2053 851 2159 890 non
2180 837 2439 904 vinceris,
2464 840 2556 894 sed
2580 840 2948 899 satisfactione
2968 844 3230 916 placaris:
3249 850 3473 918 respice,
3493 865 3641 921 qua:-

2052 940 2261 993 sumus,
2293 928 2359 984 ad
2386 929 2532 987 hunc
2561 929 2820 987 famulum
2846 943 3022 1002 tuum,
3047 939 3136 1007 qui
3168 954 3226 994 se
3253 941 3347 995 tibi
3380 956 3640 1012 peccasse

2052 1018 2292 1087 graviter
2311 1022 2630 1090 conﬁtetur;
2656 1033 2806 1079 tuum
2823 1034 2904 1081 est
2928 1028 3323 1087 absolutionem
3347 1035 3636 1091 criminum

2052 1110 2204 1175 dare,
2241 1118 2296 1165 et
2327 1113 2540 1167 veniam
2582 1125 2845 1186 praestare
2891 1122 3260 1188 peccantibus,
3314 1126 3407 1194 qui
3451 1126 3638 1182 dixisti

2048 1202 2422 1269 pmnitentiam
2459 1213 2512 1259 te
2553 1206 2713 1263 malle
2738 1219 3110 1279 peccatorum,
3159 1231 3325 1285 quam
3380 1228 3634 1276 mortem.

2048 1288 2297 1347 Concede
2327 1309 2479 1366 ergo,
2522 1295 2772 1365 Domine,
2819 1301 2944 1368 hoc,
2971 1311 3031 1357 ut
3063 1317 3120 1360 et
3160 1306 3255 1361 tibi
3302 1311 3639 1379 poenitentia

2047 1385 2309 1442 excubias
2331 1387 2590 1456 celebret,
2616 1398 2673 1446 et
2703 1395 2968 1450 correctis
3003 1396 3214 1454 actibus
3251 1403 3364 1458 suis
3397 1405 3639 1463 conferri

2046 1475 2151 1530 sibi
2197 1491 2228 1530 a
2272 1485 2324 1532 te
2361 1480 2695 1550 sempiterna
2727 1484 2924 1556 gaudia
2957 1489 3281 1560 gratuletur.
3321 1493 3427 1551 Per
3452 1496 3640 1554 Domi-

2118 1659 2261 1715 Αιεα.
2302 1660 2524 1731 Precor,
2550 1665 2796 1733 Domine,
2827 1667 3168 1728 clementiam
3201 1682 3307 1732 tua:
3334 1677 3639 1746 maiestatis

2049 1768 2114 1809 ac
2141 1757 2396 1824 nominis,
2429 1767 2492 1815 ut
2516 1761 2643 1816 huic
2676 1759 2881 1820 famulo
2907 1772 3029 1832 tuo,
3057 1779 3281 1838 peccata
3307 1781 3362 1826 et
3393 1771 3636 1830 facinora

1980 1857 2023 1917 Β
2048 1861 2146 1902 sua
2172 1849 2476 1917 conﬁtenti,
2501 1855 2718 1909 veniam
2750 1856 2902 1924 dare,
2938 1869 2996 1915 et
3017 1864 3417 1932 praeteritorum
3446 1869 3637 1925 crimi-

2045 1955 2177 1994 num
2198 1941 2387 2012 culpas
2410 1944 2658 2002 relaxare
2677 1947 2939 2018 digneris,
2964 1953 3056 2023 qui
3080 1954 3323 2012 bumcris
3345 1959 3453 2015 tuis
3479 1975 3637 2018 ovem

2045 2031 2318 2103 perditam
2367 2036 2632 2092 reduxisti
2664 2038 2732 2094 ad
2762 2039 2980 2108 caulas;
3016 2045 3108 2115 qui
3143 2047 3416 2116 publicani
3462 2052 3638 2120 preci-

2043 2123 2145 2179 bus
2171 2124 2256 2180 vel
2285 2125 2632 2185 confessione
2670 2129 2919 2200 placatus
2952 2148 3032 2202 es,
3068 2143 3124 2190 tu
3160 2135 3347 2204 etiam,
3375 2138 3631 2208 Domine,

2043 2221 2100 2267 et
2125 2212 2251 2269 huic
2287 2215 2492 2272 famulo
2522 2225 2615 2273 tuo
2654 2218 2905 2290 placare,
2934 2231 2992 2278 tu
3031 2223 3150 2294 ejus
3192 2229 3448 2297 precibus
3479 2233 3635 2288 beni-

2042 2318 2182 2373 gnus
2228 2307 2441 2372 assiste,
2485 2317 2545 2363 ut
2592 2311 2647 2366 in
2686 2313 3029 2373 confessione
3073 2317 3237 2375 ﬁebili
3284 2337 3634 2393 permanens,

2041 2396 2386 2454 clementiam
2411 2401 2668 2458 celeriter
2687 2415 2898 2472 exoret,
2911 2417 2965 2464 et
2987 2412 3192 2468 sanctis
3220 2429 3286 2470 ac
3300 2417 3471 2473 sacris
3495 2418 3635 2475 alta-

2042 2487 2195 2544 ribus
2221 2490 2504 2546 restitutus
2532 2495 2648 2565 spei
2678 2511 2870 2553 rursus
2894 2507 3112 2558 πίει-πω
3139 2511 3197 2560 et
3219 2506 3426 2563 caelesti
3447 2507 3634 2582 gloria:

2043 2577 2395 2637 reformetur.
2428 2582 2536 2640 Per
2557 2585 2866 2644 Dominum.

2111 2671 2254 2726 Alia.
2295 2671 2654 2747 Omnipotens
2679 2682 3008 2752 sempiterne
3034 2684 3202 2755 Deus,
3225 2691 3506 2750 conﬁtenti
3534 2696 3632 2754 tibi

2040 2759 2169 2818 buic
2212 2761 2413 2821 famulo
2439 2775 2532 2824 tuo
2568 2783 2670 2838 pro
2697 2781 2788 2828 tua
2816 2776 3020 2844 pietate
3049 2789 3275 2850 peccata
3309 2784 3493 2842 relaxa
3521 2805 3538 2843 :
3571 2795 3634 2845 ut

2041 2866 2149 2907 non
2180 2852 2301 2924 plus
2334 2857 2386 2911 ci
2429 2869 2626 2915 noceat
2672 2865 3021 2924 conscientia
3067 2878 3255 2928 reatus
3290 2875 3357 2930 ad
3385 2891 3627 2946 prunam,

2040 2958 2206 3015 quam
2254 2948 2585 3022 indulgentia
2622 2962 2726 3010 tua:
2753 2955 2974 3026 pictatis
3020 2962 3089 3018 ad
3123 2963 3356 3020 veniam.
3396 2965 3631 3024 PerDo-

2039 3037 2267 3093 minum.

2111 3129 2642 3221 Alia._0mnipotens
2672 3147 2729 3195 et
2775 3140 3090 3203 misericors
3122 3146 3284 3214 Deus,
3315 3149 3406 3220 qui
3435 3167 3629 3221 pecca-

2049 3224 2228 3274 torum
2259 3220 2648 3295 indulgentiam
2676 3228 2732 3284 in
2761 3230 3103 3291 confessione
3130 3237 3292 3294 celeri
3319 3220 3632 3311 postulasti,

2041 3325 2303 3369 succurre
2326 3314 2514 3387 lapsis,
2545 3319 2806 3378 miserere
2831 3324 3097 3383 confessis
3125 3345 3138 3382 :
3165 3341 3225 3384 ut
3251 3346 3387 3401 quos
3411 3333 3635 3391 delicto-

2042 3415 2165 3490 rum
2192 3412 2388 3459 catena
2413 3410 2757 3483 constringit,
2784 3415 3101 3487 magnitudo
3121 3420 3341 3490 pietatis
3365 3423 3632 3483 absolvat.

2040 3486 2155 3546 Per
2180 3491 2490 3552 Dominum.

2544 3591 2707 3667 515
2735 3593 2964 3657 CAPUT
2999 3600 3113 3659 LV.

2542 3684 2571 3725 ιι
2595 3701 2660 3741 us
2699 3702 3131 3750 ptest-murinus.

2109 3789 2509 3850 Ptenitentibus
2570 3800 2880 3871 exemplum
2935 3802 3039 3860 Job
3099 3809 3310 3876 primus
3353 3813 3631 3884 exhibuit,

2038 3884 2255 3954 quando
2280 3895 2405 3955 post
2433 3887 2624 3946 funera
2652 3891 2737 3946 vel
2766 3891 2972 3965 ﬂagella
2998 3897 3176 3954 adhuc
3208 3903 3261 3956 in
3299 3917 3398 3958 sua
3439 3909 3630 3963 redar-

2039 3983 2262 4052 gutione
2272 3985 2439 4040 etiam
2465 3985 2519 4040 in
2539 3986 2718 4044 cilicio
2731 3998 2787 4046 et
2808 3991 2992 4049 cinere
3018 3994 3252 4052 lamenta
3277 4001 3632 4070 paenitudinis

2039 4074 2304 4143 sumpsit,
2335 4076 2560 4135 dicens:
2590 4079 2798 4138 Idcirco
2839 4102 2940 4156 ego
2963 4089 3320 4158 penitentiam
3348 4093 3405 4146 in
3445 4093 3630 4164 favilla

2038 4175 2086 4220 et
2113 4169 2287 4223 cinere
2313 4169 2456 4242 (Job.
2481 4188 2615 4238 ml,
2639 4175 2714 4248 6).
2744 4177 2873 4234 Post
2897 4181 3041 4238 hunc
3070 4184 3226 4240 nobis
3253 4185 3426 4245 David
3457 4191 3632 4258 poeni-

2037 4260 2220 4315 tentiae
2250 4263 2621 4332 magisterium
2657 4269 2908 4336 praebuit,
2948 4275 3163 4344 quando
3204 4278 3356 4347 gravi
3398 4278 3626 4338 vulnere

2038 4349 2241 4422 lapsus,
2274 4353 2404 4409 dum
2442 4358 2684 4413 audisset
2722 4375 2755 4414 a
2797 4361 3060 4432 propheta
3106 4377 3388 4436 peccatum
3435 4386 3625 4439 suum,

2039 4442 2328 4499 confestim
2349 4449 2622 4517 paenituit,
2646 4457 2704 4506 et
2721 4451 2933 4522 culpam
2960 4469 3112 4511 suam
3139 4459 3474 4528 ptenitentia:
3493 4478 3630 4536 con-

1969 4530 2277 4630 Dfossione
2326 4538 2537 4595 sanavit
2581 4538 2670 4614 (11
2696 4539 2822 4612 Reg.
2855 4545 2976 4615 xu).
3023 4546 3117 4603 Sic
3160 4547 3413 4608 Ninivitre
3450 4532 3508 4607 ei
3533 4554 3630 4610 alii

2042 4626 2195 4682 multi
2224 4639 2448 4697 peccata
2472 4647 2569 4688 sua
2591 4634 2824 4692 confessi
2856 4647 3004 4706 sunt,
3025 4649 3081 4695 et
3099 4643 3472 4712 pmnitentiam
3494 4661 3624 4718 ege-

2042 4726 2187 4772 runt.
2205 4719 2604 4791 Displicuerant
2627 4725 2728 4782 sibi
2751 4728 2941 4797 quales
2967 4728 3204 4798 fuerant,
3231 4743 3288 4788 et
3309 4736 3500 4805 quales
3526 4753 3627 4810 per

2039 4809 2210 4865 Deum
2235 4809 2363 4868 facti
2389 4824 2518 4871 sunt
2541 4816 2614 4871 illi
2641 4818 2960 4890 placuerunt
2986 4821 3136 4895 (Jan.
3165 4843 3250 4893 nt,
3273 4827 3351 4900 5).

2108 4901 2206 4956 Est
2250 4912 2430 4959 autem
2480 4907 2798 4976 paenitentia
2843 4913 3299 4973 medicamentum
3354 4921 3623 4993 vulneris,

2037 5008 2164 5064 spes
2209 4997 2427 5062 salutis,
2475 5013 2574 5067 per
2620 5017 2784 5071 quam
2827 5013 3144 5074 peccatores
3190 5009 3489 5078 salvantur,
3527 5031 3629 5086 per

2038 5101 2204 5155 quam
2235 5087 2377 5141 Deus
2406 5089 2474 5143 ad
2504 5090 2930 5150 misericordiam
2960 5107 3328 5166 provocatur:
3356 5118 3476 5172 (pta:
3517 5121 3630 5161 non

2038 5184 2282 5249 tempore
2309 5190 2592 5250 pensatur,
2619 5184 2715 5240 sed
2757 5187 3123 5257 profunditate
3149 5193 3333 5251 luctus
3355 5203 3412 5248 et
3453 5197 3630 5269 lacry-

2037 5286 2273 5326 marum.
2303 5270 2630 5329 Ptenitentia
2673 5286 2854 5332 autem
2895 5295 3004 5335 non
3037 5285 3299 5339 mensium
3326 5301 3391 5341 ac
3420 5297 3628 5360 tempo-

2037 5379 2158 5419 rum
2188 5380 2350 5421 cursu
2390 5378 2673 5437 pensatur,
2705 5372 2802 5426 sed
2828 5387 3019 5444 poma,
3041 5391 3148 5446 qua
3190 5380 3372 5434 anima
3409 5383 3626 5437 crucia-

2034 5465 2145 5524 tur,
2172 5466 2230 5514 et
2266 5460 2623 5519 mortiﬁcatur
2662 5479 2813 5520 caro.
2859 5466 2922 5521 Hi
2953 5483 3099 5535 vero,
3131 5473 3222 5541 qui
3252 5474 3627 5542 paenitentiam

2032 5559 2246 5619 gerunt.
2283 5552 2510 5622 proinde
2556 5555 2780 5625 capillos
2816 5564 2871 5612 et
2899 5557 3122 5616 barbam
3171 5563 3441 5628 nutriunt,
3478 5565 3628 5620 unde

2034 5649 2339 5696 monstrent
2386 5642 2772 5701 abundantiam
2835 5649 3158 5716 criminum,
3206 5652 3404 5722 quibus
3462 5663 3630 5724 caput

2107 5750 2138 5790 δ
2173 5750 2249 5806 Ex
2281 5751 2486 5809 lsidoro
2514 5751 2591 5811 De
2617 5754 2819 5813 Olliciis
2845 5757 2988 5816 Eccl.
3015 5759 3108 5815 lib.
3136 5777 3196 5825 ll,
3224 5776 3344 5835 cap.
3376 5761 3461 5817 ιθ.
