4092 6504
451 349 594 412 1285

1301 355 1362 412 ιι.
1406 355 1469 414 r.
1509 355 1739 414 ALBINI
1779 354 1914 414 seu
1950 318 2234 414 meum
2275 353 2568 415 orsum:
2605 353 2788 412 rans
2824 352 2916 411 1x.

3623 353 3774 410 1281

446 467 756 543 peccatoris
783 477 1058 544 gravatur.
1084 465 1275 541 Capilli
1301 469 1444 526 enim
1473 484 1572 543 pro
1601 469 1750 529 vitiis
1774 469 2050 543 accipiun-
2077 475 2128 536 Α
2157 467 2312 536 bent,
2363 468 2410 526 si
2459 483 2652 524 rursus
2705 476 2830 542 post
2873 465 3335 535 emendationem,
3393 466 3582 523 relicto
3609 469 3776 535 vitio,

449 569 564 620 tur.
606 559 700 618 Vir
739 563 877 621 enim
921 563 968 618 si
1007 579 1212 619 comam
1244 563 1476 631 nutriat,
1512 571 1572 618 ut
1619 563 1696 620 ait
1737 562 2050 637 Apostolus,

451 655 743 731 ignominia
783 667 859 714 est
895 656 979 713 illi
1023 655 1076 731 (ι
1107 653 1333 726 Contr,
1363 657 1474 732 14).
1505 656 1684 732 Ipsam
1712 657 1857 716 enim
1901 657 2056 732 igno-

451 749 678 808 miniam
720 749 1026 826 suscipiunt
1070 750 1403 823 pumitentes
1446 765 1548 825 pro
1575 751 1773 809 merito
1802 757 2053 826 peccato-

452 858 593 898 rum.
617 841 774 914 Quod
801 859 932 903 vero
955 844 1010 902 in
1029 845 1209 902 cilicio
1234 852 1674 917 prosternuntur,
1695 860 1796 918 per
1815 843 2054 902 cilicium

449 938 651 1020 quippe
675 935 985 992 recordatio
1013 945 1097 991 est
1124 945 1499 1010 peccatorum,
1531 944 1756 1009 propter
1774 934 1956 992 haedos
1985 933 2054 991 ad

448 1029 734 1086 sinistram
782 1029 1016 1085 futuros.
1048 1028 1186 1084 inde
1227 1043 1360 1103 ergo
1407 1027 1731 1087 conﬁtentes
1775 1028 1830 1084 in
1875 1025 2056 1084 cilicio

449 1131 896 1194 prosternuntur,
917 1132 1178 1194 tanquam
1201 1123 1477 1179 dicentes:
1496 1120 1565 1177 Et
1588 1130 1860 1194 peccatum
1881 1136 2056 1176 meum

450 1226 637 1272 contra
669 1232 753 1270 nte
780 1224 855 1270 est
901 1231 1105 1285 semper
1130 1210 1308 1287 (I’sal.
1338 1232 1402 1278 ι.,
1434 1213 1512 1286 5).
1542 1212 1698 1280 Quod
1729 1214 1917 1268 cinere
1960 1225 2053 1265 as-

449 1315 785 1381 perguntur;
818 1306 903 1362 vel
928 1313 990 1361 ut
1009 1307 1120 1363 sint
1153 1322 1446 1373 memores,
1473 1307 1606 1378 quia
1635 1306 1773 1361 cinis
1793 1313 1849 1360 et
1875 1305 2055 1376 pulvis

449 1409 614 1468 sunt,
645 1399 731 1455 vel
755 1400 883 1470 quia
907 1399 1165 1470 pulveres
1188 1398 1318 1455 facti
1343 1409 1493 1466 sunt,
1526 1401 1580 1455 id
1607 1408 1713 1466 est,
1743 1400 1894 1470 impii
1923 1398 2053 1455 facti

451 1501 600 1549 sunt.
645 1492 801 1550 Unde
824 1493 988 1548 etilli
1014 1495 1470 1562 praevaricatores
1497 1493 1660 1565 ι)νίηή
1691 1493 1942 1549 homines
1970 1506 2056 1546 re-

449 1589 710 1643 cedentes
735 1602 767 1641 a
798 1587 932 1652 Deo,
972 1587 1240 1656 malisque
1274 1586 1435 1642 factis
1461 1586 1802 1642 olfeudentes
1830 1585 2056 1642 Creato-

450 1696 594 1746 rem,
622 1682 678 1736 in
711 1680 1013 1752 pulverem,
1045 1682 1190 1736 unde
1219 1680 1352 1736 facti
1379 1690 1538 1746 sunt,
1574 1682 1877 1737 redierunt.
1910 1680 2055 1736 Bene

451 1789 585 1846 ergo
607 1776 661 1828 in
685 1773 866 1830 cilicio
887 1783 946 1830 et
967 1776 1152 1831 cinere
1175 1776 1452 1846 pmnitens
1477 1775 1722 1846 deplorat
1745 1783 2050 1847 peccaturo,

450 1868 579 1937 quia
609 1867 662 1923 in
693 1866 873 1923 cilicio
901 1869 1172 1938 asperitas
1199 1875 1256 1923 et
1286 1869 1634 1939 eompunctio
1661 1846 2050 1939 peccatorum;
2087 1846 2132 1904 Β

452 1961 507 2016 in
534 1960 721 2016 cinere
747 1970 930 2016 autem
955 1960 1134 2032 pulvis
1155 1963 1468 2018 ostenditur
1495 1970 1854 2018 mortuorum.
1881 1963 1949 2017 Et
1977 1963 2057 2017 id-

451 2052 602 2108 circo
645 2053 702 2107 in
737 2060 970 2124 utroque
1011 2053 1389 2125 pmnitentiam
1425 2055 1668 2127 agimus,
1710 2056 1856 2110 utin
1900 2071 2057 2112 com-

451 2145 747 2215 punctione
800 2145 965 2202 cili-cii
1027 2159 1392 2216 agnoscamus
1431 2145 1594 2213 vitia,
1637 2162 1760 2217 quae
1796 2161 1895 2216 per
1938 2144 2056 2201 cul-

452 2252 580 2309 pam
621 2237 1029 2300 commisimus;
1073 2245 1130 2292 et
1165 2251 1264 2307 per
1309 2235 1552 2291 favillam
1591 2237 1792 2292 cineris
1827 2252 2060 2308 perpen-

352 2323 362 2333 ’
451 2330 650 2387 damus
677 2331 872 2386 mortis
896 2331 1244 2396 sententiam,
1273 2329 1342 2385 ad
1367 2345 1532 2400 quam
1558 2329 1834 2402 peccando
1869 2343 2060 2402 perve—

459 2440 661 2480 nimus.

526 2515 869 2571 Paenitentia:
899 2524 1080 2571 autern
1111 2514 1413 2571 remedium
1441 2514 1680 2571 Ecclesia
1705 2513 1974 2571 catholica
2005 2514 2057 2571 in

455 2623 555 2680 spe
601 2608 952 2681 indulgentia:
992 2609 1226 2664 ﬁdenter
1265 2609 1453 2681 alligat
1492 2609 1832 2665 exercendas
1879 2608 2059 2664 homi-

455 2718 575 2768 nes,
601 2710 663 2759 et
686 2710 810 2774 post
836 2719 1004 2757 unum
1039 2703 1295 2772 baptismi
1322 2711 1746 2768 sacramentum,
1777 2703 1922 2773 quod
1948 2701 2063 2757 sin-

455 2793 632 2866 gulari
688 2793 982 2849 traditione
1031 2795 1475 2849 commendatum
1529 2794 1760 2850 sollicite
1807 2793 2064 2866 prohibet

455 2884 788 2952 iterandum,
817 2887 1130 2942 medicinali
1163 2889 1403 2943 remedio
1444 2888 1781 2958 ptenitentire
1803 2890 2063 2960 subrogat

456 2977 858 3049 adiumentum,
886 2977 1040 3048 cujus
1090 2981 1332 3036 remedio
1372 2996 1537 3054 egere
1579 2997 1640 3038 se
1668 2981 1852 3037 cuncti
1896 2997 2062 3054 agno—

455 3084 614 3126 scere
661 3069 864 3126 debent
914 3087 1014 3142 pro
1059 3073 1396 3141 quotidianis
1447 3073 1699 3128 humana:
1750 3073 2064 3146 fragilitatis

456 3161 795 3229 excessibus,
827 3163 948 3219 sine
976 3165 1177 3233 quibus
1203 3165 1258 3220 in
1292 3165 1396 3221 hac
1428 3168 1537 3222 vita
1566 3183 1690 3223 esse
1733 3183 1841 3223 non
1870 3185 2064 3240 possu-

457 3269 601 3321 mus,
632 3255 843 3311 honore
887 3256 1151 3311 duntaxat
1190 3266 1246 3314 et
1292 3258 1560 3330 dignitate
1606 3271 1856 3329 servata,
1888 3262 1964 3318 ita
2002 3272 2062 3318 ut

457 3344 836 3402 sacerdotibus
862 3355 920 3403 et
948 3346 1147 3415 levius,
1175 3348 1289 3406 Deo
1316 3359 1526 3408 tantum
1558 3360 1717 3419 teste,
1743 3353 1864 3421 ﬁat;
1899 3370 1930 3408 a
1959 3370 2063 3410 cas—

457 3437 595 3492 teris
621 3451 774 3503 vero,
814 3446 1110 3495 attestantc
1138 3455 1324 3496 coram
1371 3443 1482 3499 Deo
1519 3442 1838 3500 solemniter
1875 3460 2062 3500 sacer-

461 3529 613 3594 dote,
657 3537 718 3583 ut
755 3529 860 3585 hoc
903 3538 1050 3601 tegat
1087 3531 1369 3588 fructuosa
1398 3534 1694 3603 confessio,
1720 3537 1863 3606 quod
1894 3549 2067 3592 teme-

461 3622 645 3676 rarius
687 3623 982 3694 appetitus,
1033 3634 1130 3679 aut
1176 3626 1504 3698 ignorantim
1546 3637 1676 3683 nota
1722 3631 2064 3687 contraxisse

461 3711 825 3785 negligentius
869 3715 1127 3771 videtur;
1161 3725 1222 3773 ut
1260 3719 1404 3774 sicut
1448 3719 1506 3775 in
1557 3719 1828 3792 baptismo
1875 3739 2065 3778 omnes

460 3804 779 3878 iniquitates
821 3809 1044 3872 remitti,
1074 3811 1160 3865 vel
1197 3827 1296 3882 per
1322 3813 1646 3884 martyrium
1690 3814 1823 3869 nulli
1869 3830 2066 3884 pecca-

461 3904 577 3952 tum
623 3899 900 3957 credimus
940 3901 1231 3971 imputari,
1275 3905 1350 3960 ila
1399 3907 1739 3978 paenitentia:
1799 3923 2064 3978 compun-

459 3989 647 4045 ctione
673 3987 955 4047 fructuosa
988 3991 1259 4050 fateamur
1282 3994 1451 4052 deleri
1491 4007 1740 4068 peccata.
1785 3999 2065 4074 Lacrymze

459 4081 609 4137 enim
638 4084 1021 4154 pmnitentium
1051 4088 1191 4156 apud
1226 4087 1397 4143 Deum
1424 4104 1525 4158 pro
1552 4088 1878 4161 baptismate
1909 4107 2068 4162 repu-

462 4185 669 4230 tantur.
721 4175 878 4231 Unde
925 4185 983 4232 et
1036 4180 1337 4247 quamlibet
1390 4183 1503 4236 sint
1572 4198 1768 4252 magna
1835 4185 2063 4251 delicta,

461 4268 712 4337 quamvis
740 4269 957 4338 gravia;
991 4286 1098 4324 non
1136 4279 1220 4325 est
1251 4282 1429 4327 tamen
1461 4274 1516 4328 in
1559 4274 1666 4329 illis
1710 4276 1805 4330 Dei
1854 4278 2070 4332 miseri-

461 4359 650 4414 cordia
679 4359 1034 4429 desperanda.
1065 4361 1122 4414 lu
1152 4365 1368 4418 actione
1409 4364 1556 4419 enim
1600 4368 1977 4435 paenitudinis,
2009 4378 2070 4423 ut

461 4461 630 4520 supra
657 4447 863 4502 dictum
885 4459 990 4513 est,
1015 4465 1122 4503 non
1150 4460 1261 4505 tam
1281 4453 1677 4511 consideranda
1703 4467 1786 4513 est
1813 4475 2069 4517 mensura

2154 559 2320 617 corda
2362 560 2678 632 pulsentur;
2713 560 2842 617 dum
2883 574 2992 616 non
3032 566 3260 632 possunt
3286 559 3442 616 bona:
3471 574 3781 616 conversa-

2155 651 2289 708 tioni
2332 667 2552 720 nocere,
2583 652 2630 710 si
2659 651 2786 709 talis
2827 652 3084 725 cogitatio
3114 665 3222 707 non
3267 660 3519 722 erumpat
3547 653 3605 707 in
3635 667 3779 708 con-

2152 757 2317 799 sensu
2346 742 2432 800 vel
2463 744 2519 800 in
2564 760 2751 816 opere.
2782 743 2952 802 Ferre
2979 744 3126 801 enim
3161 744 3281 800 sine
3316 743 3653 818 perfectione
3686 747 3780 801 vi-

2155 836 2357 892 tiorum
2386 837 2750 909 cogitationes
2775 853 2885 895 non
2912 846 2999 896 est
3021 837 3090 893 ad
3113 836 3542 903 damnationem,
3569 838 3669 893 sed
3699 836 3777 892 ad

2154 927 2557 1002 probationem.
2597 930 2710 988 Nec
2741 938 2830 987 est
2853 931 3075 988 occasio
3115 929 3381 986 subeundi
3411 930 3774 996 discriminis,

2154 1018 2252 1075 sed
2297 1021 2482 1093 potius
2525 1022 2748 1094 agendae
2790 1022 3011 1078 virtutis
3055 1020 3256 1096 [Isid.,
3282 1020 3543 1093 augenda
3589 1019 3780 1093 perfe-

2155 1109 2400 1186 ctionis].
2429 1110 2566 1168 Nam
2594 1122 2650 1168 et
2680 1113 2725 1170 si
2753 1115 2876 1186 quis
2905 1115 3054 1172 circa
3082 1113 3247 1170 ﬁnem
3276 1130 3437 1171 suum
3465 1129 3564 1185 per
3591 1116 3778 1186 paeni-

2158 1205 2384 1261 tentiam
2429 1206 2644 1262 desinat
2677 1222 2802 1265 esse
2842 1207 3038 1276 malus,
3085 1224 3196 1266 non
3232 1209 3356 1266 ideo
3385 1208 3545 1266 debet
3573 1209 3778 1280 despe-

2157 1309 2301 1361 rare,
2334 1295 2462 1368 quia
2513 1297 2568 1352 in
2620 1299 2853 1356 termino
2900 1309 2988 1356 est
3034 1300 3240 1356 ultimae
3289 1301 3415 1356 vitae
3453 1322 3466 1354 :
3505 1303 3775 1373 quoniam

2156 1386 2303 1444 Deus
2333 1405 2441 1446 non
2470 1392 2697 1462 respicit
2735 1393 2928 1463 quales
2975 1401 3136 1449 antea
3182 1393 3406 1460 fuimus,
3438 1396 3533 1451 sed
3577 1394 3778 1465 quales

2157 1485 2304 1539 circa
2332 1484 2494 1540 ﬁnem
2525 1487 2847 1543 existemus.
2874 1487 2955 1543 Ex
2980 1488 3086 1544 ﬁne
3109 1489 3257 1543 enim
3283 1504 3384 1544 suo
3409 1504 3778 1559 unumquem-

2157 1592 2264 1647 que
2310 1585 2406 1631 aut
2443 1575 2744 1646 justiﬁeat,
2791 1590 2888 1634 aut
2933 1579 3282 1647 condemnat,
3317 1582 3460 1637 sicut
3503 1581 3774 1652 scriptum

2155 1679 2276 1723 est:
2311 1667 2430 1741 Ipse
2483 1671 2691 1740 judicat
2735 1681 2969 1726 extrema
3010 1680 3165 1726 terra:
3212 1671 3266 1745 (1
3297 1671 3426 1744 Reg.
3453 1689 3516 1737 ιι,
3545 1671 3653 1744 l0).
3702 1672 3776 1728 Et

2158 1761 2286 1816 alibi
2311 1779 2324 1815 :
2356 1758 2730 1818 Universorum
2752 1763 2911 1833 ﬁnem
2931 1767 3042 1835 ipse
3069 1766 3370 1821 considerat
3401 1765 3543 1839 (Job.
3570 1783 3769 1834 xxvm,

2161 1854 2248 1925 5).
2295 1854 2530 1912 Proinde
2573 1872 2680 1912 non
2729 1857 3039 1914 dubitamus
3081 1860 3226 1916 circa
3274 1861 3436 1916 ﬁnem
3471 1860 3772 1931 iustiﬁcari

2165 1945 2440 2001 hominem
2486 1964 2585 2018 per
2626 1950 3002 2018 paenitentiam
3045 1959 3102 2007 et
3131 1953 3637 2024 compunctionem;
3669 1956 3770 2011 sed

2163 2042 2290 2111 quia
2321 2057 2447 2096 raro
2488 2043 2592 2097 hoc
2639 2043 2758 2099 ﬁeri
2794 2045 2948 2110 solet,
2983 2046 3334 2102 metuendum
3375 2056 3493 2115 est;
3525 2063 3595 2104 ne
3637 2048 3773 2104 dum

2165 2133 2231 2187 ad
2254 2133 2425 2189 'ﬁnem
2471 2133 2722 2189 differtur
2748 2137 3057 2204 conversio,
3088 2137 3296 2194 incerta
3327 2150 3560 2212 occupet
3597 2156 3774 2208 mors,

2164 2235 2458 2294 antequam
2503 2228 2794 2282 subveniat
2845 2228 3189 2300 paenitentia.
3241 2230 3348 2288 Pro
3394 2249 3503 2305 qua
3556 2248 3616 2289 re
3663 2234 3774 2290 etsi

2163 2317 2306 2373 bona
2329 2327 2414 2374 est
2441 2319 2510 2374 ad
2537 2329 2846 2376 extremum
2870 2322 3180 2389 conversio,
3217 2324 3413 2381 melior
3454 2333 3636 2382 tamen
3663 2336 3773 2392 est,

2163 2426 2286 2481 qua:
2315 2410 2475 2484 longe
2499 2423 2630 2470 ante
2652 2414 2815 2471 ﬁnem
2845 2417 3047 2487 agitur,
3072 2425 3134 2472 ut
3161 2419 3229 2474 ab
3256 2419 3361 2476 hac
3385 2420 3494 2475 vita
3525 2421 3775 2477 securius

2166 2509 2450 2558 transeatu
2461 2519 2504 2557 r.

2767 2595 2998 2654 CAPUT
3033 2596 3167 2656 LVI.

2647 2700 2673 2728 ⁸
2699 2704 2766 2744 DE
2797 2705 3035 2747 SYIBOLO
3059 2708 3291 2750 NIC£N0.

2239 2777 2557 2851 Symbolum
2598 2790 2802 2848 autem,
2830 2784 2975 2853 quod
3007 2794 3251 2856 tempore
3280 2789 3537 2846 sacriﬁcii
3571 2791 3774 2862 populo

2165 2874 2516 2946 prmdicatur,
2564 2891 2796 2932 eecxvm
2841 2887 3155 2935 sanctorum
3207 2881 3433 2938 Patrum
3481 2884 3775 2944 collatione

2165 2971 2309 3041 apud
2334 2971 2600 3041 synodum
2624 2970 2900 3028 Nicarnam
2925 2984 3010 3029 est
3033 2976 3262 3031 editum.
3287 2975 3453 3047 Cujus
3479 2993 3622 3036 verae
3645 2979 3770 3037 ﬁdei

2166 3062 2354 3134 regula
2402 3065 2568 3118 tantis
2614 3063 2878 3122 doctrinae
2927 3069 3204 3138 mysteriis
3256 3071 3550 3139 priecellit,
3597 3081 3657 3126 ut
3704 3073 3773 3128 de

2165 3155 2312 3210 omni
2352 3164 2508 3225 parte
2553 3155 2677 3211 ﬁdei
2709 3157 2992 3228 loquatur;
3023 3159 3282 3232 nullaque
3311 3177 3452 3232 pene
3497 3164 3566 3218 sit
3597 3165 3775 3220 haere-

2090 3220 2137 3284 Ο
2168 3248 2264 3314 sis,
2292 3248 2380 3304 cui
2409 3261 2508 3318 per
2533 3248 2744 3319 singula
2769 3252 2935 3307 verba
2980 3253 3064 3308 vel
3088 3256 3393 3311 sententias
3419 3272 3525 3311 non
3555 3273 3777 3328 respon-

2169 3339 2313 3394 deat.
2342 3337 2546 3395 Omnes
2571 3341 2719 3395 enim
2762 3344 2990 3410 erroris,
3031 3346 3397 3416 impietatum,
3427 3350 3775 3421 perﬁdiaaque

2168 3430 2536 3501 blasphemias
2557 3431 2755 3497 calcat,
2779 3444 2836 3489 et
2858 3436 2928 3491 ob
2952 3437 3054 3493 hoc
3079 3439 3350 3494 universis
3370 3438 3630 3496 Ecclesiis
3653 3443 3773 3512 pari

2165 3524 2510 3580 confessione
2539 3541 2570 3580 a
2601 3526 2801 3598 populo
2829 3529 3222 3599 proclamatur.

2657 3643 2822 3717 διε
2856 3645 3086 3702 CAPUT
3127 3646 3282 3703 Lvn.

2686 3725 2714 3765 δ
2741 3740 2807 3780 nr:
2844 3742 3052 3783 necum
3085 3743 3252 3784 ruont.

2240 3814 2367 3871 Haec
2391 3825 2499 3883 est,
2537 3826 2661 3887 post
2687 3819 3070 3890 Apostolorum
3115 3820 3435 3892 Symbolum
3465 3826 3777 3887 certissima

2168 3905 2324 3972 ﬁdes,
2345 3922 2510 3976 quam
2540 3907 2793 3965 doctores
2823 3914 2995 3967 nostri
3027 3914 3391 3980 tradiderunt,
3429 3925 3489 3971 ut
3518 3920 3777 3989 proﬁtea-

2171 4015 2293 4056 mur
2327 3999 2566 4067 Patrem,
2596 4012 2653 4058 et
2679 4003 2902 4072 Filium,
2937 4015 2992 4062 et
3026 4005 3287 4077 Spiritum
3330 4020 3580 4067 sanctum
3613 4015 3780 4073 unius

2169 4095 2443 4160 essentize,
2487 4094 2842 4169 ejusdemque
2875 4103 3163 4171 potestatis
3191 4113 3248 4159 et
3295 4107 3774 4176 sempiternitatis.

2173 4183 2351 4239 Unum
2382 4185 2550 4241 Deum
2579 4189 2928 4258 invisibilem,
2962 4194 3035 4250 ita
3065 4204 3124 4250 ut
3155 4196 3208 4252 in
3239 4198 3469 4268 singulis
3513 4217 3780 4272 persona-

2173 4291 2292 4329 rum
2319 4279 2653 4346 proprietate
2675 4291 2909 4345 servata,
2941 4300 3042 4341 nec
3070 4288 3506 4346 substantialitcr
3535 4292 3780 4351 Trinitas

2172 4367 2358 4435 dividi,
2388 4384 2487 4425 nec
2513 4373 2874 4440 personaliter
2899 4376 3096 4433 debeat
3117 4381 3340 4436 omnino
3365 4384 3642 4442 confundi.
3672 4387 3780 4443 Pa-

2173 4471 2313 4516 trem
2343 4479 2559 4534 quoque
2601 4467 2850 4524 conﬁteri
2893 4470 3218 4542 ingenitum,
3266 4474 3464 4531 Filium
3494 4479 3775 4551 genitum,

463 4538 745 4609 temporis,
775 4554 940 4609 quam
970 4539 1193 4596 doloris.
1222 4540 1332 4597 Cor
1358 4543 1506 4599 enim
1541 4549 1840 4604 contritum
1870 4560 1927 4605 et
1969 4553 2068 4606 lm-
2098 4595 2146 4650 υ
2175 4553 2437 4625 Spiritum
2467 4566 2718 4613 sanctum
2753 4575 2854 4617 nec
2878 4538 3141 4634 genitum,
3179 4538 3279 4622 nec
3317 4538 3647 4640 ingeni‘ium;
3677 4538 3778 4630 sed

463 4629 728 4650 μεηη-,μ
782 4630 924 4650 nm,
1141 4648 1166 4650 _
1281 4633 1315 4650 ._
1356 4635 1423 4650 ,η
1495 4636 1506 4650 ,
1648 4640 1722 4650 .-.
1783 4643 1827 4650 --
2273 4645 2302 4650 --
2551 4647 2587 4650 α

463 4629 734 4686 miliatum
782 4630 928 4686 Deus
971 4647 1079 4687 non
1111 4633 1321 4703 spernit
1349 4635 1526 4707 (Psal.
1557 4656 1613 4706 ι,
1642 4640 1750 4713 19).
1783 4643 2071 4699 Verumta-

463 4734 592 4776 men
617 4731 822 4792 quanto
859 4721 914 4776 in
957 4725 1234 4793 peccando
1280 4725 1384 4782 fuit
1425 4729 1493 4785 ad
1536 4730 1738 4786 malum
1768 4735 2071 4806 promptior

464 4814 667 4869 mentis
697 4813 953 4883 intentio,
987 4824 1142 4872 tanto
1175 4818 1424 4876 devotior
1450 4821 1612 4879 debet
1639 4839 1761 4880 esse
1791 4827 1845 4880 in
1890 4829 2070 4897 pumi-

466 4907 630 4961 tcndo
659 4907 905 4963 alllictio.

539 4997 818 5069 Duplicem
849 5001 1052 5057 habere
1081 5001 1242 5058 debet
1284 5003 1470 5062 ﬁctum
1515 5007 1573 5064 in
1601 5011 1923 5080 pcenitentia
1951 5029 2072 5069 om-

466 5089 553 5145 nis
580 5100 858 5161 peecator,
891 5093 1006 5148 sive
1035 5094 1163 5162 quia
1192 5109 1292 5165 per
1315 5097 1698 5168 negligentiam
1727 5103 1927 5157 lonum
1961 5123 2068 5160 non

465 5176 616 5244 fecit,
643 5196 738 5235 seu
765 5181 891 5253 quia
929 5183 1130 5237 malum
1157 5197 1256 5253 per
1282 5186 1567 5242 audaciam
1595 5195 1946 5261 perpetravit.
1978 5197 2073 5252 Ille

468 5278 652 5325 autem
681 5285 809 5326 vere
839 5273 1216 5342 paenitentiam
1244 5277 1374 5346 agit,
1405 5278 1499 5346 qui
1529 5295 1630 5335 nec
1656 5283 1924 5350 ptcnitere
1954 5302 2072 5356 per-

467 5371 684 5434 petrata
733 5363 989 5436 negligit,
1035 5381 1138 5421 nec
1178 5369 1358 5423 adhuc
1401 5373 1714 5440 paenitenda
1755 5381 2066 5436 committit.

469 5456 572 5526 Qui
623 5475 752 5515 vero
801 5461 1069 5533 lacrymas
1106 5463 1479 5520 indesinenter
1527 5466 1737 5536 fundit,
1786 5481 1842 5527 et
1889 5484 2068 5530 tamen

469 5566 705 5620 peccare
739 5568 847 5606 non
874 5552 1092 5619 desinit,
1125 5555 1212 5609 hic
1245 5555 1540 5612 lamentum
1573 5561 1756 5628 habet,
1788 5566 1884 5619 sed
1914 5582 2070 5620 mun-

469 5644 746 5700 dationem
775 5659 880 5701 non
910 5645 1096 5701 habet.
1136 5648 1193 5701 Si
1235 5649 1327 5718 qui
1356 5658 1540 5706 autem
1569 5668 1668 5722 per
1693 5657 1928 5726 gratiam
1975 5658 2071 5713 Dei

469 5739 539 5792 ad
590 5738 966 5807 paenitentiam
1010 5752 1426 5811 convertuntur,
1456 5748 1770 5814 perturbari
1819 5767 1925 5806 non
1973 5751 2068 5807 de-

547 5862 573 5890 ι
612 5851 691 5908 Et
716 5851 944 5921 Isidoro,
974 5854 1080 5912 loc.
1106 5857 1222 5922 cit.,
1252 5855 1343 5910 lib.
1376 5872 1415 5926 ι,
1439 5873 1558 5928 cap.
1589 5858 1670 5912 l6.

2169 4660 2238 4698 ex
2270 4645 2430 4701 Patre
2465 4656 2520 4702 et
2548 4647 2686 4705 Filio
2719 4655 3126 4722 procedentem.
3159 4656 3358 4714 Filium
3399 4677 3432 4715 a
3479 4661 3640 4719 Patre
3669 4681 3774 4720 na-

2170 4738 2372 4793 scendo
2413 4741 2731 4810 procedere,
2781 4743 3046 4816 Spiritum
3097 4763 3229 4806 vero
3279 4762 3532 4810 sanctum
3580 4771 3779 4827 proce-

2173 4828 2348 4883 dendo
2375 4846 2481 4884 non
2511 4833 2682 4887 nasci.
2711 4833 2890 4905 Ipsum
2916 4853 3047 4893 vero
3073 4838 3275 4895 Filium
3298 4857 3367 4897 ex
3399 4843 3623 4917 Virgine
3653 4849 3778 4904 sine

2173 4931 2401 4993 peccato
2458 4926 2736 4984 hominem
2783 4935 3123 5005 suscepisse,
3166 4945 3228 4992 ut
3269 4954 3431 5009 quem
3467 4942 3580 4998 sola
3621 4943 3779 5002 boni-

2176 5025 2286 5070 tate
2313 5029 2627 5086 ereaverat,
2666 5034 2858 5096 sponte
2888 5027 3100 5098 lapsum
3147 5031 3579 5093 misericorditer
3617 5055 3777 5111 nepa-

2175 5120 2341 5165 raret.
2387 5111 2560 5180 Quem
2599 5119 2867 5174 veraciter
2907 5124 3253 5192 cruciﬁxum,
3284 5138 3341 5184 et
3373 5131 3531 5185 tertia
3573 5132 3660 5188 die
3689 5150 3779 5191 re-

2174 5397 2515 5446 mortuorum
2545 5404 2898 5464 exspectatur
2925 5409 3204 5458 venturus.
3241 5404 3310 5460 Et
3353 5408 3498 5477 quod
3535 5409 3775 5467 divinam

2175 5481 2578 5554 humanamque
2602 5488 2990 5556 substantiam,
3017 5493 3070 5548 in
3093 5505 3323 5572 utroque
3347 5498 3642 5569 perfectus,
3667 5519 3776 5558 una

2174 5571 2427 5629 Christus
2475 5591 2712 5646 persona
2761 5585 3088 5652 gestaverit;
3144 5571 3270 5658 quia
3319 5605 3422 5646 nec
3479 5593 3778 5662 geminavit

2176 5664 2462 5734 utriusque
2500 5669 2820 5727 substantiae
2851 5675 3134 5748 integritas
3171 5695 3482 5748 personam,
3517 5697 3620 5738 nec
3643 5699 3778 5739 con-

2177 5756 2317 5812 fudit
2346 5760 2620 5830 geminam
2658 5765 2838 5822 unitas
2881 5784 3125 5839 persona:
3173 5775 3554 5833 substantiam.
3585 5776 3777 5837 Altero

2253 5870 2278 5908 ι·
2318 5869 2394 5922 [ις
2427 5870 2576 5942 eod.,
2606 5873 2762 5948 ibid.,
2793 5876 2887 5937 lib.
2915 5895 2980 5951 ιι,
3011 5897 3132 5955 cap.
3161 5882 3250 5941 ‘25.
