4092 6498
279 350 423 409 i285

1097 352 1249 409 OPP.
1291 350 1699 410 SUPPOSITA.
1735 381 1808 392 —
1842 350 1976 408 LIB.
2014 350 2104 407 DE
2139 349 2391 407 DIVINIS
2431 351 2742 411 OFFICllS.

3445 360 3583 419 I983

276 467 476 539 quippe
501 475 754 525 neutrum
784 468 1045 536 exclusit,
1073 469 1203 541 quia
1251 478 1545 539 utrumque
1579 468 1741 523 unius
1785 466 1869 523 in-
1897 476 1946 534 Α
1977 467 2051 522 ita
2079 477 2141 524 ut
2168 468 2489 540 ptenitentia
2518 468 2794 526 fructuosa
2823 469 3075 526 universa
3106 469 3378 526 fateamur
3405 471 3578 530 deleri

278 567 543 616 temerato
565 557 692 630 jure
732 561 1002 624 servavit,
1051 560 1198 630 quod
1237 559 1371 615 Novi
1402 568 1459 616 et
1506 558 1723 615 Veteris
1767 557 1875 612 Te-

276 651 535 707 stameuti
578 650 818 707 salubris
855 651 1205 707 commendat
1247 650 1546 706 auctoritas
1580 667 1594 705 :
1644 648 1736 704 illa
1776 663 1878 719 per

275 742 618 812 prophetiam
637 784 652 811 ,
715 741 820 799 ista
868 758 969 815 per
1028 742 1311 799 historiam
1361 743 1634 798 veraciter
1680 755 1874 813 perso-

276 833 471 891 lutam.

347 926 418 982 Et
442 926 588 999 quod
618 942 797 1001 neque
822 928 891 985 de
928 928 1063 996 Deo,
1100 944 1276 1000 neque
1304 930 1372 984 de
1399 937 1653 985 creatura
1683 927 1869 984 saeculi

276 1018 350 1072 sit
386 1034 510 1075 cum
539 1020 765 1093 paganis
792 1028 887 1075 aut
930 1036 1053 1075 cum
1089 1020 1365 1076 haereticis
1400 1019 1603 1090 aliquid
1632 1020 1875 1077 sentien-

276 1112 404 1168 dum
432 1112 487 1167 in
518 1113 627 1180 his,
652 1113 851 1185 quibus
884 1129 915 1168 a
943 1114 1177 1169 veritate
1209 1114 1568 1179 dissentiunt;
1596 1115 1691 1169 sed
1726 1114 1872 1183 quod

276 1204 331 1258 in
362 1212 594 1274 utroque
623 1203 974 1262 Testamento
1001 1206 1182 1260 divina
1211 1212 1585 1276 protestantur
1628 1205 1871 1278 eloquia,

275 1297 380 1353 hoc
404 1295 783 1353 tantummodo
824 1298 1167 1353 sentiendqu
1193 1316 1206 1350 :
1238 1298 1383 1367 quod
1428 1296 1544 1352 sive
1571 1298 1872 1364 hominem,

275 1388 391 1445 sive
421 1389 701 1455 universa,
728 1388 875 1443 nulla
903 1388 1227 1445 necessitate
1254 1389 1395 1445 Deus
1420 1390 1726 1456 creaverit;
1757 1388 1872 1444 nul-

276 1478 382 1534 iam
414 1495 535 1536 esse
558 1483 782 1536 omnino
823 1480 1117 1545 visibilem,
1147 1480 1584 1552 invisibilemque
1615 1482 1872 1537 substan-

275 1572 427 1635 tiam,
461 1571 563 1627 nisi
608 1580 706 1627 aut
751 1588 874 1643 quae
916 1571 1060 1628 Deus
1085 1572 1179 1638 sit,
1223 1582 1319 1628 aut
1344 1589 1374 1627 a
1400 1574 1545 1629 bono
1580 1572 1693 1629 Deo
1730 1572 1869 1628 bona

273 1672 459 1719 creata
485 1664 589 1731 sit;
617 1665 714 1722 sed
744 1665 889 1721 Deus
915 1680 1128 1720 summe
1154 1674 1210 1721 et
1238 1665 1758 1723 incommutabiliter
1783 1666 1874 1722 bo-

274 1770 397 1819 nus,
433 1764 686 1810 creatura
714 1771 845 1810 vero
882 1754 1109 1811 inferius
1135 1764 1194 1811 et
1228 1756 1565 1812 mutabiliter
1609 1758 1785 1824 bona;
1814 1765 1873 1813 et

1974 566 2222 629 peccata,
2259 561 2400 615 sicut
2438 560 2704 632 scriptum
2737 569 2861 615 est:
2893 560 3046 616 Beati
3082 578 3307 634 quorum
3346 580 3581 621 remma:

1973 658 2099 704 sunt
2125 650 2451 721 iniquitates,
2475 660 2525 705 et
2549 667 2777 722 quorum
2807 660 2943 706 tecta
2964 663 3088 708 sunt
3110 665 3346 725 peccata.
3380 655 3580 712 Beatus

1973 742 2055 797 vir
2076 743 2163 796 cui
2192 759 2297 797 non
2325 742 2599 816 imputavit
2619 743 2873 799 Dominus
2898 754 3171 816 peccatum
3216 743 3391 820 (Psal.
3423 764 3577 815 χιιι,

1976 833 2033 899 1,
2059 831 2139 903 2).

2046 924 2263 980 Nullum
2288 941 2507 997 quoque
2531 925 2646 982 suis
2673 925 2905 993 viribus,
2941 928 3035 982 sed
3064 943 3162 1000 per
3189 928 3429 985 divinam
3455 946 3580 1001 gra-

1979 1022 2108 1075 tiam
2142 1023 2305 1092 capiti
2334 1022 2557 1079 Christo
2582 1021 2855 1094 subjungi,
2886 1031 3052 1093 atque
3080 1023 3397 1095 indisrupta:
3425 1026 3580 1096 pacis

1976 1115 2463 1185 perseverantiam,
2492 1116 2547 1169 in
2589 1115 2799 1171 unitate
2827 1115 3085 1171 Ecclesia:
3112 1116 3283 1186 ipsius
3308 1116 3533 1172 solidari
3561 1136 3575 1171 :

1976 1218 2076 1257 nec
2111 1203 2364 1257 humana:
2391 1201 2689 1257 voluntatis
2734 1202 2967 1258 arbitrio
2996 1203 3121 1259 boni
3152 1204 3449 1274 quidquam
3485 1205 3580 1260 de-

1975 1296 2276 1366 putandum
2322 1296 2617 1364 :estimari;
2666 1299 2963 1352 secundum
3000 1300 3339 1370 propositum
3382 1301 3577 1355 volun-

1976 1387 2103 1442 tatis
2129 1387 2224 1441 Dei
2252 1402 2471 1443 omnem
2498 1402 2787 1443 numerum
2816 1388 3118 1443 electorum
3155 1390 3395 1460 acquiri;
3428 1391 3572 1448 bona

1973 1494 2190 1551 quoque
2221 1480 2541 1550 temporalia
2571 1480 2729 1535 bonis
2766 1479 3033 1550 malisque
3069 1483 3378 1538 communia
3408 1500 3439 1539 a
3463 1483 3578 1539 Deo

1974 1570 2174 1636 creari,
2203 1569 2429 1639 ejusque
2455 1571 2859 1642 dispensatione
2888 1571 3118 1643 singulis
3148 1572 3453 1645 quibusque
3492 1575 3579 1631 vel

1976 1664 2141 1719 tribui
2177 1664 2263 1719 vel
2296 1666 2525 1736 negari:
2569 1680 2803 1735 quantm
2844 1665 3113 1722 bonorum
3158 1666 3212 1723 in
3251 1684 3580 1741 unoquoque

1978 1755 2221 1812 ﬁdelium
2248 1772 2355 1811 non
2388 1757 2628 1823 habitus,
2655 1758 2750 1813 sed
2773 1772 2903 1813 usus
2932 1768 3027 1813 aut
3056 1758 3444 1831 improbandus
3469 1770 3577 1827 est,

273 1849 419 1918 quod
448 1849 645 1905 animae
684 1849 838 1920 origo
871 1849 1078 1904 incerta
1111 1850 1213 1915 sit,
1243 1858 1297 1904 et
1344 1851 1490 1920 quod
1535 1850 1866 1920 Angelorum
1905 1844 1946 1902 Β
1976 1858 2068 1904 aut
2108 1848 2462 1921 probandus;
2514 1858 2667 1906 certa
2715 1867 2847 1907 vero
2889 1860 3202 1922 aeternaque
3248 1855 3389 1909 bona
3435 1854 3582 1912 solos

272 1952 469 1998 natura
504 1943 587 1999 vel
617 1944 815 1998 anima:
855 1959 962 1998 non
1001 1943 1073 1997 sit
1120 1959 1249 2012 pars
1277 1943 1474 2000 divinae
1519 1944 1868 2005 substantiae:

272 2035 369 2091 sed
406 2033 500 2089 Dei
529 2041 780 2090 creatura
823 2050 889 2089 ex
918 2033 1088 2089 nihilo
1111 2035 1350 2090 condita.
1392 2034 1521 2091 ideo
1549 2035 1870 2107 incorporea

273 2128 452 2182 anima
499 2127 706 2198 absque
749 2127 948 2192 dubio,
976 2134 1033 2182 et
1069 2126 1180 2182 Deo
1211 2136 1269 2183 et
1315 2127 1545 2201 angelis,
1591 2143 1623 2183 a
1670 2131 1871 2200 quibus

271 2218 655 2290 comprehendi
682 2226 737 2274 et
774 2217 1059 2274 transferri
1088 2227 1286 2289 potest,
1317 2235 1583 2291 corporea
1609 2235 1730 2277 esse
1758 2222 1871 2277 evi-

272 2310 464 2367 denter
492 2312 797 2368 ostenditur
819 2326 867 2367 α.
910 2312 993 2367 Ad
1021 2313 1313 2383 imaginem
1342 2322 1524 2369 autem
1556 2314 1652 2371 Dei
1683 2327 1869 2372 creata

272 2410 377 2467 est,
399 2403 602 2473 pietate
620 2419 854 2470 morum,
882 2405 1001 2460 sine
1021 2421 1129 2475 qua
1152 2405 1289 2461 ﬁdes
1312 2406 1480 2461 divini
1508 2407 1690 2463 cultus
1709 2407 1867 2481 [non]

270 2494 572 2566 perﬁcitur.
621 2496 689 2551 Et
721 2505 780 2552 ut
820 2499 1193 2569 unusquisque
1242 2499 1447 2567 Deum,
1490 2504 1871 2571 proximumve

272 2588 330 2645 in
361 2588 474 2645 Deo
500 2590 750 2662 diligens,
800 2607 974 2662 usque
1016 2593 1087 2645 ad
1132 2592 1482 2649 dilectionem
1520 2610 1737 2665 quoque
1766 2597 1871 2652 ini-

272 2684 541 2741 micorum
582 2687 951 2757 pertendendo
983 2688 1253 2757 proﬁciat,
1296 2697 1357 2743 ut
1382 2687 1719 2760 proﬁciendo
1745 2706 1871 2762 per-

272 2776 482 2832 veniat.

342 2869 586 2926 Alterum
611 2884 826 2941 quoque
844 2869 1072 2926 alterius
1098 2870 1265 2942 pollui
1290 2886 1396 2927 non
1424 2888 1586 2943 posse
1615 2884 1868 2944 peccato,

272 2961 365 3017 ubi
393 2976 496 3033 par
524 2961 775 3017 voluntas
813 2978 921 3017 non
966 2970 1182 3019 tenetur
1223 2965 1531 3020 consensio.
1573 2964 1873 3037 Legitimas

272 3051 492 3121 nuptias
516 3066 624 3107 non
654 3052 801 3108 credi
827 3053 1133 3120 damnatas,
1162 3054 1289 3111 licet
1311 3071 1379 3110 ex
1408 3056 1491 3111 eis
1520 3072 1736 3127 quoque
1760 3059 1870 3115 ori-

271 3141 438 3214 ginali
475 3150 699 3213 peccato
749 3144 987 3199 obnoxia
1034 3146 1290 3201 credatur
1338 3147 1490 3201 nasci
1540 3151 1866 3217 posteritas,

271 3235 460 3307 eisque
478 3235 603 3307 jure
629 3235 867 3292 ﬁdelium
897 3237 1170 3308 virginum
1193 3236 1278 3293 vel
1306 3238 1701 3294 continentium
1727 3256 1869 3311 prae-

274 3327 497 3385 ferenda
541 3331 804 3386 doceatur
850 3331 1157 3402 integritas.
1214 3331 1327 3388 Nec
1365 3349 1531 3388 unum
1580 3333 1869 3391 Trinitatis

272 3419 563 3492 baptisma,
588 3423 732 3493 quod
762 3422 915 3478 nefas
939 3432 1043 3489 est,
1073 3425 1335 3492 iteretur,
1367 3442 1543 3498 neque
1567 3444 1667 3501 pro
1692 3430 1867 3485 diver-

273 3514 435 3570 sitate
468 3515 802 3571 tradentium
848 3515 1224 3572 ministrorum
1252 3517 1481 3588 singulis
1504 3528 1725 3590 putetur
1751 3522 1870 3592 qui-

272 3603 480 3677 busque
506 3606 769 3673 conferri,
810 3609 908 3665 scd
933 3624 964 3663 a
1009 3607 1123 3663 Deo
1168 3608 1431 3681 singulari
1474 3620 1746 3681 potestate
1774 3614 1871 3669 do-

272 3699 421 3757 nari.
460 3698 539 3755 De
579 3716 688 3771 quo
725 3701 928 3757 dictum
965 3700 1234 3773 legimus:
1266 3700 1440 3775 Super
1480 3722 1633 3777 quem
1679 3706 1869 3763 videris

274 3787 536 3860 Spiritum
563 3791 956 3847 descendentem
990 3801 1038 3847 et
1080 3802 1377 3848 manentem
1410 3812 1568 3867 super
1599 3813 1744 3863 eum,
1783 3799 1868 3852 hic

272 3894 368 3950 est,
397 3885 487 3955 qui
514 3883 743 3954 baptisat
771 3886 826 3939 in
850 3884 1054 3956 Spiritu
1081 3896 1297 3951 sancto;
1319 3896 1367 3942 et
1390 3904 1486 3957 ego
1511 3889 1619 3944 uidi
1644 3900 1693 3946 et
1724 3893 1870 3947 testi-

274 3976 509 4029 monium
549 3975 818 4047 perliibui,
849 3977 975 4049 quia
1020 3978 1105 4031 hic
1138 3988 1215 4032 est
1252 3977 1432 4036 Filius
1466 3981 1564 4035 Dei
1596 3982 1783 4054 (Joan.
1812 4001 1865 4050 t,

274 4068 365 4133 53,
390 4067 505 4138 54).
536 4068 602 4121 Et
635 4083 703 4123 ne
747 4068 1081 4139 paenitentiae
1126 4070 1383 4129 remediis
1426 4087 1524 4128 nos
1552 4088 1715 4145 egere
1759 4090 1869 4131 non

275 4167 531 4231 putemus
556 4174 657 4232 pro
684 4160 1015 4231 quotidianis
1057 4160 1309 4218 humana:
1342 4161 1655 4235 fragilitatis
1681 4183 1870 4224 exces-

276 4251 451 4319 sibus,
479 4251 597 4307 sine
618 4253 818 4323 quibus
859 4252 914 4306 in
958 4250 1062 4309 hac
1085 4256 1198 4307 vita
1226 4267 1350 4310 esse
1392 4270 1502 4311 non
1531 4272 1820 4328 possumus
1851 4278 1864 4316 :

350 4417 377 4446 ι
405 4403 669 4484 por-pareo
689 4406 1088 4484 esse_evidenter
1109 4408 1420 4463 ostenditur.
1450 4409 1629 4479 Deest,
1654 4414 1868 4484 Opinor,

277 4475 543 4549 particula
565 4493 691 4549 non,
715 4488 773 4531 et
800 4477 905 4549 lcg.
932 4495 1183 4547 corporea
1211 4496 1316 4534 non
1337 4496 1470 4546 esse,
1496 4475 1627 4549 etc.,
1656 4475 1717 4538 ut
1742 4475 1871 4541 con;

282 4546 537 4602 tradictio
581 4548 783 4603 vitetur
824 4546 881 4603 et
906 4546 1081 4604 error.
1111 4551 1168 4605 ln
1210 4551 1416 4606 Isidoro
1460 4546 1639 4609 tamen
1683 4555 1764 4610 sic
1792 4558 1867 4613 le-

280 4617 461 4689 gitur:
494 4638 514 4669 σ
540 4617 646 4692 89d
682 4620 784 4692 Dei
822 4628 1100 4692 creatura,
1139 4634 1207 4692 ex
1251 4621 1422 4676 nihilo
1463 4626 1700 4692 condita,
1726 4635 1784 4681 et
1812 4631 1867 4685 in

279 4688 509 4763 corpore
542 4688 634 4759 (F.
670 4691 769 4761 leg.
818 4690 1157 4763 incorporea)
1198 4706 1320 4747 esse
1366 4694 1646 4750 evidenter
1686 4688 1871 4755 osten-

281 4759 446 4816 ditur.
481 4759 743 4826 Ononiani
774 4762 939 4833 igitur
971 4759 1307 4833 apprehendi
1352 4773 1408 4819 et
1442 4766 1727 4824 transferri
1774 4786 1873 4842 po-
1904 4766 1955 4826 D

1972 1958 2135 2015 posse
2166 1942 2340 1999 bonos
2369 1944 2423 1999 in
2455 1942 2638 2000 futuro
2660 1946 2946 2015 consequi,
2971 1960 3204 2016 quorum
3228 1948 3457 2019 pignore
3476 1948 3581 2006 Ec-

1971 2037 2194 2093 clesiam
2221 2052 2367 2093 nunc
2400 2036 2748 2095 informatam
2771 2040 3046 2095 credimus
3071 2040 3332 2108 detineri;
3363 2043 3453 2098 hic
3480 2043 3582 2098 ha-

1972 2130 2188 2185 bentem
2236 2130 2507 2202 primitias
2553 2133 2801 2202 spiritus,
2829 2132 2884 2188 in
2916 2131 3101 2188 futuro
3147 2135 3574 2205 perfectionem;

1970 2226 2061 2282 hic
2087 2227 2381 2283 sustentari
2425 2227 2480 2283 in
2504 2241 2620 2300 spe,
2659 2236 2847 2298 postea
2877 2227 3025 2300 pasci
3056 2228 3111 2283 in
3144 2244 3234 2297 re;
3270 2230 3362 2286 hic
3385 2231 3573 2288 Videre

1972 2334 2071 2390 per
2103 2320 2381 2391 speculum
2404 2329 2461 2376 et
2498 2321 2555 2378 in
2576 2322 2885 2393 aenigmate,
2913 2323 2965 2377 in
2995 2321 3177 2379 futuro
3216 2333 3401 2379 autem
3427 2325 3570 2381 facie

1971 2416 2040 2468 ad
2069 2413 2288 2479 faciem,
2318 2429 2443 2470 cum
2469 2416 2539 2472 ad
2582 2417 2823 2486 speciem
2861 2416 3028 2472 fuerit
3068 2417 3234 2474 ducta
3261 2433 3360 2489 per
3388 2417 3575 2486 ﬁdem,

1972 2508 2189 2578 quando
2233 2507 2569 2578 perﬁciatur,
2617 2517 2678 2564 ut
2724 2511 2921 2565 summi
2975 2510 3070 2565 Dei
3120 2510 3280 2566 bonis
3325 2509 3574 2566 fruamur

1973 2601 2214 2668 mternis,
2258 2599 2492 2658 fruendo
2538 2600 2976 2677 [temporalibus]
3020 2604 3074 2658 in
3111 2602 3223 2659 Deo
3253 2618 3359 2659 non
3389 2603 3576 2659 oberi-

1972 2708 2095 2748 mus
2136 2701 2193 2749 et
2230 2694 2528 2764 proximis;
2556 2710 2680 2750 eam
2716 2711 2936 2765 quoque
2984 2711 3084 2752 nos
3130 2711 3284 2767 spem
3329 2712 3577 2755 resurre-

1971 2785 2167 2841 ctionis
2212 2785 2434 2853 habere,
2479 2794 2540 2842 ut
2565 2788 2759 2843 eodem
2788 2787 2979 2842 ordine
3025 2789 3325 2860 eademque
3372 2788 3572 2853 forma,

1971 2890 2076 2946 qua
2112 2876 2229 2947 ipse
2256 2877 2519 2933 Dominus
2547 2880 2850 2934 resurrexit
2876 2895 2906 2932 a
2939 2879 3190 2944 mortuis,
3218 2895 3318 2935 nos
3356 2894 3577 2950 quoque

1973 2978 2383 3025 rcsurrecturos
2409 2984 2533 3026 esse
2579 2970 2868 3026 credamus
2906 2971 2961 3027 in
2990 2972 3181 3026 eodem
3223 2985 3475 3043 corpore,
3517 2972 3575 3027 in

1972 3078 2082 3133 quo
2124 3079 2334 3128 sumus,
2369 3061 2456 3119 vel
2484 3062 2742 3128 vivimus,
2786 3078 2894 3119 non
2940 3073 3195 3119 naturam
3242 3072 3339 3118 aut
3380 3078 3573 3119 sexum

1974 3166 2269 3222 mutantes,
2296 3158 2392 3213 sed
2423 3165 2635 3213 tantum
2673 3155 3020 3230 fragilitatem
3048 3166 3106 3213 et
3132 3158 3264 3213 vitia
3294 3157 3573 3229 deponen-

1924 3248 1942 3269 ‘
1974 3258 2091 3316 tes;
2125 3249 2302 3319 ipsum
2331 3265 2552 3321 quoque
2579 3250 2839 3306 Satanam
2870 3266 2995 3307 cum
3022 3250 3231 3322 angelis
3266 3250 3382 3306 suis
3410 3261 3577 3324 atque

1970 3340 2272 3397 cultoribus
2314 3349 2520 3397 aeterno
2567 3343 2817 3399 incendio
2859 3343 3357 3410 condemnandum,
3396 3358 3575 3416 neque

1970 3431 2268 3486 secundum
2300 3434 2663 3501 quorumdam
2693 3433 3020 3504 sacrilegam
3045 3434 3471 3505 disputationem
3502 3435 3575 3494 ad

1970 3523 2280 3594 pristinam,
2309 3525 2363 3581 id
2391 3532 2493 3590 est,
2520 3524 2823 3597 angelicam
2848 3526 3187 3596 dignitatem,
3215 3542 3285 3583 ex
3309 3542 3417 3598 qua
3445 3544 3574 3600 pro-

1969 3616 2089 3687 pria
2118 3616 2459 3689 malignitate
2484 3617 2700 3682 cecidit,
2727 3616 3116 3674 reducendum.

2041 3714 2171 3770 llaec
2196 3722 2280 3771 est
2303 3714 2584 3772 catholica:
2611 3716 2919 3772 traditionis
2949 3716 3076 3773 ﬁdei
3101 3733 3228 3773 vera
3259 3718 3570 3791 integritas,

1970 3803 2035 3859 de
2063 3820 2172 3876 qua
2201 3806 2246 3861 si
2273 3822 2439 3861 unum
2482 3807 2766 3877 quodlibet
2808 3815 3120 3879 respuatur,
3152 3815 3261 3863 tota
3293 3808 3418 3863 ﬁdei
3445 3823 3570 3864 cre-

1968 3899 2169 3956 dulitas
2194 3901 2478 3957 amittitur.
2512 3901 2655 3972 Lege
2682 3901 2961 3957 homiliam
2987 3917 3172 3957 xxxvn
3206 3903 3234 3943 δ
3258 3903 3436 3960 sancti
3460 3901 3576 3957 Au-

1970 3995 2177 4065 gustini
2206 3996 2259 4052 in
2289 3996 2466 4065 prima
2497 4006 2652 4075 parte
2679 4011 2841 4066 super
2876 3996 3141 4052 Joannem
3181 3997 3572 4068 evangelistam

1970 4084 2124 4155 cujus
2154 4086 2367 4141 initium
2397 4094 2480 4143 est
2505 4104 2518 4139 :
2556 4085 2723 4142 Verba
2754 4087 2968 4141 Domini
2997 4087 3159 4142 nostri
3188 4087 3318 4143 Iesu
3349 4088 3571 4154 Christi,

1967 4195 2087 4250 qua
2111 4178 2293 4234 habuit
2314 4196 2434 4234 cum
2455 4177 2686 4245 Iudicis,
2709 4180 2782 4234 ita
2807 4181 3085 4236 moderans
3108 4180 3370 4251 loquelam
3394 4198 3570 4247 suam,

1968 4281 2027 4326 ut
2051 4270 2177 4326 ατεί
2203 4287 2309 4325 non
2338 4271 2590 4334 viderent,
2618 4279 2725 4326 etc.

1970 4435 2101 4499 test,
2128 4441 2391 4499 corporea
2429 4442 2553 4483 esse
2589 4429 2946 4485 nihilominus
2975 4430 3301 4485 ostenditur.
3333 4450 3353 4480 ι
3388 4428 3455 4483 Et
3492 4428 3577 4483 in-

1970 4498 2185 4554 ferius:
2228 4498 2409 4554 iSine
2455 4515 2560 4570 qua
2606 4499 2741 4556 ﬁdes
2791 4502 2955 4556 divini
3001 4501 3181 4556 cultus
3226 4501 3401 4555 otiosa
3452 4510 3567 4554 tor-

1974 4570 2178 4652 pescit,
2209 4578 2267 4626 et
2303 4587 2428 4627 cum
2468 4587 2580 4640 qua
2630 4571 2915 4644 integritas
2969 4573 3137 4629 divini
3178 4571 3357 4629 cultus
3403 4570 3572 4644 perﬁ-

1976 4648 2173 4766 cnl‘iﬂin
2196 4710 2359 4768 editis
2384 4727 2571 4779 xxxix,
2597 4711 2779 4769 Tract.
2813 4713 2864 4767 in
2893 4711 3050 4768 Joan.
