4092 6486
566 351 707 410 £3.87
1403 357 1469 411 Β.
1505 355 1570 412 F.
1610 355 1834 414 ALBlNl
1874 355 2008 414 SEU
2044 353 2180 412 ALC

2250 353 2323 411 Nl
2357 351 2647 411 OPERUM
2684 351 2864 408 PARS
2897 351 2990 408 1X.
3713 348 3866 404 I288

1376 621 1785 685 AMALARII
1831 618 2447 683 ARCHIEPISCOPI
2491 617 3025 680 TREVIRENSIS

837 787 1177 847 EPISTOLA
1213 792 1306 848 AD
1340 789 1676 850 CAROLUM
1715 787 2017 846 MAGNUS!
2054 778 2564 842 IMPERATOREM
2601 781 2692 838 DE
2738 781 3188 840 CEEEMONIIS
3224 780 3570 840 BAPTlSMl.

1577 947 1744 1023 (Vide
1775 943 2099 1015 Patrologice
2118 951 2250 998 tant.
2276 939 2485 1012 XCIX,
2507 943 2611 999 col.
2637 942 2786 1017 887.)

1084 1173 1253 1247 517
1279 1184 1742 1267 EJUSDEM
1821 1181 2320 1260 AMALARII
2396 1182 2792 1264 VERSUS
2866 1187 3241 1272 MARINI
3299 1225 3355 1271 ι.

1521 1383 1884 1433 ΔυΑιΑιιιυε
1929 1380 2312 1425 νεκειιηιιι
2360 1383 2591 1428 ΑΒΒΔΤῘ
2635 1386 2864 1435 ητιο.

547 1569 713 1640 Quid,
744 1566 928 1629 Pater,
975 1570 1236 1638 angustos
1265 1561 1493 1632 repedas
1524 1559 1617 1630 qui
1661 1567 1906 1628 tempora
1952 1553 2143 1619 calles,
2172 1556 2221 1614 Δ
2249 1553 2356 1610 Sed
2385 1559 2556 1613 sancti
2587 1561 2770 1630 potius
2794 1577 2987 1620 cursus
3004 1565 3203 1635 psallat
3222 1566 3502 1627 Benedicti
3527 1588 3544 1628 :

549 1661 796 1731 Namque
824 1657 1007 1729 quieta
1038 1665 1212 1710 tenes.
1250 1651 1564 1722 Forsanque
1587 1663 1748 1721 paras
1774 1658 2042 1703 renovare
2250 1644 2360 1701 Aut
2389 1646 2502 1705 fors
2531 1660 2624 1707 aut
2647 1653 2934 1724 potiusque
2963 1657 3142 1712 forent
3173 1657 3358 1729 ignota
3389 1661 3624 1721 nefanda

551 1753 760 1810 Saccas
782 1760 837 1806 tu
863 1747 1340 1823 nostros‘iterum,
1366 1745 1452 1800 vel
1475 1743 1726 1813 frangere
1751 1741 1932 1804 dente,
2250 1735 2400 1820 illius
2430 1740 2588 1799 nobis
2606 1745 2777 1812 urbis,
2805 1761 2926 1817 qm;
2951 1763 3096 1822 πρε
3122 1751 3321 1808 [ηιδθι

548 1850 780 1905 Crustas
803 1855 860 1902 et
891 1853 1037 1902 totas
1060 1844 1230 1899 micas
1259 1840 1484 1896 volitare
1509 1852 1603 1908 per
1627 1849 1812 1890 auras.
2251 1829 2462 1904 Totque
2485 1835 2653 1903 viros,
2677 1847 2863 1895 tantos
2885 1838 3115 1898 famulos
3139 1858 3238 1914 per
3262 1845 3424 1903 me];
3449 1847 3678 1904 beam;

548 1943 720 2014 Agins
739 1942 883 1996 inter
907 1938 1222 2008 frondentes
1249 1934 1430 1990 lauros
1454 1931 1706 1987 habitans
1735 1939 1857 1982 sors
2250 1923 2428 1992 Quam
2462 1927 2694 2001 legimus
2718 1933 2958 1991 tenuisse
2978 1943 3145 2007 caput
3169 1937 3322 2008 regni
3351 1940 3529 1995 omnis
3555 1939 3675 1998 Eoi.

549 2034 784 2091 Itasime
813 2033 929 2102 ipse
963 2035 1122 2095 vocat
1143 2025 1340 2082 fratres
1369 2022 1438 2078 ad
1461 2019 1669 2077 fercula
1691 2017 1864 2089 pacis.
2321 2019 2475 2079 Tunc
2497 2037 2623 2080 sero
2650 2023 2867 2082 rediens
2902 2027 3148 2086 Basileus
3174 2028 3284 2086 Leo
3307 2031 3546 2099 mandat,
3569 2042 3626 2089 et
3657 2035 3777 2106 ipsa

547 2125 824 2198 Disjunxit
853 2120 1042 2179 labens
1073 2120 1245 2176 Arton
1275 2131 1415 2189 quos
1441 2113 1674 2184 turpiter
1696 2110 1900 2166 Auster
2251 2111 2324 2168 Ut
2343 2116 2562 2170 veniant
2593 2114 2792 2174 fratres
2821 2119 2888 2174 ad
2919 2135 3131 2175 summa
3159 2123 3360 2193 palatia
3391 2124 3556 2195 regis.

545 2215 755 2274 Junxit.
791 2215 909 2284 Quo
941 2225 1237 2286 properare
1263 2209 1403 2281 petis
1430 2207 1534 2273 sic,
1561 2205 1702 2261 abba
1729 2217 1907 2268 nmis,
1932 2201 2078 2272 quo?
2251 2201 2353 2260 llic
2377 2203 2669 2276 eloquitur,
2692 2206 2784 2265 hic
2805 2209 2872 2264 de
2906 2209 3086 2265 Caroli
3111 2219 3235 2266 orat
3268 2213 3380 2268 vita
3413 2227 3514 2285 per
3539 2229 3732 2280 aevum,

548 2312 852 2376 Ventorum
879 2308 1145 2364 Dominus
1178 2304 1272 2376 qui
1301 2310 1448 2358 vetat
1478 2300 1600 2356 sine
1627 2311 1852 2371 pergere
1884 2293 2076 2350 fratre.
2247 2297 2328 2353 Ac
2355 2306 2610 2354 notorum
2636 2299 2777 2372 ejus,
2807 2301 2951 2357 sacri
2980 2302 3140 2358 simul
3169 2305 3378 2361 Ordinis
3406 2307 3606 2367 omnis.

548 2403 692 2472 Quid
727 2401 948 2464 mirum,
970 2398 1018 2453 si
1047 2395 1344 2467 Gregorius
1363 2391 1565 2462 jaceat,
1594 2390 2041 2461 lacrymansque;
2249 2389 2318 2444 Et
2339 2390 2521 2462 populi
2551 2406 2860 2448 memorans
2884 2392 3220 2452 Francorum
3240 2412 3373 2452 voce
3394 2398 3644 2470 benigna.

548 2496 608 2553 Si
637 2512 746 2553 non
769 2503 853 2551 est
889 2493 1112 2557 mirum,
1133 2489 1342 2545 Christi
1373 2488 1600 2543 chorum
1628 2482 1936 2555 trepidare?
2246 2481 2292 2536 Α
2317 2497 2429 2553 quo
2453 2482 2624 2540 laxati
2649 2485 2825 2557 pelagi
2843 2486 3112 2557 profunda
3137 2490 3388 2546 trahebat

549 2587 856 2658 Equoreas
895 2592 1125 2656 tangens
1147 2580 1410 2636 Dominus
1433 2584 1638 2650 partes,
1663 2575 2042 2648 lacrymabant
2247 2570 2560 2644 Equoreus
2581 2589 2885 2647 cursusque
2905 2587 3100 2646 ratem,
3138 2596 3261 2635 cum
3302 2580 3496 2653 ingens
3530 2580 3645 2638 fera
3677 2585 3842 2640 venit.

547 2676 830 2749 Discipuli,
861 2675 910 2732 si
935 2672 1234 2745 Gregorius
1259 2685 1366 2726 non
1393 2668 1616 2741 pertulit
1633 2666 1834 2732 undas,
2249 2665 2383 2734 Quis
2401 2675 2688 2724 ventorum
2709 2669 2898 2726 avidas
2946 2687 3152 2742 pennas
3179 2681 3259 2728 tot
3279 2673 3462 2729 dicere
3486 2673 3699 2743 suffert,

545 2767 793 2842 Vespere
809 2766 925 2836 jam
951 2771 1301 2836 properante,
1327 2769 1484 2833 rogat
1503 2775 1720 2817 cessare
1745 2756 2039 2830 procellas,
2249 2758 2318 2814 Et
2338 2774 2446 2816 non
2470 2759 2705 2817 miretur
2725 2769 2937 2816 tantum
2963 2765 3290 2834 crepitantia
3316 2764 3466 2820 lora?

547 2861 697 2930 Quas
722 2859 852 2915 dicit
878 2859 1063 2915 senior
1086 2855 1294 2927 majore
1315 2868 1540 2926 surgere
1567 2852 1738 2908 Euro.
2178 2919 2225 2932 _
2251 2851 2577 2912 Terribilem
2603 2856 2733 2913 hinc
2753 2857 2992 2913 sonitum
3018 2857 3212 2915 fluctus
3238 2860 3579 2932 redduntque
3601 2863 3795 2918 marini
3826 2881 3843 2920 :

547 2919 701 3013 Kbba
723 2953 877 3026 jubet
904 2919 1230 3008 monachum
1264 2919 1448 3005 vultus
1482 2946 1730 3002 attollere
1760 2959 2000 3028 sursum,
2175 2919 2226 2983 Β
2250 2945 2380 3003 Inde
2412 2953 2595 3006 truces
2623 2958 2796 3007 ratem
2825 2953 3115 3021 quatiunt.
3147 2991 3162 3004 .
3191 2992 3207 3006 .
3236 2989 3250 3005 .
3282 2993 3295 3006 .
3321 2992 3337 3007 .
3368 2919 3514 3010 vim;

549 3048 783 3104 Sumere
811 3047 880 3100 de
906 3061 1095 3101 mensa
1118 3043 1348 3099 fratrum
1374 3040 1553 3098 saltim
1581 3041 1968 3112 exiguumque.
2248 3042 2492 3100 Ventris.
2515 3041 2613 3098 llis
2631 3040 2915 3113 maiorque
2941 3053 3119 3099 metus
3139 3059 3262 3099 cum
3288 3055 3371 3102 est
3398 3046 3592 3101 mortis
3621 3061 3846 3102 amarae.

546 3139 842 3211 Gregorius
869 3139 1004 3193 dixit
1037 3156 1050 3192 :
1085 3137 1224 3193 Hine
1249 3152 1357 3193 non
1385 3151 1622 3209 surgam,
1647 3134 1754 3190 nisi
1785 3134 1890 3188 ﬁxa
2249 3133 2406 3192 Vatis
2427 3150 2549 3190 sum
2578 3136 2698 3203 tibi,
2728 3143 2916 3190 sancte
2938 3134 3118 3203 Pater,
3157 3153 3264 3193 non
3289 3134 3515 3209 effugies
3544 3146 3599 3192 tu

549 3235 678 3291 llaec
705 3235 900 3307 puppis
937 3241 1176 3298 maneat,
1203 3249 1379 3304 neque
1406 3235 1505 3288 has
1530 3231 1746 3288 tabulas
1773 3231 2040 3301 relinquo.
2249 3225 2412 3292 Hinc,
2443 3227 2548 3283 nisi
2576 3226 2921 3296 perfundaris
2951 3229 3125 3298 aquis,
3156 3228 3356 3284 nimbis
3380 3230 3626 3286 sacieris.

550 3326 721 3384 Nocte
747 3326 879 3398 vigil
911 3324 1081 3382 frater
1101 3340 1209 3381 non
1237 3326 1558 3389 dormitaus,
1587 3339 1765 3394 neque
1791 3330 2009 3378 cessant
2250 3318 2488 3392 Ell'ugias
2519 3318 2735 3375 lauros
2762 3359 2780 3386 ,
2807 3330 3017 3376 metuas
3043 3319 3290 3387 Sclavos,
3321 3321 3681 3394 RegidOsque.

549 3418 703 3474 Salsa
722 3418 864 3472 vada
893 3418 1158 3474 undarum
1191 3417 1395 3488 jugiter
1415 3415 1636 3471 turbare
1665 3413 1932 3486 procellae.
2249 3412 2331 3469 'l‘u
2361 3412 2576 3469 cumula
2599 3411 2727 3479 tela,
2761 3421 2821 3466 ut
2852 3411 3096 3470 Maurum
3127 3411 3340 3485 jugules
3365 3417 3736 3482 metuendum,

547 3514 619 3572 Et
639 3513 774 3570 ratis
798 3513 908 3568 alta
936 3510 1204 3584 profunda
1228 3518 1423 3582 petens
1449 3509 1678 3565 nimium
1704 3509 1818 3563 cito
1845 3507 2026 3563 saltat.
2249 3507 2422 3577 Quem
2450 3506 2607 3563 nobis
2636 3515 2941 3562 monstrant
2973 3515 3185 3577 portus,
3211 3523 3374 3579 quem
3403 3507 3604 3564 famina
3632 3509 3852 3564 tollunt.

547 3607 731 3664 Triste
761 3615 944 3678 caput,
977 3620 1173 3661 sensus
1203 3612 1432 3660 maestus
1456 3603 1663 3673 patitur
1688 3600 1848 3665 male,
1875 3598 2094 3654 tandem
2250 3603 2435 3658 Tende
2457 3616 2670 3667 arcum,
2710 3600 2882 3656 donec
2907 3615 3294 3671 percurramus
3327 3618 3481 3659 mare
3512 3618 3693 3659 cursu.

545 3696 684 3756 Cum
709 3698 870 3754 victis
900 3696 1144 3753 tenebris
1180 3696 1407 3750 rutilans
1430 3694 1664 3752 miratur
1694 3693 1862 3759 Eous,
2251 3690 2346 3746 Sta
2364 3689 2551 3762 procul
2575 3707 2604 3745 a
2629 3698 2774 3745 terra
2792 3689 3112 3746 Sclavorum
3126 3690 3307 3746 littora
3331 3691 3538 3764 linque,
3563 3691 3853 3763 repellant.

546 3790 650 3850 Sat
673 3790 962 3847 metuenda
989 3797 1169 3844 truces
1201 3787 1480 3859 agitabant
1513 3784 1731 3840 flamina
1756 3783 2024 3855 lymphas.
2248 3785 2380 3842 Post
2405 3799 2652 3850 vernum,
2676 3798 2800 3839 sero
2824 3783 2976 3850 licet,
3005 3782 3324 3855 ltaliamque
3346 3784 3637 3851 virentem,

547 3885 660 3942 Nos
688 3899 910 3940 cursum
941 3890 1181 3948 revocat,
1211 3881 1278 3936 ad
1303 3879 1593 3936 durissima
1621 3885 1824 3933 castra.
2247 3879 2359 3936 Nos
2381 3879 2733 3950 pervadimus
2760 3877 2904 3934 hanc
2923 3878 3144 3943 cursim,
3174 3878 3472 3951 rapidoque
3499 3881 3682 3937 volatu

546 3978 753 4035 Forsan
785 3976 1019 4033 delectat
1055 3983 1320 4039 castrum,
1350 3973 1573 4038 fratres,
1603 3972 1892 4044 Egiuense,
2249 3971 2498 4028 Silvestri
2523 3971 2594 4028 ad
2615 3970 2835 4043 dignam
2860 3970 3149 4027 ecclesiam
3175 3973 3350 4028 sancti
3371 3981 3749 4043 properantes.

543 4071 616 4129 Et
633 4071 841 4140 palmas
861 4084 1020 4138 agere
1046 4068 1180 4124 satis
1209 4083 1306 4139 per
1333 4047 1584 4136 tempora.
1602 4064 1785 4136 longa,
2247 4063 2418 4120 Obvia
2441 4071 2550 4119 stat
2576 4071 2763 4121 sancta
2791 4063 2988 4119 cohors
3011 4062 3241 4118 fratrum
3264 4064 3426 4120 simul
3445 4065 3625 4121 omnis

542 4158 754 4216 Puncta
777 4159 868 4215 ubi
895 4159 1092 4231 Wippo
1121 4174 1284 4214 manu
1314 4155 1490 4228 plorat
1513 4156 1760 4228 rapuisse
1781 4155 1977 4211 aliena.
2247 4152 2498 4219 Flebilis;
2531 4153 2785 4224 egregius
2812 4160 3001 4224 pastor
3024 4152 3334 4225 lacrymans
3358 4154 3726 4227 lacrymantes

545 4247 797 4343 §ingultu
825 4250 994 4307 nimio
1023 4249 1269 4320 pulsabat
1307 4263 1450 4319 saepe
1476 4247 1714 4318 quietem
1807 4337 1820 4343 ᾳ
2167 4278 2218 4343 c
2249 4243 2509 4316 Suscipit,
2531 4245 2712 4302 orbati
2748 4245 2988 4318 gaudent
3014 4246 3080 4301 de
3103 4248 3309 4318 sospite
3337 4247 3521 4305 Patre.

547 4339 648 4399 llic
677 4349 944 4408 nostram,
973 4357 1072 4412 pro
1093 4355 1203 4412 quo
1226 4348 1312 4395 sat
1329 4347 1524 4395 maesta
1559 4349 1780 4394 caterva
1799 4337 2040 4408 jacebat.
2178 4337 2217 4343 '
2249 4339 2458 4396 Gaudia
2479 4339 2810 4412 perfundunt
2829 4340 3098 4413 lacrymas
3119 4342 3245 4413 quia
3278 4341 3399 4399 lata
3425 4352 3668 4410 caterva,

544 4432 624 4487 Ac
647 4447 855 4488 memor
883 4440 1002 4488 esto
1030 4430 1348 4494 sacerdotis,
1378 4445 1542 4502 quem
1565 4431 1746 4488 sidera
1773 4428 1965 4484 tollunt
2248 4429 2536 4486 Germanis
2560 4430 2842 4489 monachis
2874 4429 3125 4488 Patribus
3149 4433 3277 4488 dant
3302 4433 3454 4489 basia
3483 4433 3698 4490 blanda.

545 4525 652 4580 Pro
673 4523 896 4590 famulo,
927 4538 1089 4595 quem
1114 4522 1237 4580 linis
1265 4523 1392 4594 equi
1419 4522 2042 4593 retinetquesepultum,
2250 4522 2516 4595 Optamus
2537 4522 2692 4578 laetus
2715 4537 2939 4580 maneas
2966 4539 3092 4579 cum
3128 4522 3388 4581 fratribus
3411 4525 3593 4593 almis,

543 4616 733 4673 Funde
757 4632 966 4687 preces,
1002 4616 1310 4672 venerande
1347 4615 1531 4683 Pater,
1559 4630 1681 4670 cum
1715 4611 1975 4669 fratribus
2010 4628 2139 4669 una.
2246 4616 2395 4672 Inter
2412 4630 2551 4686 quos
2580 4614 2767 4672 fratris
2788 4631 3095 4674 memorare
3119 4619 3306 4690 tuique
3326 4620 3526 4676 marini

543 4707 736 4766 Partes
758 4705 1278 4777 Constantinopolim
1308 4721 1660 4776 properemus
1694 4713 1752 4760 ct
1779 4713 1940 4771 ante;
2248 4705 2328 4761 'l‘u
2356 4707 2600 4780 dignare,
2630 4695 2815 4773 Pater,
2846 4723 2952 4764 non
2988 4708 3246 4764 exsiliens
3272 4713 3432 4765 modo
3461 4712 3664 4779 tristis;

543 4799 813 4872 Tempora
835 4799 1084 4856 laxemus
1107 4797 1281 4870 gelida
1313 4799 1531 4867 utrique
1554 4796 1733 4853 Attica
1763 4813 1911 4853 rura.
2243 4795 2440 4852 Frater
2471 4813 2678 4868 egoque
2711 4805 2856 4863 tuus,
2887 4799 3145 4869 quoniam
3170 4817 3278 4857 non
3313 4803 3490 4858 tristia
3515 4819 3699 4874 carpo.

543 4892 838 4962 Postquam
856 4887 1381 4960 Constantinopolim
1405 4888 1758 4944 lustrabimus
1783 4887 1996 4953 urbem,
2246 4893 2425 4948 Triste
2447 4892 2630 4962 polum
2651 4892 2833 4950 fratri!
2860 4891 3041 4950 Caroli
3060 4896 3188 4965 quia
3215 4906 3391 4952 morte
3414 4896 3627 4968 fatigor.

545 4981 744 5053 Bisque
763 4991 1062 5055 quaterque
1083 4981 1270 5036 decem
1292 4980 1395 5035 hac
1423 4989 1613 5037 noctes
1641 4978 1980 5050 possedimus
1998 4977 2142 5046 albo,
2247 4984 2356 5042 Nos
2378 4994 2637 5056 utrosque
2666 4985 2808 5042 Deus
2839 4985 3036 5057 jungat
3055 4988 3262 5060 pariter
3283 4989 3401 5044 sine
3432 4990 3560 5056 line,

542 5075 814 5132 Continuo
842 5084 990 5130 stant
1016 5072 1221 5144 vigiles,
1255 5073 1348 5144 qui
1371 5073 1555 5128 limina
1579 5071 1856 5137 claudunt,
2247 5078 2383 5135 Cum
2413 5077 2608 5134 Carolo
2643 5079 2914 5148 quondam
2942 5095 3068 5152 rege
3092 5089 3148 5136 et
3179 5097 3304 5137 cum
3328 5081 3589 5138 fratribus
3619 5082 3798 5139 almis.

543 5167 625 5225 Ne
653 5167 951 5223 monachus
976 5165 1158 5221 forsan
1184 5180 1281 5236 per
1309 5179 1480 5236 opaca
1500 5165 1723 5221 vaderet
1747 5163 1921 5231 urbis,

618 5315 644 5344 ι
675 5303 771 5360 llis
808 5304 1052 5359 versibus
1106 5304 1158 5357 in
1210 5319 1310 5356 ms.
1351 5302 1644 5358 admodum
1691 5297 2133 5373 corruptis,_foi_'-
2251 5309 2498 5362 testatur,
2541 5310 2596 5373 et
2623 5299 2778 5373 cujus
2813 5312 3090 5360 auctorem
3127 5305 3461 5360 Amalariurn
3489 5321 3612 5361 esse
3657 5313 3849 5365 Censet

546 5375 710 5458 lassis
733 5375 1209 5458 comprehenditur
1250 5374 1659 5458 [fodrrporicum
1705 5369 2142 5458 illudnleg‘ationis
2174 5395 2223 5457 ι)
2251 5373 2310 5428 D.
2342 5373 2543 5441 lliveL,
2575 5369 2712 5429 Hist.
2746 5373 2826 5430 lit.
2853 5374 3114 5444 Franciae,
3147 5388 3277 5434 tom.
3308 5377 3397 5445 IV,
3422 5392 3547 5450 pag.
3575 5377 3700 5434 “9.

544 5445 690 5516 quod
732 5460 832 5501 suo
858 5442 1108 5518 tempore
1146 5442 1431 5503 exstitisse
1472 5445 1777 5501 Hermanus
1816 5442 2143 5500 Contractus
