4092 6570
268 534 401 598 H95

974 528 1120 585 OI’P.
1162 523 1566 582 SUPPI)SlTA.
1608 549 1678 562 ——
1713 517 2006 575 ADSONIS
2044 517 2153 572 LIB
2219 517 2308 573 DE
2342 511 2832 572 ANTlCllRlSTO.

267 650 505 707 divinum
538 656 683 703 esset
712 654 774 703 et
805 655 1051 701 sanctam
1082 664 1095 711 ;
1133 647 1207 699 ita
1246 658 1463 714 quoque
1510 638 1753 697 diabolus
1799 638 1850 691 in
1882 646 1927 703 Α
1959 638 2245 701 ducantur,
2276 637 2319 691 si
2348 636 2466 705 ﬁeri
2494 643 2693 705 potest,
2733 632 2890 687 etiam
2925 629 3074 685 electi
3115 625 3347 701 (Matth.
3387 644 3543 689 xxiv,

267 756 495 799 matrem
521 740 845 797 Antichristi
872 740 1196 804 descendet,
1226 748 1282 793 et
1313 744 1484 792 totam
1522 749 1644 789 eam
1678 731 1854 803 reple-

267 830 379 893 bit.
412 842 468 889 et
505 841 675 888 totam
712 847 833 887 eam
865 832 1261 896 circumdabit,
1298 838 1578 897 totamque
1614 824 1853 886 tenebit,

267 935 322 980 ct
362 933 534 981 totam
581 924 815 980 interius
858 924 1206 992 exteriusque
1252 920 1549 994 possidebit
1596 934 1747 983 eam,
1799 925 1859 971 ut

267 1017 481 1074 diabolo
508 1032 607 1088 per
636 1016 914 1072 hominem
943 1026 1271 1087 coOperante
1300 1014 1601 1084 concipiat.
1630 1021 1687 1066 et
1712 1010 1857 1081 quod

270 1118 458 1164 natum
495 1107 661 1162 fuerit
688 1115 860 1162 totum
901 1108 971 1162 sit
998 1108 1240 1178 iniquum
1262 1147 1277 1171 ,
1305 1114 1476 1160 totum
1507 1102 1742 1166 malum,
1777 1110 1860 1154 to—

270 1210 381 1255 tum
417 1201 713 1271 perditum.
758 1199 911 1255 [Inde
946 1208 1000 1254 et
1036 1199 1124 1253 ille
1160 1200 1322 1254 homo
1366 1198 1509 1267 ﬁlius
1552 1194 1859 1267 perditionis

271 1291 589 1363 appellatur,
623 1292 751 1362 quia
790 1291 844 1345 in
883 1300 1146 1360 quantum
1180 1290 1418 1359 poterit,
1460 1303 1631 1358 genus
1670 1287 1862 1339 buma-

270 1398 398 1437 num
424 1383 646 1452 perdet,
679 1390 735 1437 et
763 1382 879 1452 ipse
906 1382 960 1437 in
991 1381 1286 1436 novissimo
1314 1379 1591 1451 pcrdctnr.
1818 1402 1862 1429 χ

338 1474 479 1529 Ecce
506 1473 691 1527 audita
723 1473 1023 1527 nativitatis
1052 1472 1316 1543 qualitate
1343 1472 1520 1526 locum
1539 1512 1552 1533 ,
1586 1470 1676 1524 ubi
1707 1482 1731 1509 α
1766 1484 1864 1522 na-

270 1566 347 1619 sci
377 1565 604 1628 debeat,
632 1565 835 1619 audite.
871 1563 1007 1618 Nam
1038 1565 1180 1619 sicut
1222 1565 1481 1619 Dominus
1526 1579 1588 1617 ac
1629 1561 1863 1616 Redem-

268 1669 391 1730 ptor
415 1666 599 1712 noster
621 1656 937 1711 Bethlehem
965 1657 1067 1711 sibi
1098 1656 1375 1727 prmvidit,
1401 1664 1461 1710 ut
1486 1654 1560 1707 ibi
1584 1669 1684 1723 pro
1707 1653 1867 1707 nolis

270 1754 662 1810 humanitatem
693 1768 972 1807 assumere
999 1761 1056 1808 et
1082 1753 1234 1807 nasci
1261 1753 1578 1823 dignaretur
1602 1766 1617 1805 :
1646 1751 1726 1805 sic
1751 1750 1868 1805 dia-‘

269 1846 422 1902 holus
462 1844 534 1900 illi
578 1845 786 1901 homini
824 1847 1071 1916 perdito,
1112 1846 1205 1915 qui
1244 1844 1610 1901 Antichristus
1645 1843 1863 1907 dicitur,

273 1937 450 1994 locum
496 1939 648 2015 novit
693 1949 911 2008 aptum,
954 1940 1095 2005 unde
1135 1938 1293 1993 radix
1328 1937 1569 1992 nnminm
1600 1937 1865 1991 malorum

1955 731 2020 787 Η
2043 733 2082 800 ).
2114 730 2278 803 529
2305 728 2368 804 [ο
2400 727 2508 784 Sed
2536 735 2593 782 et
2621 724 2905 782 mendacia
2941 730 3121 786 erunt,
3161 730 3216 777 et
3258 737 3288 775 a
3318 721 3550 776 veritate

1957 829 2129 883 aliena
2156 845 2169 881 :
2204 827 2331 896 quia
2358 840 2457 895 per
2487 823 2754 894 magicam
2785 828 2963 875 artem
3001 827 3052 875 et
3086 817 3426 887 phantasiam
3454 813 3551 870 dc-

1956 922 2104 975 ludet
2130 922 2411 984 homines,
2441 903 2584 973 sicut
2608 924 2666 973 et
2704 912 2891 969 Simon
2931 912 3119 982 Magus
3158 908 3326 964 illusit
3362 908 3546 969 illum,

1956 1013 2045 1082 qui
2074 1018 2273 1082 putans
2303 1009 2552 1066 occidere
2588 1023 2747 1075 eum,
2782 1007 3008 1062 arietem
3045 1004 3245 1060 occidit
3273 1018 3373 1077 pro
3408 1018 3493 1056 co.
3527 998 3551 1075 ]

1956 1102 2092 1159 Cum
2118 1102 2263 1158 enim
2291 1110 2440 1157 tanta
2469 1108 2524 1155 et
2552 1101 2683 1155 talia
2711 1088 2867 1171 signa
2896 1098 3131 1153 viderint
3159 1095 3323 1151 etiam
3353 1094 3429 1150 illi
3457 1093 3552 1164 qui

1959 1193 2183 1265 perfecti
2223 1201 2278 1248 et
2314 1191 2472 1248 electi
2508 1191 2605 1247 Dei
2651 1200 2811 1256 sunt,
2858 1187 3186 1243 dubitabunt
3220 1195 3403 1242 utrum
3437 1187 3555 1259 ipse

1961 1289 2032 1345 sit
2054 1288 2303 1345 Christus
2322 1329 2336 1351 ,
2364 1288 2456 1358 qui
2488 1286 2543 1342 in
2574 1285 2681 1340 ﬁne
2708 1283 2894 1339 mundi
2922 1283 3216 1338 secundum
3245 1278 3555 1352 Scripturas

1962 1390 2223 1437 venturus
2257 1389 2373 1446 est,
2413 1393 2482 1432 an
2518 1394 2647 1434 non.
2686 1376 2735 1446 [τ
2786 1376 2915 1433 litec
2953 1386 3134 1430 autem
3170 1375 3354 1429 omnia
3388 1374 3556 1429 mira—

1964 1474 2084 1528 cula
2138 1473 2391 1529 omnibus
2440 1470 2616 1526 modis
2666 1485 2767 1539 per
2812 1468 3212 1524 incantationes
3256 1465 3555 1521 diabolicas

1962 1567 2100 1622 falsa
2139 1573 2326 1630 erunt,
2366 1565 2748 1627 peccatoribus
2785 1571 2839 1617 et
2883 1560 3179 1617 incredulis
3228 1558 3556 1615 videbuntur

1963 1674 2114 1714 vera.
2142 1657 2164 1732 ]

2039 1753 2306 1810 Excitabit
2322 1752 2754 1822 persecutionem
2767 1749 2869 1805 sub
2885 1749 3030 1804 omni
3054 1746 3196 1804 emlo
3218 1758 3381 1819 super
3398 1745 3478 1801 Ch
3486 1745 3561 1800 ri-

1967 1849 2174 1902 stianos
2219 1854 2277 1901 et
2328 1861 2519 1901 omnes
2561 1845 2782 1900 electos.
2820 1844 3004 1913 Eriget
3031 1841 3215 1912 itaque
3268 1855 3328 1897 se
3366 1848 3559 1896 contra

1970 1939 2156 2003 ﬁdeles
2207 1938 2383 1993 tribus
2417 1938 2613 2003 modis,
2643 1936 2698 1992 id
2741 1943 2847 2002 est,
2876 1944 3108 2002 terrore,
3167 1934 3485 1991 muneribus
3506 1939 3561 1987 et

270 2028 404 2084 oriri
440 2029 663 2101 debeat,
706 2024 917 2083 sciliCet
958 2029 1233 2084 civitatem
1274 2027 1620 2099 Babyloniae;
1668 2027 1721 2081 in
1763 2028 1865 2081 bac
1894 2021 1940 2080 B
1972 2031 2268 2089 miraculis,
2324 2029 2485 2086 Dabit
2536 2029 2881 2085 credentibus
2916 2027 2972 2083 in
3010 2043 3068 2083 se
3097 2027 3216 2081 auri
3260 2034 3423 2097 atque
3470 2039 3557 2078 ar.

270 2120 415 2176 enim
457 2114 679 2175 civitate
712 2123 761 2184 δ,
801 2122 1239 2195 qnaequondam
1281 2118 1383 2174 fuit
1418 2119 1622 2191 inclyta
1667 2126 1723 2172 et
1760 2117 1873 2189 glo-

272 2213 413 2267 riosa
462 2211 531 2284 [ε
564 2210 696 2266 urbs
724 2210 1052 2284 gentilium]
1101 2220 1157 2266 et
1203 2219 1367 2281 caput
1415 2207 1668 2283 [totius]
1716 2208 1871 2280 regni

273 2303 564 2359 Persarum
587 2344 601 2368 ,
633 2302 1005 2359 Antichrislus
1034 2313 1327 2369 nascetur;
1370 2312 1425 2357 et
1467 2302 1521 2359 in
1560 2301 1873 2357 civitatibus

272 2395 562 2453 llethsaide
596 2404 653 2451 et
678 2395 966 2450 Corozaim
995 2395 1193 2449 nutriri
1223 2392 1321 2467 [et
1350 2394 1661 2450 conversari
1686 2393 1708 2468 ]
1739 2394 1873 2449 diei—

272 2498 397 2544 tur:
429 2489 626 2559 quibus
656 2487 1055 2561 [civitatibus]
1083 2489 1342 2544 Dominus
1368 2488 1422 2544 in
1450 2488 1742 2560 Evangelia
1772 2489 1873 2544 im-

269 2590 562 2654 properat,
596 2581 823 2637 dicens:
858 2579 951 2635 Vw
983 2581 1100 2646 tibi,
1130 2579 1434 2646 Corozaim,
1458 2597 1534 2635 om
1562 2574 1685 2645 tibi,
1712 2579 1873 2635 Beth-

270 2670 426 2725 saida
472 2670 717 2743 (Matth.
766 2687 855 2737 χι,
883 2671 993 2737 21;
1029 2669 1159 2726 Luc.
1204 2686 1269 2734 χ,
1324 2669 1454 2743 l3)!
1500 2670 1733 2726 Habebit
1776 2686 1873 2725 au-

273 2771 383 2818 tem
427 2761 797 2820 Antichristus
843 2778 1033 2834 magos
1073 2771 1131 2818 et
1169 2761 1370 2817 ariolos
1409 2770 1464 2818 et
1506 2760 1782 2817 maleficos
1816 2770 1875 2817 et

237 2924 239 2927 τ
272 2858 645 2915 incantatur-es
670 2865 725 2914 et
754 2858 967 2914 divinos
987 2897 1004 2923 ,
1034 2856 1128 2929 qui
1157 2871 1280 2913 eum
1313 2855 1573 2930 [diabolo
1601 2856 1874 2928 inspiran-

272 2949 369 3023 te]
399 2944 642 3007 nutrierit
671 2960 727 3005 et
756 2949 1057 3014 docebunt,
1088 2959 1145 3005 et
1184 2951 1429 3007 imbuent
1474 2949 1530 3005 in
1574 2948 1721 3004 omni
1767 2947 1873 3002 ini-

270 3043 484 3114 quitate
514 3050 568 3097 et
599 3041 834 3097 falsitate
875 3050 932 3097 et
969 3041 1179 3097 nefaria
1218 3050 1378 3097 arte:
1412 3049 1469 3097 et
1507 3040 1730 3111 maligni
1762 3038 1871 3111 spi-

272 3135 411 3190 ritus
449 3142 611 3211 erunt
651 3134 817 3211 duces
856 3131 975 3203 ejus
1015 3140 1072 3187 et
1111 3132 1246 3189 socii
1292 3148 1508 3204 semper
1547 3140 1604 3187 et
1642 3130 1871 3186 comites

273 3224 451 3299 (Cod.
488 3208 633 3290 ναι,
660 3206 1178 3295 ριὶοιηιηιιίιοηεε]
1222 3224 1458 3279 indivisi.
1499 3223 1703 3279 Deinde
1744 3222 1870 3278 ilio-

274 3316 605 3388 rosolymam
636 3316 896 3381 veniens,
922 3330 1117 3371 omnes
1141 3314 1482 3370 Christianos
1524 3329 1663 3385 quos
1699 3315 1767 3369 ad
1810 3329 1870 3369 se

272 3424 382 3462 non
410 3382 611 3478 poterit
638 3414 988 3471 convertere,
1030 3422 1127 3477 per
1159 3406 1312 3460 varia
1351 3382 1624 3460 tormenta
1657 3403 1873 3475 jngula-
1900 3382 1947 3443 (ἶ

274 3500 385 3565 bit,
418 3509 473 3554 et
501 3516 656 3556 suam
684 3501 871 3555 sedem
905 3499 958 3554 in
988 3499 1193 3570 templo
1225 3509 1419 3556 sancto
1446 3499 1682 3570 parabit.
1713 3498 1874 3553 Tem-

274 3590 424 3660 plum
468 3592 637 3647 etiam
678 3591 1050 3656 destructum,
1097 3590 1241 3660 quod
1285 3589 1540 3645 Salomon
1574 3591 1684 3645 Deo
1715 3604 1874 3659 para-

280 3682 389 3745 vit,
428 3681 719 3739 azdiiicabit
744 3722 759 3747 ,
797 3688 853 3737 et
887 3682 939 3735 in
981 3689 1182 3736 statum
1221 3696 1377 3736 suum
1416 3682 1780 3746 restaurabit,
1819 3688 1875 3735 et

278 3776 636 3833 circumcidet
662 3790 753 3842 se,
784 3783 839 3830 et
862 3774 1059 3830 Filium
1090 3774 1185 3830 Dei
1223 3773 1613 3844 omnipotentis
1653 3788 1715 3828 se
1754 3788 1875 3829 esse

279 3869 592 3925 mentietur.

351 3960 529 4031 Reges
569 3971 750 4016 autem
788 3971 843 4016 et
876 3962 1149 4032 principes
1186 3961 1420 4032 primum
1459 3961 1527 4016 ad
1555 3976 1615 4016 se
1643 3975 1877 4017 conver-

282 4062 391 4119 tet,
423 4063 480 4108 et
507 4054 702 4109 deinde
740 4070 837 4124 per
865 4053 984 4108 illus
1021 4063 1249 4107 Caeteros
1286 4050 1531 4122 populos.
1572 4049 1717 4105 Loca
1744 4065 1876 4107 vero

280 4162 379 4219 per
407 4161 527 4217 qua:
558 4145 817 4199 Dominus
842 4142 1003 4199 Iesus
1028 4144 1281 4199 Christus
1312 4142 1644 4207 ambulavit,
1675 4151 1733 4197 et
1761 4143 1876 4213 ipse

278 4237 713 4311 perambulavit:
744 4238 837 4292 sed
866 4239 1018 4309 prius
1048 4239 1293 4294 destruet
1317 4252 1439 4306 qua:
1469 4237 1732 4292 Dominus
1759 4236 1877 4290 illn-

279 4332 492 4388 stravit.
526 4320 730 4394 Dande
755 4346 854 4401 per
880 4330 1192 4386 universum
1218 4328 1479 4385 mundum
1504 4328 1724 4384 nuntios
1752 4330 1877 4384 mit-

282 4433 362 4481 tet
397 4434 453 4480 et
485 4418 875 4496 praedicatores
908 4438 1056 4479 suos.
1088 4421 1414 4498 Prtedicatio
1445 4429 1627 4479 autem
1665 4420 1787 4491 ejus
1822 4431 1879 4477 et

280 4526 523 4592 potestas
555 4516 760 4573 tenebit
784 4532 816 4569 a
846 4516 984 4570 mari
1014 4530 1185 4585 usque
1226 4516 1295 4571 ad
1337 4531 1520 4580 mare,
1550 4517 1621 4572 ab
1662 4517 1877 4573 oriente

283 4626 452 4681 usque
481 4607 551 4682 [θά
584 4607 651 4661 ad
688 4600 1027 4663 occidentem
1070 4616 1127 4680 et
1164 4609 1234 4663 ab
1271 4608 1523 4679 aquilone
1558 4608 1753 4682 usque]
1804 4609 1874 4665 ad

1972 2124 2121 2195 genti
2171 2122 2356 2193 copias
2395 2121 2448 2196 [⁸
2489 2131 2736 2193 tempore
2779 2122 2926 2177 enim
2950 2119 3067 2189 ejus
3097 2133 3288 2175 omnes
3332 2119 3561 2174 abscon-

1973 2217 2074 2274 diti
2127 2216 2373 2273 thesauri
2428 2211 2853 2286 revelabuntur].
2910 2213 3059 2281 Quos
3093 2220 3274 2267 autem
3323 2211 3562 2266 muneri-

1970 2312 2074 2368 bus
2124 2323 2475 2380 corrumpere
2523 2323 2633 2364 non
2676 2305 2919 2378 poterit,
2966 2312 3178 2361 terrore
3244 2302 3557 2374 superabit;

1971 2416 2109 2472 quos
2162 2410 2345 2456 autem
2398 2407 2610 2455 terrore
2658 2412 2769 2453 non
2813 2395 3018 2468 poterit
3043 2392 3332 2468 [vincere],
3391 2393 3567 2467 signis

1972 2507 2029 2552 et
2053 2494 2332 2552 miraculis
2370 2493 2631 2551 seducere
2663 2492 2927 2559 tentabit;
2953 2505 3094 2563 quos
3131 2506 3231 2547 nec
3256 2491 3426 2563 signis
3464 2505 3564 2561 po-

1973 2587 2100 2643 terit
2137 2584 2408 2659 (illudere]
2462 2584 2519 2640 in
2564 2592 2856 2655 conspectu
2886 2583 3128 2639 omnium
3157 2583 3390 2639 mirabili
3423 2598 3569 2637 mor-

1974 2687 2028 2735 te
2062 2680 2334 2735 cruciatos
2389 2677 2683 2734 crudeliter
2729 2679 2943 2734 necabit
2962 2676 3117 2750 (Cod.
3158 2674 3303 2743 Vat.,
3340 2676 3565 2733 misera-

1970 2769 2067 2827 bili
2137 2779 2315 2826 morte
2355 2770 2642 2842 temptabit
2686 2767 2928 2842 necare].
2965 2767 3118 2824 Tunc
3150 2768 3258 2823 erit
3293 2769 3419 2829 talis
3468 2770 3570 2825 tri-

1970 2865 2193 2934 bulatio,
2255 2866 2434 2938 qualis
2458 2881 2567 2921 non
2602 2864 2703 2919 fuit
2733 2880 2897 2936 super
2951 2873 3154 2921 terram
3192 2879 3259 2920 ex
3300 2872 3564 2939 tempore,

1970 2972 2080 3028 quo
2125 2966 2315 3030 gentes
2352 2946 2480 3013 esse
2520 2965 2805 3028 creperum
2829 2971 3005 3028 usque
3045 2957 3113 3012 ad
3141 2952 3272 3011 illud
3322 2965 3564 3028 tempus.

1970 3049 2125 3106 Tunc
2173 3051 2267 3121 qui
2306 3050 2363 3107 in
2410 3064 2543 3118 agro
2593 3057 2776 3115 erunt,
2823 3047 3029 3119 fugient
3084 3051 3153 3105 ad
3208 3058 3423 3105 montes
3479 3034 3569 3105 di.

1967 3151 2201 3199 centes:
2251 3142 2428 3200 cadite
2464 3156 2630 3212 super
2682 3157 2808 3207 nos;
2861 3151 2918 3197 et
2966 3141 3216 3205 collibus,
3283 3144 3566 3213 cooperite

1969 3251 2089 3301 nos,
2116 3243 2173 3291 et
2214 3235 2306 3305 qui
2338 3250 2501 3305 supra
2542 3242 2765 3299 tectum,
2802 3250 2911 3289 non
2940 3233 3230 3290 descendet
3256 3234 3308 3289 in
3344 3235 3566 3290 domum

1975 3341 2150 3391 suam,
2215 3336 2273 3381 ut
2295 3326 2447 3382 tollat
2475 3326 2681 3396 aliquid
2730 3325 2798 3381 ab
2818 3340 2904 3388 ea,
2981 3324 3076 3379 sed
3115 3326 3356 3398 seipsum
3411 3325 3567 3380 dabit

1976 3418 2309 3488 prazcipitem
2364 3416 2580 3490 (Matth.
2641 3432 2789 3482 χειν,
2857 3416 2924 3471 l6
2977 3416 3141 3487 δρψ).
3187 3404 3342 3471 Tunc
3388 3417 3573 3473 omnis

1978 3508 2152 3564 ﬁdelis
2182 3507 2544 3571 Christianus,
2606 3509 2976 3578 quiinvcntns
3025 3506 3215 3581 fuerit,
3280 3516 3377 3563 aut
3404 3507 3573 3564 Deum

1975 3599 2214 3671 negabit,
2267 3608 2359 3654 aut
2394 3601 2507 3655 sive
2536 3616 2631 3670 per
2676 3600 2906 3666 ferrum,
2960 3601 3076 3655 sive
3103 3617 3202 3671 per
3233 3603 3414 3673 ignem
3458 3599 3573 3657 for-

1976 3692 2151 3757 nacis,
2202 3693 2317 3747 sive
2352 3708 2449 3765 per
2512 3702 2818 3763 serpentes,
2868 3693 2983 3747 sive
3018 3706 3117 3762 per
3172 3692 3400 3756 bestias,
3458 3693 3575 3749 sivo

1974 3802 2073 3858 per
2108 3788 2314 3859 aliquid
2348 3787 2492 3843 aliud
2521 3789 2799 3858 quodlibet
2848 3796 3243 3845 tormentorum
3273 3803 3446 3860 genus
3482 3790 3573 3845 in-

1974 3879 2180 3953 teribit,
2234 3879 2361 3934 siin
2412 3878 2517 3935 ﬁde
2550 3881 2929 3951 permanserit.

2047 3970 2175 4026 llaec
2217 3978 2397 4026 autem
2437 3977 2550 4025 tam
2613 3971 2873 4027 terribilis
2919 3979 2974 4025 et
3000 3970 3239 4027 timenda
3296 3972 3576 4030 tribulatio

1977 4065 2154 4121 tribus
2196 4064 2354 4120 annis
2378 4073 2435 4120 et
2470 4065 2695 4120 dimidio
2720 4066 2959 4121 manebit
2992 4065 3042 4139 [h
3078 4066 3131 4121 in
3167 4075 3282 4123 toto
3319 4068 3566 4144 mundo].

1981 4156 2127 4212 Tum:
2147 4157 2588 4213 abbreviabnntur
2606 4160 2718 4213 dies
2739 4154 2950 4231 propter
2970 4159 3159 4215 electos
3176 4160 3388 4234 (Matth.
3419 4180 3572 4230 xxiv,

1977 4248 2104 4322 22);
2178 4251 2285 4307 nisi
2339 4252 2484 4307 enim
2546 4251 2807 4307 Dominus
2863 4252 3238 4311 abbreviasset
3289 4256 3428 4323 dies,
3478 4259 3569 4314 vix

1978 4340 2126 4396 salva
2169 4350 2318 4398 esset
2367 4340 2527 4415 (Cod.
2589 4341 2728 4408 Vat,
2769 4360 2877 4399 non
2936 4344 3126 4401 fuisset
3164 4347 3338 4423 salva]
3392 4352 3589 4408 omnis

1976 4449 2124 4488 caro.
2184 4432 2421 4505 Tempus
2448 4436 2739 4506 siquidem,
2789 4440 3011 4513 quando
3058 4441 3433 4500 Antichristns
3470 4460 3568 4501 ve-

1982 4527 2142 4591 nerit,
2167 4526 2252 4585 vel
2275 4529 2491 4599 quando
2512 4530 2629 4585 dies
2652 4528 2843 4597 judicii
2868 4548 3129 4603 apparere
3152 4538 3401 4609 cmperit.
3428 4537 3569 4595 Pau-

1979 4618 2064 4675 lus
2112 4619 2391 4690 apostolus
2440 4620 2494 4675 in
2549 4620 2791 4691 Epistola
2826 4624 2896 4680 ad
2944 4624 3457 4686 Thessalonicenses
3483 4632 3574 4686 do-

284 4698 949 4802 septentrionem..Faci.et
977 4713 1192 4802 qu‘oque
1218 4699 1375 4802 signa
1412 4699 1582 4802 multa
1620 4708 1677 4802 et
1704 4701 1873 4802 mira-
1902 4741 1952 4802 υ
1979 4718 2250 4766 monstrat
2276 4711 2497 4767 dicens;
2527 4710 2649 4766 Νίεξ
2679 4714 2876 4768 veneri;
2929 4713 3182 4771 ἀίεοεηίο
3223 4719 3478 4790 mimum,
3515 4730 3567 4776 ει

280 4793 402 4849 citla
430 4807 619 4863 magna
648 4798 705 4847 et
735 4790 992 4845 inaudita.
1027 4788 1210 4845 Faciet
1240 4791 1420 4863 ignem
1447 4792 1516 4849 de
1543 4791 1683 4852 caelo
1711 4791 1874 4848 terri-

280 4885 461 4943 biliter
487 4884 816 4941 descendere
833 4924 849 4949 ,
874 4883 1098 4938 arbores
1123 4882 1302 4939 subito
1327 4884 1521 4940 ﬂorere
1541 4892 1601 4953 et
1626 4899 1874 4941 crescere

288 4974 414 5048 (Id.
450 4976 601 5041 cod.,
636 4971 961 5047 arescere],
1002 4989 1152 5030 mare
1179 4977 1388 5032 turbari
1423 4984 1482 5031 et
1516 4976 1698 5033 subito
1723 4984 1875 5035 tran-

281 5067 539 5140 quillari:
581 5074 805 5121 naturas
841 5065 1005 5120 etiam
1046 5066 1101 5120 in
1139 5064 1372 5122 diversis
1411 5066 1599 5139 figuris
1637 5068 1869 5137 mutari,

282 5176 455 5237 (aquas
487 5158 617 5233 (id.
648 5160 765 5222 cod.
788 5198 805 5224 ,
825 5173 1091 5233 aquarum
1118 5159 1346 5236 cursus]
1376 5172 1564 5218 contra
1596 5177 1789 5218 cursus
1817 5172 1875 5218 et

280 5255 532 5310 ordinem
581 5252 866 5317 c0nverti,
914 5267 1043 5307 aera
1090 5254 1268 5308 ventis
1313 5256 1875 5327 commotionibusque

281 5344 471 5400 multis
500 5344 728 5415 agitari,
753 5351 809 5399 et
832 5352 1029 5399 cetera
1054 5359 1269 5416 quoque
1293 5347 1561 5403 mirabilia
1592 5346 1703 5420 (Id.
1731 5349 1873 5414 cod.,

283 5433 731 5509 innumerabilia]
756 5443 813 5495 et
835 5437 1119 5508 stupenda,
1146 5448 1392 5495 mortuos
1422 5440 1630 5500 sciliCet
1663 5442 1714 5495 in
1747 5456 1876 5497 con-

280 5540 473 5601 spectu
501 5530 783 5589 hominum
841 5530 1196 5595 resuscitari,
1235 5532 1309 5587 ita
1350 5542 1407 5586 ut
1442 5534 1498 5586 in
1529 5549 1757 5587 errorem
1788 5534 1875 5589 in-

356 5713 564 5790 stitui.
601 5714 725 5790 Vat.
753 5733 765 5767 :
798 5734 816 5765 ‹
847 5715 987 5790 Ecce
1032 5719 1261 5773 audistis
1306 5719 1546 5790 qualiter
1592 5725 1873 5784 nascetur,

282 5786 466 5840 audite
495 5787 656 5840 etiam
688 5785 864 5841 locum
892 5788 981 5842 ubi
1016 5809 1034 5839 ι
1059 5830 1073 5852 ,
1107 5796 1211 5845 etc.

358 5857 384 5896 ι’
419 5856 549 5932 Cod.
588 5856 743 5910 ναις
774 5874 791 5907 ι
825 5858 876 5911 in
907 5858 1124 5914 civitate
1152 5861 1441 5932 Babylonia
1467 5877 1482 5928 ;
1510 5861 1563 5917 in
1591 5861 1695 5918 hac
1722 5860 1872 5918 vide-

281 5927 409 5982 licet
436 5928 673 5982 civitate.
704 5947 722 5981 ι
764 5992 768 5998 ν

360 6010 382 6039 ι
423 5998 620 6053 Addita
648 6014 711 6053 ex
747 5997 864 6054 ro'l.
902 5999 1025 6054 Vat.

1978 4800 2233 4855 revelatus
2260 4800 2422 4872 fuerit
2478 4801 2635 4857 homo
2656 4805 2878 4874 peccati,
2914 4805 3059 4875 ﬁlius
3097 4810 3429 4881 perditionis,
3458 4821 3567 4877 etc.

1979 4890 2066 4962 (II
2105 4891 2286 4947 Thess.
2335 4911 2397 4958 ιι,
2428 4893 2507 4968 5).
2564 4893 2780 4952 Scimus
2837 4910 3018 4954 autem
3051 4903 3310 4972 quoniam
3342 4910 3467 4977 post
3492 4924 3576 4965 rc-

1976 4999 2142 5052 gnum
2200 4984 2535 5051 Grecorum,
2592 4988 2706 5043 sive
2739 4991 2905 5046 etiam
2933 5003 3056 5065 post
3100 5011 3325 5068 regnum
3375 4998 3572 5059 Persa-

1974 5096 2114 5143 rum,
2153 5095 2219 5136 ex
2253 5081 2449 5152 quibus
2479 5085 2898 5156 unumquodque
2941 5102 3042 5142 suo
3066 5098 3334 5163 tempore
3375 5110 3570 5168 magna

1977 5172 2147 5243 gloria
2178 5174 2452 5243 viguit,‘et
2478 5190 2673 5243 magna
2713 5176 3180 5245 potentiaﬁoruit,
3230 5184 3297 5238 ad
3320 5185 3571 5243 ultimum

1977 5278 2192 5333 quoque
2244 5275 2366 5335 post
2419 5275 2615 5320 caetera
2664 5281 2849 5337 regna,
2907 5282 3133 5339 regnum
3195 5270 3569 5334 Romanorum

1978 5356 2204 5426 incmpit
2258 5356 2385 5429 (Ms.
2465 5357 2619 5428 Πομ,
2673 5357 2941 5433 incipiet].
3004 5363 3151 5432 quod
3210 5363 3570 5423 fortissimum

1978 5449 2217 5504 omnium
2263 5465 2552 5519 regnorum
2585 5452 2927 5521 superiorum
2969 5452 3068 5509 fuit
3104 5453 3235 5527 (Ala.
3266 5456 3392 5529 Reg.
3417 5460 3569 5531 erit],

1978 5550 2033 5596 et
2074 5540 2254 5595 omnia
2287 5555 2452 5611 regna
2512 5543 2612 5596 sub
2636 5542 3007 5600 dominatione
3060 5562 3155 5601 sua
3216 5548 3403 5603 habuit
3451 5550 3570 5619 (Id.

2054 5718 2080 5761 ά
2117 5721 2194 5775 Ex
2227 5722 2344 5788 cod.
2380 5721 2505 5777 Vat.

2059 5803 2082 5828 ε
2110 5792 2273 5848 [locis
2294 5793 2500 5849 inclusa
2521 5794 2698 5849 omitt.
2735 5795 2787 5849 in
2820 5796 2940 5851 cod.
2979 5797 3102 5852 Vat.

2063 5862 2081 5899 ί
2118 5863 2192 5918 Er
2226 5865 2344 5919 cod.
2388 5862 2511 5917 Vat.

2338 5935 2397 6062 ig
2415 5935 2535 6061 c‘od.
2571 5936 2695 5992 Vat.

2156 6052 2161 6059 .
2223 6052 2235 6061 .
2314 6047 2326 6060 .
2401 6023 2435 6060 ει

2156 6023 2183 6059 Χ
2209 6023 2326 6061 ςοα.
2363 6023 2435 6061 ‘2

3410 503 3542 559 ltiti-8
3626 509 3630 513 ε
