4092 6542
633 430 773 488 1993

1465 427 1526 483 Β.
1571 427 1630 484 F.
1673 425 1898 482 ALBlNl
1940 426 2072 484 SEU
2111 425 2391 484 ALCUlNl
2428 423 2717 485 OPERUM
2759 427 2940 486 PARS
2982 428 3072 485 IX.

3799 434 3950 492 i296

629 555 774 620 cod.,
807 549 1052 622 habebit]
1080 569 1092 605 :
1125 563 1314 604 omnes
1370 562 1586 616 quoque
1612 545 1932 617 populorum
1974 545 2226 600 nationes
2255 551 2301 608 Α
2329 543 2561 616 Ιηιοηίω
2604 553 2786 613 natus,
2843 545 3185 602 Hierusalem
3235 546 3462 603 veniens
3493 548 3854 607 circumcidet
3885 569 3948 608 se

627 645 817 701 Romre
860 642 1238 714 subjacebant,
1267 648 1325 696 et
1350 639 1664 696 serviebant
1699 640 1749 694 ei
1772 637 1882 711 [Ιά.
1932 638 2075 703 cod.,
2117 636 2224 691 Ro-

624 739 803 792 manis
853 734 1213 806 subjacebunt
1237 741 1293 788 et
1321 731 1563 786 servient
1585 728 1690 803 eis]
1719 729 1820 784 sub
1845 727 2067 784 tributo.
2094 727 2225 783 lude

623 846 754 904 ergo
805 831 938 885 dicit
989 828 1300 898 Apostolus,
1333 824 1736 880 Antichristum
1784 839 1894 880 non
1950 831 2111 875 antea
2167 819 2222 874 in

625 924 885 978 rutundum
916 938 1039 977 esse
1083 927 1390 984 venturum,
1433 917 1534 970 nisi
1578 915 1774 992 venerit
1824 913 2075 968 discessio
2113 911 2226 982 pri-

622 1034 788 1080 mum,
829 1015 882 1069 id
915 1024 1018 1077 est,
1073 1011 1176 1066 nisi
1199 1011 1381 1066 omnia
1409 1023 1573 1079 regna
1598 1005 1784 1061 mundi
1818 1002 2218 1061 discesserinta

2331 635 2517 692 dicens
2539 635 2742 693 Judaeis
2773 657 2786 693 :
2816 638 2931 711 Ego
2956 653 3078 695 sum
3128 637 3382 695 Christus
3435 641 3591 696 vobis
3635 646 3946 714 repromis-

2328 743 2445 788 sus.
2487 730 2582 800 qui
2615 729 2683 785 ad
2718 730 2954 786 salutem
2983 743 3225 788 vestram
3271 731 3420 798 veni,
3447 740 3509 786 ut
3554 748 3672 790 vos.
3717 737 3814 804 qui
3854 737 3946 791 .di-

2326 819 2499 888 spersi
2539 821 2695 885 estis,
2723 835 3049 893 congregem
3079 829 3134 877 et
3160 819 3468 877 defendam.
3515 823 3669 880 Tunc
3704 826 3775 880 ad
3803 841 3940 882 eum

2323 920 2646 965 concurrent
2680 908 2729 983 [ἀ
2777 925 2969 967 omnes
3011 910 3228 984 Judaei],
3279 920 3336 968 et
3362 913 3738 971 existimantes
3765 932 3828 972 se
3850 932 3936 972 re-

2322 998 2504 1070 cipere
2541 1000 2844 1067 Christum,
2891 1003 3156 1073 recipient
3204 1003 3479 1060 diabolum
3526 1017 3574 1066 ν.
3627 1009 3936 1066 secundum

623 1109 867 1165 Romano
899 1105 1149 1177 imperio,
1174 1103 1260 1158 cui
1293 1102 1445 1172 prius
1481 1100 1698 1154 subdita
1761 1106 1938 1153 erant.
1978 1094 2096 1150 Hoc
2123 1108 2222 1150 au-
2323 1095 2469 1162 quod
2532 1094 2794 1152 Dominus
2822 1096 2877 1152 in
2912 1095 3209 1167 Evangelio
3251 1098 3327 1152 ait
3377 1097 3580 1156 Judzeis
3619 1118 3632 1154 :
3664 1099 3786 1172 Ego
3810 1104 3936 1158 ueni

622 1207 728 1255 tem
776 1206 988 1268 tempus
1045 1192 1282 1250 nondum
1354 1191 1528 1256 venit,
1577 1189 1704 1261 quia
1763 1187 1891 1243 licet
1937 1187 2218 1241 videamus
2319 1187 2377 1240 in
2406 1187 2617 1241 nomine
2669 1186 2851 1243 Patris
2881 1189 3005 1252 mei,
3041 1199 3221 1244 etnon
3245 1191 3516 1261 recepistis
3543 1207 3656 1256 me;
3708 1196 3755 1247 si
3783 1205 3931 1249 altus

622 1291 987 1346 Romanorum
1016 1301 1241 1357 regnum
1279 1284 1332 1338 in
1379 1282 1616 1337 maxima
1653 1290 1810 1352 parte
1844 1278 1959 1350 jam
2003 1279 2218 1334 destru-
2320 1278 2520 1332 venerit
2567 1279 2624 1334 in
2668 1281 2878 1334 nomine
2925 1297 3046 1346 suo,
3104 1280 3244 1337 hunc
3298 1283 3562 1354 recipietis
3626 1284 3813 1358 (Joan.
3874 1303 3929 1353 ν,

617 1393 787 1446 ctum,
835 1393 1011 1436 tamen
1052 1362 1292 1449 quandiu
1319 1392 1475 1446 rcges
1499 1375 1838 1430 Francorum
1874 1372 2212 1436 duraverint,
2321 1367 2437 1439 45).

615 1477 706 1544 qui
750 1473 1052 1528 Romanum
1109 1469 1395 1546 imperium
1445 1477 1636 1523 tenere
1685 1465 1907 1544 debent,
1973 1465 2215 1534 dignitas

617 1567 845 1622 Romani
875 1561 1084 1634 imperii
1127 1577 1193 1616 ex
1249 1569 1362 1613 toto
1389 1575 1495 1614 non
1546 1557 1766 1628 peribit,
1812 1557 1938 1627 quia
1969 1555 2134 1610 stabit
2159 1555 2214 1608 in
2317 1552 2562 1621 praedicti
2611 1556 2777 1627 regis,
2839 1554 2996 1624 cujus
3052 1570 3250 1612 nomen
3296 1557 3403 1612 erit
3433 1558 3494 1614 C.
3525 1574 3616 1614 rex
3641 1559 3927 1618 Romano-

615 1658 832 1730 regibus
891 1655 1023 1711 suis.
1075 1651 1318 1708 Tradunt
1374 1642 1609 1720 namque
1656 1649 1909 1704 doctores
1976 1646 2210 1734 nostri"I
2318 1665 2438 1705 rum
2481 1649 2648 1705 totius
2689 1651 2926 1720 imperii,
2973 1659 3182 1708 statura
3223 1655 3467 1723 grandis,
3502 1665 3720 1725 aspectu
3760 1658 3930 1713 deco-

615 1753 756 1824 quod
803 1766 944 1806 unus
987 1763 1056 1804 ex
1094 1746 1310 1818 regibus
1365 1744 1701 1799 Fiaiicorum
1753 1742 2056 1795 Romanum
2111 1739 2214 1793 im-
2315 1756 2432 1806 rus,
2479 1740 2642 1814 530
2682 1745 2832 1798 vultu
2865 1742 3205 1815 splendidus,
3251 1755 3306 1801 et
3349 1761 3446 1818 per
3492 1749 3702 1818 singula
3750 1762 3926 1804 mem-

613 1844 822 1916 perium
852 1859 916 1897 ex
947 1841 1158 1911 integro
1195 1838 1423 1900 tenebit,
1461 1836 1551 1906 qui
1599 1837 1652 1889 in
1711 1833 2010 1889 novissimo
2065 1840 2204 1887 tem-
2251 1913 2274 1916 ῃ
2315 1832 2536 1889 brorum
2567 1835 2895 1892 lineamenta
2932 1838 3267 1905 compositus
3308 1837 3583 1903 decenter,
3625 1849 3786 1894 erunt
3827 1840 3916 1893 di-

612 1913 744 2007 pore
789 1936 934 1997 erit;
979 1942 1033 1987 et
1080 1932 1195 2003 ipse
1247 1931 1354 1985 erit
1401 1930 1672 1983 maximus
1719 1927 1962 1981 omnium
2017 1939 2208 1997 regum
2247 1913 2288 1974 Β
2315 1927 2460 1979 vitia:
2500 1943 2732 1998 magnre,
2789 1937 2842 1984 et
2870 1935 3021 1983 terra
3052 1929 3201 1984 dabit
3243 1928 3476 1984 fructum
3506 1945 3688 1997 suum,
3751 1932 3823 1986 ita
3855 1941 3919 1986 ut

611 2039 665 2081 et
727 2025 969 2088 ultimus,
1017 2024 1111 2093 qui
1160 2030 1446 2093 postquam
1491 2034 1717 2090 regnum
1771 2033 1927 2072 suum
1972 2014 2208 2072 ﬁdeliter
2309 2023 2477 2077 tritici
2517 2023 2732 2078 modius
2756 2023 2978 2078 denario
3009 2037 3116 2077 uno
3160 2022 3516 2088 venundatur,
3569 2025 3680 2079 vini
3723 2035 3780 2078 et
3805 2025 3913 2079 olei

612 2116 766 2190 [ϐοά.
804 2115 939 2178 γαίη
965 2113 1219 2186 feliciter]
1248 2111 1651 2184 gubernaverit,
1701 2109 1769 2164 ad
1792 2109 2042 2164 ultimum
2076 2107 2205 2163 Hie-
2306 2114 2576 2170 similiter.
2631 2113 2784 2170 Tunc
2814 2123 3111 2185 exsurgant
3141 2116 3211 2170 ab
3255 2115 3522 2186 Aquilone
3547 2116 3916 2186 spurcissimae

2391 1459 2547 1544 Sicpt
2593 1462 2644 1517 in
2695 1462 2960 1534 sibyllinis
3012 1467 3260 1522 versibus
3316 1465 3598 1530 habemus,
3664 1477 3934 1542 tempore

610 2207 935 2279 rosolymam
985 2201 1184 2268 veniet,
1240 2211 1295 2256 et
1346 2202 1400 2256 in
1453 2207 1637 2256 monte
1684 2199 1877 2254 Oliveti
1928 2207 2203 2270 sceptrum

607 2309 661 2352 et
705 2314 964 2355 coronam
1023 2312 1176 2352 suam
1230 2295 1483 2365 deponet.
1523 2293 1621 2347 llic
1670 2294 1778 2346 erit
1818 2291 1942 2346 finis
1981 2301 2036 2345 et
2067 2307 2199 2347 con—

606 2390 899 2445 summatio
958 2387 1327 2441 Roumnorutn
1371 2393 1427 2438 et
1474 2382 1911 2439 Christianorum
1962 2382 2199 2451 imperii,

605 2483 900 2537 secundum
933 2479 1248 2549 prrcdictam
1300 2475 1542 2547 Apostoli
1568 2475 1888 2532 sententiam
1919 2474 2200 2530 Antichri-

604 2585 747 2631 stum
799 2577 986 2630 dicunt
1035 2589 1160 2628 mox
1208 2569 1544 2634 adfuturi-tun,
1599 2578 1653 2624 et
1699 2576 1830 2624 tunc
1885 2566 2202 2624 revelabitur

604 2669 694 2723 ille
755 2669 912 2721 homo
940 2667 1162 2738 percuti,
1217 2665 1586 2719 Antichristus
1634 2663 1909 2728 videlicet,
1955 2661 2047 2733 qui
2073 2661 2202 2717 licet

603 2760 767 2817 homo
791 2760 890 2826 sit,
943 2759 1064 2812 l'ons
1114 2765 1296 2812 tamen
1329 2757 1440 2812 erit
1497 2756 1743 2810 omnium
1798 2763 2195 2825 peccatorum:

601 2863 657 2908 et
682 2853 826 2923 filius
879 2851 1206 2922 perditionis,
1264 2851 1368 2905 hoc
1424 2861 1532 2913 est,
1588 2849 1732 2905 [ilius
1777 2849 1976 2905 diaboli
2005 2847 2060 2922 [δ
2090 2865 2198 2904 non

601 2963 697 3018 per
730 2956 1000 3010 naturam,
1041 2945 1136 3000 sed
1177 2961 1276 3014 per
1304 2942 1706 3017 imitationem],
1736 2944 1860 3013 quia
1892 2957 1988 3012 per
2013 2942 2196 2997 omnia

596 3039 915 3111 adimplebit
949 3039 1148 3094 diaboli
1184 3038 1551 3104 voluntatem;
1615 3037 1740 3106 quia
1775 3035 2058 3106 plenitudo
2085 3035 2200 3092 dia-

600 3131 787 3186 bolica:
837 3130 1122 3202 potestatis
1181 3138 1236 3184 ct
1281 3129 1447 3182 totius
1503 3127 1758 3182 malitiosi
1805 3126 2009 3196 ingenii
2045 3126 2100 3181 in
2131 3141 2200 3182 eo

597 3225 869 3280 habitabit
924 3223 1032 3296 {AL
1096 3223 1223 3278 add.
1283 3219 1712 3294 corporaliter]:
1753 3221 1806 3275 in
1870 3233 1982 3289 quo
2031 3227 2194 3273 erunt

600 3331 787 3372 omnes
842 3315 1086 3370 thesauri
1129 3314 1352 3370 malitia:
1393 3321 1448 3370 et
1496 3313 1795 3383 iniquitatis
1857 3311 2185 3368 absconditi.

599 3412 703 3476 Qui
759 3410 1088 3475 adversatur,
1138 3408 1189 3464 id
1219 3415 1324 3473 est,
1379 3407 1688 3463 contrarius
1714 3415 1800 3462 est
1825 3405 2047 3463 Christo
2080 3406 2193 3461 Deo

594 3512 652 3558 et
685 3503 936 3556 omnibus
972 3499 1231 3555 membris
1264 3499 1399 3569 ejus.
1427 3498 1496 3553 Et
1537 3498 1827 3563 extollitur,
1851 3499 1904 3553 id
1943 3506 2050 3562 est,
2079 3498 2189 3554 eri-

593 3595 741 3666 gitur
761 3595 814 3648 in
859 3593 1187 3664 superbiam,
1216 3609 1376 3664 supra
1405 3609 1556 3647 omne
1593 3593 1734 3662 quod
1783 3591 1980 3644 dicitur
2026 3587 2187 3656 Deus,

595 3685 650 3740 Id
675 3693 758 3740 est
785 3683 832 3757 [ε
891 3697 1053 3755 Supra
1093 3699 1282 3738 amnes
1317 3695 1556 3747 sanctos,
1583 3685 1676 3754 qui
1712 3683 2012 3738 secundum
2036 3681 2191 3738 Psal-

597 3778 815 3832 mistam
855 3777 927 3829 dii
980 3776 1287 3831 dicuntur:
1342 3775 1452 3846 Ego
1484 3778 1621 3840 dixi,
1678 3777 1755 3830 dii
1807 3777 1932 3830 estis
2009 3775 2185 3845 (Psal.

596 3871 881 3941 r.xxxn,6).
937 3869 1050 3941 Vel]
1082 3885 1245 3940 supra
1287 3884 1476 3925 omnes
1507 3870 1639 3925 deos
1683 3871 1945 3940 gentium,
1985 3869 2190 3926 Hercu-

597 3963 700 4016 lem
743 3963 1012 4023 videlicet.
1067 3962 1391 4032 Apollinem,
1425 3962 1639 4029 Jovem,
1673 3963 2022 4030 Mercurium,
2051 3980 2187 4036 quos

594 4056 788 4126 pagani
840 4056 968 4109 deos
1020 4069 1142 4110 esse
1185 4055 1520 4110 existimant.
1577 4055 1754 4125 Super
1805 4070 1996 4111 omnes
2055 4058 2189 4110 istos

597 4145 730 4199 deos
746 4143 1036 4198 extolletur
1065 4143 1456 4207 Anticliristus,
1488 4145 1615 4213 quia
1648 4144 1909 4215 majorem
1924 4154 1980 4199 et
1998 4145 2188 4201 fortio-

596 4253 709 4290 rem
729 4252 787 4292 se
808 4237 1060 4291 omnibus
1086 4235 1248 4290 faciet
1277 4255 1289 4290 :
1322 4244 1376 4290 et
1409 4253 1512 4290 non
1551 4237 1726 4291 solum
1755 4253 1920 4308 super
1941 4238 2064 4303 hos,
2091 4239 2186 4294 sed

595 4329 760 4382 etiam
783 4344 940 4397 supra
971 4343 1120 4380 omne
1148 4326 1288 4396 quod
1308 4325 1517 4392 colitur,
1538 4327 1590 4382 id
1616 4335 1719 4393 est,
1751 4343 1914 4400 supra
1937 4337 2186 4385 sanetam

596 4420 942 4482 Trinitatem,
991 4435 1112 4489 qua:
1159 4419 1272 4474 sola
1326 4417 1547 4474 colenda
1583 4427 1638 4473 et
1668 4420 1944 4474 adoranda
1976 4430 2082 4486 est,
2127 4429 2186 4477 ut

596 4512 821 4567 Creator
864 4513 931 4567 ab
973 4512 1118 4566 omni
1188 4519 1438 4568 creatura
1495 4529 1611 4568 sua.
1651 4514 1726 4567 Ita
1765 4528 1823 4568 se
1852 4514 2099 4581 extollet,
2128 4521 2190 4569 ut

595 4608 648 4659 in
705 4604 890 4674 templo
937 4603 1033 4658 Dei
1093 4604 1291 4668 sedeat,
1340 4605 1617 4658 ostendens
1663 4621 1739 4670 se,
1795 4615 2049 4676 tanquam
2113 4608 2181 4661 sit
2213 4634 2263 4692 ο

598 4697 757 4752 Deus.
818 4695 950 4749 Nam
987 4695 1127 4750 sicut
1178 4710 1341 4766 supra
1373 4695 1630 4762 diximus,
1695 4696 1748 4751 in
1804 4697 2026 4752 civitate
2083 4697 2186 4752 Ba-

2221 3266 2267 3328 C

671 4842 697 4905 If
739 4829 890 4905 lianc
941 4830 1283 4905 praplietiam
1329 4831 1591 4905 famosam
1640 4833 1871 4905 quidem
1920 4843 1978 4890 at
2027 4837 2188 4893 simul

596 4901 883 4973 insipidam
921 4900 1080 4973 fucat
1106 4900 1166 4954 ι).
1219 4901 1568 4973 llivettllist.
1619 4900 1699 4959 lit.
1749 4905 2017 4973 Francius,
2051 4917 2182 4966 tom.

595 4970 682 5035 Ἦ,
732 4986 852 5046 pag.
905 4971 1124 5046 480,9.
1180 4973 1228 5028 Ie
1279 4970 1434 5046 Beul',
1495 4973 1707 5046 Recueil
1751 4977 1816 5030 de
1844 4978 1949 5032 diu.
2002 4970 2182 5046 ξενίη,

602 4986 682 5035 Vl,
732 4987 796 5041 pa
840 5011 852 5024 .
905 4986 1032 5036 480,
1067 4986 1124 5025 υ.
1180 4986 1228 5028 Ie
1279 4986 1434 5039 neut,
1495 4986 1706 5029 llecuetl
1751 4986 1816 5030 de
1844 4986 1949 5032 diu.
2002 4986 2180 5046 e‘crits,

595 5052 728 5098 tom.
877 5059 1016 5120 Apag.
1045 5042 1137 5120 il,
1171 5053 1306 5107 not.,
1338 5045 1624 5120 observat,
1653 5045 1799 5120 illam
1827 5049 2090 5120 _non_legi
2125 5054 2180 5106 in

593 5113 891 5240 epxemplari
940 5115 1084 5184 quod
1133 5125 1386 5171 servatur
1435 5115 1487 5170 in
1538 5118 1758 5174 abbatia
1819 5117 1877 5175 S.
1940 5113 2179 5178 Vicloris

640 5199 837 5238 artsus.

640 5199 837 5238 :II'ISIIS.

672 5256 697 5294 ιι
748 5253 937 5308 Omitt.
969 5256 1022 5310 in
1046 5261 1182 5325 Aug.

667 5337 688 5363 ε
732 5325 900 5381 Omitt
930 5328 981 5380 in
1012 5327 1132 5381 eod.
1165 5327 1285 5382 Vat.

665 5396 692 5435 ά
730 5396 806 5470 Ex
839 5398 958 5452 eod.
994 5398 1126 5470 Reg.
1159 5399 1367 5470 etAug.

669 5479 691 5504 ε
736 5467 1340 5544 Becipientdiabolumf
1371 5471 1426 5525 In
1450 5472 1728 5544 cod.7Vat.
1756 5481 1812 5529 et
1831 5476 1971 5544 apud
2002 5473 2181 5530 Raba-

595 5540 846 5613 numita
870 5540 1149 5613 pergitur:
1188 5558 1209 5613 ς
1240 5540 1365 5597 Sive
1391 5543 1555 5598 etiam
1583 5543 1633 5598 in
1672 5540 1880 5613 templo
1905 5545 1997 5600 Dei
2021 5547 2176 5601 sede-

593 5608 675 5661 bit
723 5608 1113 5681 Antiehristus,
1148 5611 1202 5666 id
1266 5621 1366 5674 est,
1418 5614 1470 5667 in
1514 5623 1700 5669 sancta
1743 5608 2005 5681 Ecclesia,
2060 5633 2179 5672 om-

594 5695 692 5756 nes
727 5679 1078 5756 Christianos
1093 5685 1316 5756 cupiens
1351 5683 1531 5739 facere
1561 5695 1857 5756 martyres;
1896 5697 1950 5742 et
1995 5679 2178 5745 eleva—

594 5750 742 5828 bitur
790 5760 847 5805 et
875 5750 1357 5828 _rnagnificabi_tur,
1402 5756 1538 5828 etin
1570 5750 1818 5828 ipso'erit
1845 5750 2010 5827 caput
2062 5775 2176 5814 om-

594 5821 742 5898 nium
781 5821 1045 5898 malorum
1081 5823 1346 5898 diabolus,
1379 5827 1470 5896 qui
1512 5821 1604 5882 est
1633 5843 1727 5883 rex
1766 5821 1930 5898 super
1983 5845 2174 5886 omnes

597 5891 733 5948 filios
787 5894 1056 5965 superbia:
1096 5914 1109 5951 :
1146 5897 1242 5953 sed
1277 5913 1344 5952 ne
1374 5891 1555 5955 subito
1593 5907 1657 5970 et.
1681 5891 1972 5969 improvise
2019 5901 2172 5957 Anti-

2303 2214 2514 2277 gentes,
2567 2221 2704 2276 quas
2731 2205 3040 2263 Alexander
3064 2221 3160 2263 rex
3188 2207 3409 2262 inclusit
3435 2208 3489 2262 in
3519 2207 3670 2263 Goch
3695 2219 3755 2264 et
3801 2207 3915 2264 Ma-

2303 2298 2462 2369 goch.
2516 2296 2642 2353 llaec
2665 2307 2794 2354 sunt
2824 2297 3013 2370 viginti
3071 2300 3177 2355 duo
3209 2298 3350 2374 [ηε.
3393 2298 3551 2370 Reg.,
3597 2300 3920 2374 duodecim]

2303 2403 2493 2458 regna,
2541 2403 2775 2458 quorum
2822 2403 3084 2444 numerus
3143 2397 3228 2446 est
3290 2389 3433 2445 sicut
3485 2406 3653 2445 arena
3712 2393 3918 2450 maris.

2301 2477 2458 2547 Quod
2471 2493 2599 2536 cum
2622 2479 2857 2536 audierit
2884 2479 3256 2537 Romanorum
3289 2498 3408 2548 res,
3433 2491 3732 2538 convocato
3747 2499 3917 2540 exer-

2301 2577 2414 2626 citu
2484 2569 2780 2628 debellabit
2846 2588 2965 2636 eos,
3015 2583 3071 2628 et
3124 2583 3437 2645 prosternet
3481 2590 3577 2632 eos
3619 2593 3788 2648 usque
3840 2579 3914 2633 ad

2301 2662 2755 2720 internecionem.
2793 2663 2895 2721 Hic
2916 2680 3134 2735 semper
3164 2666 3389 2722 habebit
3418 2683 3530 2738 prec
3558 2669 3728 2724 oculis
3752 2667 3914 2726 Scri-

2299 2765 2516 2825 pturam
2565 2755 2637 2812 ita
2679 2757 2948 2814 dicentem
2983 2775 2997 2814 :
3031 2759 3146 2814 Rex
3193 2758 3760 2819 Romanorum‘omne
3803 2765 3915 2820 sibi

2299 2847 2544 2903 vindicet
2579 2863 2808 2920 mgnum
2841 2856 3136 2906 terrarum.
3181 2852 3388 2907 Omnes
3440 2868 3570 2924 ergo
3622 2843 3834 2911 insulas
3859 2865 3922 2913 et

2301 2941 2553 2998 civitates
2600 2942 2924 3010 devastabit,
2974 2951 3032 2999 et
3068 2946 3321 3001 universa
3378 2945 3642 3003 idolorum
3696 2951 3910 3021 templa

2300 3035 2563 3098 destruet,
2607 3046 2664 3091 et
2685 3050 2878 3093 omnes
2903 3052 3146 3109 paganos
3174 3039 3243 3094 ad
3273 3039 3604 3110 baptismum
3627 3058 3908 3099 convoca-

2299 3129 2403 3194 bit,
2457 3137 2511 3184 et
2533 3144 2634 3199 per
2686 3129 2872 3186 omnia
2927 3130 3129 3202 templa
3176 3146 3314 3186 crux
3358 3130 3563 3189 Christi
3613 3134 3908 3207 erigetur:

2299 3219 2468 3276 iudici
2521 3222 2690 3278 etiam
2734 3233 2864 3279 tunc
2896 3232 3289 3280 convertentur
3340 3225 3408 3282 ad
3457 3226 3765 3284 Dominum.
3836 3229 3909 3285 In

2298 3312 2482 3367 diebus
2517 3313 2624 3368 illis
2657 3314 2946 3370 salvabitur
2988 3314 3160 3383 Iuda,
3193 3326 3243 3372 et
3284 3316 3457 3373 Israel
3485 3320 3741 3376 habitabit
3763 3339 3896 3376 con-

2293 3402 2521 3472 ﬁdenter
2579 3402 2798 3476 (Jerem.
2861 3422 3025 3472 nm,
3071 3406 3182 3480 l6).
3241 3405 3483 3479 lmplctis
3539 3418 3722 3467 autem
3767 3427 3908 3467 cen-

2297 3509 2412 3554 tum
2467 3496 2753 3554 duodecim
2803 3497 2930 3571 [Ms.
2973 3498 3129 3572 Περ..
3167 3499 3474 3565 duodecim,
3511 3519 3618 3556 om.
3648 3503 3903 3578 centum]

2294 3588 2446 3659 regni
2477 3588 2596 3658 ejus
2618 3590 2778 3645 annis
2803 3591 2983 3646 veniet
3014 3591 3351 3649 Hierusalem
3393 3603 3448 3648 et
3470 3591 3566 3659 ibi,
3595 3600 3657 3649 ut
3688 3594 3907 3651 dictum

2293 3689 2396 3743 est,
2429 3679 2678 3750 deposito
2707 3681 3014 3736 diademate
3040 3681 3311 3753 relinquet
3339 3683 3447 3738 Deo
3488 3683 3637 3740 Patri
3654 3693 3711 3740 et
3756 3685 3911 3744 Filio

2292 3769 2410 3842 ejus
2439 3769 2661 3828 Christo
2716 3770 2844 3825 Jesu
2901 3788 3126 3842 regnum
3177 3772 3632 3841 Christianorum,
3667 3786 3726 3833 et
3781 3779 3896 3835 erit

2291 3861 2598 3932 sepulcrum
2623 3863 2742 3932 ejus
2769 3863 3088 3934 gloriosum.

2363 3976 2516 4031 Tunc
2545 3976 2831 4032 mittentur
2867 3978 2920 4032 in
2944 3979 3209 4034 mundum
3232 3980 3337 4037 duo
3364 3981 3544 4051 magni
3587 3984 3891 4052 propheta,

2291 4069 2438 4124 Elius
2461 4077 2518 4125 et
2553 4068 2760 4134 Enoch,
2797 4070 2886 4139 qui
2911 4079 3097 4126 contra
3124 4072 3390 4142 impetum
3414 4072 3730 4131 Antichristi
3759 4076 3893 4132 lide-

2289 4159 2369 4216 lcs
2399 4160 2596 4216 divinis
2630 4162 2800 4216 armis
2830 4164 3214 4232 prtemunient,
3262 4175 3318 4221 ct
3376 4167 3782 4234 instruenteos,
3831 4180 3893 4225 et

2291 4251 2695 4315 eonfortabunt,
2724 4260 2779 4307 et
2811 4253 3192 4323 praeparabant
3218 4255 3268 4329 [ί
3308 4257 3536 4331 electos]
3561 4259 3625 4313 ad
3659 4259 3881 4315 bellum.

2295 4347 2322 4387 ε
2349 4344 2504 4400 Tune
2555 4342 2870 4415 implebitur
2909 4342 3192 4416 Scriptura
3247 4363 3369 4418 quae
3405 4349 3543 4405 dicit
3572 4372 3586 4406 ε
3612 4350 3674 4408 Si
3723 4352 3886 4422 fuerit

2290 4451 2539 4493 numerus
2569 4434 2806 4504 ﬁliorum
2837 4435 3010 4492 Israel
3041 4437 3180 4495 sicut
3214 4456 3379 4496 arena
3427 4445 3617 4511 maris,
3653 4442 3892 4517 religatio

2288 4527 2450 4584 salva.-
2471 4525 2597 4596 ﬁent
2638 4524 2817 4599 (Rom.
2853 4544 2931 4594 lx,
2991 4527 3107 4600 27).

2359 4619 2653 4689 Postquam
2680 4633 2811 4673 vero
2843 4620 3185 4691 impleverim
3221 4623 3663 4695 pmdimtionem
3707 4642 3893 4694 suam,

2289 4712 2533 4779 insurget
2566 4709 2934 4768 Antichristus
2965 4711 3019 4768 in
3055 4727 3170 4778 eos,
3220 4721 3278 4770 et
3322 4714 3613 4771 interficiet
3642 4715 3692 4782 δ,
3744 4719 3896 4777 sicut

2288 4846 2530 4903 christus
2576 4845 2784 4921 veniat,
2820 4852 2878 4921 et
2936 4853 3108 4900 totum
3150 4846 3310 4921 simul
3364 4849 3660 4921 humanum
3707 4864 3894 4921 genus

2289 4931 2389 4988 snio
2443 4932 2631 4972 errore
2672 4916 2906 4988 decipiat
2947 4925 3004 4972 et
3041 4918 3253 4986 perdat,
3281 4929 3409 4974 ante
3457 4918 3577 4988 ejus
3630 4916 3890 4980 exortum

2286 4987 2396 5041 duo
2418 4989 2596 5058 magni
2631 4987 2910 5058 prophetae
2933 4989 3218 5058 mittentur
3248 4990 3301 5043 in
3325 4987 3606 5058 mundum,
3638 5011 3657 5044 ›
3695 4993 3891 5052 Enoch

2285 5068 2343 5112 et
2385 5057 2574 5136 bibas,
2598 5057 2769 5136 etc”;
2791 5065 2851 5111 ut
2897 5057 3062 5124 infra,
3106 5061 3325 5116 omissis
3345 5076 3466 5132 quae
3501 5057 3886 5136 cx’sibyllinis

2278 5129 2530 5183 versibus
2561 5130 2650 5183 bic
2692 5127 3011 5185 afferuntur.
3361 5127 3376 5132 ⁷
3581 5145 3584 5148 '

2357 5198 2376 5237 ί
2423 5199 2497 5254 Ex
2525 5198 2657 5254 Cod.
2716 5197 2833 5254 Vat.

2355 5273 2380 5310 ⁸
2412 5268 2468 5325 lu
2520 5273 2638 5324 cod.
2669 5270 2792 5325 Vat.
2815 5277 2872 5324 et
2901 5268 3034 5332 Aug.
3092 5272 3208 5328 haec
3230 5272 3543 5329 inseruntur
3571 5290 3586 5329 :
3618 5293 3638 5325 ‹
3673 5275 3890 5332 Docen-

2280 5351 2361 5395 tes
2409 5349 2465 5395 et
2493 5342 2854 5408 pnedicantes
2909 5342 3084 5397 tribus
3139 5345 3297 5399 annis
3340 5354 3394 5398 et
3431 5343 3692 5408 dimidio;
3738 5347 3886 5404 ﬁlios

2281 5419 2461 5484 autem
2489 5412 2676 5473 Israel,
2717 5413 3029 5484 quicunque
3055 5413 3110 5468 in
3140 5421 3378 5483 tempore
3404 5413 3608 5472 fuerint
3646 5418 3882 5484 inventi,

2283 5481 2338 5560 lii
2379 5483 2486 5536 duo
2538 5481 3050 5554 magni‘pmpb'eta:
3094 5492 3152 5539 et
3193 5481 3447 5542 doctores
3479 5488 3549 5560 ad
3578 5487 3700 5560 ﬁdei
3753 5481 3876 5560 graQ

2281 5553 2413 5606 tiam
2466 5563 2805 5616 converterit,
2855 5564 2910 5608 et
2957 5571 2986 5607 a
3049 5569 3308 5623 pressura
3354 5558 3491 5612 tanti
3548 5553 3781 5616 turbinis
3819 5560 3885 5616 in

2317 5631 2433 5701 arte
2459 5625 2753 5701 electorum
2786 5625 3173 5694 insuperabiles
3206 5629 3452 5683 reddent.
3502 5629 3655 5686 Tunc
3683 5632 3883 5701 imple-

2317 5638 2433 5678 arte
2459 5638 2753 5679 electorum
2786 5641 2991 5694 uisupet

2277 5638 2736 5765 liiturScriptura
2784 5715 2831 5761 ι,
2884 5711 2991 5750 etc.

2350 5763 2549 5841 h_C_od.
2581 5763 2768 5841 ‘Vat.__:
2799 5785 2818 5816 ι
2852 5765 3145 5841 Postquam
3189 5783 3321 5839 ergo
3365 5786 3464 5841 per
3492 5781 3602 5828 tres
3632 5788 3802 5829 annos
3823 5784 3886 5830 et

2277 5834 2558 5912 dimidium
2589 5834 3030 5912 praedicationem
3055 5854 3210 5912 suam
3242 5834 3614 5912 compleverit,
3644 5860 3766 5900 mox
3795 5844 3885 5901 in-

2275 5906 2438 5976 cipiet
2468 5907 2866 5965 excandescere
2909 5909 3229 5967 Antichristi
3275 5906 3612 5984 persecutio,
3657 5924 3714 5972 et
3741 5931 3885 5973 eon~
