4092 6514
263 418 391 475 1301

1303 415 1448 471 OPP.
1494 414 1897 473 SUPPOSITA.
1941 448 2011 457 ——-
2052 414 2360 474 NOMILHE
2403 417 2490 474 IV.

3416 422 3562 479 £309.

258 537 659 608 tempus:qu
697 545 914 605 tamque
947 534 1196 605 gloriosas
1238 533 1468 602 virginis
1511 533 1852 588 nativitatem
1882 538 1931 592 Α
1960 530 2102 587 iamo
2149 531 2488 587 :Exsultavit
2534 543 2588 585 ut
2635 532 2784 605 gigas
2837 533 2906 586 ad
2958 533 3271 587 currmdmu
3320 552 3476 597 νεοίη,
3520 553 3553 589 a

257 631 611 692 celebrantes,
642 628 758 698 ejus
779 625 1141 699 patrocinium
1170 625 1359 683 sedulo
1397 626 1562 682 corde
1597 624 1851 696 implore-

256 738 407 788 mus;
434 724 591 794 cujus
620 720 883 777 Dominus
907 718 1205 790 respiciens
1231 733 1353 773 cum
1387 734 1510 773 vera
1533 716 1851 789 virginitate

255 828 439 870 veram
457 814 621 870 etiam
644 810 1111 874 humilitatem,ab
1149 808 1342 881 angelo
1374 809 1659 864 nuntiante
1697 806 1847 863 salu-

253 919 371 963 tare
390 904 487 982 [Ε.
517 947 531 972 ,
553 903 821 976 salutatte'l
841 902 1064 975 detegit,
1096 910 1158 957 ut
1186 902 1497 972 conciperet
1522 901 1636 971 ipsa
1661 913 1848 956 aucto-

254 1013 369 1055 rem
395 998 688 1062 castitatis,
714 1006 1015 1052 amatorem
1054 995 1407 1066 virginitatis,
1457 993 1693 1051 amicum
1743 995 1846 1050 hu-

254 1091 521 1157 militatis,
559 1090 899 1146 Salvatorem
943 1088 1153 1154 mundi,
1204 1088 1295 1159 qui
1348 1096 1474 1143 ante
1518 1086 1846 1159 principium

254 1183 595 1240 lneﬂ'abiliter
620 1184 687 1237 ab
709 1187 827 1255 ipso
848 1182 959 1237 Deo
999 1181 1158 1238 Patre
1192 1179 1407 1253 genitus
1440 1187 1543 1237 est.
1588 1178 1734 1246 Haec,
1768 1180 1847 1236 in-

252 1292 436 1349 quam,
459 1276 727 1347 speciosa,
751 1292 781 1330 a
803 1274 1032 1330 Domino
1057 1275 1248 1339 electa,
1276 1275 1322 1329 si
1349 1273 1439 1345 pio
1462 1271 1626 1330 corde
1646 1272 1821 1331 sancti

251 1372 379 1426 tatis
413 1368 761 1440 conspexerit
812 1382 911 1423 nos
940 1382 1096 1422 suum
1128 1375 1377 1422 exortum
1424 1365 1741 1423 celebrare:
1772 1365 1846 1420 ita

248 1461 512 1535 profecto,
532 1469 590 1516 ut
606 1459 848 1532 parvitas
891 1457 1176 1532 [pravitas]
1212 1458 1602 1515 conscientiam
1624 1458 1847 1514 delicto-

251 1568 371 1610 rum
395 1570 501 1610 non
529 1560 765 1619 accuset,
790 1552 1120 1609 credendum
1141 1557 1198 1606 et
1218 1550 1570 1621 sperandum,
1591 1551 1844 1622 quianon

251 1647 471 1713 abnuet,
498 1647 628 1719 quin
652 1662 751 1717 pro
777 1644 935 1702 nobis
959 1644 1024 1700 ad
1063 1643 1350 1699 Dominum
1387 1641 1561 1698 Deum
1595 1652 1841 1698 nostrum

253 1739 590 1796 intercedere
626 1738 916 1811 dignetur:
943 1733 1204 1805 cujusque
1238 1734 1581 1791 nativitatem
1614 1733 1843 1789 solemni

249 1833 591 1889 celebramus
616 1829 900 1901 obsequio,
940 1826 1178 1896 ejusdem
1203 1834 1474 1899 perpetua:
1500 1825 1726 1898 virginis
1748 1838 1841 1880 ve-

1957 638 2159 677 summo
2181 622 2307 677 celo
2330 625 2555 693 egressio
2581 624 2698 691 ejus
2723 621 2896 695 (Psal.
2926 639 3061 686 xvu.
3090 622 3165 694 6).
3210 624 3333 681 liree
3360 625 3550 681 imum-

1952 714 2126 769 culata
2152 716 2320 779 coitu,
2345 716 2570 771 fecunda
2602 726 2782 786 partu,
2802 718 2955 788 virgo
2982 718 3394 773 castitatezhme
3423 735 3553 774 con-

1951 808 2095 879 cepit
2122 808 2274 879 virgo
2304 824 2409 864 non
2438 824 2505 864 ex
2537 810 2675 873 viro,
2707 809 2801 865 sed
2846 824 2916 864 ex
2955 809 3161 880 Spiritu
3198 812 3553 869 sanctozhasc

1950 901 2159 971 peperit
2188 916 2295 957 non
2321 901 2377 955 in
2416 900 2622 967 dolore,
2663 901 2760 957 sed
2800 901 2856 956 lu
2897 901 3091 974 gaudio
3138 903 3290 961 :hzec
3328 907 3555 962 nutrivit

1950 991 2264 1063 angelorum
2292 998 2347 1046 et
2390 990 2670 1047 hominum
2710 991 2911 1049 cibum.
2950 991 3104 1050 Felix
3144 1004 3292 1050 certe
3330 1004 3384 1050 et
3405 996 3550 1056 omni

1950 1083 2106 1141 laude
2129 1084 2602 1158 dignissima,qu:e
2632 1087 2750 1142 siue
2774 1087 3011 1141 humano
3038 1088 3247 1143 semine
3272 1087 3551 1146 caelestem

1949 1176 2145 1233 smequ
2167 1177 2391 1246 protulit
2417 1194 2632 1249 panem,
2663 1187 2719 1239 et
2746 1179 2949 1235 mundo
2975 1180 3162 1249 genuit
3184 1180 3548 1238 Saivatorem.

1949 1266 1994 1324 Ο
2020 1286 2181 1340 quam
2211 1271 2368 1327 beata
2410 1281 2586 1328 mater
2614 1272 2738 1337 ista,
2769 1289 2892 1345 qua:
2934 1273 3053 1330 sine
3092 1276 3550 1333 contaminatione

1950 1362 2055 1418 ulla
2084 1366 2335 1436 concepit
2358 1365 2701 1434 munditiam,
2727 1376 2782 1423 et
2810 1368 2928 1423 sine
2960 1366 3144 1423 dolore
3171 1370 3380 1441 peperit
3421 1386 3538 1427 me-

1947 1457 2203 1515 dicinam.
2228 1458 2403 1521 Felix.
2434 1444 2678 1530 inquam.
2709 1468 2899 1521 mater.
2933 1476 3024 1531 per
3052 1475 3216 1531 quam
3245 1462 3419 1518 nostri
3448 1479 3541 1536 ge-

1948 1549 2096 1605 neris
2127 1558 2377 1622 reparata
2418 1560 2502 1607 est
2533 1551 2810 1621 vita:qu:e
2860 1552 2927 1607 de
2973 1553 3113 1609 cmlo
3165 1554 3259 1609 Dei
3312 1555 3550 1625 suscepit

1945 1642 2171 1712 prolem,
2203 1652 2261 1699 et
2288 1644 2490 1699 mundo
2516 1644 2701 1716 genuit
2727 1644 3095 1709 liberatorem,
3130 1645 3546 1717 “redemptorem

1944 1745 1999 1790 et
2028 1751 2057 1790 a
2086 1736 2327 1806 peccatis
2356 1743 2411 1792 et
2438 1744 2616 1793 morte
2646 1736 2966 1794 salvantem.
2990 1736 3114 1794 limo
3136 1738 3280 1794 enim
3305 1739 3541 1793 mirabili

1944 1836 2108 1899 atque
2134 1827 2389 1885 ineffabili
2438 1831 2619 1893 modo.
2656 1838 2712 1886 et
2757 1831 2998 1886 omnium
3059 1847 3238 1886 rerum
3270 1842 3325 1889 et
3390 1847 3545 1888 summ

249 1924 394 1979 niam
417 1923 793 1993 peccaminum
813 1920 1079 1976 obtinebit
1100 1918 1434 1973 intercessio.
1460 1916 1505 1973 Ο
1527 1932 1689 1989 quam
1710 1917 1841 1972 bea-
1876 1935 1920 1994 Β
1945 1921 2157 1992 peperit
2184 1920 2517 1979 Creatorem.
2545 1923 2723 1979 Electa
2761 1925 2961 1995 quippe
2992 1932 3098 1989 est,
3120 1923 3274 1997 virgo
3315 1925 3547 1998 integra,

250 2029 304 2075 ta
334 2018 428 2073 Dei
465 2016 698 2089 genitrix
741 2012 1094 2088 virgoicujus
1140 2012 1394 2068 nativitas
1443 2011 1699 2085 gaudium
1747 2028 1843 2067 an-

249 2108 512 2166 nuntiavit
561 2107 615 2162 in
669 2104 922 2161 universo
970 2103 1195 2169 mundo,
1228 2119 1297 2158 ex
1349 2119 1455 2175 qua
1497 2103 1577 2159 sol
1618 2102 1847 2177 justitizc

248 2200 496 2256 Christus
523 2198 783 2254 Dominus
806 2196 949 2252 Deus
975 2205 1159 2251 noster
1179 2202 1401 2251 exortus
1421 2202 1525 2261 est,
1543 2193 1637 2265 qui
1660 2193 1844 2250 exsolv

249 2308 381 2349 vcus
404 2293 575 2364 culpae
603 2290 798 2347 veteris
829 2288 1266 2345 maledictionem
1302 2287 1450 2343 dedit
1490 2287 1647 2343 nobis
1683 2287 1846 2343 bene-

248 2382 559 2445 dictionem,
589 2389 645 2437 et
672 2379 1010 2437 confundens
1039 2387 1267 2434 mortem
1307 2377 1527 2434 donavit
1562 2377 1719 2434 nobis
1766 2380 1846 2433 vi-

249 2485 359 2531 tam
389 2476 795 2548 sempiternam.
822 2473 993 2537 Felix,
1017 2471 1262 2544 inquam,
1298 2474 1454 2546 virgo
1508 2472 1694 2539 Maria,
1725 2488 1845 2546 qua:

245 2576 303 2623 et
336 2567 616 2640 genitricis
643 2565 879 2623 obtinuit
923 2565 1262 2637 dignitatem,
1287 2572 1342 2619 et
1384 2563 1698 2637 pudicitiam
1736 2579 1840 2620 non

246 2661 431 2717 amisit
476 2661 815 2731 virginalem.
844 2658 890 2716 Ο
919 2674 1084 2731 quam
1130 2658 1366 2731 gloriosa
1414 2660 1571 2733 virgo
1630 2658 1840 2715 Maria!

242 2771 277 2809 o
299 2754 649 2827 dignissimus
671 2753 839 2826 ipsius
861 2753 1199 2808 intemerata:
1220 2752 1475 2808 exortus!
1512 2768 1546 2808 ο
1572 2750 1702 2809 felix
1727 2752 1845 2824 ejus

243 2846 495 2903 inchoata
515 2846 812 2918 virginitas,
832 2844 1108 2908 nativitas,
1133 2858 1255 2914 quze
1278 2842 1438 2899 hodie
1458 2843 1607 2899 clara
1624 2858 1690 2900 ex
1713 2859 1835 2915 pro-

243 2942 401 3013 genie
431 2939 602 2995 David
632 2940 776 3009 regis
806 2946 956 3003 nata,
988 2952 1086 3009 per
1112 2952 1171 2993 se
1204 2937 1375 3007 ipsam
1406 2936 1634 2993 salutem
1657 2938 1845 2993 mundi

244 3035 457 3091 cunctis
477 3033 827 3089 credentibus
850 3046 1115 3102 apparere
1136 3030 1285 3085 fecit.
1302 3028 1347 3087 Ο
1371 3045 1535 3101 quam
1557 3029 1845 3087 benedicta

244 3138 303 3186 et
328 3126 657 3184 venerabilis
686 3126 837 3197 virgo
863 3140 1082 3194 semper
1107 3124 1274 3178 Maria
1302 3123 1398 3179 Dei
1420 3123 1675 3194 genitrix,
1692 3122 1846 3192 cujus

242 3223 405 3281 hodie
415 3231 635 3279 exortus
655 3222 710 3275 in
730 3219 969 3276 tenebris
993 3216 1393 3274 tabescentibus
1416 3215 1509 3272 lux
1540 3231 1667 3273 vera
1682 3214 1846 3271 reful-

1948 2016 2033 2070 cui
2065 2012 2366 2072 fecunditas
2397 2019 2585 2074 matris
2609 2018 2863 2084 daretur;
2909 2028 2966 2076 et
3006 2017 3147 2076 facta
3187 2028 3269 2077 est
3312 2020 3543 2076 fecunda

1947 2114 2143 2173 mater,
2175 2109 2228 2162 in
2256 2124 2360 2179 qua
2391 2110 2618 2182 virginis
2650 2109 2934 2183 integritas
2962 2121 3292 2168 servaretur.
3325 2110 3381 2167 Si
3400 2112 3547 2167 enim

1944 2200 2247 2272 cogitemus
2277 2201 2564 2274 virginem,
2604 2217 2725 2272 quae
2755 2202 2873 2259 sine
2903 2202 3339 2273 concupiscentia
3364 2202 3548 2258 carnis

1945 2292 2193 2363 concepit
2220 2306 2465 2357 carnem,
2494 2302 2553 2349 et
2578 2294 2698 2350 sine
2717 2294 2838 2351 viro
2867 2295 3079 2367 peperit
3117 2297 3326 2363 virum;
3361 2304 3415 2351 et
3451 2313 3548 2352 vo-

1948 2384 2209 2440 luerimus
2239 2383 2364 2442 facti
2394 2385 2556 2457 hujus
2584 2401 2832 2458 quaerere
2864 2390 3151 2453 rationem,
3183 2389 3237 2445 in
3276 2387 3393 2460 ipsa
3444 2405 3547 2445 no-

1946 2482 2059 2531 stra
2087 2476 2442 2549 inquisitione
2480 2480 2909 2539 succumbimus.
2953 2496 3078 2537 cum
3125 2483 3386 2553 scriptum
3430 2483 3543 2539 sit:

1947 2566 2350 2624 Generationem
2379 2570 2495 2641 ejus
2523 2572 2640 2643 quis
2671 2571 2940 2627 enarrabit
2972 2572 3107 2646 (Isa.
3131 2590 3251 2639 Lm,
3274 2575 3368 2645 8)?
3393 2572 3549 2641 Quod

1946 2662 2187 2732 quidem,
2212 2661 2353 2717 sicut
2372 2662 2437 2718 de
2456 2662 2636 2718 divina
2655 2662 2859 2720 Christi
2881 2664 3162 2721 nativitatc
3186 2665 3541 2737 intelligimus

1947 2762 2117 2820 recte,
2142 2756 2219 2811 sic
2239 2755 2402 2812 etiam
2428 2757 2494 2812 de
2522 2755 2807 2827 temporali
2848 2771 2913 2812 ex
2962 2757 3179 2829 Virgine
3219 2766 3363 2813 ortu.
3386 2754 3547 2812 Joan-

1946 2866 2045 2906 nes
2066 2851 2212 2906 enim
2242 2865 2549 2921 praecursor
2572 2862 2627 2907 et
2653 2850 2959 2922 baptizator
2986 2848 3221 2915 Domini,
3249 2849 3340 2919 qui
3383 2857 3547 2905 tante

1947 2941 2225 3013 dignitatis
2252 2951 2309 2998 et
2335 2941 2643 2998 sanctitatis
2681 2941 2927 3012 tantique
2968 2940 3171 3006 meriti,
3198 2950 3260 2995 ut
3285 2939 3547 3013 Spiritum

1944 3039 2195 3089 sanctum
2222 3032 2275 3087 iu
2312 3031 2496 3104 specie
2533 3032 2794 3089 columba:
2830 3047 2993 3103 super
3031 3030 3309 3088 Christum
3340 3032 3551 3103 requie-

1947 3125 2092 3181 visse
2141 3123 2362 3190 viderit,
2397 3140 2741 3195 nequaquam
2795 3139 2961 3181 ausus
3019 3131 3103 3181 est
3140 3124 3548 3195 generationem

1948 3219 2120 3287 ipsam
2152 3232 2220 3273 ex
2252 3226 2495 3289 tempore
2520 3218 2743 3283 Christi,
2781 3234 2890 3276 non
2911 3218 3084 3276 solum
3118 3219 3325 3285 dicere,
3360 3234 3547 3275 verum

241 3319 331 3374 sit.
365 3316 593 3388 Dignum
622 3314 806 3383 itaque
829 3310 1009 3377 valde,
1027 3310 1383 3377 dilectissimi,
1406 3325 1528 3366 cum
1555 3309 1841 3367 devotione
1863 3298 1913 3362 (Ξ
1945 3323 2045 3365 nec
2074 3308 2333 3381 cogitare.
2379 3309 2721 3366 Protestatur
2747 3311 2891 3367 enim
2924 3310 3065 3367 idem
3087 3329 3100 3367 :
3119 3309 3304 3377 Illum,
3353 3311 3547 3382 inquit,

243 3425 454 3467 summa
480 3408 528 3464 ei
555 3408 719 3462 etiam
749 3405 1019 3469 famulari,
1048 3419 1146 3475 per
1167 3418 1330 3473 quam
1358 3402 1516 3459 nobis
1554 3400 1842 3474 virginita-

245 3504 314 3559 tis
340 3502 568 3575 insignia
598 3499 949 3570 pullularunt.
977 3494 1087 3551 Nec
1116 3510 1215 3551 nos
1245 3495 1409 3549 lateat
1446 3492 1591 3566 quod
1622 3492 1690 3550 de
1728 3492 1845 3564 ejus

244 3603 433 3652 sancta
459 3592 744 3648 nativitate
766 3589 903 3645 liber
928 3600 953 3628 ι
986 3587 1197 3659 legatur
1222 3602 1251 3640 a
1275 3584 1619 3657 quibusdam,
1638 3582 1730 3638 uhi
1752 3583 1845 3640 de-

246 3687 505 3743 scribitur
536 3684 790 3739 meritum
811 3681 1074 3754 genitoris
1100 3688 1264 3749 atque
1291 3677 1572 3752 genitricis
1600 3676 1843 3749 ejusdem

243 3777 491 3848 virginis,
519 3785 574 3831 et
604 3775 923 3832 vocabulum
953 3773 1236 3845 utriusque
1258 3770 1374 3827 lleli
1410 3769 1661 3828 videlicet
1683 3778 1848 3842 atque

245 3870 421 3927 Anna.
449 3869 603 3937 Quod
635 3868 953 3940 opusculum
985 3867 1376 3937 apocryphum,
1415 3865 1557 3922 sicut
1588 3865 1752 3921 etiam
1782 3866 1850 3921 de

243 3962 472 4016 transitu
501 3959 734 4030 ejusdem
774 3957 1001 4031 Virginis
1037 3959 1066 3999 ιι
1093 3957 1322 4015 alterum
1356 3957 1615 4023 habetur;
1653 3971 1721 4014 ne
1762 3972 1848 4013 re-

244 4052 478 4124 cipiatur
504 4050 572 4105 ab
598 4050 841 4106 Ecclesia
863 4059 1071 4106 certum
1099 4066 1197 4121 pro
1224 4051 1452 4115 incerto,
1480 4049 1704 4104 dubium
1749 4063 1848 4119 pro

248 4161 396 4199 vero.
426 4142 606 4198 Placet
636 4141 909 4212 paulisper
936 4141 1164 4211 gradum
1194 4139 1463 4196 sermonis
1484 4143 1654 4195 nostri
1681 4137 1769 4212 figi
1793 4139 1845 4196 in

246 4236 408 4293 laude
444 4234 719 4291 hodiernze
766 4233 1070 4288 nativitatis
1118 4232 1307 4303 ipsius.
1347 4229 1464 4287 Hoc
1504 4229 1747 4302 profecto
1781 4232 1850 4286 ab

242 4330 395 4387 omni
423 4328 662 4384 Ecclesia
692 4326 959 4383 catholica
987 4325 1295 4381 firmissime
1324 4332 1558 4390 tenetur,
1608 4326 1735 4398 quia
1766 4341 1851 4380 rc-

244 4420 353 4493 gali
375 4435 443 4477 ex
466 4420 745 4492 progenie,
769 4417 1022 4474 videlicet
1056 4417 1201 4490 regis
1232 4415 1411 4489 magni
1450 4415 1644 4482 David,
1689 4415 1850 4471 hodie

244 4521 331 4569 est
351 4520 561 4567 exorta.
587 4510 797 4566 Revera
826 4526 1018 4581 magra
1048 4508 1290 4580 dignatio
1319 4516 1425 4574 est,
1457 4506 1590 4562 utin
1624 4515 1850 4562 exortus

246 4605 334 4659 die
364 4612 528 4660 tanta:
552 4603 847 4673 genitricis,
876 4601 1063 4655 laudes
1088 4599 1305 4655 Domini
1335 4614 1444 4654 non
1475 4598 1635 4656 sileat
1662 4597 1845 4670 lingua

249 4698 450 4752 carnis.

319 4786 613 4842 Videamus
636 4786 838 4855 itaque,
873 4782 1090 4847 fratres,
1118 4798 1239 4854 qute
1282 4782 1353 4838 sit
1394 4782 1511 4837 hrcc
1542 4798 1696 4854 virgo
1736 4791 1846 4837 tam

251 4888 437 4934 saneta
469 4879 535 4933 ad
562 4894 723 4948 quam
750 4876 987 4947 Spiritus
1012 4886 1233 4930 sanctus
1255 4875 1440 4929 venire
1466 4875 1721 4946 dignatus
1741 4885 1843 4931 est.

247 4972 378 5039 Qnre
409 4983 518 5026 tam
541 4969 983 5041 speciosa,quam
1026 4968 1168 5021 Deus
1208 4966 1369 5036 elegit
1410 4968 1698 5039 sponsam!
1729 4981 1844 5037 qua

251 5075 360 5119 tam
391 5070 561 5126 casta,
586 5070 644 5115 ut
671 5063 821 5131 virgo
848 5059 1019 5131 possit
1048 5073 1168 5114 esse
1196 5066 1317 5130 post
1347 5068 1585 5129 partum.
1611 5057 1736 5112 Haec
1765 5066 1848 5114 est

249 5156 344 5211 Dei
374 5155 652 5225 templum,
686 5152 805 5209 fons
832 5152 922 5207 ille
949 5152 1213 5222 signatus,
1263 5158 1318 5204 et
1364 5158 1522 5219 porta
1579 5150 1632 5204 in
1683 5150 1849 5205 domo

249 5248 462 5303 Domini
492 5247 699 5304 clausa.
744 5244 824 5300 Ad
849 5244 989 5300 hanc
1041 5243 1225 5314 itaque
1276 5241 1562 5298 descendit
1610 5240 1850 5312 Spiritus

248 5349 490 5401 sanctus,
527 5338 651 5393 huic
678 5336 852 5391 virtus
881 5333 1141 5389 Altissimi
1164 5334 1540 5395 obumbravit;
1575 5348 1638 5388 ex
1659 5349 1721 5388 ea
1750 5350 1851 5405 po-

250 5440 372 5488 tcns
398 5433 663 5487 virtutum
692 5428 942 5486 Christus
969 5428 1268 5499 egreditur,
1299 5435 1357 5482 ut
1378 5442 1610 5498 sponsus
1635 5427 1701 5481 de
1723 5427 1847 5482 tha-

320 5556 345 5585 ι
375 5544 868 5616 Protcvangelium~
885 5541 948 5616 _S.
969 5539 1153 5616 Jacobi
1171 5551 1225 5616 et
1241 5542 1589 5616 Evangelium
1607 5542 1848 5616 Apogra-

246 5613 411 5684 phum
442 5616 508 5671 de
538 5611 827 5670 Nati‘vitate
857 5613 1053 5677 Mariae,
1072 5614 1215 5683 quod
1236 5628 1264 5666 a
1289 5611 1534 5675 Seleuco,
1552 5611 1677 5669 saec.
1699 5611 1738 5667 ιι
1761 5613 1852 5669 lit-

247 5688 382 5743 teris
406 5686 570 5742 fuisse
595 5686 976 5741 demandatum
1003 5685 1186 5755 opinio
1206 5692 1307 5740 est.
1334 5684 1457 5755 Fid.
1492 5686 1549 5740 S.
1588 5684 1812 5740 Hieron.
1835 5720 1855 5751 ,

248 5767 381 5812 tom.
417 5758 457 5811 V
485 5759 741 5828 Operutn,
769 5772 889 5828 pag.
920 5755 1017 5828 Ml
1040 5753 1055 5821 ξ
1081 5754 1204 5828 vide
1228 5756 1296 5810 du
1329 5753 1423 5828 Pin
1453 5756 1677 5828 Dissert.
1717 5771 1855 5827 pne-

245 5829 416 5892 liuiin.
438 5869 451 5892 ,
472 5825 575 5884 etc.
604 5869 618 5894 ,
636 5838 742 5899 tom
768 5825 965 5899 ll,pag.
984 5826 1074 5899 90,
1096 5826 1122 5897 ξ
1147 5842 1199 5881 ιγ
1215 5835 1268 5882 et
1290 5842 1341 5899 vg;
1360 5825 1614 5899 Galmet.,
1634 5825 1850 5899 Dis—seri.

246 5917 339 5953 cur
362 5899 434 5954 les
464 5899 505 5954 1ίῖ
514 5898 739 5970 uangiles
773 5896 1116 5970 apocryphcs,
1154 5907 1281 5953 tom.
1314 5897 1358 5962 l,
1395 5896 1684 5952 Comment.
1716 5898 1856 5953 (itte!-

245 5971 349 6026 rul.
368 5968 762 6039 surl‘Era’ngile
786 5968 846 6025 dc
860 5968 1000 6048 cuiu;
1017 5968 1294 6033 Matt/rica,
1314 5984 1435 6042 pag.
1457 5985 1587 6025 cxm
1607 5986 1777 6033 ,num.
1798 5969 1848 6026 0.

1946 3410 2144 3471 oportet
2172 3416 2422 3467 crescere,
2451 3417 2532 3456 me
2556 3411 2731 3457 autem
2755 3402 2942 3469 minui,
2969 3401 3123 3473 cujus
3164 3418 3271 3457 non
3313 3418 3430 3457 sum
3470 3403 3553 3457 di-

1944 3507 2077 3559 gnus
2114 3501 2171 3546 ut
2190 3490 2393 3546 solvam
2423 3491 2539 3563 ejus
2563 3493 2848 3566 corrigiam
2888 3492 3229 3549 calceamenti
3251 3491 3436 3565 (Joan.
3466 3509 3566 3555 ut.-

1944 3584 2037 3647 50,
2065 3595 2112 3639 et
2144 3599 2186 3646 ι.
2208 3581 2333 3655 27).
2358 3583 2499 3653 Quid
2519 3594 2604 3641 est
2622 3586 2766 3643 enim
2794 3585 3028 3659 corrigia
3057 3586 3430 3651 calceamenti,
3448 3586 3552 3642 nisi

1947 3674 2180 3747 ligatura
2206 3676 2452 3747 mysterii
2476 3676 2868 3733 incarnationis
2889 3675 3091 3733 Christi
3112 3691 3181 3732 ex
3201 3675 3422 3748 Virgine
3448 3676 3553 3732 im-

1945 3767 2251 3823 maculata?
2285 3764 2523 3824 Joannes
2549 3769 2734 3840 itaque
2777 3767 2986 3824 solvere
3025 3768 3318 3840 corrigiam
3346 3769 3553 3825 calcea-

1945 3858 2112 3913 menti
2152 3873 2261 3913 non
2305 3860 2470 3925 valet,
2496 3860 2621 3932 quia
2666 3859 3065 3917 incarnationis
3104 3859 3306 3916 Christi
3341 3871 3545 3932 myste-

1948 3951 2112 4018 rium,
2138 3967 2236 4008 nec
2258 3951 2375 4021 ipse
2397 3952 2723 4023 investigare
2744 3953 2960 4018 sufﬁcit,
2986 3952 3143 4026 54],
3175 3954 3265 4026 qui
3290 3954 3427 4012 hanc
3445 3970 3565 4027 per.

1947 4044 2247 4116 prophetia:
2274 4045 2525 4117 Spiritum
2547 4048 2782 4118 agnovit.
2808 4045 2947 4114 Quid
2968 4060 3099 4119 ergo
3118 4062 3218 4103 nos
3253 4047 3421 4103 multo
3440 4064 3550 4102 mo-

1949 4135 2038 4190 riti
2077 4134 2362 4191 inferiores
2406 4135 2727 4192 audebimus
2778 4135 3077 4205 inquirere,
3125 4138 3270 4206 quod
3305 4152 3407 4193 nec
3447 4136 3552 4209 ipsi

1948 4227 2245 4293 dzemoncs,
2265 4227 2439 4299 angeli
2469 4226 2636 4283 etiam
2664 4227 2858 4295 sancti,
2887 4243 2992 4283 non
3032 4227 3208 4284 dicam
3239 4239 3549 4300 penetrare,

1951 4322 2045 4375 sed
2060 4322 2225 4376 etiam
2241 4319 2390 4375 nullo
2407 4321 2567 4376 modo
2581 4320 2763 4377 valent
2776 4320 3026 4391 pulsam?
3052 4320 3226 4376 solum
3242 4322 3343 4376 hoc
3359 4321 3550 4378 creda-

1952 4428 2095 4479 mus,
2112 4414 2239 4485 quia
2256 4416 2408 4483 virgo
2425 4420 2552 4469 ante
2565 4422 2801 4484 partum,
2819 4414 2973 4486 virgo
2987 4414 3039 4468 in
3064 4423 3247 4484 partu,
3261 4414 3409 4486 virgo
3429 4425 3552 4485 post

1951 4514 2166 4576 partum
2179 4514 2458 4578 perpetua,
2473 4507 2591 4564 sine
2604 4508 2952 4578 corruptione
2964 4507 3164 4569 carnis,
3179 4507 3301 4563 sine
3312 4505 3455 4562 virili
3471 4507 3552 4564 lc-

1950 4616 2038 4670 ge,
2063 4602 2180 4658 sine
2206 4602 2439 4659 humana
2465 4604 3090 4673 eonsuetudine,virtute
3116 4604 3350 4676 Spiritus
3378 4605 3551 4662 sancti

1880 4680 1924 4738 D
1953 4690 2120 4748 filium
2146 4695 2415 4766 concepit,
2434 4703 2490 4751 et
2514 4697 2726 4768 peperit
2752 4695 2938 4752 clauso
2965 4696 3105 4751 uteri
3147 4695 3387 4752 claustro
3414 4714 3428 4751 :
3458 4698 3550 4767 qui

1950 4800 2113 4842 verus
2148 4786 2313 4843 homo
2347 4796 2403 4842 et
2424 4802 2587 4844 verus
2610 4788 2752 4843 Deus
2772 4797 2827 4843 et
2848 4803 2948 4859 pro
2976 4787 3134 4843 nobis
3166 4793 3469 4844 moreretur
3491 4794 3550 4846 ut

1952 4877 2133 4941 homo,
2164 4885 2219 4933 et
2243 4891 2341 4932 nos
2371 4878 2664 4934 redimeret
2689 4894 2752 4935 ac
2775 4878 3032 4934 liberaret
3058 4885 3119 4933 ut
3137 4876 3302 4935 Deus.

2023 4968 2088 5023 Et
2111 4968 2239 5039 quid
2289 4971 2487 5025 mirum
2516 4977 2620 5034 est,
2668 4970 2903 5025 fratres!
2958 4970 3003 5026 si
3035 4970 3101 5025 de
3145 4969 3359 5041 virgine
3386 4978 3549 5027 natus

1949 5070 2035 5116 est
2063 5061 2250 5117 Deus?
2281 5061 2412 5129 Quis
2451 5062 2585 5117 tanti
2633 5059 2764 5118 facti
2793 5062 3090 5133 potentiam
3120 5062 3371 5118 dubitat?
3391 5062 3549 5118 dubi-

1952 5162 2072 5210 tare
2096 5170 2202 5210 non
2251 5162 2445 5224 potest,
2479 5163 2688 5210 tantum
2738 5153 2907 5209 Deum
2932 5170 3055 5211 esse
3099 5154 3546 5225 omnipotentem.

1952 5245 2020 5300 Et
2055 5260 2246 5299 verum
2291 5252 2376 5300 est
2419 5241 2635 5309 fratres,
2679 5243 2808 5316 quia
2860 5242 3005 5301 Deus
3050 5246 3395 5317 omnipotens
3441 5255 3549 5310 est.

1951 5347 2173 5407 propter
2202 5338 2345 5409 quod
2392 5338 2576 5392 omnia
2625 5346 2822 5408 potest.
2869 5338 3150 5407 Quomodo
3193 5356 3324 5414 ergo
3375 5341 3526 5398 omni

1951 5437 2146 5499 potens
2178 5430 2305 5491 erit.
2342 5428 2387 5485 si
2428 5445 2589 5485 omne
2637 5445 2743 5485 non
2773 5433 3056 5502 potuerit?
3093 5434 3190 5491 sed
3241 5434 3424 5492 omnia
3455 5449 3551 5506 po-

2028 5543 2053 5583 b
2077 5542 2425 5621 Evangelium
2448 5543 2801 5621 de‘Transitu
2845 5546 3083 5621 Virginis
3128 5548 3270 5621 inter
3305 5546 3547 5621 Apogra-

1992 5613 2386 5689 hahrelatump
2423 5613 2655 5689 Celasio
2698 5632 2855 5689 papa,
2890 5613 3170 5689 ire'peritur
3197 5620 3251 5675 in
3278 5613 3554 5689 nonnullis

2001 5683 2305 5740 ihliothecis
2327 5683 2462 5740 Cod.
2498 5686 2667 5743 Lahb.
2694 5683 2828 5743 $53!
2883 5683 3133 5745 Lainbec.
3179 5690 3271 5745 lib.
3309 5705 3361 5744 tv
3404 5688 3541 5748 Bibi.

1954 5755 2184 5842 findat):
2205 5797 2220 5819 ,
2238 5755 2505 5842 esseni,
2522 5767 2576 5814 et
2596 5759 2688 5842 lib.
2705 5776 2748 5812 κ»
2773 5760 3019 5842 πειρηεῆ
3048 5761 3252 5818 Alieubi
3290 5759 3549 5842 tribuitur

1956 5826 1995 5903 _S
2032 5825 2244 5903 iacebo
2266 5827 2420 5903 iratri
2460 5829 2699 5903 Domini,
2738 5825 2874 5885 alibi
2905 5832 2962 5886 S.
2991 5830 3146 5887 Joan.
3175 5830 3543 5903 evangelista.

1956 5899 2114 5975 Latet
2142 5900 2337 5975 adhuc
2372 5898 2658 5975 inc-«litum.
2699 5918 2798 5956 nec
2845 5903 3039 5970 publici
3076 5905 3299 5975 interest
3320 5898 3390 5958 ut
3416 5916 3543 5975 pro-

1960 5972 2101 6028 deat.
2132 5971 3181 6043 (iulium,l.cit.,pag.cuv,u1un.:!3.
