4092 6552
423 415 564 474 1303

1245 414 1303 470 Β.
1339 414 1402 471 F.
1435 413 1662 472 ALBINI
1705 415 1839 475 SEU
1879 417 2162 477 ALCUlNl
2198 420 2486 480 OPEBUM
2523 422 2704 482 PARS
2741 423 2832 482 lx.

3595 435 3617 489 Ι
3628 435 3734 493 305

417 540 527 590 test
555 551 569 588 :
597 539 652 590 et
679 547 788 606 qua
817 529 1027 588 ratione
1050 532 1232 588 omnia
1255 532 1481 604 poterit,
1512 533 1560 589 si
1584 533 1652 588 de
1675 533 1884 608 virgine
1907 549 2015 590 non
2045 540 2092 600 Α
2122 537 2337 608 generis
2385 540 2498 610 pati
2551 541 2862 612 permiserit
2887 584 2902 607 ,
2952 542 3094 601 sicut
3142 546 3352 603 scribit'
3382 548 3677 621 Apostolus
3714 573 3726 608 :

415 626 596 699 potuit
638 625 833 683 nasci?
885 624 1063 691 Absit,
1098 623 1336 681 fratres!
1386 635 1447 681 ut
1488 625 1857 683 concedamus
1895 627 2022 682 inli-

414 719 625 776 delitati
651 717 986 784 Iudaeorum,
1023 718 1116 788 qui
1146 717 1429 789 prophetis
1475 733 1585 773 non
1622 719 1855 775 credunt
1884 718 2023 774 vati-

415 809 727 869 cinantibus
773 811 1204 868 incarnationem
1254 808 1461 866 Christi
1498 823 1599 880 per
1626 809 1890 880 virginem
1919 829 1931 864 :
1962 819 2024 866 ιιι

413 919 840 960 annumercmur
880 903 1176 967 hteretieis,
1203 903 1295 972 qui
1324 902 1430 958 hoc
1455 901 1619 957 etiam
1647 904 1870 956 credunt
1901 899 2017 974 [Ρη

411 994 688 1069 credere],
739 1005 960 1065 negant,
1019 996 1322 1066 cogitantes
1378 1007 1438 1050 se
1485 1006 1609 1049 esse
1658 993 2020 1062 sapientiores

414 1090 547 1152 Deo,
577 1088 706 1144 dum
736 1087 1119 1157 blasphemant
1167 1086 1278 1141 Deo
1309 1084 1479 1141 fuisse
1521 1083 1805 1156 indignum
1846 1090 1907 1138 ut
1950 1083 2018 1138 de

411 1178 624 1253 virgine
653 1190 989 1236 nasceretur.
1016 1176 1286 1246 Quoniam
1317 1179 1434 1232 haec
1463 1183 1652 1232 sancta
1697 1174 1796 1230 Dei
1826 1173 2017 1246 Virgo,

409 1274 568 1346 cujus
596 1272 936 1328 nativitatem
983 1269 1215 1326 solemni
1263 1265 1604 1325 celebramus
1648 1265 1852 1331 ofﬁcio,
1884 1279 2018 1320 cun—

408 1376 531 1424 ctas
559 1367 795 1421 harreses
841 1363 956 1419 sola
997 1360 1294 1426 interemit,
1330 1374 1451 1428 quae
1488 1356 1760 1413 Gabrielis
1784 1356 2018 1411 archan-

409 1457 518 1530 geli
543 1457 704 1515 dictis
731 1452 1004 1518 credidit;
1053 1451 1177 1507 ideo
1203 1447 1444 1521 perfecta
1471 1456 1600 1503 sunt
1638 1445 1820 1502 omnia
1852 1462 1882 1502 a
1912 1445 2016 1500 Do-

408 1551 558 1608 mino
586 1565 708 1622 qua:
737 1547 880 1604 dicta
909 1554 1038 1602 sunt
1064 1546 1135 1600 ei.
1169 1543 1313 1614 Ipsa,
1357 1543 1600 1613 inquam,
1646 1540 1813 1596 Maria
1843 1537 2013 1596 coale-

403 1644 507 1701 stis
536 1652 714 1713 porta,
744 1637 898 1709 cujus
924 1639 1225 1711 gaudemus
1254 1632 1444 1698 natali,
1493 1631 1630 1688 nihil
1673 1631 1817 1687 aliud
1847 1647 2012 1701 quam

404 1737 678 1794 crmlendo
700 1732 969 1804 concepit.
1003 1733 1047 1788 0
1086 1730 1212 1786 felix
1255 1730 1424 1784 Maria
1454 1738 1509 1784 et
1547 1728 1694 1784 omni
1735 1727 1890 1781 laude
1931 1725 2012 1780 di-

403 1832 687 1903 gnissima,
721 1843 844 1901 qua:
876 1827 1038 1883 talem
1069 1841 1135 1881 ac
1166 1834 1378 1880 tantum
1402 1821 1824 1893 Redemptorem
1853 1819 2009 1874 nobis

2125 630 2308 686 Etiam
2335 635 2549 703 proprio
2591 631 2736 688 Filio
2761 652 2858 690 suo
2893 652 2999 692 non
3038 641 3265 710 pepercit
3291 637 3459 708 Deus,
3505 644 3596 698 sed
3635 661 3732 716 pro

2124 720 2274 775 nobis
2315 721 2558 778 omnibus
2601 724 2825 780 tradidit
2877 721 3029 784 illum
3077 728 3252 800 (Rom.
3282 748 3402 798 vm,
3431 733 3545 804 52).
3598 736 3731 804 Quis

2124 820 2290 868 tantm
2336 814 2557 884 pietatis
2609 816 2828 874 divitias
2880 830 2987 875 non
3039 822 3430 894 Obstupescat?
3475 827 3609 897 Quis
3661 829 3729 886 ad

2122 910 2329 959 tantam
2385 903 2714 963 inell'abilem
2761 907 3088 968 charitatetn
3133 929 3241 970 non
3293 920 3724 976 contremiscatl

2121 995 2254 1063 Qttis
2292 1014 2532 1068 unquam
2567 1011 2749 1069 posset
2773 1005 3066 1066 aestimare.
3113 1011 3173 1060 ut
3210 1016 3525 1077 portaretur
3555 1013 3712 1068 mani-

2119 1089 2221 1142 bus
2249 1087 2461 1147 feminae
2492 1091 2538 1146 is
2560 1103 2809 1162 portatur
2831 1096 3025 1152 orbis?
3061 1101 3218 1166 panis
3255 1101 3572 1174 angelorum
3615 1104 3721 1158 ale-

2120 1186 2288 1243 retur,
2325 1180 2498 1236 virtns
2542 1184 2807 1240 enatorum
2855 1185 3249 1253 iniirmaretur,
3279 1200 3522 1260 potestas
3558 1193 3725 1248 εωιος

2119 1285 2240 1323 rum
2294 1271 2696 1340 humiliaretur,
2751 1285 2968 1334 creator
3017 1279 3332 1349 angelorum
3381 1283 3437 1336 in
3483 1297 3726 1355 praesepe

2116 1372 2413 1432 poneretur
2437 1374 2494 1418 et
2537 1367 2650 1421 vita
2681 1369 2928 1423 omnium
2973 1373 3321 1426 moreretur?
3374 1373 3618 1429 Mortuus
3645 1383 3725 1431 est

2115 1451 2255 1506 enim
2283 1451 2524 1508 Christus
2552 1465 2767 1525 propter
2792 1455 2988 1512 delicta
3011 1469 3215 1525 nostra,
3244 1471 3292 1514 et
3337 1466 3567 1517 surrexit
3600 1481 3722 1536 pro-

2113 1553 2231 1612 pter
2273 1543 2706 1614 iusti/irationem
2747 1557 2984 1602 nostram
3025 1548 3205 1621 (Rom.
3235 1567 3312 1618 ιν,
3340 1554 3456 1624 25).
3499 1554 3544 1610 0
3593 1571 3717 1612 vera

2115 1632 2380 1701 eharitas,
2424 1645 2481 1690 et
2522 1637 2691 1692 chara
2737 1641 3054 1696 aeternitas!
3087 1657 3123 1697 o
3148 1658 3360 1698 summa
3412 1645 3632 1703 dilectio
3661 1657 3719 1704 et

2114 1739 2361 1780 summus
2399 1729 2596 1781 amor!
2629 1736 2691 1782 ut
2734 1743 2928 1787 servus
2963 1732 3286 1800 redimatur,
3320 1733 3433 1791 tilio
3459 1753 3566 1794 non
3596 1754 3725 1809 par-

2113 1815 2276 1869 citur.
2318 1814 2602 1872 Audenter
2626 1818 2828 1887 dicam,
2861 1817 3095 1877 fratres!
3125 1823 3253 1894 quia
3281 1823 3407 1881 felix
3451 1836 3505 1883 et
3533 1845 3724 1885 neces-

400 1925 664 2000 protulit!
693 1923 738 1979 Ο
767 1924 998 1996 genituris
1024 1921 1298 1993 gloriosa!
1333 1934 1367 1973 ο
1401 1916 1576 1973 felicia
1599 1916 1785 1974 oscula
1807 1917 2014 1972 lactan.
2047 1910 2090 1970 Β
2117 1907 2264 1964 saria
2299 1907 2403 1963 fuit
2445 1911 2608 1983 culpa
2651 1914 2814 1984 primi
2851 1915 3109 1982 hominis,
3145 1933 3267 1988 quae
3318 1919 3492 1988 ipsum
3537 1920 3724 1977 Domi-

401 2021 476 2076 tis
502 2019 676 2075 labris
705 2017 966 2090 impressa
993 2016 1005 2069 ξ
1037 2030 1162 2071 cum
1187 2015 1329 2069 inter
1350 2013 1542 2068 crebra
1568 2010 1766 2066 indicia
1790 2011 2012 2080 vagien.

401 2113 474 2168 tis
511 2110 754 2168 infantiae
781 2108 1175 2181 reptantisque,
1216 2115 1278 2163 ut
1317 2113 1445 2178 pote
1474 2120 1639 2160 verus
1679 2120 1746 2160 ex
1776 2115 1831 2159 te
1863 2103 2009 2158 illius

398 2203 500 2261 tibi
528 2204 690 2261 matri
719 2203 1003 2268 alluderet,
1049 2217 1174 2258 cum
1227 2215 1392 2258 verus
1429 2215 1494 2255 ex
1526 2199 1690 2255 Patre
1739 2196 2005 2254 Dominus

398 2298 714 2370 Imperat-et.
767 2295 938 2352 Natus
966 2311 1031 2350 ex
1066 2301 1140 2359 te,
1189 2294 1283 2365 qui
1333 2292 1465 2348 fecit
1495 2300 1568 2346 te.
1620 2291 1793 2348 Natus
1832 2304 1900 2346 ex
1929 2299 2004 2354 te,

396 2391 491 2462 qui
521 2406 589 2446 ex
618 2396 773 2463 petra
801 2385 1000 2458 populo
1023 2385 1228 2444 sitienti
1264 2399 1461 2455 aquam
1508 2383 1785 2452 produxit.
1836 2381 2008 2439 Natus

395 2488 484 2540 est
506 2497 570 2537 ex
601 2488 677 2545 te,
699 2481 791 2553 qui
838 2480 1008 2552 Moysi
1041 2480 1094 2534 in
1140 2479 1264 2549 igne
1311 2476 1544 2532 ﬂamma:
1574 2477 1694 2531 rubi
1732 2475 2003 2548 apparuit,

393 2585 453 2630 et
480 2579 530 2631 ei
562 2575 736 2646 legem
786 2573 841 2630 in
881 2572 1010 2627 Sina
1059 2571 1228 2628 dedit.
1281 2570 1451 2626 Natus
1497 2581 1604 2636 est,
1661 2571 1752 2642 qui
1795 2570 2004 2643 virgam

394 2667 574 2725 Aaron
605 2666 724 2724 sine
771 2682 912 2738 aqua
941 2664 1254 2736 germinare
1297 2662 1448 2730 fecit,
1478 2672 1533 2719 et
1571 2679 1639 2721 ex
1677 2679 1742 2720 ea
1793 2662 2005 2720 fruetus

393 2759 669 2832 produxit.
703 2758 784 2815 Es
815 2767 870 2815 te
909 2767 1072 2814 natus
1100 2767 1204 2822 est,
1247 2759 1340 2829 qui
1382 2757 1612 2828 pedibus
1658 2773 1824 2831 super
1851 2772 2003 2813 mare

391 2853 718 2920 ambulavit,
744 2862 801 2910 et
829 2867 895 2910 ex
935 2851 1187 2922 sepulcro
1211 2860 1270 2906 ut
1314 2851 1398 2907 leo
1427 2850 1688 2915 surrexit,
1720 2861 1775 2906 et
1803 2852 1855 2905 in
1891 2865 2005 2906 ca:-

392 2944 476 3003 los
503 2946 679 3001 victor
706 2945 972 3000 asccnelit.
1010 2942 1180 2999 Natus
1206 2952 1289 2999 cst
1323 2957 1387 2998 ex
1419 2952 1491 3006 te,
1523 2943 1575 3001 in
1607 2943 1762 3014 cujus
1793 2942 2000 2998 vultum

390 3038 708 3095 desiderant
728 3037 904 3108 angeli
934 3037 1266 3107 prospicere.
1305 3037 1379 3093 Ev
1411 3043 1463 3090 te
1511 3044 1670 3092 natus
1689 3045 1793 3100 est,
1822 3037 1912 3103 qui
1946 3035 2000 3090 in

389 3146 453 3189 se
493 3128 840 3186 credentibus
887 3130 1054 3184 vitam
1105 3129 1294 3184 tribuit
1343 3128 1750 3196 sempiternam.
1800 3126 1844 3182 0
1873 3125 1997 3182 felix

389 3221 635 3280 femina!
688 3221 938 3278 laetabilis
981 3221 1208 3291 angelis,
1249 3219 1503 3289 optabilis
1548 3218 1774 3282 sanctis,
1819 3217 2000 3273 minor

388 3323 476 3372 est
502 3314 622 3372 laus
653 3327 767 3380 tua,
799 3329 964 3385 quam
1006 3312 1243 3382 dignitas
1286 3321 1376 3366 tua
1417 3321 1696 3373 meretur;
1749 3309 1999 3364 intendat

395 3409 638 3465 clraritas
664 3417 877 3474 vestra,
918 3406 1282 3470 dilectissimi,
1315 3405 1432 3459 haec
1468 3413 1645 3458 mater
1680 3401 1888 3457 Christi
1918 3400 1996 3454 al-

389 3504 499 3560 tior
521 3511 606 3560 est
644 3502 826 3560 C(BlO:
872 3500 1072 3571 abysso
1118 3509 1202 3553 est
1236 3495 1577 3568 protundior.
1631 3493 1823 3550 Merito
1865 3508 1996 3566 ergo

386 3605 582 3653 vocata
611 3601 699 3652 est
722 3592 944 3649 domina
974 3590 1314 3663 angelorum,
1363 3597 1569 3643 tremor
1593 3585 1914 3649 inferorum,
1940 3595 1998 3642 et

386 3697 564 3747 mater
584 3690 847 3762 gentium.
881 3687 958 3742 De
978 3687 1092 3758 ipsa
1122 3685 1270 3742 enim
1299 3683 1757 3756 Psalmographus
1779 3679 1990 3751 inquit:

387 3785 573 3858 Specie
597 3795 692 3839 tua
714 3791 763 3839 et
787 3781 1182 3856 pulchritudine
1209 3789 1319 3846 tua,
1345 3779 1557 3832 intende
1575 3777 1841 3850 prospere,
1870 3789 1995 3846 pro-

387 3877 511 3933 cede
532 3887 582 3934 et
611 3894 771 3948 regna
799 3871 975 3949 (l’sal.
1023 3889 1171 3939 κων,
1203 3870 1282 3944 5).
1315 3872 1383 3926 Et
1412 3871 1644 3926 iterum:
1670 3868 1849 3924 Astitit
1893 3864 1996 3920 Re-

387 3970 513 4042 gina
543 3988 576 4025 a
618 3969 817 4024 dextris
871 3966 966 4023 Dei
998 3969 1051 4023 in
1109 3968 1298 4022 vestitu
1350 3964 1607 4018 deaurato
1646 3960 1837 4034 (Ibid,
1876 3959 1987 4032 10).

384 4063 520 4120 Item
545 4082 559 4119 :
587 4062 748 4128 Audi,
764 4062 903 4134 ﬁlia,
927 4071 976 4117 et
1003 4059 1139 4129 uide,
1163 4069 1212 4114 et
1240 4057 1440 4114 inclina
1461 4073 1644 4112 aurem
1670 4065 1840 4121 tuam,
1864 4055 1991 4126 quia

383 4157 681 4229 concupivit
712 4172 804 4211 rex
833 4155 1020 4228 gloria:
1058 4155 1281 4226 speciem
1323 4163 1472 4207 tuum
1513 4151 1702 4216 (llud,
1746 4150 1835 4216 li,
1877 4149 1987 4221 12).

383 4253 462 4307 Ita
493 4249 801 4322 concupivit
829 4263 926 4304 rex
959 4247 1147 4321 gloria:
1192 4246 1429 4316 speciem
1472 4254 1677 4301 sancta:
1723 4243 1987 4312 Virginis,

382 4346 520 4400 utin
552 4359 652 4400 suo
688 4356 748 4398 se
774 4340 1050 4398 clauderet
1081 4339 1426 4395 inell'abiliter
1461 4346 1638 4404 utero,
1687 4337 1864 4392 factus
1892 4336 1989 4392 lto—

383 4452 493 4494 mo.
527 4435 607 4492 Ita
633 4433 946 4504 concupivit
977 4448 1068 4487 rex
1117 4431 1352 4502 speciem
1399 4431 1538 4501 ejus,
1570 4439 1632 4486 ut
1659 4445 1723 4486 ex
1774 4445 1838 4485 ea
1865 4444 1986 4483 car-

384 4543 509 4584 nem
553 4531 880 4589 assumeret,
921 4524 1013 4594 qui
1041 4521 1214 4578 Adain
1249 4531 1549 4577 creaverat.
1600 4520 1666 4576 Et
1695 4522 1821 4574 item
1852 4518 1982 4590 quid

2111 2015 2241 2054 num
2267 2015 2424 2057 suum
2453 2001 2659 2071 habere
2695 2005 2900 2062 meruit
2926 2003 3364 2079 Redemptorem.
3403 2011 3608 2083 Anguis
3638 2012 3726 2066 in—

2113 2093 2270 2148 vidua
2313 2094 2368 2149 in
2413 2096 2670 2166 paradiso
2718 2099 2871 2155 virus
2919 2099 3109 2157 elludit
3155 2103 3392 2172 letbale;
3431 2106 3509 2161 sic
3546 2121 3726 2178 agnus

2111 2186 2356 2256 placidus
2384 2188 2450 2244 de
2479 2204 2688 2246 veneno
2713 2190 2843 2247 fecit
2864 2194 3209 2263 medicinam,
3234 2197 3304 2252 de
3324 2207 3467 2254 terra
3491 2202 3718 2266 emtum,

2111 2277 2180 2332 de
2208 2280 2404 2335 arbore
2432 2296 2678 2348 erucem,
2720 2282 2790 2338 de
2821 2283 3002 2341 fructu
3042 2289 3230 2354 vitam,
3260 2290 3328 2345 de
3362 2297 3581 2348 terreno
3605 2307 3722 2348 cm-

2110 2367 2321 2424 lestem.
2354 2369 2511 2427 Sicut
2557 2373 2779 2428 vendito
2809 2371 3008 2448 Joseplt
3040 2393 3070 2432 a
3116 2379 3379 2437 fratribus
3402 2383 3470 2439 de
3514 2384 3718 2442 invidia

2109 2457 2238 2514 fecit
2264 2459 2516 2532 gloriam,
2546 2461 2613 2517 de
2649 2465 2866 2535 captivo
2914 2467 3135 2524 vendito
3179 2469 3484 2544 principem
3529 2477 3718 2532 vendi-

2110 2559 2281 2609 torem
2313 2563 2664 2612 exteruorum
2690 2573 2707 2624 ;
2738 2559 2818 2615 sic
2850 2561 2916 2615 de
2946 2559 3144 2619 femina
3185 2566 3472 2638 palatium,
3499 2571 3567 2626 de
3596 2587 3714 2627 mu-

2107 2641 2240 2698 liere
2287 2643 2547 2714 templum
2599 2661 2780 2712 suum,
2834 2651 2901 2708 de
2951 2651 3119 2708 Maria
3157 2656 3436 2713 caelestem
3486 2647 3707 2717 aditum.

2108 2732 2411 2790 Concinant
2431 2752 2578 2792 nunc
2597 2738 2845 2797 hetantes
2884 2744 3081 2815 angeli,
3111 2749 3452 2807 exsultantes
3474 2753 3703 2810 archan-

2107 2828 2233 2898 geli,
2263 2828 2526 2884 cherubin
2561 2839 2724 2904 atque
2752 2837 3033 2906 seraphin,
3065 2840 3246 2897 throni
3276 2852 3442 2914 atque
3466 2844 3715 2902 domina-

2109 2919 2302 2982 tiones,
2349 2922 2688 3002 principatus
2730 2933 2788 2981 et
2831 2937 3148 2996 potestates,
3184 2933 3416 2991 virtutes
3443 2936 3708 2996 cmlorum

2106 3026 2228 3066 cum
2259 3011 2428 3082 gloria
2459 3012 2688 3070 adorent
2711 3023 2766 3072 et
2793 3017 2977 3074 dicant
3005 3041 3016 3075 :
3047 3019 3298 3093 Sanctus,
3321 3037 3560 3096 sanctus,
3583 3049 3715 3088 sats-

2107 3111 2221 3157 ctus
2247 3102 2505 3158 Dominus
2544 3104 2686 3162 Deus
2733 3107 2996 3178 Sabaoth,
3024 3111 3166 3184 pleni
3191 3125 3314 3173 sunt
3355 3119 3472 3174 coeli
3495 3132 3544 3176 et
3570 3132 3714 3179 terra

2105 3191 2296 3264 gloria.
2323 3191 2542 3254 Osanna
2568 3197 2624 3253 in
2647 3198 2887 3255 excelsis.
2922 3201 3128 3270 Nostis,
3157 3203 3397 3264 fratres!
3444 3212 3572 3281 quia
3605 3211 3712 3269 Su-

2026 3273 2074 3337 C
2103 3285 2259 3340 baoth
2285 3285 2487 3344 dicitur
2515 3291 2854 3348 exercituum
2881 3309 2896 3361 ;
2931 3292 3152 3352 Osanna
3178 3298 3444 3370 salvilica,
3462 3273 3559 3360 ’νει
3601 3303 3707 3360 sal-

2100 3392 2229 3434 vum
2262 3378 2367 3435 fac.

2169 3493 2435 3566 Denique,
2463 3513 2587 3554 cum
2629 3498 2946 3558 beatissima
2976 3503 3130 3576 virgo
3155 3504 3324 3562 Maria
3353 3507 3559 3580 repleta
3583 3507 3707 3582 Spi-

2098 3585 2207 3642 ritu
2237 3600 2430 3643 sancto
2454 3590 2668 3645 veniret
2709 3591 2764 3647 in
2807 3594 3025 3664 domum
3056 3597 3356 3666 Elisabeth,
3404 3598 3706 3658 Essuttuoit

2096 3679 2152 3732 in
2179 3689 2328 3734 utero
2355 3681 2468 3752 ejus
2496 3681 2649 3755 (Luc.
2673 3700 2713 3750 I,
2745 3684 2856 3756 4i).
2903 3687 3166 3746 Dominus
3192 3705 3323 3765 ergo
3357 3695 3700 3753 exercituum

2087 3769 2203 3841 jam
2230 3774 2639 3832 demonstrabat
2676 3780 2875 3850 gaudio
2903 3798 3002 3838 suo
3032 3786 3227 3852 aciem,
3279 3787 3577 3858 propellere
3604 3790 3704 3847 tri-

2095 3864 2300 3919 stitiam
2333 3875 2390 3922 et
2433 3870 2697 3924 mundum
2747 3871 2802 3926 in
2840 3880 2986 3930 terra
3042 3879 3314 3947 perditura
3364 3881 3419 3936 in
3454 3881 3698 3940 excelsis

2094 3954 2528 4012 salvilicandutn.
2564 3959 2814 4032 Magnum
2853 3974 3036 4021 autem
3072 3984 3254 4040 regem
3287 3971 3703 4034 salvilicandum

2095 4045 2213 4137 [ἔθη
2248 4049 2644 4108 salvilicantem
2685 4055 2902 4130 parere]
2931 4057 3118 4116 debuit
3159 4061 3348 4132 Maria,
3391 4067 3521 4137 quia
3548 4067 3604 4124 in
3635 4085 3699 4128 ea

2086 4135 2202 4206 jam
2231 4149 2350 4194 erat
2374 4141 2686 4200 eastilicans
2715 4161 2781 4201 ac
2825 4149 3177 4209 sanetillcans
3205 4148 3330 4213 eam
3355 4172 3372 4224 ;
3410 4135 3544 4217 nam
3576 4171 3698 4231 post

2091 4235 2513 4293 admirationem
2540 4239 2813 4298 Elisabeth
2845 4241 3059 4316 [SuppL
3103 4250 3332 4324 repleta]
3355 4262 3548 4322 sancto
3575 4254 3694 4325 Spi-

2091 4327 2198 4382 ritu
2223 4327 2360 4384 dixit
2385 4330 2452 4386 ad
2483 4330 2710 4388 Mariam
2734 4351 2748 4388 :
2782 4333 2934 4393 Unde
2961 4338 3060 4395 hoc
3083 4342 3214 4398 mihi
3240 4353 3298 4398 ut
3322 4348 3494 4401 veniat
3530 4359 3694 4403 mater

2087 4418 2304 4475 Domini
2331 4423 2434 4477 mei
2458 4423 2530 4478 ad
2559 4441 2640 4481 nte
2682 4423 2834 4498 (Luc.
2864 4445 2904 4495 ι,
2932 4427 3047 4495 45).
3083 4431 3235 4489 Tunc
3263 4446 3442 4493 mater
3488 4439 3689 4498 Christi

2087 4514 2296 4584 repleta
2329 4513 2534 4587 Spiritu
2565 4528 2756 4576 sancto
2785 4521 2926 4578 dixit
2970 4523 3302 4598 :Mugrn'ﬁcat
3347 4533 3527 4586 anima
3572 4550 3687 4588 mea

379 4617 545 4690 digne
567 4617 830 4680 dicamus,
878 4623 974 4669 aut
1000 4614 1127 4686 quid
1170 4612 1470 4668 referemus
1509 4613 1564 4668 in
1612 4611 1823 4666 laudem
1871 4620 1980 4666 tam
2018 4650 2064 4708 D
2091 4606 2470 4708 Domini-int,“
2499 4611 2776 4708 eisultat-it
2806 4615 3022 4708 spiritus
3062 4633 3209 4673 meus
3231 4621 3288 4675 in
3329 4621 3440 4676 Deo
3463 4624 3693 4684 salutari

382 4709 633 4782 gloriosa:
670 4705 948 4779 genitricis
982 4705 1121 4760 Dei?
1171 4704 1346 4762 Sileat
1373 4720 1518 4759 nunc
1551 4704 1732 4774 lingua
1775 4705 1978 4768 carnis,

379 4811 442 4858 ut
462 4803 650 4858 eadem
678 4810 863 4856 sancta
918 4799 1011 4853 Dei
1057 4798 1290 4870 geniti-ix
1322 4797 1694 4852 demulceatur
1737 4799 1978 4868 organis,

377 4895 638 4968 plaudunt
685 4909 828 4948 nunc
881 4901 1161 4960 tympana,
1223 4898 1418 4945 sonent
1471 4905 1697 4960 organa,
1748 4891 1982 4946 tiuniaut

378 5001 542 5042 aures
583 4985 902 5040 amantium.
948 4981 1214 5048 Plaudite,
1265 4997 1445 5037 omnes
1469 4991 1667 5052 gentes,
1711 4983 1972 5046 manibus,

374 5077 599 5149 iabilate
622 5076 728 5130 Deo
753 5077 806 5129 in
845 5092 967 5129 voce
997 5073 1389 5138 exsultationis,
1419 5075 1669 5143 quoniam
1719 5072 1979 5128 Dominus

377 5167 616 5224 excelsus
661 5165 909 5221 terribilis
937 5174 985 5219 et
1031 5181 1121 5218 rei:
1147 5180 1370 5234 magnus
1405 5180 1564 5234 super
1591 5180 1770 5221 omnes
1821 5162 1975 5218 cales

381 5256 554 5330 (Psal.
580 5273 727 5323 XLVI,
756 5258 814 5322 2,
842 5258 920 5329 5),
947 5264 1002 5310 et
1043 5271 1209 5326 super
1254 5269 1470 5311 omnem
1505 5264 1726 5310 terram.
1760 5255 1838 5310 Ex
1868 5257 1978 5310 vir-

379 5354 502 5424 gine
522 5351 688 5406 Maria
717 5349 865 5405 nasci
889 5350 1141 5420 dignatus
1160 5357 1265 5412 est,
1292 5355 1346 5402 et
1369 5343 1598 5401 Creator
1625 5361 1691 5400 ex
1723 5354 1973 5407 creatura

380 5444 546 5516 legali
574 5443 760 5499 trabea
791 5458 955 5498 carne
989 5441 1208 5497 indutus
1233 5456 1302 5496 ex
1332 5438 1558 5509 virginis
1597 5439 1800 5513 palatio
1846 5441 1975 5496 visi-

377 5542 496 5592 tare
515 5534 767 5605 diguatus
791 5541 875 5590 est
897 5533 1181 5590 mundum.

448 5623 495 5680 0
519 5625 655 5683 mira
677 5624 822 5680 circa
855 5637 955 5680 nos
982 5621 1370 5699 omnipotentis
1392 5624 1573 5679 Patris
1599 5629 1654 5678 et
1683 5623 1970 5686 ineffabilis

373 5716 595 5793 pietatis
637 5717 895 5773 dilectio!
948 5715 1079 5791 Quis
1134 5731 1370 5786 unquam
1420 5724 1606 5786 posset
1653 5732 1871 5787 sperare
1914 5727 1975 5775 ut

377 5804 520 5864 Dens
549 5823 614 5862 es
641 5805 842 5862 femina
871 5807 1230 5864 nasceretur?
1259 5805 1305 5861 0
1334 5807 1725 5869 inaestimabilis
1753 5807 1971 5867 dilectio

377 5900 697 5962 rharitatist
733 5912 786 5957 ut
819 5901 958 5956 Deus
985 5901 1179 5960 Filium
1227 5917 1380 5961 suum
1404 5916 1504 5976 pro
1544 5902 1718 5962 salute
1748 5905 1965 5964 humaw'

2089 4715 2203 4752 meo
2261 4699 2450 4772 (Ibitl.,
2506 4700 2619 4774 47).
2682 4705 3043 4772 Quaerendum
3085 4710 3244 4766 nobis
3287 4722 3396 4779 est,
3450 4715 3687 4772 fratres!

2087 4791 2216 4862 quid
2246 4795 2318 4847 sit
2342 4793 2634 4850 Dominum
2667 4798 3021 4868 magnificare
3049 4816 3065 4868 ;
3093 4817 3271 4874 neque
3292 4807 3436 4862 enim
3461 4807 3690 4867 Creator

2089 4885 2203 4940 fieri
2249 4892 2426 4954 potest
2466 4903 2698 4960 magnus
2725 4905 2753 4944 a
2781 4901 3052 4948 creatura.
3103 4893 3238 4950 Cum
3279 4897 3538 4956 dicatur:
3581 4898 3687 4967 Qui

2084 4979 2205 5034 vivit
2235 4981 2289 5032 in
2311 4990 2587 5049 trternum,
2617 4986 2812 5040 creauit
2842 5003 2994 5043 omne
3015 4988 3177 5044 simul
3219 4990 3389 5064 (Eccl.
3421 5009 3578 5059 xvm,
3606 4995 3684 5066 l),

2084 5067 2153 5122 Et
2192 5069 2480 5127 Psaltnista
2518 5091 2531 5131 ;
2579 5071 2740 5146 542
2782 5073 3065 5133 Fundutor
3102 5078 3470 5138 exsultationis
3508 5081 3685 5156 [l.eg.,

2077 5160 2337 5230 fundatur
2355 5163 2728 5238 exsultatione]
2747 5168 3004 5223 universa:
3025 5176 3180 5226 terra:
3203 5167 3571 5243 (Psal.’Xt.vu,
3591 5175 3682 5247 5);

2076 5263 2134 5314 et.
2155 5255 2324 5312 alibi:
2373 5255 2601 5328 Magnus
2657 5257 2913 5318 Dominus
2959 5271 3155 5329 noster,
3205 5274 3256 5320 et
3287 5282 3480 5338 magna
3516 5266 3684 5324 virtus

2075 5349 2211 5420 ejus,
2237 5359 2285 5403 et
2324 5350 2595 5421 sapientite
2621 5351 2738 5424 ejus
2778 5369 2884 5411 non
2910 5365 2986 5411 est
3024 5372 3273 5414 numerus
3304 5358 3478 5431 (Paul.
3498 5376 3680 5425 σιω-ι,

2073 5442 2151 5512 ii).
2183 5442 2289 5498 Sed
2322 5443 2530 5500 duobus
2567 5443 2770 5504 dicitur
2797 5448 2974 5505 modis
3017 5449 3159 5506 Deus
3198 5452 3560 5522 ntagnilieari,
3591 5455 3677 5509 vel

2080 5537 2322 5601 adorari,
2364 5549 2421 5593 ut
2455 5539 2635 5606 Deus;
2663 5549 2757 5596 aut
2785 5542 3068 5610 admirari,
3101 5553 3158 5600 ut
3191 5562 3438 5619 magnus.
3478 5546 3681 5621 Magni-

2080 5626 2274 5684 liratur
2299 5628 2447 5684 enim
2490 5629 2632 5686 Deus
2659 5645 2688 5684 a
2720 5631 2896 5699 nobis,
2937 5649 3060 5691 cum
3088 5637 3467 5709 magnitieatur
3493 5638 3547 5694 in
3582 5655 3679 5695 no-

2078 5721 2182 5777 bis.
2213 5721 2320 5776 Sed
2349 5735 2458 5777 non
2483 5723 2564 5778 sic
2592 5723 2972 5794 magnificatur
3004 5727 3055 5781 in
3082 5729 3262 5794 nobis,
3308 5730 3450 5787 sicut
3475 5732 3679 5801 magni-

2080 5813 2273 5870 licatur
2323 5815 2378 5875 in
2431 5815 2616 5882 Maria,
2669 5816 2813 5872 unde
2861 5833 3083 5877 carnem
3133 5824 3443 5894 assumpsit.
3474 5823 3551 5880 Ex
3588 5825 3673 5879 illa

2076 5909 2220 5965 enim
2256 5907 2348 5963 Dri
2386 5908 2554 5968 Filias
2592 5917 2676 5966 est
2729 5916 2907 5969 natus.
2963 5908 3324 5981 Siugulariter
3371 5929 3500 5975 sane
3533 5914 3674 5974 Deus
