4092 6524
199 415 339 477 I305

1234 420 1384 477 OPP.
1429 419 1834 479 SUPPOSITA.
1871 451 1945 465 -—
1983 419 2294 479 HOMILIAB
2336 418 2430 479 IV.

3362 427 3504 487 Ιῦοϐ

195 532 577 605 unagniflcatur
607 532 661 588 lu
693 529 886 600 Maria,
917 532 1046 589 dum
1075 532 1192 604 ipsa
1221 533 1390 590 verbo
1419 531 1672 604 concepit
1697 531 1791 588 ιη-
1822 537 1868 593 Α
1897 534 2104 604 genuit,
2138 532 2308 589 vitam
2329 532 2654 591 mortalibus
2685 535 2932 606 protulit.
2975 534 3116 592 Vere
3154 536 3303 594 enim
3339 540 3503 596 beata

191 620 347 689 lium,
376 632 432 680 et
462 624 582 681 sine
624 622 813 680 dolore
845 623 1079 697 peperit,
1127 632 1184 680 et
1233 623 1454 681 iactavit
1500 637 1684 696 regem
1734 631 1793 680 et

191 711 533 771 Salvatorem
559 716 802 771 omnium
850 713 1198 771 stt-culorum.
1248 713 1627 786 Magniﬁcatur
1659 728 1790 784 ergo

185 800 451 863 Dominus
477 805 531 860 in
558 802 766 871 Maria;
812 804 1192 876 magniﬁcetur
1220 812 1276 860 et
1315 805 1371 860 in
1398 803 1575 870 nobis,
1618 802 1665 862 si
1692 804 1791 859 ad-

184 896 465 962 miremur,
494 895 849 968 gratulemur,
897 906 952 953 et
979 895 1183 967 gratias
1232 896 1310 952 illi
1353 912 1595 967 agamus.
1645 894 1787 950 Lau-

180 985 377 1044 demus
418 986 595 1051 illum,
643 986 935 1042 adoremus
981 986 1159 1052 illum,
1209 986 1302 1056 qui
1330 985 1398 1041 de
1446 984 1687 1040 tenebris
1727 992 1785 1039 et

181 1078 373 1135 umbra
396 1075 589 1135 mortis
615 1078 831 1134 vocavit
858 1077 927 1132 ad
965 1077 1153 1143 fidem,
1184 1078 1253 1135 ad
1279 1077 1447 1133 vitam
1487 1077 1555 1132 de
1581 1084 1780 1141 morte,

180 1171 250 1229 ad
275 1172 742 1243 incorruptionem
783 1172 850 1227 de
897 1172 1264 1242 corruptione,
1314 1171 1383 1226 ad
1426 1169 1661 1239 patriam
1711 1169 1781 1224 de

178 1263 395 1330 exsilio,
427 1262 495 1321 ad
526 1264 784 1335 gaudium
808 1263 877 1320 de
920 1262 1092 1329 luctu,
1136 1270 1302 1334 atque
1345 1263 1413 1317 ad
1439 1261 1684 1318 celestia
1710 1260 1779 1316 de

177 1357 413 1413 terrenis
438 1356 735 1412 revocavit.
768 1355 1047 1413 imitemur
1075 1357 1129 1411 in
1158 1354 1361 1427 aliquo,
1408 1352 1629 1418 fratres,
1660 1367 1776 1408 ma-

174 1457 318 1505 trem
345 1447 583 1514 Domini,
608 1449 653 1505 si
680 1447 930 1504 volumus
958 1447 1079 1504 fieri
1106 1446 1204 1503 ﬁlii
1231 1446 1366 1517 ejus,
1400 1454 1457 1502 et
1481 1445 1777 1517 participes

172 1558 341 1614 regno
373 1542 588 1599 Domini
612 1540 804 1597 nostri.
835 1540 954 1612 Ipsa
980 1548 1129 1595 certe
1154 1539 1272 1594 ideo
1293 1545 1377 1595 est
1397 1545 1571 1593 mater
1597 1535 1778 1591 Domi-

170 1636 228 1692 ul
261 1633 477 1700 etl'ecta,
508 1634 633 1705 quia
658 1647 873 1703 semper
895 1631 1268 1687 delectabatur
1296 1630 1366 1686 ad
1390 1629 1633 1686 ctelestia
1663 1644 1678 1693 ;
1719 1636 1776 1683 et

171 1743 273 1785 nos
321 1729 368 1784 si
410 1727 724 1784 coelestibus
770 1724 1066 1791 inhiamus,
1118 1723 1453 1780 voluntatem
1493 1712 1588 1777 Del
1638 1719 1775 1776 faci-

168 1833 331 1884 mus;
363 1819 410 1874 si
438 1824 620 1873 autem
650 1815 745 1871 Dei
770 1815 1101 1870 voluntatem
1148 1814 1380 1884 agimus,
1406 1826 1693 1883 possumus
1714 1810 1769 1865 in

1890 622 2195 693 humilitas,
2225 641 2347 697 qua
2367 624 2534 684 caelos
2563 629 2858 698 nuntiavit,
2894 630 3193 697 innovavit,
3226 634 3491 690 mundum

1887 714 2212 786 purilicavit,
2246 719 2563 789 paradisum
2592 720 2826 792 aperuit,
2853 730 2911 777 et
2945 731 3259 779 sanctorum
3287 726 3503 785 animas

1886 806 1956 861 ab
1985 804 2173 863 inferis
2202 805 2473 864 liberavit.
2506 809 2673 866 Beata
2698 827 2821 867 vere
2847 810 3152 880 humilitas,
3178 830 3299 885 quae
3336 827 3499 888 porta

1885 895 2124 965 paradisi
2148 893 2307 963 effici,
2329 896 2475 955 scala
2505 899 2630 957 caeli
2656 901 3008 957 constituitur
3032 922 3043 958 :
3080 902 3244 961 Facta
3274 915 3360 963 est
3382 906 3499 965 Ila-

1885 986 1969 1042 ria
1983 987 2127 1043 scala
2142 989 2403 1046 caelestis.
2421 988 2599 1057 Scala,
2617 991 2861 1062 inquam,
2879 995 2999 1049 caeli
3015 998 3383 1063 constituitur,
3397 1014 3496 1070 per

1884 1091 2050 1146 quam
2067 1077 2211 1134 Deus
2225 1080 2509 1135 descendit
2529 1081 2597 1136 ad
2621 1089 2815 1137 terras.
2843 1082 3007 1140 Facta
3028 1095 3111 1141 est
3128 1086 3294 1142 Maria
3311 1089 3491 1160 palma

1882 1168 2177 1239 virginum,
2212 1169 2383 1240 gloria
2405 1170 2713 1239 viduarum,
2744 1175 3036 1232 exsultatio
3069 1175 3385 1251 conjugum,
3412 1184 3493 1237 vi-

1878 1258 2052 1314 ctoria
2073 1259 2530 1326 Christianorum,
2559 1262 2815 1333 gaudium
2838 1267 3154 1338 angelorum
3180 1308 3193 1322 .
3216 1308 3232 1324 .
3249 1308 3264 1322 .
3288 1270 3495 1326 anima-

1879 1366 2022 1406 rum.
2051 1349 2215 1406 Facta
2232 1360 2315 1407 est
2332 1350 2501 1408 Maria
2518 1350 2687 1423 janua
2702 1354 2989 1423 caelorum,
3023 1359 3337 1417 sublimatio
3361 1377 3492 1433 apo-

1877 1440 2163 1507 stolorum,
2189 1441 2306 1499 laus
2328 1452 2650 1513 martyrum,
2670 1447 2927 1518 jubilatio
2947 1450 3344 1518 confessor-um,
3365 1468 3491 1510 con.

1878 1533 2106 1589 tinentia
2125 1534 2398 1607 virginum
2422 1537 2606 1608 regula
2637 1542 3051 1609 monachorum,
3068 1561 3259 1601 norma
3286 1546 3474 1618 princi

1873 1640 2023 1696 pum,
2036 1626 2248 1697 justitia
2272 1644 2483 1701 regum.
2513 1628 2678 1686 Facta
2696 1638 2779 1687 est
2795 1634 2942 1688 salus
2958 1650 3189 1699 morum,
3218 1652 3367 1694 mors
3381 1639 3487 1696 cri-

1876 1717 2110 1784 minum,
2135 1719 2247 1773 vita
2276 1720 2562 1787 virtutum,
2596 1723 2771 1779 virtus
2798 1726 3175 1797 pugnantium,
3200 1727 3378 1798 palma
3398 1728 3487 1784 vi-

1874 1821 2106 1867 ctorum.
2132 1811 2298 1870 Facta
2325 1822 2409 1869 est
2440 1813 2607 1870 Maria
2640 1816 2852 1873 excelsa
2881 1833 3045 1889 super
3067 1820 3267 1875 sidera.
3293 1832 3483 1878 sancta

166 1923 397 1965 numero
424 1908 617 1963 matris
642 1917 702 1964 et
728 1904 1017 1972 vocabulo,
1042 1905 1171 1961 licet
1200 1920 1308 1959 non
1332 1902 1652 1961 naturaliter
1683 1900 1769 1959 vel
1801 1902 1845 1962 Β
1871 1912 2035 1968 super
2057 1913 2248 1956 omnes
2279 1898 2531 1967 feminas,
2564 1901 2719 1975 cujus
2742 1904 2853 1959 vita
2878 1905 3080 1978 inclyta
3103 1915 3331 1977 cunctas
3353 1907 3480 1965 illa-

163 1999 408 2071 proprie,
434 1999 579 2056 sicut
620 2001 755 2069 ipsa,
803 1997 1069 2067 deputari.
1116 1997 1235 2069 Ipse
1269 2010 1502 2064 namque
1534 1992 1770 2067 Virginis

164 2091 336 2149 Filius
359 2092 525 2148 dicit:
573 2092 633 2147 Si
675 2092 791 2163 quis
826 2091 1006 2163 fecerit
1056 2087 1237 2144 Patris
1284 2088 1384 2143 mei
1425 2086 1766 2153 uoluntatem,

160 2187 273 2253 ipse
305 2201 452 2240 meus
476 2185 643 2254 frater
661 2194 709 2239 et
738 2199 892 2239 soror
913 2192 959 2236 et
988 2192 1156 2236 mater
1178 2192 1251 2234 est
1277 2178 1496 2252 (Matth.
1521 2194 1622 2244 xu,
1649 2177 1762 2251 50).

162 2277 273 2334 Nos
303 2292 434 2349 ergo
476 2278 610 2333 nihil
640 2276 1090 2347 concupiscamus
1120 2286 1424 2341 terrenum,
1450 2271 1587 2329 nihil
1616 2282 1766 2327 tran-

156 2370 434 2435 sitorium,
469 2380 544 2436 et,
574 2369 720 2441 quod
742 2370 809 2424 ad
834 2382 1076 2439 praesens
1103 2375 1187 2421 est
1212 2366 1289 2421 sic
1318 2374 1378 2420 ut
1406 2364 1761 2421 delectemur.

156 2461 388 2520 Omnem
415 2462 586 2517 risum
616 2475 717 2533 pro
743 2459 892 2515 luctu
934 2460 1274 2528 deputemus,
1302 2465 1358 2511 et
1382 2454 1641 2528 gaudium
1666 2469 1766 2524 pro

157 2569 417 2619 mturare,
450 2562 505 2609 et
538 2551 799 2608 mundum
841 2566 942 2621 pro
990 2564 1231 2606 carcere.
1282 2547 1434 2602 Mens
1473 2562 1594 2618 qua-
1637 2547 1767 2603 soli-

152 2647 283 2703 data
333 2648 387 2702 in
438 2645 656 2701 Christo
698 2650 1004 2715 permanet,
1057 2640 1264 2698 nullum
1308 2639 1363 2694 in
1408 2638 1513 2694 hoc
1565 2638 1764 2693 sazculo

151 2740 356 2811 (Interit
383 2740 665 2811 gaudium,
697 2738 841 2795 unde
871 2736 1150 2800 Salomon,
1178 2733 1397 2788 Nullum
1424 2741 1528 2796 est,
1562 2730 1761 2800 inquit,

150 2833 411 2905 gaudium
435 2832 538 2887 nisi
564 2832 619 2886 in
647 2830 877 2886 Domino
900 2845 914 2895 ;
939 2828 1068 2883 hinc
1098 2825 1293 2882 David:
1330 2823 1583 2888 Gaudete,
1606 2822 1759 2892 iusti,

147 2931 208 2982 in
236 2925 462 2980 Domino
488 2921 662 2996 (Psal.
693 2940 810 2989 xxi,
842 2922 952 2993 li).
986 2921 1050 2976 Et
1080 2922 1207 2978 item
1236 2938 1250 2975 :
1279 2919 1347 2974 In
1389 2918 1616 2973 Domino
1641 2915 1761 2971 lau-

146 3018 367 3075 dabitur
399 3016 577 3071 am'ma
608 3032 743 3080 mea,
776 3025 825 3070 et
850 3015 1027 3070 anima
1075 3030 1187 3070 mea
1231 3011 1513 3069 exsultabit
1555 3013 1613 3066 in
1645 3009 1759 3064 Do-

147 3110 295 3166 mino
326 3105 501 3177 (Psal.
536 3122 733 3173 xxxnt,
782 3104 859 3177 5).
890 3105 957 3160 Et
987 3120 1002 3159 :
1054 3098 1403 3161 Auimu'mea
1441 3105 1578 3159 sicut
1614 3113 1758 3160 terra

143 3204 263 3259 sine
283 3219 424 3273 aqua
454 3201 549 3255 tibi
576 3198 750 3273 (Psal.
774 3215 941 3266 cxtn,
970 3197 1046 3271 6).
1095 3197 1233 3255 Nam
1256 3197 1389 3268 quid
1417 3197 1485 3253 de
1514 3210 1755 3268 praesen-

146 3293 295 3351 tibus
324 3303 534 3351 tantum
569 3293 825 3356 exsultat,
869 3291 963 3362 qui
1004 3299 1209 3346 aeterna
1237 3303 1345 3343 non
1390 3287 1749 3357 concupiscit,

145 3386 389 3457 quicum
418 3383 672 3439 laudatur
696 3380 992 3447 extollitur,
1023 3395 1149 3437 cum
1176 3378 1519 3449 vituperatur
1541 3377 1752 3448 magnis

148 3476 444 3534 iracundia:
492 3475 730 3533 stimulis
764 3475 1092 3546 exagitatur,
1142 3474 1282 3529 hanc
1322 3471 1749 3528 exsultationem

141 3569 443 3626 electon
464 3568 667 3625 habere
693 3583 800 3623 non
825 3566 1047 3638 poterit.

216 3680 275 3739 In
311 3698 419 3755 qua
465 3698 594 3739 vero
639 3696 766 3736 arta:
796 3680 1119 3736 humilitatis
1148 3677 1336 3736 eadem
1384 3677 1543 3734 beata
1582 3673 1749 3749 Virgo

138 3776 463 3850 perstiterit,
500 3777 630 3833 hinc
667 3775 873 3846 liquido
919 3782 1163 3846 apparet,
1210 3770 1357 3844 quod
1402 3768 1628 3825 nuntius
1664 3770 1750 3824 lu-

139 3869 476 3923 carnalionis
508 3867 732 3932 Christi,
762 3865 855 3922 ubi
887 3864 1001 3934 jam
1039 3871 1237 3919 cuncta
1262 3861 1476 3919 seculis
1504 3859 1745 3917 inaudita

137 3958 321 4016 eidem
350 3957 510 4013 matri
537 3966 741 4015 sanctze
764 3956 974 4027 Virgini
1006 3954 1215 4018 retulit,
1248 3952 1315 4008 ad
1346 3950 1596 4008 ultimum
1628 3951 1745 4024 ipsa

138 4050 535 4126 responderit:
563 4049 716 4117 Ecce,
744 4050 1016 4121 inquiens,
1044 4045 1241 4101 ancilla
1275 4044 1491 4100 Domini
1514 4042 1667 4113 (Luc.
1703 4059 1741 4107 ι,

135 4145 253 4218 38).
313 4144 358 4203 0
402 4152 603 4216 quanta
655 4144 833 4199 virtus
874 4150 961 4200 est
1006 4139 1351 4204 humilitatis,
1391 4152 1556 4208 super
1580 4151 1741 4208 quem

132 4237 399 4295 Dominus
429 4239 611 4295 venire
635 4237 927 4310 dignatur:
966 4236 1137 4307 Super
1159 4250 1332 4305 quem,
1380 4232 1556 4303 inquit
1595 4230 1743 4288 Scri-

131 4338 313 4402 ptura,
366 4332 647 4404 requiescet
703 4329 984 4392 Dominus,
1041 4326 1144 4381 nisi
1191 4342 1349 4394 super
1390 4323 1642 4379 humilem
1690 4334 1740 4379 et

128 4424 364 4495 quietum
390 4433 439 4479 et
477 4433 783 4479 trementem
817 4421 970 4478 verba
1007 4437 1107 4475 sua
1135 4417 1269 4491 (Isa.
1299 4435 1446 4484 vat,
1471 4418 1549 4490 2).
1599 4416 1739 4474 llinc

128 4516 278 4574 inter
315 4523 543 4571 exteras
569 4513 937 4573 beatitudines
983 4509 1261 4569 humilitas
1290 4510 1572 4577 inseritur,
1618 4508 1738 4569 Sal-

1868 1998 2008 2049 strat
2030 1991 2315 2059 ecclesias,
2341 1992 2664 2065 languentes
2689 2006 2866 2063 sanat,
2906 1999 3151 2070 perditos
3186 2000 3482 2069 instaurat,

1866 2097 2132 2156 spemque
2156 2085 2460 2157 desperatis
2486 2089 2735 2160 inspirat.
2771 2089 2899 2147 Haec
2928 2100 3012 2147 est
3039 2102 3218 2148 mater
3252 2094 3477 2162 Christi,

1867 2192 1990 2247 quae
2008 2176 2266 2247 paciﬁcas
2288 2189 2501 2236 mentes
2523 2180 2788 2249 illustrat;
2817 2182 2940 2238 laeta
2963 2184 3017 2239 in
3040 2186 3477 2257 proficientibus,

1868 2264 2141 2322 fructuosa
2161 2268 2214 2323 in
2226 2268 2643 2340 penitentibus,
2655 2271 2889 2344 gloriosa
2907 2273 2962 2329 in
2978 2276 3475 2344 perseverantibus.

1865 2356 2156 2415 victoriosa
2189 2361 2243 2416 in
2288 2362 2713 2419 transeuntibus.
2748 2364 2875 2419 Haec
2899 2375 3025 2431 est,
3065 2367 3311 2437 inquam,
3359 2368 3477 2426 tunc

1864 2462 1948 2509 est
1980 2450 2145 2525 Virgo
2174 2455 2354 2518 beata,
2387 2469 2510 2525 qua:
2556 2456 2775 2512 beatam
2818 2471 2878 2512 se
2923 2457 2994 2513 ab
3029 2460 3284 2517 omnibus
3310 2475 3476 2530 gene-

1864 2545 2168 2602 rationibus
2218 2546 2553 2613 manifestat,
2603 2562 2672 2604 eo
2735 2549 2881 2619 quod
2937 2546 3056 2617 ejus
3106 2550 3471 2609 humilitatem

1862 2637 2164 2707 respexerit
2193 2639 2356 2695 Deus.

1931 2748 2064 2820 Age,
2097 2750 2408 2807 beatissima
2442 2751 2537 2809 Dei
2564 2752 2797 2826 genitrix
2829 2754 2973 2821 ;dic.
3012 2765 3072 2810 ut
3099 2768 3320 2815 resonet
3363 2774 3467 2817 vox

1861 2847 1954 2895 tua
1988 2848 2101 2897 toto
2131 2851 2399 2899 terrarum
2421 2844 2592 2900 orbe:
2626 2845 2710 2901 eia
2742 2861 2907 2902 voces
2934 2849 3145 2913 emitte,
3176 2850 3304 2919 quia
3334 2852 3385 2906 in
3411 2858 3468 2909 te

1861 2919 2099 3006 spiritus
2129 2946 2351 2993 sanctus
2385 2938 2603 3003 clamat,
2648 2939 2699 2993 in
2738 2948 2790 2994 te
2821 2939 3060 2997 Ecclesia
3103 2944 3347 3013 quotidie
3381 2958 3472 3004 re-

1858 3033 2036 3081 sonat.
2071 3026 2169 3083 Dic
2201 3042 2372 3101 ergo:
2408 3026 2555 3083 Fecit
2595 3030 2727 3084 mihi
2773 3028 3033 3088 Dominus
3076 3048 3293 3105 magna,
3339 3034 3466 3106 quia

1855 3126 2038 3188 potens
2065 3128 2142 3173 est
2172 3117 2324 3191 (Luc.
2358 3134 2396 3182 t,
2427 3118 2542 3191 49).
2572 3119 2705 3187 Qua:
2737 3129 2918 3176 tamen
2948 3136 3142 3192 magna
3170 3120 3297 3178 fecit
3318 3124 3421 3181 istc
3440 3125 3468 3180 ἲ

1857 3214 2016 3284 quale
2035 3224 2120 3271 est
2146 3232 2343 3272 nomen
2372 3215 2534 3287 ejus?
2561 3215 2763 3272 Potens
2786 3226 2875 3272 est
2903 3224 2959 3272 et
2979 3226 3227 3274 sanctum
3263 3234 3459 3276 nomen

1807 3300 1825 3323 ‘
1853 3304 1993 3378 ejus.
2022 3306 2154 3375 Qua:
2180 3322 2310 3381 ergo
2354 3309 2492 3365 inte
2525 3308 2654 3366 fecit
2695 3324 2894 3379 magna
2940 3308 3172 3368 Creator
3216 3312 3455 3371 universi

1852 3397 2048 3454 orbis?
2082 3397 2162 3454 Ex
2195 3406 2266 3464 te,
2309 3413 2433 3471 qua
2456 3413 2581 3455 eras
2605 3407 2860 3455 creatura
2886 3399 3027 3471 ejus,
3069 3401 3223 3460 nasci
3269 3402 3456 3475 digna-

1852 3502 1961 3549 tur.
2016 3494 2110 3550 Dic
2138 3510 2289 3567 ergo,
2341 3494 2595 3566 gloriosa,
2632 3494 2890 3553 audiatur
2933 3513 3038 3553 vox
3086 3496 3139 3553 in
3180 3499 3455 3556 excelsis:

1850 3599 1974 3640 cum
2003 3600 2178 3641 essem
2206 3586 2429 3643 humilis
2453 3586 2655 3656 puella,
2698 3587 2876 3659 placui
2923 3567 3053 3661 regi,
3089 3590 3181 3661 qui
3212 3590 3455 3648 sublimis

1848 3684 1935 3731 est
1952 3692 2115 3749 super
2134 3685 2312 3745 astra;
2338 3682 2537 3734 etcum
2559 3694 2737 3736 essem
2760 3680 3083 3751 desponsata
3109 3680 3223 3736 viro
3246 3679 3455 3750 ludam,

1848 3773 2025 3846 placui
2057 3772 2185 3829 Deo.
2228 3773 2354 3830 ldeo
2394 3774 2592 3845 placui,
2620 3782 2680 3831 ut
2716 3791 2813 3847 per
2839 3791 2923 3829 me
2952 3774 3211 3830 mundum
3246 3775 3448 3831 illumi-

1848 3878 2025 3924 naret.
2063 3867 2107 3923 Ο
2134 3866 2470 3924 dilectissimi
2496 3869 2515 3924 ι»
2559 3884 2697 3939 quas
2735 3868 2924 3923 laudes
2967 3867 3091 3924 huic
3120 3868 3292 3925 beata:
3325 3869 3449 3925 Vir-

1847 3959 1960 4032 gini
1998 3958 2266 4029 fragilitas
2308 3968 2497 4018 nostra
2528 3957 2733 4016 referre
2764 3959 2988 4031 potest?
3038 3976 3136 4030 per
3164 3976 3328 4030 quam
3360 3976 3447 4016 re-

1845 4058 2161 4123 cuperatum
2186 4059 2273 4109 est
2314 4067 2487 4124 genus
2525 4051 2863 4118 humanum;
2914 4067 3011 4121 per
3040 4066 3204 4121 quam
3239 4052 3445 4107 aditum

1846 4148 2153 4204 invenimus
2185 4148 2337 4219 regni
2367 4146 2627 4203 caelestis.
2657 4145 2775 4216 Ipsa
2807 4155 2893 4201 est
2914 4160 3035 4217 quae
3068 4145 3186 4201 sine
3210 4145 3448 4201 humano

1842 4242 2050 4298 semine
2092 4240 2373 4297 caelestem
2416 4240 2639 4313 protulit
2685 4255 2883 4313 panem
2931 4239 3151 4303 seculo,
3200 4239 3315 4310 ipsa
3361 4249 3446 4297 est

1839 4347 1962 4403 qua:
2009 4332 2325 4405 dignitatem
2378 4331 2656 4404 genitricis
2710 4330 2965 4393 obtinuit,
3017 4338 3074 4385 et
3120 4329 3443 4403 virginalem

1838 4424 2157 4494 pudicitiam
2188 4438 2295 4483 non
2327 4423 2513 4479 amisit
2540 4442 2551 4477 :
2582 4438 2649 4479 ex
2682 4422 2798 4494 ipsa
2826 4429 2980 4477 ortus
3009 4429 3094 4477 est
3113 4422 3189 4477 so'
3214 4420 3444 4490 justitim

1837 4513 2088 4572 Christus
2118 4514 2264 4573 Deus
2307 4523 2514 4579 noster,
2558 4514 2649 4586 qui
2692 4514 2876 4570 mundi
2928 4515 3182 4570 tenebras
3209 4515 3439 4587 pepulit,

126 4618 320 4669 valere
347 4620 584 4669 testante
608 4631 621 4666 :
656 4609 806 4667 Beati
842 4626 1097 4683 pauperes
1121 4609 1331 4679 spiritu,
1359 4610 1610 4681 quoniam
1650 4626 1735 4664 re-
1763 4630 1812 4691 υ
1839 4614 1893 4662 et
1918 4603 2129 4676 fulgore
2157 4605 2279 4663 fidei
2305 4622 2406 4663 nos
2429 4606 2799 4678 perlustravit.
2825 4604 2973 4671 ldeo,
3002 4604 3220 4671 fratres,
3240 4606 3440 4676 glorio-

125 4720 291 4777 gnum
323 4702 571 4757 sculorum
597 4712 671 4759 est
698 4702 769 4757 ad
797 4702 938 4773 ipsos
984 4698 1201 4771 (Matth.
1228 4715 1281 4765 v,
1307 4698 1382 4771 '5).
1416 4697 1554 4754 llinc
1589 4698 1736 4759 Psal-

125 4795 321 4853 mista:
347 4794 606 4850 Dominus
626 4790 851 4848 humiles
873 4791 1062 4863 spiritu
1083 4788 1306 4845 salvabit
1332 4786 1505 4857 (Psal.
1534 4806 1730 4855 xxxiii,

125 4884 241 4958 19).
272 4883 389 4943 Non
415 4882 672 4951 humiles,
699 4883 856 4949 dixit,
881 4895 1110 4954 corpore
1154 4880 1403 4944 salvabit,
1435 4880 1529 4937 sed
1557 4880 1734 4936 humi-

123 4978 207 5035 les
253 4976 492 5048 spiritu;
544 4975 675 5033 hiuc
722 4975 1016 5048 Apostolus
1064 4974 1132 5031 ad
1182 4976 1286 5031 hoc
1333 4976 1607 5037 admonet,
1641 4974 1729 5030 in-

123 5067 357 5141 quiens:
404 5064 778 5123 Humiliamini
823 5065 919 5123 sub
947 5065 1146 5139 potenti
1189 5080 1353 5120 manu
1392 5063 1513 5127 Dei.
1546 5072 1602 5119 ut
1633 5081 1728 5120 nos

122 5157 319 5215 exultet
360 5158 418 5214 in
445 5168 677 5231 tempore
708 5157 1024 5215 uisitationis
1064 5154 1116 5229 (1
1142 5155 1288 5212 Petr.
1311 5172 1365 5219 v,
1390 5155 1467 5229 6).
1522 5156 1589 5212 Et
1615 5156 1731 5229 ipse

123 5255 388 5312 Dominus
418 5255 484 5310 de
512 5268 573 5309 sc
602 5253 920 5326 discipulis:
975 5251 1171 5308 Discite
1204 5269 1239 5306 a
1282 5268 1365 5307 me
1410 5252 1537 5324 quia
1585 5251 1727 5308 mitis

122 5365 241 5403 sum
268 5357 318 5404 et
358 5346 572 5402 humilis
610 5344 767 5401 corde
809 5343 1025 5418 (Matth.
1063 5360 1140 5410 ιιι,
1175 5343 1289 5414 29).
1342 5342 1437 5399 Dei
1488 5342 1725 5414 genitrix

124 5443 288 5516 hujus
334 5449 538 5498 σωιοιω
585 5439 911 5495 humilitatis
966 5440 1168 5495 virtute
1209 5437 1470 5509 pollebat,
1510 5438 1725 5494 dicente

124 5537 284 5606 ipsa:
336 5532 580 5604 Respexit
630 5531 887 5588 Dominus
934 5529 1282 5587 humilitatem
1323 5528 1533 5584 ancillis
1583 5546 1718 5594 sum,

122 5643 242 5684 cecc
288 5643 352 5681 ca:
400 5626 496 5680 hoc
543 5624 749 5679 beatam
796 5640 878 5677 me
925 5623 1098 5678 dicent
1136 5637 1314 5677 ontnes
1360 5621 1718 5691 generationes

122 5720 278 5792 (Luc.
308 5735 345 5784 t,
376 5719 488 5789 48).
532 5717 599 5776 Et
645 5731 793 5781 vero,
826 5714 1041 5780 fratres,
1086 5713 1267 5770 omnis
1311 5711 1544 5768 mundus
1568 5726 1715 5766 eam-

124 5814 246 5869 dem
271 5819 497 5868 matrem
543 5809 751 5865 Domini
776 5822 871 5880 per
902 5815 1127 5863 cunctas
1158 5803 1533 5879 generationes
1561 5802 1713 5859 dicit.

129 5900 264 5961 \‘sre
289 5901 433 5958 enim
483 5900 637 5957 beata
694 5895 1005 5963 humilitas,
1047 5910 1165 5967 qme
1197 5893 1366 5952 Deum
1405 5892 1716 5950 hominibus

1836 4713 1953 4754 sam
1995 4698 2269 4771 Virginem
2316 4699 2585 4771 supplices
2613 4714 2919 4763 exoramus,
2975 4707 3034 4754 ut
3081 4714 3181 4755 nos
3228 4702 3440 4757 meritis

1836 4801 2150 4849 sanctorum
2194 4792 2433 4863 impares
2460 4793 2650 4865 culpas
2682 4801 2900 4848 nostras
2937 4793 3147 4846 orando
3186 4801 3433 4861 excuset,

1832 4884 2087 4939 admittat
2110 4892 2323 4940 nostras
2348 4899 2541 4957 preces
2556 4885 2695 4940 intra
2721 4882 3018 4939 sacrarium
3044 4884 3433 4952 exauditionis,

1833 4986 1890 5031 et
1913 4984 2154 5045 reportet
2183 4976 2414 5048 gratiam
2444 4976 2919 5033 reconciliationis.
2954 4976 3038 5032 Sit
3062 4993 3161 5048 per
3183 4994 3305 5035 eam
3334 4994 3432 5036 exa

1833 5068 2077 5125 cusabile
2102 5068 2247 5139 quod
2293 5066 2643 5138 deliquimus,
2681 5068 2914 5139 accipiat
2941 5070 3086 5139 quod
3127 5068 3427 5137 otl'erimus.

1831 5159 2082 5229 impetret
2135 5158 2278 5230 quod
2333 5173 2611 5230 rogamus,
2667 5166 2894 5215 excuset
2950 5160 3094 5232 quod
3151 5160 3425 5218 timemus.

1827 5251 2015 5308 Audeo
2042 5250 2247 5318 dicere,
2294 5249 2515 5317 fratres,
2563 5250 2690 5323 quia
2719 5250 2922 5307 nullum
2972 5260 3285 5311 sanctorum
3315 5263 3426 5311 tam

1823 5350 2100 5414 potentem
2123 5342 2333 5399 meritis
2356 5342 2658 5400 invenimus
2678 5344 2745 5399 ad
2766 5344 3082 5415 placandam
3105 5344 3244 5402 iram
3266 5354 3423 5405 πιαν-

1826 5436 1882 5492 ni
1914 5436 2133 5507 judicis,
2165 5450 2331 5506 quam
2370 5450 2489 5489 eam
2521 5450 2643 5507 qum
2672 5436 2872 5491 meruit
2915 5435 3033 5492 fieri
3081 5446 3257 5494 mater
3282 5439 3423 5509 ejus-

1826 5526 1949 5581 dem
1977 5525 2356 5597 Redemptoris
2379 5533 2436 5583 et
2455 5522 2674 5601 judicia.
2707 5525 3005 5583 Succurrat
3024 5544 3157 5599 ergo
3182 5529 3411 5599 miseria,

1820 5613 1973 5684 juvet
2033 5615 2425 5687 pusillanimes,
2494 5615 2736 5671 refovcat
2804 5614 2967 5690 54³
3018 5616 3243 5682 ﬂebiles,
3298 5632 3421 5679 oret

1822 5722 1923 5779 pro
1973 5706 2193 5779 populo,
2242 5707 2703 5780 interveniat‘pro
2755 5709 2925 5778 clero,
2982 5710 3287 5767 intercedat
3317 5726 3418 5784 pro

1822 5801 2212 5857 monachorum
2242 5800 2411 5858 choro
2436 5808 2488 5858 et
2522 5811 2712 5860 exoret
2746 5819 2844 5875 pro
2875 5817 3005 5861 sexu
3034 5803 3231 5860 devoto
3258 5802 3415 5861 femi-

1823 5907 1922 5949 neo
1947 5891 2059 5949 haec
2088 5892 2244 5949 beata
2276 5908 2435 5966 super
2481 5892 2715 5965 virgines
2743 5894 2909 5966 \irgo.
2943 5892 3057 5950 lloe
3099 5908 3409 5966 poscamus,
