4092 6522
508 392 645 452 1507

1326 392 1386 448 Β.
1428 391 1490 448 F.
1533 390 1762 449 ALBL‘iI
1809 391 1943 452 SEU
1983 392 2265 450 ALCUlNi
2314 393 2608 453 OPERUM
2637 394 2819 452 ωιε
2860 398 2950 453 [Χ.

3663 396 3812 455 i508

506 513 614 569 hcc
659 507 866 582 jugiter
911 506 1258 580 flagitemus;
1310 507 1660 578 sentiantque
1704 521 1899 564 omnes
1948 521 2104 564 suum
2137 516 2184 570 Α
2281 507 2430 564 lnter
2471 509 2588 566 haec
2614 509 2802 583 igitur,
2831 510 3052 576 fratres,
3077 526 3204 568 cum
3235 519 3350 569 toto
3377 512 3576 568 mentis
3604 511 3816 567 aﬂectu

508 605 852 661 salutiferam
879 601 1161 676 juvameu,
1192 602 1503 674 quicunque
1526 600 1806 657 celebrant
1832 615 1991 656 suum
2019 615 2108 656 so-

511 693 692 753 lemne
722 691 919 749 natale.
1057 763 1062 768 ‘

586 785 846 842 Dicamus
866 798 1082 851 omnes,
1106 783 1354 840 dicamus
1373 798 1460 839 eta
1483 784 1697 839 devotis
1718 780 1976 837 cordibus
1998 779 2111 836 cla-

515 886 730 934 mantes
757 895 772 932 :
806 893 842 934 o
863 879 1031 950 Virgo
1054 876 1359 951 virginum!
1389 888 1580 934 sancta
1607 875 1704 941 sit,
1729 883 1922 932 sancta
1947 888 2112 947 super

515 988 618 1027 uos
649 972 824 1044 pietas
847 979 963 1038 tua,
996 985 1161 1042 super
1185 965 1415 1025 alllictos
1443 975 1502 1024 et
1529 975 1828 1024 mterentes
1847 981 1948 1040 pro
1976 981 2114 1037 qua-

516 1083 734 1138 cunque
768 1081 933 1122 causa
982 1074 1038 1122 et
1083 1079 1250 1136 super
1303 1063 1627 1136 peregrinos
1667 1061 1959 1118 clementia
1994 1068 2108 1115 tua.

519 1159 588 1217 Et
617 1173 743 1215 cum
780 1167 833 1215 te
869 1172 1034 1229 super
1059 1158 1332 1214 aztltereos
1369 1154 1666 1210 exaltatum
1697 1151 1897 1224 aspicis
1920 1148 2110 1217 caelos,

519 1254 724 1323 preces
749 1262 955 1308 nostra:
982 1249 1310 1306 humilitatis
1336 1262 1408 1304 ne
1430 1246 1736 1319 despicias;
1781 1243 1878 1301 sed
1908 1257 1940 1299 a
1968 1243 2114 1316 peri-

519 1348 659 1406 culis
681 1348 896 1404 cunctis
919 1346 1093 1403 libera
1123 1358 1226 1400 nos
1256 1356 1498 1413 semper,
1525 1341 1693 1414 Virgo
1721 1337 2033 1396 benedicta.
2054 1335 2114 1394 Si

524 1441 789 1505 valemus,
828 1437 983 1494 lilioli
1002 1478 1017 1504 ,
1061 1443 1356 1500 tentemus,
1382 1441 1549 1506 prout
1575 1445 1889 1506 possumus,
1915 1429 1966 1486 ei
1993 1427 2109 1484 lau-

523 1532 650 1589 dem
669 1530 933 1603 proferre
964 1530 1250 1586 dicentes:
1281 1543 1314 1583 o
1335 1542 1502 1600 quam
1523 1523 1876 1581 immaculata
1897 1522 2113 1594 virgini-

523 1637 632 1692 tas,
659 1640 783 1696 qute
805 1639 999 1678 omnes
1026 1621 1250 1693 angelos
1275 1622 1330 1676 in
1363 1618 1608 1677 ccelestia
1632 1633 1799 1690 regna
1831 1614 2112 1689 praecellit,

530 1725 589 1774 et
618 1716 896 1788 virgineos
926 1713 1192 1788 gloriﬁcat
1213 1713 1444 1770 choros!
1475 1727 1509 1768 ο
1535 1725 1697 1781 quam
1721 1711 1883 1765 beata
1909 1715 2116 1771 mater,

2209 599 2543 658 beatissime
2579 601 2821 672 ejusdem
2854 604 3081 674 virginis
3118 602 3302 663 Maria
3325 618 3426 662 nos
3454 605 3817 661 intercessio-

2210 694 2371 749 nibus
2399 695 2838 759 committamtts,
2876 709 3068 751 omnes
3115 695 3237 768 ejus
3261 696 3564 768 patrocinia
3608 693 3814 766 implo-

2211 798 2414 838 remus.
2443 783 2552 840 Sed
2583 784 2716 854 quid
2747 785 2904 841 nobis
2926 784 3147 855 prodest
3163 784 3517 857 interpellare
3546 785 3811 852 vocibus,

2211 875 2318 930 nisi
2354 875 2518 931 etiam
2549 875 2871 932 humilitatis
2899 875 3019 948 ejus
3047 877 3297 951 exempla
3334 878 3659 934 teneamus?
3701 875 3814 934 De-

2213 989 2502 1045 precemur
2529 989 2660 1044 ergo
2698 981 2905 1030 tantam
2939 973 3183 1044 reginam
3207 1015 3224 1040 ,
3265 982 3330 1029 ut
3359 973 3451 1029 ille
3491 973 3582 1044 qui
3633 989 3702 1030 ex
3737 988 3810 1030 ea

2215 1077 2374 1124 natus
2401 1077 2508 1134 est,
2541 1069 2635 1138 qui
2669 1067 2991 1123 mirabiliter
3014 1068 3224 1123 creavit
3250 1067 3530 1124 hominem
3577 1067 3812 1122 mirabi-

2216 1160 2430 1231 liusque
2453 1160 2705 1224 redemit,
2753 1159 2930 1216 solvat
2977 1168 3294 1216 nostrorum
3347 1159 3565 1215 vincula
3616 1173 3820 1230 pecca-

2216 1253 2423 1308 minum
2446 1294 2462 1322 ,
2487 1254 2624 1310 etin
2660 1253 2807 1308 illam
2844 1253 3122 1326 regionem
3165 1261 3445 1325 perpetua:
3496 1251 3821 1308 securitatis

2214 1353 2272 1402 et
2317 1347 2469 1418 pacis
2521 1346 2871 1404 introducere
2909 1345 3183 1419 dignetur.
3231 1344 3501 1401 Curemus
3550 1343 3718 1400 etiam
3753 1349 3823 1400 et

2216 1438 2556 1495 dilectissimi
2582 1437 2815 1505 fratres,
2853 1447 2916 1495 ut
2940 1437 3034 1510 qui
3064 1436 3225 1508 hujus
3259 1437 3368 1493 diei
3399 1434 3684 1492 festivitati
3719 1436 3776 1490 in
3797 1464 3817 1476 ο

2216 1543 2424 1589 teresse
2447 1533 2700 1605 cupimus
2722 1574 2738 1598 ,
2793 1533 3118 1590 humilitatis
3158 1541 3217 1588 et
3243 1532 3524 1606 patientia:
3565 1531 3820 1588 vestibus

2217 1623 2392 1680 indttti
2414 1638 2796 1694 appareamus.
2827 1623 2982 1679 Tunc
3008 1631 3191 1679 autem
3223 1622 3333 1680 erit
3357 1637 3489 1680 vera
3521 1623 3821 1695 patientia,

2219 1713 2265 1770 si
2295 1713 2462 1771 fuerit
2486 1715 2658 1786 justo.
2689 1714 2757 1770 Et
2787 1714 2844 1770 in
2875 1717 2959 1770 eis
2987 1721 3073 1771 est
3093 1713 3242 1785 justa
3267 1715 3550 1786 patientia,
3576 1729 3827 1784 quorum

523 1825 648 1883 quae
674 1808 954 1866 Christum
984 1807 1271 1864 Dominum
1309 1819 1493 1878 resem
1515 1811 1766 1859 εδηοίιιῐη
1796 1801 1983 1874 ειοτίεε
2005 1814 2120 1855 ωθ-
2153 1879 2184 1883 _
2223 1808 2420 1864 mentis
2444 1809 2643 1865 invicta
2666 1808 2972 1865 constantia
2999 1825 3100 1866 nec
3133 1808 3413 1866 doloribus
3439 1823 3541 1865 nec
3571 1807 3827 1880 volupta-

529 1879 638 1959 ruit
665 1903 964 1973 generare!
1001 1899 1045 1958 Ο
1065 1915 1233 1972 quam
1284 1899 1431 1955 beati
1479 1897 1668 1970 pedes,
1699 1895 1793 1967 qui
1837 1892 2118 1950 Christum
2151 1879 2196 1938 Β
2227 1901 2372 1958 tibus
2392 1901 2556 1958 cedit.
2591 1899 2708 1957 Non
2737 1909 2918 1957 autem
2939 1903 2993 1958 in
3013 1900 3226 1972 justitia
3257 1901 3556 1975 gloriemur
3578 1879 3775 1955 nostra
3803 1918 3820 1967 ;

527 1995 1177 2055 merueruntsustinerel
1225 2010 1260 2051 o
1310 2009 1475 2065 quam
1521 1991 1698 2048 felicia
1758 1991 1950 2055 ubera,
2001 2003 2123 2060 quae

527 2097 810 2146 auctorem
861 2099 918 2143 ct
953 2087 1380 2158 Redemptorem
1435 2082 1624 2140 mundi
1671 2081 2045 2138 iactaverunt!
2085 2094 2120 2135 o

528 2180 818 2238 inell'abilis
853 2181 1052 2253 Virgo!
1115 2178 1435 2252 portabatur
1466 2193 1498 2234 a
1545 2185 1632 2241 te,
1684 2175 1778 2247 qui
1831 2181 1884 2230 te
1936 2172 2118 2229 fecit:

525 2273 911 2329 continebatur
937 2271 991 2327 in
1027 2269 1233 2343 gremio
1262 2279 1377 2335 tuo,
1401 2267 1496 2339 qui
1529 2265 1755 2339 regebat
1803 2263 2118 2320 universum

527 2364 791 2420 mundum
831 2380 846 2418 :
888 2363 1262 2419 sustinebatur
1287 2376 1318 2414 a
1343 2369 1399 2416 te
1439 2358 1771 2431 gubernator
1797 2355 1966 2412 orbis.
1997 2354 2122 2412 Ideo

527 2455 810 2511 exsultans
836 2467 935 2526 per
967 2451 1205 2508 albentia
1239 2451 1354 2505 lilia
1403 2447 1802 2515 conlessorum,
1855 2461 2121 2516 rosasque

525 2559 824 2605 vernantes
857 2557 1180 2619 martyrum,
1224 2554 1282 2602 tu
1311 2560 1526 2617 quoque
1551 2558 1749 2615 regnas
1779 2547 1836 2599 in
1865 2541 1958 2598 illo
1991 2542 2122 2598 bea-

527 2655 711 2702 torum
742 2644 1055 2700 felicissimo
1089 2658 1276 2716 regno,
1307 2641 1436 2712 quia
1464 2641 1710 2712 sequeris
1735 2652 1953 2711 agnum,
1983 2653 2123 2711 quo-

527 2757 740 2812 cunque
788 2739 933 2796 ierit.
985 2741 1134 2796 inter
1182 2739 1424 2812 paradisi
1482 2739 1858 2794 ammnitatem
1915 2737 2123 2794 sanctis

527 2833 805 2905 gressibus
856 2833 1094 2897 incedis,
1132 2831 1390 2903 felicique
1438 2830 1619 2902 palma
1676 2831 2121 2886 itnntarcescibili

527 2940 651 2981 cum
679 2939 886 2981 corona
933 2924 1121 2996 glorias
1148 2940 1176 2979 a
1206 2923 1316 2980 filio
1359 2934 1452 2979 tuo
1471 2963 1486 2990 ,
1527 2923 1756 2978 Domino
1785 2933 1908 2987 tuo,
1936 2932 2124 2979 nostro

530 3017 761 3074 Domino
785 3017 1126 3084 clariﬁcaris,
1156 3018 1347 3088 juncta
1391 3020 1652 3090 angelicis
1675 3020 1861 3076 choris
1882 3028 1936 3076 et
1960 3034 2126 3092 ange-

527 3109 649 3167 licis
682 3111 889 3168 sociata
924 3113 1158 3168 catervis
1185 3111 1238 3168 in
1269 3113 1522 3168 cubiculo
1563 3112 1731 3184 Regis
1762 3112 1858 3167 lilii
1903 3113 1978 3167 tui
2014 3113 2122 3168 Do-

527 3204 660 3260 mini
689 3206 861 3260 nostri
883 3204 1012 3261 Jesu
1052 3204 1279 3272 Christi,
1315 3207 1546 3277 gemmis
1585 3223 1650 3264 ac
1692 3208 2006 3279 margaritis
2037 3225 2122 3265 or-

524 3303 679 3361 nata,
726 3303 784 3352 et
817 3296 1110 3353 monilibus
1155 3298 1413 3355 decorata
1441 3299 1712 3370 persistis.
1744 3298 1865 3355 Tibi
1891 3301 2122 3358 thronus

528 3387 712 3456 regius
737 3385 1036 3444 collocatus
1062 3397 1145 3445 est
1169 3389 1225 3444 in
1247 3389 1370 3445 aula
1392 3392 1581 3448 aeterni
1610 3390 1796 3464 Regis.
1845 3391 1963 3464 Ipse
2007 3392 2125 3450 Rex

536 3490 726 3548 regum
756 3488 813 3535 et
837 3496 1020 3536 veram
1053 3489 1285 3537 matrem
1331 3492 1388 3539 et
1433 3485 1690 3540 decoram
1714 3500 1971 3558 sponsam
2001 3501 2127 3559 spe-

531 3571 746 3628 cialiter
774 3589 886 3645 prre
911 3576 1164 3630 omnibus
1187 3575 1424 3650 diligens
1450 3577 1717 3650 imperiali
1745 3578 1998 3650 amplexu
2019 3579 2127 3637 sibi

529 3665 785 3721 associat.
813 3664 857 3722 Ο
873 3682 1037 3737 quam
1061 3667 1297 3738 gloriosa
1319 3676 1407 3724 est
1431 3683 1589 3724 sacra
1611 3671 1762 3743 virgo
1784 3669 1980 3738 Maria,
2001 3687 2124 3742 quas

527 3755 818 3818 Dominum
860 3762 915 3818 in
945 3763 1152 3820 caelesti
1180 3780 1349 3835 regno
1373 3765 1744 3837 amplecteris,
1772 3777 1828 3824 et
1874 3783 1981 3824 non
2027 3768 2124 3824 im-

527 3854 746 3921 merito,
773 3857 900 3926 quia
919 3872 985 3912 ex
1009 3865 1062 3913 te
1081 3873 1300 3914 carnem
1325 3859 1641 3930 assumpsit.
1674 3859 1783 3915 Nec
1804 3869 1889 3916 est
1917 3861 2118 3916 mirum

526 3953 590 4002 ut
613 3946 709 4002 tibi
731 3948 1070 4018 congaudent
1105 3949 1247 4005 Deus
1277 3950 1330 4005 in
1354 3950 1529 4006 caelis.
1558 3951 1730 4018 Quem
1757 3961 1810 4006 ttt
1835 3952 2121 4024 parvulum

529 4047 717 4099 natum
741 4041 900 4095 toties
919 4041 1259 4098 osculabaris
1276 4043 1333 4097 in
1355 4046 1511 4100 terris
1531 4056 1579 4098 α.
1606 4044 1714 4102 Has
1741 4061 1871 4119 ergo
1897 4057 2019 4105 tuas
2044 4046 2121 4103 fc-

527 4130 768 4190 iicitates
794 4135 1079 4204 possidens
1107 4147 1409 4192 convertere
1436 4137 1506 4193 ad
1529 4147 1771 4194 nostram
1798 4150 2116 4211 perpetuam

528 4224 781 4282 Salutem.

2223 2014 2323 2053 nec
2347 1999 2400 2053 in
2423 1997 2743 2054 fortitudine
2779 2012 3176 2069 prtesumamus
3211 1998 3455 2068 propria,
3479 1995 3578 2052 sed
3608 1995 3666 2050 in
3715 2009 3823 2059 co.

2222 2091 2288 2144 de
2317 2105 2424 2160 quo
2460 2089 2733 2162 Propheta
2791 2108 2804 2145 :
2853 2088 3163 2157 Fortitudo,
3208 2090 3415 2160 inquit,
3453 2098 3500 2143 et
3553 2087 3674 2144 laus
3701 2106 3828 2145 mea

2225 2181 2480 2236 Dominus
2499 2223 2512 2249 ,
2544 2191 2594 2238 et
2626 2183 2800 2254 {actus
2824 2193 2902 2238 est
2935 2183 3065 2237 mihi
3095 2183 3149 2237 in
3173 2181 3399 2238 salutem
3433 2179 3608 2253 (Psai.
3637 2195 3827 2248 cxvtt,

2226 2274 2337 2346 ll).
2378 2273 2666 2331 Fortitudo
2714 2289 2845 2347 ergo
2894 2282 2951 2330 et
2985 2273 3225 2331 laudatio
3275 2283 3464 2330 nostra
3511 2274 3585 2329 sit
3629 2271 3830 2328 Denti-

2222 2383 2325 2423 nus
2347 2408 2361 2432 ,
2402 2367 2582 2438 sitque
2612 2368 2768 2423 nobis
2798 2367 2943 2423 Deus
2985 2367 3108 2424 laus
3154 2377 3267 2423 tota
3290 2409 3306 2434 ,
3346 2365 3591 2440 perfecta
3617 2365 3828 2439 gloria.

2222 2461 2439 2516 dilectio
2469 2475 2603 2530 pura
2625 2501 2641 2525 ,
2673 2475 2798 2531 spes
2819 2469 2989 2525 certa.
3014 2461 3282 2518 securitas
3310 2461 3468 2514 tlrma
3487 2499 3501 2524 ,
3542 2454 3823 2530 possibsli-

2225 2559 2309 2608 tas
2335 2567 2468 2607 sana
2493 2592 2508 2620 ,
2551 2554 2764 2608 sanitas
2792 2552 3106 2625 incorrupta
3133 2593 3148 2617 ,
3187 2561 3244 2608 et
3291 2551 3552 2624 quidquid
3583 2551 3649 2608 de
3693 2566 3822 2607 car-

2223 2647 2440 2704 nalibus
2473 2647 2654 2718 placet
2678 2688 2692 2712 ,
2732 2647 3041 2718 displiceat.
3082 2643 3276 2718 Sitque
3321 2647 3377 2702 in
3420 2646 3578 2702 nobis
3609 2657 3820 2715 tempe-

2227 2741 2405 2796 rantia
2433 2749 2489 2795 et
2515 2739 2847 2796 abstinentia
2875 2753 2999 2795 cum
3023 2738 3355 2796 discretione
3388 2757 3401 2792 :
3437 2739 3660 2809 insuper
3701 2737 3826 2796 lucc

2223 2835 2408 2892 omnia
2432 2832 2673 2890 charitas
2707 2832 2882 2898 lit-ma,
2940 2847 3061 2903 quae
3109 2841 3278 2888 totam
3313 2831 3558 2888 continet
3594 2830 3772 2903 legem
3805 2849 3818 2885 :

2224 2937 2392 2999 atque
2418 2933 2646 2998 agentes
2668 2924 2877 2996 gratias
2911 2923 3160 2982 Creatori
3187 2931 3378 2979 nostro
3400 2963 3415 2989 ,
3450 2921 3515 2978 in"
3552 2927 3826 2993 quantum

2225 3019 2558 3086 suilicimus,
2625 3016 2966 3073 nativitatem
3027 3016 3350 3074 hodiernam
3410 3013 3828 3086 pretiosissima:

2224 3125 2442 3182 semper
2467 3110 2692 3183 virginis
2709 3109 2989 3180 genitricis
3017 3108 3111 3167 Dei
3142 3106 3328 3164 Maria:
3351 3122 3476 3164 cum
3499 3106 3698 3180 gaudio
3721 3121 3819 3164 ce—

2229 3204 2536 3270 lebremus,
2578 3211 2637 3258 ut
2667 3202 2797 3258 dttm
2827 3215 2929 3259 nos
2963 3217 3084 3259 eam
3128 3199 3361 3272 supplici
3412 3197 3826 3270 frequentamus

2179 3296 2192 3312 ’
2224 3297 2488 3368 obsequio
2515 3298 2568 3352 in
2605 3297 2802 3363 terris,
2837 3297 2956 3367 ipsa
2975 3310 3076 3351 nos
3121 3293 3312 3350 sedula
3356 3307 3518 3366 prece
3544 3308 3826 3349 commen-

2223 3391 2354 3445 dare
2386 3391 2640 3462 dignetur
2671 3389 2725 3445 in
2752 3389 2928 3445 ctelis.
2965 3388 3120 3455 Quod
3163 3394 3385 3458 patrare
3426 3386 3700 3460 dignetur,
3726 3387 3825 3457 qui

2224 3499 2293 3538 ex
2318 3497 2380 3538 ea
2409 3481 2552 3538 Deus
2579 3491 2636 3538 et
2682 3482 2845 3538 homo
2893 3481 3044 3537 nasci
3098 3480 3355 3552 dignatus
3399 3486 3520 3545 est,
3559 3478 3826 3535 Dominus

2225 3582 2414 3629 noster
2449 3570 2610 3630 Iesus
2644 3572 2900 3629 Christus
2949 3587 3073 3629 cum
3127 3570 3292 3627 Patte
3353 3578 3649 3642 sanctoque
3697 3567 3824 3640 Spi-

2225 3667 2336 3722 ritu
2379 3665 2568 3721 vivens
2605 3675 2660 3720 et
2698 3679 2934 3738 regnans
2971 3680 3070 3736 per
3111 3661 3324 3720 infinita
3361 3661 3552 3720 Saecula
3585 3659 3823 3718 saculo-

2228 3775 2371 3817 runt.
2396 3759 2592 3815 Amen.

2819 3893 3100 3951 HOMILIA
3141 3893 3232 3950 IV.

2578 4027 2629 4067 IN
2668 4025 2835 4065 ηετο
2872 4023 3079 4064 οκκιυιι
3117 4022 3456 4065 βληετοαυι.

2305 4144 2459 4202 Hanc
2481 4145 2754 4202 homiliam
2773 4147 2890 4203 ride
2910 4148 3048 4201 inter
3077 4145 3253 4219 Opera
3281 4164 3396 4202 ven.
3423 4144 3602 4215 Betim,
3627 4146 3812 4218 hujus-

2230 4254 2286 4293 ce
2323 4236 2642 4310 Patrologite
2672 4249 2810 4292 tomo
2837 4235 3044 4302 XCIV,
3073 4237 3174 4292 col.
3201 4236 3329 4294 ιεο.

600 4355 623 4380 η
665 4343 722 4397 lu
747 4343 945 4399 Codice
982 4345 1291 4400 oblitterata
1325 4345 1414 4400 illa
1446 4349 1532 4402 vix
1566 4347 1820 4420 leguntur
1857 4369 1868 4403 :
1918 4345 2174 4407 Creditur
2206 4360 2383 4407 tamen
2415 4351 2574 4409 aliter
2611 4351 2715 4425 legi
2743 4368 2848 4409 non
2885 4368 3062 4424 posse.

574 4494 752 4506 .54....-

757 4496 964 4508 ,ς’-ὼ.

1967 4503 3813 4533 ..__.__.____________.__._________________________

1141 4604 1693 4693 CARMINA
1773 4610 1865 4692 B.
1951 4607 2488 4694 ALCUINO
2567 4612 3239 4700 SUPPOSITA.

869 4811 1028 4885 545
1054 4813 1370 4873 MONITUM
1407 4815 1769 4876 PRAEVIUM.

605 4945 624 4978 ι
655 4926 716 5007 _lu
739 4929 1095 5007 carminibus
1125 4933 1314 4999 etiam,
1342 4952 1382 5007 »ί
1405 4936 1479 5007 nit
1507 4933 1850 4993 Mabillonius
1874 4937 1929 4991 in
1953 4935 2107 5007 Elog.

535 5001 673 5076 beati
718 4997 924 5054 Alcuini
958 5015 1008 5065 ιι,
1065 5001 1224 5074 §tm,
1257 4997 1309 5059 n.
1360 5005 1462 5071 8‘2,
1524 5026 1541 5056 ι
1572 5007 1818 5076 quaedam
1861 5009 2024 5063 notha
2058 4997 2118 5068 Et

530 5071 712 5150 spuria
740 5079 888 5136 sunt,
925 5081 987 5150 _ut
1023 5071 1242 5150 carmen
1280 5092 1374 5131 seu
1418 5071 1754 5150 epigramma
1788 5079 2016 5150 tertium
2048 5079 2116 5134 de

533 5142 711 5211 ngga
740 5182 755 5204 ,
795 5143 962 5219 quod
988 5144 1249 5219 scriptum
1278 5157 1362 5202 est
1395 5142 1652 5219 regnante
1679 5149 1773 5204 lna
1801 5148 2118 5205 Westsaxo—

533 5229 812 5291 ttuut‘rege
832 5216 964 5291 ,_qui
1002 5233 1107 5270 uno
1127 5216 1241 5274 fere
1271 5216 1782 5275 saeculo'Alcninum
1814 5223 2112 5291 praecessit.

532 5283 1014 5362 Quadragesitnu‘m
1061 5297 1315 5362 octavum
1350 5291 1417 5346 de
1458 5291 1742 5346 Ethildrita
1773 5333 1787 5358 ,
1815 5283 1987 5362 'quod
2028 5309 2087 5349 es

535 5352 689 5407 [ledae
713 5352 1054 5435 venerabilis.
1070 5358 1441 5435 centesimum
1467 5352 1923 5435 septuagesimum
1947 5365 2084 5435 septi

537 5440 702 5508 munt,
729 5427 871 5497 quod
893 5438 978 5483 est
1003 5428 1300 5508 Angilberti
1331 5427 1701 5508 Centnlénsis'.
1725 5433 1968 5508 Denique
1985 5427 2109 5508 cen—

537 5502 787 5579 tesimum
837 5502 1289 5579 septuagesimum
1337 5513 1615 5579 octavum,
1653 5505 1728 5579 si;
1755 5514 1841 5561 est
1875 5502 2111 5579 Alcuﬁini,

537 5567 822 5647 dicendum
859 5567 961 5634 eSt,
1008 5567 1285 5647 basilicam
1317 5576 1492 5631 sancti
1519 5567 1663 5632 Petri
1698 5575 1883 5633 Roma:
1907 5567 2108 5647 spolia;

538 5645 786 5722 tantessc
824 5651 949 5722 ante
981 5660 1179 5722 annum
1209 5646 1335 5712 850,
1365 5663 1472 5722 quo
1517 5649 1571 5704 id
1600 5649 1803 5722 factum
1827 5665 1857 5703 a
1883 5645 2112 5705 sarace-

539 5713 621 5793 uis
643 5713 857 5793 legitur.
885 5714 950 5769 Et
974 5715 1214 5793 quidem,
1247 5713 1452 5793 cuntin
1473 5736 1536 5793 co
1565 5720 1804 5793 carmine
1833 5730 2024 5793 agatur
2050 5722 2114 5775 de

537 5782 738 5839 insultu
793 5782 1125 5859 paganorum
1177 5789 1230 5843 in
1259 5788 1596 5847 Britanniam
1647 5782 1906 5860 insulam”,
1961 5792 2117 5848 facile

607 5911 630 5938 ι
664 5897 775 5956 Hoc
803 5899 1045 5968 Elogium
1077 5902 1196 5959 vide
1223 5901 1363 5959 infra
1391 5904 1702 5979 inAppend.
1736 5905 1891 5964 Eutr.

2144 4826 2193 4886 ί)
2220 4848 2543 4923 ςςολίεξοιιυη
2566 4864 2687 4923 esse
2709 4848 2940 4923 Alcnini,
2965 4850 3122 4920 cujus
3144 4862 3388 4923 tempore
3403 4853 3538 4909 Dani
3569 4856 3806 4917 insulam

2219 4919 2758 4996 il_lam_impetierant_.
2793 4919 3277 4996 Versusmnralcs,
3307 4941 3444 4996 quos
3478 4942 3544 4996 ex
3574 4927 3806 4987 Aleuino

2219 4991 2351 5044 citat
2379 4989 2563 5060 Lupus
2591 4992 2643 5045 itt
2671 4993 2897 5062 epistola
2954 4991 3024 5047 20
3063 5004 3149 5049 est
3195 4989 3416 5052 carmen
3474 4989 3593 5054 179.
3634 5020 3652 5052 ι
3701 4999 3816 5055 Nos

2218 5062 2701 5134 quidrntcarmen
2729 5063 2866 5118 alios
2906 5063 3002 5118 l78
3045 5067 3284 5134 genuinis
3324 5070 3688 5125 accensuimus
3719 5073 3817 5128 sub

2221 5149 2366 5186 num.
2400 5132 2505 5187 280
2528 5175 2543 5197 ,
2582 5133 2868 5198 credentes,
2901 5151 3020 5189 cum
3047 5132 3230 5191 eodem
3261 5137 3593 5204 Mabillonio,
3633 5143 3817 5198 basili-

2219 5221 2334 5257 cmn
2353 5205 2525 5282 sancti
2550 5204 2695 5259 Petri
2725 5204 2906 5260 Roma:
2927 5207 3304 5282 pript'ialt'quo
3324 5217 3555 5281 tempore
3583 5213 3813 5282 spoliari

2218 5278 2482 5351 potuisse;
2508 5287 2858 5351 prmterquarn
2880 5277 3021 5351 quod
3042 5277 3111 5332 ibi
3128 5277 3233 5334 non
3257 5289 3397 5335 certo
3425 5277 3722 5351 oneratur,
3758 5287 3816 5340 id

2215 5345 2516 5416 contigisse,
2540 5347 2631 5400 sed
2664 5345 2739 5400 ita
2765 5345 2990 5417 referri:

2344 5437 2571 5489 Perlitllas
2596 5439 2823 5488 manibus
2843 5437 3001 5490 fertur
3027 5445 3210 5489 vastata
3238 5439 3411 5504 fuisse,
3435 5447 3535 5494 etc.

2230 5507 2417 5564 Versus
2465 5509 2600 5582 illos
2667 5511 2914 5582 morales,
2943 5527 3111 5581 quos,
3173 5514 3342 5582 inquit
3407 5513 3662 5572 Seruatus
3702 5517 3816 5574 Ln-

2215 5597 2312 5652 pns
2334 5583 2390 5634 in
2427 5580 2515 5636 cit.
2549 5584 2702 5652 epist.
2729 5581 2798 5635 ad
2851 5580 3149 5647 Altuimtm,
3176 5580 3434 5641 Alcuinus
3467 5585 3668 5643 dicitur
3692 5591 3816 5646 edi-

2217 5651 2361 5706 disse
2380 5694 2394 5715 .
2429 5669 2590 5732 nemo
2606 5651 2756 5732 (ilius.
2782 5653 3301 5732 eidcm‘tribuittscd
3321 5657 3612 5732 creduntur
3638 5663 3818 5732 magis

2225 5738 2335 5801 esse
2357 5723 2526 5778 sancti
2550 5720 2882 5801 Coiuntbnrti.
2933 5722 3096 5801 Plnrn
3130 5724 3239 5780 alia
3270 5743 3362 5781 nos
3394 5728 3536 5783 hisce
3570 5720 3820 5801 supposi-

2229 5794 2354 5849 titi's
2383 5795 2645 5850 accenseri
2697 5793 2904 5862 debere,
2953 5795 3246 5862 credimus;
3290 5813 3472 5870 nempe
3522 5793 3698 5856 renus
3740 5803 3814 5857 ad
