  <div class='ocr_page' id='page_1' title='image "/cluster/home/n/w/nwhite01/storage/ocr_20150623/101/umn.31951002477394h/693.png"; bbox 0 0 4086 6540; ppageno 0'>
   <div class='ocr_carea' id='block_1_1' title="bbox 569 473 707 528">
    <p class='ocr_par' dir='ltr' id='par_1_1' title="bbox 569 473 707 528">
     <span class='ocr_line' id='line_1_1' title="bbox 569 473 707 528; baseline 0.014 -2"><span class='ocrx_word' id='word_1_1' title='bbox 569 473 707 528; x_wconf 69' lang='grc'><strong>1359</strong></span> 
     </span>
    </p>
   </div>
   <div class='ocr_carea' id='block_1_2' title="bbox 1571 476 2836 535">
    <p class='ocr_par' dir='ltr' id='par_1_2' title="bbox 1571 476 2836 535">
     <span class='ocr_line' id='line_1_2' title="bbox 1571 476 2836 535; baseline -0.002 -2"><span class='ocrx_word' id='word_1_2' title='bbox 1571 478 1661 534; x_wconf 80' lang='lat' dir='ltr'><strong>AD</strong></span> <span class='ocrx_word' id='word_1_3' title='bbox 1701 478 1928 535; x_wconf 74' lang='lat' dir='ltr'><strong>OPERA</strong></span> <span class='ocrx_word' id='word_1_4' title='bbox 1971 478 2030 533; x_wconf 88' lang='grc' dir='ltr'><strong>Β.</strong></span> <span class='ocrx_word' id='word_1_5' title='bbox 2071 476 2350 534; x_wconf 78' lang='lat' dir='ltr'><strong>ALCUNI</strong></span> <span class='ocrx_word' id='word_1_6' title='bbox 2391 476 2836 532; x_wconf 71' lang='lat' dir='ltr'><strong>APPENDICES.</strong></span> 
     </span>
    </p>
   </div>
   <div class='ocr_carea' id='block_1_3' title="bbox 3725 469 3872 526">
    <p class='ocr_par' dir='ltr' id='par_1_3' title="bbox 3725 469 3872 526">
     <span class='ocr_line' id='line_1_3' title="bbox 3725 469 3872 526; baseline 0 0"><span class='ocrx_word' id='word_1_7' title='bbox 3725 469 3872 526; x_wconf 70' lang='lat' dir='ltr'><strong>I360</strong></span> 
     </span>
    </p>
   </div>
   <div class='ocr_carea' id='block_1_4' title="bbox 562 581 3872 661">
    <p class='ocr_par' dir='ltr' id='par_1_4' title="bbox 562 581 3872 661">
     <span class='ocr_line' id='line_1_4' title="bbox 562 581 3872 661; baseline 0.002 -24"><span class='ocrx_word' id='word_1_8' title='bbox 562 581 950 661; x_wconf 70' lang='lat' dir='ltr'><strong>&#39;aviiieeupiam</strong></span> <span class='ocrx_word' id='word_1_9' title='bbox 969 581 1316 661; x_wconf 71' lang='lat' dir='ltr'><strong>illustrissimi</strong></span> <span class='ocrx_word' id='word_1_10' title='bbox 1341 585 1553 661; x_wconf 78' lang='lat' dir='ltr'><strong>abbatis</strong></span> <span class='ocrx_word' id='word_1_11' title='bbox 1569 586 1737 661; x_wconf 84' lang='lat' dir='ltr'><strong>jussis</strong></span> <span class='ocrx_word' id='word_1_12' title='bbox 1755 589 2158 661; x_wconf 75' lang='lat' dir='ltr'><strong>obtemperare,</strong></span> <span class='ocrx_word' id='word_1_13' title='bbox 2190 592 2235 650; x_wconf 76' lang='grc' dir='ltr'><strong>Α</strong></span> <span class='ocrx_word' id='word_1_14' title='bbox 2337 589 2416 643; x_wconf 79' lang='lat' dir='ltr'><strong>Ad</strong></span> <span class='ocrx_word' id='word_1_15' title='bbox 2468 589 2758 661; x_wconf 78' lang='lat' dir='ltr'><strong>imaginem</strong></span> <span class='ocrx_word' id='word_1_16' title='bbox 2804 606 2934 658; x_wconf 79' lang='lat' dir='ltr'><strong>ergo</strong></span> <span class='ocrx_word' id='word_1_17' title='bbox 2979 604 3130 642; x_wconf 91' lang='lat' dir='ltr'><strong>suam</strong></span> <span class='ocrx_word' id='word_1_18' title='bbox 3179 586 3428 661; x_wconf 66' lang='lat' dir='ltr'><strong>conditor</strong></span> <span class='ocrx_word' id='word_1_19' title='bbox 3463 585 3590 661; x_wconf 57' lang='lat' dir='ltr'><strong>ieci!</strong></span> <span class='ocrx_word' id='word_1_20' title='bbox 3618 587 3872 642; x_wconf 80' lang='lat' dir='ltr'><strong>animam</strong></span> 
     </span>
    </p>
   </div>
   <div class='ocr_carea' id='block_1_5' title="bbox 564 653 2158 729">
    <p class='ocr_par' dir='ltr' id='par_1_5' title="bbox 564 653 2158 729">
     <span class='ocr_line' id='line_1_5' title="bbox 564 653 2158 729; baseline 0.003 -21"><span class='ocrx_word' id='word_1_21' title='bbox 564 665 618 708; x_wconf 88' lang='lat' dir='ltr'><strong>et</strong></span> <span class='ocrx_word' id='word_1_22' title='bbox 643 653 777 729; x_wconf 79' lang='lat' dir='ltr'><strong>elar.</strong></span> <span class='ocrx_word' id='word_1_23' title='bbox 807 653 1219 729; x_wconf 67' lang='lat' dir='ltr'><strong>doctissimique</strong></span> <span class='ocrx_word' id='word_1_24' title='bbox 1250 655 1484 710; x_wconf 85' lang='lat' dir='ltr'><strong>Temleri</strong></span> <span class='ocrx_word' id='word_1_25' title='bbox 1511 653 1770 713; x_wconf 88' lang='lat' dir='ltr'><strong>voluntati</strong></span> <span class='ocrx_word' id='word_1_26' title='bbox 1803 674 1902 729; x_wconf 88' lang='lat' dir='ltr'><strong>pro</strong></span> <span class='ocrx_word' id='word_1_27' title='bbox 1930 653 2046 726; x_wconf 80' lang='lat' dir='ltr'><strong>ejus</strong></span> <span class='ocrx_word' id='word_1_28' title='bbox 2071 658 2158 713; x_wconf 86' lang='lat' dir='ltr'><strong>di-</strong></span> 
     </span>
    </p>
   </div>
   <div class='ocr_carea' id='block_1_6' title="bbox 565 724 2160 798">
    <p class='ocr_par' dir='ltr' id='par_1_6' title="bbox 565 724 2160 798">
     <span class='ocr_line' id='line_1_6' title="bbox 565 724 2160 798; baseline 0.005 -22"><span class='ocrx_word' id='word_1_29' title='bbox 565 726 772 798; x_wconf 70' lang='lat' dir='ltr'><strong>gnitate</strong></span> <span class='ocrx_word' id='word_1_30' title='bbox 794 724 1128 798; x_wconf 82' lang='lat' dir='ltr'><strong>satisfacere.</strong></span> <span class='ocrx_word' id='word_1_31' title='bbox 1148 725 1227 778; x_wconf 85' lang='lat' dir='ltr'><strong>Tu</strong></span> <span class='ocrx_word' id='word_1_32' title='bbox 1251 743 1400 791; x_wconf 90' lang='lat' dir='ltr'><strong>vero,</strong></span> <span class='ocrx_word' id='word_1_33' title='bbox 1423 729 1505 798; x_wconf 88' lang='lat' dir='ltr'><strong>vir</strong></span> <span class='ocrx_word' id='word_1_34' title='bbox 1527 724 1941 794; x_wconf 78' lang='lat' dir='ltr'><strong>humanissime,</strong></span> <span class='ocrx_word' id='word_1_35' title='bbox 1956 724 2160 798; x_wconf 81' lang='lat' dir='ltr'><strong>optime</strong></span> 
     </span>
    </p>
   </div>
   <div class='ocr_carea' id='block_1_7' title="bbox 564 795 2160 860">
    <p class='ocr_par' dir='ltr' id='par_1_7' title="bbox 564 795 2160 860">
     <span class='ocr_line' id='line_1_7' title="bbox 564 795 2160 860; baseline 0.002 -11"><span class='ocrx_word' id='word_1_36' title='bbox 564 797 674 850; x_wconf 86' lang='lat' dir='ltr'><strong>seis</strong></span> <span class='ocrx_word' id='word_1_37' title='bbox 716 795 1030 850; x_wconf 76' lang='lat' dir='ltr'><strong>facultatem</strong></span> <span class='ocrx_word' id='word_1_38' title='bbox 1062 797 1194 851; x_wconf 88' lang='lat' dir='ltr'><strong>mihi</strong></span> <span class='ocrx_word' id='word_1_39' title='bbox 1215 837 1230 860; x_wconf 94' lang='lat'><strong>,</strong></span> <span class='ocrx_word' id='word_1_40' title='bbox 1261 813 1366 852; x_wconf 92' lang='lat' dir='ltr'><strong>non</strong></span> <span class='ocrx_word' id='word_1_41' title='bbox 1394 797 1726 854; x_wconf 77' lang='lat' dir='ltr'><strong>voluntatem</strong></span> <span class='ocrx_word' id='word_1_42' title='bbox 1766 803 1956 855; x_wconf 83' lang='lat' dir='ltr'><strong>deesse</strong></span> <span class='ocrx_word' id='word_1_43' title='bbox 1981 795 2049 853; x_wconf 81' lang='lat' dir='ltr'><strong>ad</strong></span> <span class='ocrx_word' id='word_1_44' title='bbox 2080 801 2160 853; x_wconf 78' lang='lat' dir='ltr'><strong>ef-</strong></span> 
     </span>
    </p>
   </div>
   <div class='ocr_carea' id='block_1_8' title="bbox 565 866 2162 940">
    <p class='ocr_par' dir='ltr' id='par_1_8' title="bbox 565 866 2162 940">
     <span class='ocr_line' id='line_1_8' title="bbox 565 866 2162 940; baseline 0.004 -20"><span class='ocrx_word' id='word_1_45' title='bbox 565 866 795 940; x_wconf 81' lang='lat' dir='ltr'><strong>ﬁcienda</strong></span> <span class='ocrx_word' id='word_1_46' title='bbox 835 868 1017 921; x_wconf 84' lang='lat' dir='ltr'><strong>omnia</strong></span> <span class='ocrx_word' id='word_1_47' title='bbox 1063 883 1186 940; x_wconf 69' lang='lat' dir='ltr'><strong>qua;</strong></span> <span class='ocrx_word' id='word_1_48' title='bbox 1225 869 1321 940; x_wconf 89' lang='lat' dir='ltr'><strong>tibi</strong></span> <span class='ocrx_word' id='word_1_49' title='bbox 1363 878 1515 940; x_wconf 82' lang='lat' dir='ltr'><strong>grata</strong></span> <span class='ocrx_word' id='word_1_50' title='bbox 1549 879 1713 938; x_wconf 88' lang='lat' dir='ltr'><strong>atque</strong></span> <span class='ocrx_word' id='word_1_51' title='bbox 1753 869 1993 940; x_wconf 84' lang='lat' dir='ltr'><strong>jucunda</strong></span> <span class='ocrx_word' id='word_1_52' title='bbox 2044 869 2162 926; x_wconf 80' lang='lat' dir='ltr'><strong>fore</strong></span> 
     </span>
    </p>
   </div>
   <div class='ocr_carea' id='block_1_9' title="bbox 561 938 2158 1009">
    <p class='ocr_par' dir='ltr' id='par_1_9' title="bbox 561 938 2158 1009">
     <span class='ocr_line' id='line_1_9' title="bbox 561 938 2158 1009; baseline 0.003 -19"><span class='ocrx_word' id='word_1_53' title='bbox 561 938 878 1009; x_wconf 70' lang='lat' dir='ltr'><strong>existimare</strong></span> <span class='ocrx_word' id='word_1_54' title='bbox 897 953 1117 1008; x_wconf 85' lang='lat' dir='ltr'><strong>queam.</strong></span> <span class='ocrx_word' id='word_1_55' title='bbox 1144 939 1275 994; x_wconf 85' lang='lat' dir='ltr'><strong>Vale</strong></span> <span class='ocrx_word' id='word_1_56' title='bbox 1303 938 1466 1009; x_wconf 81' lang='lat' dir='ltr'><strong>atque</strong></span> <span class='ocrx_word' id='word_1_57' title='bbox 1492 956 1612 995; x_wconf 88' lang='lat' dir='ltr'><strong>ama</strong></span> <span class='ocrx_word' id='word_1_58' title='bbox 1641 956 1747 996; x_wconf 91' lang='lat' dir='ltr'><strong>me.</strong></span> <span class='ocrx_word' id='word_1_59' title='bbox 1777 939 1946 996; x_wconf 78' lang='lat' dir='ltr'><strong>Oliva:</strong></span> <span class='ocrx_word' id='word_1_60' title='bbox 1969 958 2022 996; x_wconf 65' lang='grc' dir='ltr'><strong>χι</strong></span> <span class='ocrx_word' id='word_1_61' title='bbox 2054 940 2158 995; x_wconf 71' lang='lat' dir='ltr'><strong>lia-</strong></span> 
     </span>
    </p>
   </div>
   <div class='ocr_carea' id='block_1_10' title="bbox 555 1003 1493 1077">
    <p class='ocr_par' dir='ltr' id='par_1_10' title="bbox 555 1003 1493 1077">
     <span class='ocr_line' id='line_1_10' title="bbox 555 1003 1493 1077; baseline -0.002 -12"><span class='ocrx_word' id='word_1_62' title='bbox 555 1008 754 1065; x_wconf 74' lang='lat' dir='ltr'><strong>lendas</strong></span> <span class='ocrx_word' id='word_1_63' title='bbox 783 1003 1129 1077; x_wconf 68' lang='lat' dir='ltr'><strong>Decembres,</strong></span> <span class='ocrx_word' id='word_1_64' title='bbox 1161 1025 1304 1064; x_wconf 87' lang='lat' dir='ltr'><strong>anno</strong></span> <span class='ocrx_word' id='word_1_65' title='bbox 1339 1003 1493 1064; x_wconf 73' lang='lat' dir='ltr'><strong>l765.</strong></span> 
     </span>
    </p>
   </div>
   <div class='ocr_carea' id='block_1_11' title="bbox 1160 1151 1568 1214">
    <p class='ocr_par' dir='ltr' id='par_1_11' title="bbox 1160 1151 1568 1214">
     <span class='ocr_line' id='line_1_11' title="bbox 1160 1151 1568 1214; baseline -0.005 -2"><span class='ocrx_word' id='word_1_66' title='bbox 1160 1151 1568 1214; x_wconf 79' lang='lat' dir='ltr'><strong>CANDIDUS</strong></span> 
     </span>
    </p>
   </div>
   <div class='ocr_carea' id='block_1_12' title="bbox 1044 1269 1682 1328">
    <p class='ocr_par' dir='ltr' id='par_1_12' title="bbox 1044 1269 1682 1328">
     <span class='ocr_line' id='line_1_12' title="bbox 1044 1269 1682 1328; baseline 0.003 -2"><span class='ocrx_word' id='word_1_67' title='bbox 1044 1269 1133 1326; x_wconf 83' lang='lat' dir='ltr'><strong>DE</strong></span> <span class='ocrx_word' id='word_1_68' title='bbox 1170 1270 1455 1327; x_wconf 72' lang='lat' dir='ltr'><strong>[MAGINE</strong></span> <span class='ocrx_word' id='word_1_69' title='bbox 1495 1271 1604 1328; x_wconf 85' lang='lat' dir='ltr'><strong>DEl</strong></span> <span class='ocrx_word' id='word_1_70' title='bbox 1634 1284 1682 1328; x_wconf 75' lang='grc'><strong>³.</strong></span> 
     </span>
    </p>
   </div>
   <div class='ocr_carea' id='block_1_13' title="bbox 805 1380 1907 1452">
    <p class='ocr_par' dir='ltr' id='par_1_13' title="bbox 805 1380 1907 1452">
     <span class='ocr_line' id='line_1_13' title="bbox 805 1380 1907 1452; baseline -0.003 -15"><span class='ocrx_word' id='word_1_71' title='bbox 805 1381 888 1437; x_wconf 77' lang='lat' dir='ltr'><strong>Ea:</strong></span> <span class='ocrx_word' id='word_1_72' title='bbox 916 1383 1093 1437; x_wconf 76' lang='lat' dir='ltr'><strong>codice</strong></span> <span class='ocrx_word' id='word_1_73' title='bbox 1123 1399 1221 1435; x_wconf 85' lang='lat' dir='ltr'><strong>ms.</strong></span> <span class='ocrx_word' id='word_1_74' title='bbox 1253 1380 1648 1452; x_wconf 78' lang='lat' dir='ltr'><strong>Sniisburgensi</strong></span> <span class='ocrx_word' id='word_1_75' title='bbox 1674 1398 1798 1436; x_wconf 69' lang='grc' dir='ltr'><strong>διες.</strong></span> <span class='ocrx_word' id='word_1_76' title='bbox 1831 1398 1907 1436; x_wconf 76' lang='grc' dir='ltr'>ιι.</span> 
     </span>
    </p>
   </div>
   <div class='ocr_carea' id='block_1_14' title="bbox 630 1515 2160 1580">
    <p class='ocr_par' dir='ltr' id='par_1_14' title="bbox 630 1515 2160 1580">
     <span class='ocr_line' id='line_1_14' title="bbox 630 1515 2160 1580; baseline 0.003 -10"><span class='ocrx_word' id='word_1_77' title='bbox 630 1515 786 1571; x_wconf 73' lang='lat' dir='ltr'><strong>Iuste</strong></span> <span class='ocrx_word' id='word_1_78' title='bbox 825 1516 959 1570; x_wconf 88' lang='lat' dir='ltr'><strong>mibi</strong></span> <span class='ocrx_word' id='word_1_79' title='bbox 988 1516 1204 1569; x_wconf 86' lang='lat' dir='ltr'><strong>videtur</strong></span> <span class='ocrx_word' id='word_1_80' title='bbox 1230 1515 1432 1569; x_wconf 89' lang='lat' dir='ltr'><strong>dictum</strong></span> <span class='ocrx_word' id='word_1_81' title='bbox 1459 1556 1474 1580; x_wconf 94' lang='lat'><strong>,</strong></span> <span class='ocrx_word' id='word_1_82' title='bbox 1524 1515 1838 1573; x_wconf 80' lang='lat' dir='ltr'><strong>interiorem</strong></span> <span class='ocrx_word' id='word_1_83' title='bbox 1885 1517 2160 1576; x_wconf 84' lang='lat' dir='ltr'><strong>hominem</strong></span> 
     </span>
    </p>
   </div>
   <div class='ocr_carea' id='block_1_15' title="bbox 562 1586 2160 1657">
    <p class='ocr_par' dir='ltr' id='par_1_15' title="bbox 562 1586 2160 1657">
     <span class='ocr_line' id='line_1_15' title="bbox 562 1586 2160 1657; baseline 0 -14"><span class='ocrx_word' id='word_1_84' title='bbox 562 1590 852 1657; x_wconf 77' lang='lat' dir='ltr'><strong>imaginem</strong></span> <span class='ocrx_word' id='word_1_85' title='bbox 879 1602 998 1641; x_wconf 87' lang='lat' dir='ltr'><strong>esse</strong></span> <span class='ocrx_word' id='word_1_86' title='bbox 1031 1586 1142 1640; x_wconf 85' lang='lat' dir='ltr'><strong>Dei.</strong></span> <span class='ocrx_word' id='word_1_87' title='bbox 1173 1587 1364 1640; x_wconf 77' lang='lat' dir='ltr'><strong>Anima</strong></span> <span class='ocrx_word' id='word_1_88' title='bbox 1394 1587 1538 1638; x_wconf 92' lang='lat' dir='ltr'><strong>enim</strong></span> <span class='ocrx_word' id='word_1_89' title='bbox 1565 1590 1881 1641; x_wconf 90' lang='lat' dir='ltr'><strong>nominatur</strong></span> <span class='ocrx_word' id='word_1_90' title='bbox 1911 1595 2059 1643; x_wconf 90' lang='lat' dir='ltr'><strong>totus</strong></span> <span class='ocrx_word' id='word_1_91' title='bbox 2084 1590 2160 1644; x_wconf 90' lang='lat' dir='ltr'><strong>in-</strong></span> 
     </span>
    </p>
   </div>
   <div class='ocr_carea' id='block_1_16' title="bbox 562 1658 2160 1728">
    <p class='ocr_par' dir='ltr' id='par_1_16' title="bbox 562 1658 2160 1728">
     <span class='ocr_line' id='line_1_16' title="bbox 562 1658 2160 1728; baseline 0.001 -16"><span class='ocrx_word' id='word_1_92' title='bbox 562 1660 732 1712; x_wconf 78' lang='lat' dir='ltr'><strong>terior</strong></span> <span class='ocrx_word' id='word_1_93' title='bbox 761 1659 941 1720; x_wconf 79' lang='lat' dir='ltr'><strong>homo,</strong></span> <span class='ocrx_word' id='word_1_94' title='bbox 973 1672 1079 1728; x_wconf 88' lang='lat' dir='ltr'><strong>qua</strong></span> <span class='ocrx_word' id='word_1_95' title='bbox 1111 1658 1434 1721; x_wconf 87' lang='lat' dir='ltr'><strong>viviticatur,</strong></span> <span class='ocrx_word' id='word_1_96' title='bbox 1469 1659 1706 1727; x_wconf 78' lang='lat' dir='ltr'><strong>regitur,</strong></span> <span class='ocrx_word' id='word_1_97' title='bbox 1742 1659 2056 1728; x_wconf 80' lang='lat' dir='ltr'><strong>continetur</strong></span> <span class='ocrx_word' id='word_1_98' title='bbox 2079 1659 2160 1714; x_wconf 93' lang='lat' dir='ltr'><strong>lu-</strong></span> 
     </span>
    </p>
   </div>
   <div class='ocr_carea' id='block_1_17' title="bbox 562 1727 2158 1793">
    <p class='ocr_par' dir='ltr' id='par_1_17' title="bbox 562 1727 2158 1793">
     <span class='ocr_line' id='line_1_17' title="bbox 562 1727 2158 1793; baseline 0.001 -10"><span class='ocrx_word' id='word_1_99' title='bbox 562 1740 647 1784; x_wconf 89' lang='lat' dir='ltr'><strong>tea</strong></span> <span class='ocrx_word' id='word_1_100' title='bbox 688 1730 776 1782; x_wconf 85' lang='lat' dir='ltr'><strong>illa</strong></span> <span class='ocrx_word' id='word_1_101' title='bbox 806 1727 1322 1783; x_wconf 29' lang='lat' dir='ltr'><strong>massa’humectata</strong></span> <span class='ocrx_word' id='word_1_102' title='bbox 1356 1729 1555 1793; x_wconf 85' lang='lat' dir='ltr'><strong>succis,</strong></span> <span class='ocrx_word' id='word_1_103' title='bbox 1589 1743 1658 1782; x_wconf 91' lang='lat' dir='ltr'><strong>ne</strong></span> <span class='ocrx_word' id='word_1_104' title='bbox 1688 1727 1929 1783; x_wconf 79' lang='lat' dir='ltr'><strong>arefacta</strong></span> <span class='ocrx_word' id='word_1_105' title='bbox 1959 1731 2158 1784; x_wconf 90' lang='lat' dir='ltr'><strong>dissol-</strong></span> 
     </span>
    </p>
   </div>
   <div class='ocr_carea' id='block_1_18' title="bbox 561 1797 2159 1870">
    <p class='ocr_par' dir='ltr' id='par_1_18' title="bbox 561 1797 2159 1870">
     <span class='ocr_line' id='line_1_18' title="bbox 561 1797 2159 1870; baseline 0.001 -17"><span class='ocrx_word' id='word_1_106' title='bbox 561 1811 742 1854; x_wconf 80' lang='lat' dir='ltr'><strong>vatur.</strong></span> <span class='ocrx_word' id='word_1_107' title='bbox 777 1800 919 1854; x_wconf 84' lang='lat' dir='ltr'><strong>Deus</strong></span> <span class='ocrx_word' id='word_1_108' title='bbox 948 1799 1146 1870; x_wconf 88' lang='lat' dir='ltr'><strong>dicitur</strong></span> <span class='ocrx_word' id='word_1_109' title='bbox 1180 1800 1264 1853; x_wconf 90' lang='lat' dir='ltr'><strong>vis</strong></span> <span class='ocrx_word' id='word_1_110' title='bbox 1290 1799 1378 1852; x_wconf 90' lang='lat' dir='ltr'><strong>illa</strong></span> <span class='ocrx_word' id='word_1_111' title='bbox 1407 1797 1748 1854; x_wconf 82' lang='lat' dir='ltr'><strong>inell&#39;abiliter</strong></span> <span class='ocrx_word' id='word_1_112' title='bbox 1777 1815 1972 1870; x_wconf 84' lang='lat' dir='ltr'><strong>magna</strong></span> <span class='ocrx_word' id='word_1_113' title='bbox 1999 1811 2053 1855; x_wconf 91' lang='lat' dir='ltr'><strong>et</strong></span> <span class='ocrx_word' id='word_1_114' title='bbox 2077 1803 2159 1856; x_wconf 90' lang='lat' dir='ltr'><strong>in-</strong></span> 
     </span>
    </p>
   </div>
   <div class='ocr_carea' id='block_1_19' title="bbox 561 1869 2156 1939">
    <p class='ocr_par' dir='ltr' id='par_1_19' title="bbox 561 1869 2156 1939">
     <span class='ocr_line' id='line_1_19' title="bbox 561 1869 2156 1939; baseline 0.002 -14"><span class='ocrx_word' id='word_1_115' title='bbox 561 1871 974 1925; x_wconf 87' lang='lat' dir='ltr'><strong>numerabiliter</strong></span> <span class='ocrx_word' id='word_1_116' title='bbox 995 1869 1233 1938; x_wconf 84' lang='lat' dir='ltr'><strong>sapiens,</strong></span> <span class='ocrx_word' id='word_1_117' title='bbox 1255 1877 1311 1926; x_wconf 83' lang='lat' dir='ltr'><strong>et</strong></span> <span class='ocrx_word' id='word_1_118' title='bbox 1335 1870 1835 1939; x_wconf 80' lang='lat' dir='ltr'><strong>incomparabiliter</strong></span> <span class='ocrx_word' id='word_1_119' title='bbox 1860 1869 2064 1938; x_wconf 81' lang='lat' dir='ltr'><strong>Suavis,</strong></span> <span class='ocrx_word' id='word_1_120' title='bbox 2089 1889 2156 1928; x_wconf 80' lang='lat' dir='ltr'><strong>ex</strong></span> 
     </span>
    </p>
   </div>
   <div class='ocr_carea' id='block_1_20' title="bbox 557 1940 2156 2012">
    <p class='ocr_par' dir='ltr' id='par_1_20' title="bbox 557 1940 2156 2012">
     <span class='ocr_line' id='line_1_20' title="bbox 557 1940 2156 2012; baseline 0.003 -18"><span class='ocrx_word' id='word_1_121' title='bbox 557 1955 668 2010; x_wconf 88' lang='lat' dir='ltr'><strong>qua</strong></span> <span class='ocrx_word' id='word_1_122' title='bbox 695 1951 750 1995; x_wconf 88' lang='lat' dir='ltr'><strong>et</strong></span> <span class='ocrx_word' id='word_1_123' title='bbox 777 1957 873 2011; x_wconf 89' lang='lat' dir='ltr'><strong>per</strong></span> <span class='ocrx_word' id='word_1_124' title='bbox 897 1956 1060 2012; x_wconf 85' lang='lat' dir='ltr'><strong>quam</strong></span> <span class='ocrx_word' id='word_1_125' title='bbox 1089 1949 1145 1996; x_wconf 88' lang='lat' dir='ltr'><strong>et</strong></span> <span class='ocrx_word' id='word_1_126' title='bbox 1170 1957 1279 2010; x_wconf 82' lang='lat' dir='ltr'><strong>qua</strong></span> <span class='ocrx_word' id='word_1_127' title='bbox 1314 1951 1443 1995; x_wconf 84' lang='lat' dir='ltr'><strong>sunt</strong></span> <span class='ocrx_word' id='word_1_128' title='bbox 1478 1940 1663 1995; x_wconf 88' lang='lat' dir='ltr'><strong>omnia</strong></span> <span class='ocrx_word' id='word_1_129' title='bbox 1698 1956 1820 2011; x_wconf 73' lang='lat' dir='ltr'><strong>qua:</strong></span> <span class='ocrx_word' id='word_1_130' title='bbox 1860 1952 2022 2008; x_wconf 89' lang='lat' dir='ltr'><strong>sunt,</strong></span> <span class='ocrx_word' id='word_1_131' title='bbox 2070 1959 2156 1998; x_wconf 89' lang='lat' dir='ltr'><strong>re-</strong></span> 
     </span>
    </p>
   </div>
   <div class='ocr_carea' id='block_1_21' title="bbox 598 2012 2150 2084">
    <p class='ocr_par' dir='ltr' id='par_1_21' title="bbox 598 2012 2150 2084">
     <span class='ocr_line' id='line_1_21' title="bbox 598 2012 2150 2084; baseline 0.002 -18"><span class='ocrx_word' id='word_1_132' title='bbox 598 2021 761 2066; x_wconf 91' lang='lat' dir='ltr'><strong>untur</strong></span> <span class='ocrx_word' id='word_1_133' title='bbox 779 2012 970 2084; x_wconf 77' lang='lat' dir='ltr'><strong>omnia</strong></span> <span class='ocrx_word' id='word_1_134' title='bbox 984 2026 1105 2082; x_wconf 68' lang='lat' dir='ltr'><strong>qum</strong></span> <span class='ocrx_word' id='word_1_135' title='bbox 1125 2022 1274 2084; x_wconf 77' lang='lat' dir='ltr'><strong>sunt,</strong></span> <span class='ocrx_word' id='word_1_136' title='bbox 1290 2012 1639 2084; x_wconf 82' lang='lat' dir='ltr'><strong>continentur</strong></span> <span class='ocrx_word' id='word_1_137' title='bbox 1658 2013 1840 2066; x_wconf 89' lang='lat' dir='ltr'><strong>omnia</strong></span> <span class='ocrx_word' id='word_1_138' title='bbox 1863 2029 1984 2084; x_wconf 62' lang='lat' dir='ltr'><strong>quae</strong></span> <span class='ocrx_word' id='word_1_139' title='bbox 2005 2023 2150 2069; x_wconf 86' lang='lat' dir='ltr'><strong>sunt.</strong></span> 
     </span>
    </p>
   </div>
   <div class='ocr_carea' id='block_1_22' title="bbox 559 2028 2150 2154">
    <p class='ocr_par' dir='ltr' id='par_1_22' title="bbox 559 2028 2150 2154">
     <span class='ocr_line' id='line_1_22' title="bbox 598 2028 2150 2084; baseline 0.002 -18"><span class='ocrx_word' id='word_1_140' title='bbox 598 2028 761 2066; x_wconf 85' lang='lat' dir='ltr'><strong>untur</strong></span> <span class='ocrx_word' id='word_1_141' title='bbox 779 2028 961 2067; x_wconf 87' lang='lat' dir='ltr'><strong>omnia</strong></span> <span class='ocrx_word' id='word_1_142' title='bbox 984 2028 1105 2082; x_wconf 63' lang='lat' dir='ltr'><strong>qua:</strong></span> <span class='ocrx_word' id='word_1_143' title='bbox 1125 2028 1274 2076; x_wconf 81' lang='lat' dir='ltr'><strong>sunt,</strong></span> <span class='ocrx_word' id='word_1_144' title='bbox 1290 2028 1639 2067; x_wconf 80' lang='lat' dir='ltr'><strong>continentur</strong></span> <span class='ocrx_word' id='word_1_145' title='bbox 1658 2028 1840 2066; x_wconf 82' lang='lat' dir='ltr'><strong>omnia</strong></span> <span class='ocrx_word' id='word_1_146' title='bbox 1863 2029 1984 2084; x_wconf 62' lang='lat' dir='ltr'><strong>quae</strong></span> <span class='ocrx_word' id='word_1_147' title='bbox 2005 2028 2150 2069; x_wconf 86' lang='lat' dir='ltr'><strong>sunt.</strong></span> 
     </span>
     <span class='ocr_line' id='line_1_23' title="bbox 559 2028 2150 2154; baseline 0.001 -16"><span class='ocrx_word' id='word_1_148' title='bbox 559 2028 753 2138; x_wconf 57' lang='lat' dir='ltr'><strong>smnia</strong></span> <span class='ocrx_word' id='word_1_149' title='bbox 799 2081 921 2136; x_wconf 87' lang='lat' dir='ltr'><strong>dico</strong></span> <span class='ocrx_word' id='word_1_150' title='bbox 960 2083 1133 2152; x_wconf 84' lang='lat' dir='ltr'><strong>ipsam</strong></span> <span class='ocrx_word' id='word_1_151' title='bbox 1162 2081 1570 2154; x_wconf 70' lang='lat' dir='ltr'><strong>universitatem</strong></span> <span class='ocrx_word' id='word_1_152' title='bbox 1595 2123 1610 2146; x_wconf 92' lang='lat'><strong>,</strong></span> <span class='ocrx_word' id='word_1_153' title='bbox 1659 2097 1782 2154; x_wconf 79' lang='lat' dir='ltr'><strong>qua:</strong></span> <span class='ocrx_word' id='word_1_154' title='bbox 1815 2092 1901 2140; x_wconf 89' lang='lat' dir='ltr'><strong>est</strong></span> <span class='ocrx_word' id='word_1_155' title='bbox 1942 2092 2150 2150; x_wconf 90' lang='lat' dir='ltr'><strong>totum,</strong></span> 
     </span>
    </p>
   </div>
   <div class='ocr_carea' id='block_1_23' title="bbox 561 2151 2150 2224">
    <p class='ocr_par' dir='ltr' id='par_1_23' title="bbox 561 2151 2150 2224">
     <span class='ocr_line' id='line_1_24' title="bbox 561 2151 2150 2224; baseline 0.002 -18"><span class='ocrx_word' id='word_1_156' title='bbox 561 2155 706 2224; x_wconf 83' lang='lat' dir='ltr'><strong>quod</strong></span> <span class='ocrx_word' id='word_1_157' title='bbox 730 2153 873 2208; x_wconf 80' lang='lat' dir='ltr'><strong>aliud</strong></span> <span class='ocrx_word' id='word_1_158' title='bbox 903 2151 992 2209; x_wconf 86' lang='lat' dir='ltr'><strong>est</strong></span> <span class='ocrx_word' id='word_1_159' title='bbox 1019 2167 1182 2222; x_wconf 85' lang='lat' dir='ltr'><strong>quam</strong></span> <span class='ocrx_word' id='word_1_160' title='bbox 1210 2153 1327 2222; x_wconf 90' lang='lat' dir='ltr'><strong>ipse</strong></span> <span class='ocrx_word' id='word_1_161' title='bbox 1348 2154 1442 2224; x_wconf 93' lang='lat' dir='ltr'><strong>qui</strong></span> <span class='ocrx_word' id='word_1_162' title='bbox 1470 2151 1599 2208; x_wconf 81' lang='lat' dir='ltr'><strong>fecit</strong></span> <span class='ocrx_word' id='word_1_163' title='bbox 1621 2151 1695 2207; x_wconf 64' lang='lat' dir='ltr'><strong>et&#39;</strong></span> <span class='ocrx_word' id='word_1_164' title='bbox 1707 2169 1812 2208; x_wconf 85' lang='lat' dir='ltr'><strong>non</strong></span> <span class='ocrx_word' id='word_1_165' title='bbox 1839 2163 1924 2209; x_wconf 88' lang='lat' dir='ltr'><strong>est</strong></span> <span class='ocrx_word' id='word_1_166' title='bbox 1950 2155 2150 2210; x_wconf 77' lang='lat' dir='ltr'><strong>factus.</strong></span> 
     </span>
    </p>
   </div>
   <div class='ocr_carea' id='block_1_24' title="bbox 560 2220 2154 2296">
    <p class='ocr_par' dir='ltr' id='par_1_24' title="bbox 560 2220 2154 2296">
     <span class='ocr_line' id='line_1_25' title="bbox 560 2220 2154 2296; baseline 0.003 -18"><span class='ocrx_word' id='word_1_167' title='bbox 560 2220 669 2296; x_wconf 72' lang='lat' dir='ltr'><strong>Sed</strong></span> <span class='ocrx_word' id='word_1_168' title='bbox 700 2225 815 2294; x_wconf 89' lang='lat' dir='ltr'><strong>ipse</strong></span> <span class='ocrx_word' id='word_1_169' title='bbox 838 2234 945 2290; x_wconf 89' lang='lat' dir='ltr'><strong>est,</strong></span> <span class='ocrx_word' id='word_1_170' title='bbox 968 2220 1195 2296; x_wconf 48' lang='lat' dir='ltr'><strong>ex&#39;qu_o,</strong></span> <span class='ocrx_word' id='word_1_171' title='bbox 1228 2220 1285 2278; x_wconf 82' lang='lat' dir='ltr'><strong>et</strong></span> <span class='ocrx_word' id='word_1_172' title='bbox 1315 2220 1405 2293; x_wconf 79' lang='lat' dir='ltr'><strong>qui</strong></span> <span class='ocrx_word' id='word_1_173' title='bbox 1423 2220 1497 2277; x_wconf 81' lang='lat' dir='ltr'><strong>&#39;ex</strong></span> <span class='ocrx_word' id='word_1_174' title='bbox 1524 2239 1614 2286; x_wconf 89' lang='lat' dir='ltr'><strong>eo,</strong></span> <span class='ocrx_word' id='word_1_175' title='bbox 1636 2232 1691 2278; x_wconf 88' lang='lat' dir='ltr'><strong>et</strong></span> <span class='ocrx_word' id='word_1_176' title='bbox 1707 2239 1822 2296; x_wconf 88' lang='lat' dir='ltr'><strong>quo</strong></span> <span class='ocrx_word' id='word_1_177' title='bbox 1845 2227 2009 2294; x_wconf 85' lang='lat' dir='ltr'><strong>quod.</strong></span> <span class='ocrx_word' id='word_1_178' title='bbox 2037 2227 2154 2296; x_wconf 91' lang='lat' dir='ltr'><strong>Ipse</strong></span> 
     </span>
    </p>
   </div>
   <div class='ocr_carea' id='block_1_25' title="bbox 562 2294 2154 2368">
    <p class='ocr_par' dir='ltr' id='par_1_25' title="bbox 562 2294 2154 2368">
     <span class='ocr_line' id='line_1_26' title="bbox 562 2294 2154 2368; baseline 0.001 -19"><span class='ocrx_word' id='word_1_179' title='bbox 562 2295 706 2350; x_wconf 83' lang='lat' dir='ltr'><strong>Deus</strong></span> <span class='ocrx_word' id='word_1_180' title='bbox 745 2311 810 2349; x_wconf 68' lang='lat' dir='ltr'><strong>ex</strong></span> <span class='ocrx_word' id='word_1_181' title='bbox 852 2312 956 2366; x_wconf 84' lang='lat' dir='ltr'><strong>quo</strong></span> <span class='ocrx_word' id='word_1_182' title='bbox 986 2302 1099 2368; x_wconf 82' lang='lat' dir='ltr'><strong>est,</strong></span> <span class='ocrx_word' id='word_1_183' title='bbox 1125 2294 1288 2350; x_wconf 85' lang='lat' dir='ltr'><strong>Pater</strong></span> <span class='ocrx_word' id='word_1_184' title='bbox 1317 2296 1516 2368; x_wconf 79' lang='lat' dir='ltr'><strong>dicitur</strong></span> <span class='ocrx_word' id='word_1_185' title='bbox 1556 2295 1784 2368; x_wconf 78' lang='lat' dir='ltr'><strong>anubis</strong></span> <span class='ocrx_word' id='word_1_186' title='bbox 1824 2294 2154 2368; x_wconf 85' lang='lat' dir='ltr'><strong>pauperibus</strong></span> 
     </span>
    </p>
   </div>
   <div class='ocr_carea' id='block_1_26' title="bbox 559 2366 2152 2436">
    <p class='ocr_par' dir='ltr' id='par_1_26' title="bbox 559 2366 2152 2436">
     <span class='ocr_line' id='line_1_27' title="bbox 559 2366 2152 2436; baseline 0.003 -18"><span class='ocrx_word' id='word_1_187' title='bbox 559 2381 747 2430; x_wconf 79' lang='lat' dir='ltr'><strong>sensu,</strong></span> <span class='ocrx_word' id='word_1_188' title='bbox 779 2366 1191 2436; x_wconf 81' lang='lat' dir='ltr'><strong>pauperioribus</strong></span> <span class='ocrx_word' id='word_1_189' title='bbox 1229 2366 1428 2420; x_wconf 80' lang='lat' dir='ltr'><strong>verbis.</strong></span> <span class='ocrx_word' id='word_1_190' title='bbox 1460 2366 1611 2436; x_wconf 81' lang='lat' dir='ltr'><strong>Quod</strong></span> <span class='ocrx_word' id='word_1_191' title='bbox 1638 2367 1729 2436; x_wconf 84' lang='lat' dir='ltr'><strong>qui</strong></span> <span class='ocrx_word' id='word_1_192' title='bbox 1769 2383 1834 2420; x_wconf 77' lang='lat' dir='ltr'><strong>ex</strong></span> <span class='ocrx_word' id='word_1_193' title='bbox 1877 2366 1948 2421; x_wconf 43' lang='lat' dir='ltr'><strong>eo‘</strong></span> <span class='ocrx_word' id='word_1_194' title='bbox 1982 2368 2152 2423; x_wconf 86' lang='lat' dir='ltr'><strong>Filius</strong></span> 
     </span>
    </p>
   </div>
   <div class='ocr_carea' id='block_1_27' title="bbox 559 2435 2154 2506">
    <p class='ocr_par' dir='ltr' id='par_1_27' title="bbox 559 2435 2154 2506">
     <span class='ocr_line' id='line_1_28' title="bbox 559 2435 2154 2506; baseline 0.002 -16"><span class='ocrx_word' id='word_1_195' title='bbox 559 2435 785 2490; x_wconf 72' lang='lat' dir='ltr'><strong>dicitur.</strong></span> <span class='ocrx_word' id='word_1_196' title='bbox 821 2435 975 2500; x_wconf 79' lang='lat' dir='ltr'><strong>Quod</strong></span> <span class='ocrx_word' id='word_1_197' title='bbox 1017 2453 1118 2506; x_wconf 85' lang='lat' dir='ltr'><strong>quo</strong></span> <span class='ocrx_word' id='word_1_198' title='bbox 1147 2435 1386 2506; x_wconf 85' lang='lat' dir='ltr'><strong>Spiritus</strong></span> <span class='ocrx_word' id='word_1_199' title='bbox 1427 2435 1667 2495; x_wconf 85' lang='lat' dir='ltr'><strong>sanctus.</strong></span> <span class='ocrx_word' id='word_1_200' title='bbox 1705 2436 1828 2492; x_wconf 87' lang='lat' dir='ltr'><strong>Ideo</strong></span> <span class='ocrx_word' id='word_1_201' title='bbox 1857 2448 2040 2493; x_wconf 89' lang='lat' dir='ltr'><strong>autem</strong></span> <span class='ocrx_word' id='word_1_202' title='bbox 2072 2441 2154 2493; x_wconf 94' lang='lat' dir='ltr'><strong>di-</strong></span> 
     </span>
    </p>
   </div>
   <div class='ocr_carea' id='block_1_28' title="bbox 558 2507 2151 2580">
    <p class='ocr_par' dir='ltr' id='par_1_28' title="bbox 558 2507 2151 2580">
     <span class='ocr_line' id='line_1_29' title="bbox 558 2507 2151 2580; baseline 0.003 -20"><span class='ocrx_word' id='word_1_203' title='bbox 558 2509 704 2560; x_wconf 85' lang='lat' dir='ltr'><strong>citur</strong></span> <span class='ocrx_word' id='word_1_204' title='bbox 739 2507 880 2560; x_wconf 86' lang='lat' dir='ltr'><strong>Dens</strong></span> <span class='ocrx_word' id='word_1_205' title='bbox 909 2507 1088 2580; x_wconf 83' lang='lat' dir='ltr'><strong>Pater,</strong></span> <span class='ocrx_word' id='word_1_206' title='bbox 1122 2509 1248 2578; x_wconf 84' lang='lat' dir='ltr'><strong>quia</strong></span> <span class='ocrx_word' id='word_1_207' title='bbox 1279 2507 1392 2577; x_wconf 77' lang='lat' dir='ltr'><strong>ipse</strong></span> <span class='ocrx_word' id='word_1_208' title='bbox 1420 2517 1631 2580; x_wconf 29' lang='lat' dir='ltr'><strong>estpex</strong></span> <span class='ocrx_word' id='word_1_209' title='bbox 1666 2523 1772 2576; x_wconf 93' lang='lat' dir='ltr'><strong>quo</strong></span> <span class='ocrx_word' id='word_1_210' title='bbox 1801 2518 1856 2562; x_wconf 90' lang='lat' dir='ltr'><strong>et</strong></span> <span class='ocrx_word' id='word_1_211' title='bbox 1885 2510 2151 2580; x_wconf 83' lang='lat' dir='ltr'><strong>sapientia</strong></span> 
     </span>
    </p>
   </div>
   <div class='ocr_carea' id='block_1_29' title="bbox 555 2579 2153 2647">
    <p class='ocr_par' dir='ltr' id='par_1_29' title="bbox 555 2579 2153 2647">
     <span class='ocr_line' id='line_1_30' title="bbox 555 2579 2153 2647; baseline 0.001 -15"><span class='ocrx_word' id='word_1_212' title='bbox 555 2586 642 2632; x_wconf 86' lang='lat' dir='ltr'><strong>est</strong></span> <span class='ocrx_word' id='word_1_213' title='bbox 663 2593 770 2646; x_wconf 85' lang='lat' dir='ltr'><strong>qua</strong></span> <span class='ocrx_word' id='word_1_214' title='bbox 811 2579 1130 2632; x_wconf 79' lang='lat' dir='ltr'><strong>ordinantur</strong></span> <span class='ocrx_word' id='word_1_215' title='bbox 1161 2581 1369 2642; x_wconf 86' lang='lat' dir='ltr'><strong>omnia,</strong></span> <span class='ocrx_word' id='word_1_216' title='bbox 1403 2586 1458 2631; x_wconf 90' lang='lat' dir='ltr'><strong>ct</strong></span> <span class='ocrx_word' id='word_1_217' title='bbox 1492 2579 1708 2633; x_wconf 77' lang='lat' dir='ltr'><strong>dilectio</strong></span> <span class='ocrx_word' id='word_1_218' title='bbox 1734 2595 1840 2647; x_wconf 88' lang='lat' dir='ltr'><strong>qua</strong></span> <span class='ocrx_word' id='word_1_219' title='bbox 1877 2595 1938 2633; x_wconf 89' lang='lat' dir='ltr'><strong>se</strong></span> <span class='ocrx_word' id='word_1_220' title='bbox 1956 2579 2153 2634; x_wconf 75' lang='lat' dir='ltr'><strong>volunt</strong></span> 
     </span>
    </p>
   </div>
   <div class='ocr_carea' id='block_1_30' title="bbox 554 2648 2152 2722">
    <p class='ocr_par' dir='ltr' id='par_1_30' title="bbox 554 2648 2152 2722">
     <span class='ocr_line' id='line_1_31' title="bbox 554 2648 2152 2722; baseline 0.003 -21"><span class='ocrx_word' id='word_1_221' title='bbox 554 2649 740 2722; x_wconf 80' lang='lat' dir='ltr'><strong>omnia</strong></span> <span class='ocrx_word' id='word_1_222' title='bbox 790 2649 861 2701; x_wconf 90' lang='lat' dir='ltr'><strong>ita</strong></span> <span class='ocrx_word' id='word_1_223' title='bbox 908 2665 1127 2702; x_wconf 87' lang='lat' dir='ltr'><strong>manere</strong></span> <span class='ocrx_word' id='word_1_224' title='bbox 1168 2648 1505 2722; x_wconf 70' lang='lat' dir='ltr'><strong>inordinata</strong></span> <span class='ocrx_word' id='word_1_225' title='bbox 1546 2657 1688 2722; x_wconf 62' lang='lat' dir='ltr'><strong>sunt.</strong></span> <span class='ocrx_word' id='word_1_226' title='bbox 1722 2651 1796 2704; x_wconf 81' lang='lat' dir='ltr'><strong>Ex</strong></span> <span class='ocrx_word' id='word_1_227' title='bbox 1828 2664 1936 2718; x_wconf 85' lang='lat' dir='ltr'><strong>quo</strong></span> <span class='ocrx_word' id='word_1_228' title='bbox 1958 2665 2057 2722; x_wconf 85' lang='lat' dir='ltr'><strong>ego</strong></span> <span class='ocrx_word' id='word_1_229' title='bbox 2096 2661 2152 2706; x_wconf 87' lang='lat' dir='ltr'><strong>et</strong></span> 
     </span>
    </p>
   </div>
   <div class='ocr_carea' id='block_1_31' title="bbox 555 2719 2152 2790">
    <p class='ocr_par' dir='ltr' id='par_1_31' title="bbox 555 2719 2152 2790">
     <span class='ocr_line' id='line_1_32' title="bbox 555 2719 2152 2790; baseline 0.004 -19"><span class='ocrx_word' id='word_1_230' title='bbox 555 2719 650 2790; x_wconf 69' lang='lat' dir='ltr'><strong>qui</strong></span> <span class='ocrx_word' id='word_1_231' title='bbox 680 2735 743 2772; x_wconf 72' lang='lat' dir='ltr'><strong>ex</strong></span> <span class='ocrx_word' id='word_1_232' title='bbox 772 2734 859 2782; x_wconf 88' lang='lat' dir='ltr'><strong>eo,</strong></span> <span class='ocrx_word' id='word_1_233' title='bbox 890 2727 945 2772; x_wconf 89' lang='lat' dir='ltr'><strong>et</strong></span> <span class='ocrx_word' id='word_1_234' title='bbox 975 2735 1082 2788; x_wconf 86' lang='lat' dir='ltr'><strong>quo</strong></span> <span class='ocrx_word' id='word_1_235' title='bbox 1122 2736 1181 2773; x_wconf 88' lang='lat' dir='ltr'><strong>se</strong></span> <span class='ocrx_word' id='word_1_236' title='bbox 1224 2719 1453 2788; x_wconf 82' lang='lat' dir='ltr'><strong>diligunt</strong></span> <span class='ocrx_word' id='word_1_237' title='bbox 1479 2720 1594 2789; x_wconf 88' lang='lat' dir='ltr'><strong>ipsa</strong></span> <span class='ocrx_word' id='word_1_238' title='bbox 1630 2719 1757 2784; x_wconf 73' lang='lat' dir='ltr'><strong>t‘uo,</strong></span> <span class='ocrx_word' id='word_1_239' title='bbox 1789 2722 1889 2775; x_wconf 89' lang='lat' dir='ltr'><strong>tria</strong></span> <span class='ocrx_word' id='word_1_240' title='bbox 1919 2719 2065 2787; x_wconf 77' lang='lat' dir='ltr'><strong>sunt,</strong></span> <span class='ocrx_word' id='word_1_241' title='bbox 2097 2733 2152 2778; x_wconf 90' lang='lat' dir='ltr'><strong>et</strong></span> 
     </span>
    </p>
   </div>
   <div class='ocr_carea' id='block_1_32' title="bbox 549 2788 2150 2861">
    <p class='ocr_par' dir='ltr' id='par_1_32' title="bbox 549 2788 2150 2861">
     <span class='ocr_line' id='line_1_33' title="bbox 549 2788 2150 2861; baseline 0.002 -17"><span class='ocrx_word' id='word_1_242' title='bbox 549 2788 649 2844; x_wconf 76' lang='lat' dir='ltr'><strong>illa</strong></span> <span class='ocrx_word' id='word_1_243' title='bbox 679 2791 784 2843; x_wconf 87' lang='lat' dir='ltr'><strong>tria</strong></span> <span class='ocrx_word' id='word_1_244' title='bbox 816 2791 937 2861; x_wconf 81' lang='lat' dir='ltr'><strong>ideo</strong></span> <span class='ocrx_word' id='word_1_245' title='bbox 985 2806 1149 2844; x_wconf 92' lang='lat' dir='ltr'><strong>unum</strong></span> <span class='ocrx_word' id='word_1_246' title='bbox 1170 2831 1186 2855; x_wconf 94' lang='lat'><strong>,</strong></span> <span class='ocrx_word' id='word_1_247' title='bbox 1234 2790 1361 2860; x_wconf 88' lang='lat' dir='ltr'><strong>quia</strong></span> <span class='ocrx_word' id='word_1_248' title='bbox 1391 2791 1469 2845; x_wconf 90' lang='lat' dir='ltr'><strong>sic</strong></span> <span class='ocrx_word' id='word_1_249' title='bbox 1503 2788 1637 2845; x_wconf 36' lang='lat' dir='ltr'><strong>&#39;sunt</strong></span> <span class='ocrx_word' id='word_1_250' title='bbox 1663 2808 1729 2846; x_wconf 80' lang='lat' dir='ltr'><strong>ex</strong></span> <span class='ocrx_word' id='word_1_251' title='bbox 1767 2807 1876 2846; x_wconf 90' lang='lat' dir='ltr'><strong>uno</strong></span> <span class='ocrx_word' id='word_1_252' title='bbox 1903 2793 1994 2848; x_wconf 86' lang='lat' dir='ltr'><strong>illa</strong></span> <span class='ocrx_word' id='word_1_253' title='bbox 2021 2794 2150 2861; x_wconf 87' lang='lat' dir='ltr'><strong>duo,</strong></span> 
     </span>
    </p>
   </div>
   <div class='ocr_carea' id='block_1_33' title="bbox 559 2860 2150 2934">
    <p class='ocr_par' dir='ltr' id='par_1_33' title="bbox 559 2860 2150 2934">
     <span class='ocr_line' id='line_1_34' title="bbox 559 2860 2150 2934; baseline 0.004 -21"><span class='ocrx_word' id='word_1_254' title='bbox 559 2869 828 2934; x_wconf 70' lang='lat' dir='ltr'><strong>attamen</strong></span> <span class='ocrx_word' id='word_1_255' title='bbox 872 2860 942 2913; x_wconf 88' lang='lat' dir='ltr'><strong>ab</strong></span> <span class='ocrx_word' id='word_1_256' title='bbox 980 2861 1102 2934; x_wconf 86' lang='lat' dir='ltr'><strong>ipso</strong></span> <span class='ocrx_word' id='word_1_257' title='bbox 1130 2877 1236 2934; x_wconf 90' lang='lat' dir='ltr'><strong>non</strong></span> <span class='ocrx_word' id='word_1_258' title='bbox 1275 2861 1386 2915; x_wconf 91' lang='lat' dir='ltr'><strong>sint</strong></span> <span class='ocrx_word' id='word_1_259' title='bbox 1413 2872 1698 2934; x_wconf 76' lang='lat' dir='ltr'><strong>separata,</strong></span> <span class='ocrx_word' id='word_1_260' title='bbox 1743 2871 1799 2917; x_wconf 89' lang='lat' dir='ltr'><strong>et</strong></span> <span class='ocrx_word' id='word_1_261' title='bbox 1827 2863 2002 2932; x_wconf 90' lang='lat' dir='ltr'><strong>ipsum</strong></span> <span class='ocrx_word' id='word_1_262' title='bbox 2035 2860 2150 2934; x_wconf 88' lang='lat' dir='ltr'><strong>ipsa</strong></span> 
     </span>
    </p>
   </div>
   <div class='ocr_carea' id='block_1_34' title="bbox 557 2930 2151 3006">
    <p class='ocr_par' dir='ltr' id='par_1_34' title="bbox 557 2930 2151 3006">
     <span class='ocr_line' id='line_1_35' title="bbox 557 2930 2151 3006; baseline 0.003 -22"><span class='ocrx_word' id='word_1_263' title='bbox 557 2930 864 3006; x_wconf 75' lang='lat' dir='ltr'><strong>quodipse,</strong></span> <span class='ocrx_word' id='word_1_264' title='bbox 893 2941 947 2984; x_wconf 91' lang='lat' dir='ltr'><strong>et</strong></span> <span class='ocrx_word' id='word_1_265' title='bbox 979 2932 1150 3006; x_wconf 84' lang='lat' dir='ltr'><strong>ipsum</strong></span> <span class='ocrx_word' id='word_1_266' title='bbox 1181 2933 1294 3006; x_wconf 82' lang='lat' dir='ltr'><strong>ipse</strong></span> <span class='ocrx_word' id='word_1_267' title='bbox 1319 2930 1460 3000; x_wconf 90' lang='lat' dir='ltr'><strong>quod</strong></span> <span class='ocrx_word' id='word_1_268' title='bbox 1483 2930 1619 3003; x_wconf 85' lang='lat' dir='ltr'><strong>ipsa,</strong></span> <span class='ocrx_word' id='word_1_269' title='bbox 1651 2945 1706 2987; x_wconf 90' lang='lat' dir='ltr'><strong>et</strong></span> <span class='ocrx_word' id='word_1_270' title='bbox 1732 2930 2004 3006; x_wconf 32' lang='lat' dir='ltr'><strong>non—ipsa,</strong></span> <span class='ocrx_word' id='word_1_271' title='bbox 2035 2930 2151 3006; x_wconf 79' lang='lat' dir='ltr'><strong>ipsa</strong></span> 
     </span>
    </p>
   </div>
   <div class='ocr_carea' id='block_1_35' title="bbox 555 3000 2153 3074">
    <p class='ocr_par' dir='ltr' id='par_1_35' title="bbox 555 3000 2153 3074">
     <span class='ocr_line' id='line_1_36' title="bbox 555 3000 2153 3074; baseline 0.005 -22"><span class='ocrx_word' id='word_1_272' title='bbox 555 3000 650 3070; x_wconf 85' lang='lat' dir='ltr'><strong>qui</strong></span> <span class='ocrx_word' id='word_1_273' title='bbox 698 3000 841 3072; x_wconf 81' lang='lat' dir='ltr'><strong>ipse,</strong></span> <span class='ocrx_word' id='word_1_274' title='bbox 880 3011 934 3074; x_wconf 89' lang='lat' dir='ltr'><strong>et</strong></span> <span class='ocrx_word' id='word_1_275' title='bbox 975 3017 1081 3057; x_wconf 89' lang='lat' dir='ltr'><strong>non</strong></span> <span class='ocrx_word' id='word_1_276' title='bbox 1113 3000 1226 3074; x_wconf 78' lang='lat' dir='ltr'><strong>ipsa</strong></span> <span class='ocrx_word' id='word_1_277' title='bbox 1273 3003 1387 3071; x_wconf 88' lang='lat' dir='ltr'><strong>ipse</strong></span> <span class='ocrx_word' id='word_1_278' title='bbox 1411 3000 1532 3065; x_wconf 74' lang='lat' dir='ltr'><strong>auxi:</strong></span> <span class='ocrx_word' id='word_1_279' title='bbox 1563 3007 1697 3074; x_wconf 85' lang='lat' dir='ltr'><strong>ipsa.</strong></span> <span class='ocrx_word' id='word_1_280' title='bbox 1743 3004 1837 3058; x_wconf 77' lang='lat' dir='ltr'><strong>Vis</strong></span> <span class='ocrx_word' id='word_1_281' title='bbox 1873 3000 1976 3059; x_wconf 75' lang='lat' dir='ltr'><strong>ista</strong></span> <span class='ocrx_word' id='word_1_282' title='bbox 2011 3000 2153 3061; x_wconf 77' lang='lat' dir='ltr'><strong>Deus</strong></span> 
     </span>
    </p>
   </div>
   <div class='ocr_carea' id='block_1_36' title="bbox 555 3073 2151 3146">
    <p class='ocr_par' dir='ltr' id='par_1_36' title="bbox 555 3073 2151 3146">
     <span class='ocr_line' id='line_1_37' title="bbox 555 3073 2151 3146; baseline 0.004 -22"><span class='ocrx_word' id='word_1_283' title='bbox 555 3079 656 3146; x_wconf 83' lang='lat' dir='ltr'><strong>est,</strong></span> <span class='ocrx_word' id='word_1_284' title='bbox 679 3081 738 3124; x_wconf 76' lang='lat' dir='ltr'><strong>ut</strong></span> <span class='ocrx_word' id='word_1_285' title='bbox 762 3074 889 3146; x_wconf 70' lang='lat' dir='ltr'><strong>ipse</strong></span> <span class='ocrx_word' id='word_1_286' title='bbox 927 3073 1068 3146; x_wconf 77' lang='lat' dir='ltr'><strong>Deus</strong></span> <span class='ocrx_word' id='word_1_287' title='bbox 1099 3073 1200 3129; x_wconf 73' lang='lat' dir='ltr'><strong>tria</strong></span> <span class='ocrx_word' id='word_1_288' title='bbox 1241 3082 1356 3139; x_wconf 84' lang='lat' dir='ltr'><strong>est,</strong></span> <span class='ocrx_word' id='word_1_289' title='bbox 1401 3083 1456 3126; x_wconf 88' lang='lat' dir='ltr'><strong>et</strong></span> <span class='ocrx_word' id='word_1_290' title='bbox 1500 3073 1920 3146; x_wconf 84' lang='lat' dir='ltr'><strong>unumquodque</strong></span> <span class='ocrx_word' id='word_1_291' title='bbox 1957 3076 2151 3132; x_wconf 89' lang='lat' dir='ltr'><strong>borum</strong></span> 
     </span>
    </p>
   </div>
   <div class='ocr_carea' id='block_1_37' title="bbox 556 3142 2148 3215">
    <p class='ocr_par' dir='ltr' id='par_1_37' title="bbox 556 3142 2148 3215">
     <span class='ocr_line' id='line_1_38' title="bbox 556 3142 2148 3215; baseline 0.005 -19"><span class='ocrx_word' id='word_1_292' title='bbox 556 3142 938 3215; x_wconf 59' lang='lat' dir='ltr'><strong>triuni:(triuiii</strong></span> <span class='ocrx_word' id='word_1_293' title='bbox 969 3143 1020 3215; x_wconf 73' lang='grc' dir='ltr'>ιι)</span> <span class='ocrx_word' id='word_1_294' title='bbox 1046 3145 1185 3203; x_wconf 83' lang='lat' dir='ltr'><strong>Deus</strong></span> <span class='ocrx_word' id='word_1_295' title='bbox 1225 3154 1338 3208; x_wconf 86' lang='lat' dir='ltr'><strong>est,</strong></span> <span class='ocrx_word' id='word_1_296' title='bbox 1365 3153 1419 3199; x_wconf 92' lang='lat' dir='ltr'><strong>et</strong></span> <span class='ocrx_word' id='word_1_297' title='bbox 1444 3146 1627 3200; x_wconf 89' lang='lat' dir='ltr'><strong>omnia</strong></span> <span class='ocrx_word' id='word_1_298' title='bbox 1665 3142 1767 3200; x_wconf 79' lang='lat' dir='ltr'><strong>tria</strong></span> <span class='ocrx_word' id='word_1_299' title='bbox 1798 3142 1888 3201; x_wconf 86' lang='lat' dir='ltr'><strong>illa</strong></span> <span class='ocrx_word' id='word_1_300' title='bbox 1915 3162 2022 3202; x_wconf 90' lang='lat' dir='ltr'><strong>non</strong></span> <span class='ocrx_word' id='word_1_301' title='bbox 2052 3148 2148 3215; x_wconf 91' lang='lat' dir='ltr'><strong>dii,</strong></span> 
     </span>
    </p>
   </div>
   <div class='ocr_carea' id='block_1_38' title="bbox 556 3214 951 3270">
    <p class='ocr_par' dir='ltr' id='par_1_38' title="bbox 556 3214 951 3270">
     <span class='ocr_line' id='line_1_39' title="bbox 556 3214 951 3270; baseline 0 -2"><span class='ocrx_word' id='word_1_302' title='bbox 556 3214 654 3268; x_wconf 73' lang='lat' dir='ltr'><strong>sed</strong></span> <span class='ocrx_word' id='word_1_303' title='bbox 683 3214 825 3270; x_wconf 83' lang='lat' dir='ltr'><strong>Deus</strong></span> <span class='ocrx_word' id='word_1_304' title='bbox 849 3223 951 3269; x_wconf 87' lang='lat' dir='ltr'><strong>est.</strong></span> 
     </span>
    </p>
   </div>
   <div class='ocr_carea' id='block_1_39' title="bbox 629 3347 2230 3426">
    <p class='ocr_par' dir='ltr' id='par_1_39' title="bbox 629 3347 2230 3426">
     <span class='ocr_line' id='line_1_40' title="bbox 629 3347 2230 3426; baseline 0.003 -19"><span class='ocrx_word' id='word_1_305' title='bbox 629 3365 655 3426; x_wconf 67' lang='grc' dir='ltr'>ξι</span> <span class='ocrx_word' id='word_1_306' title='bbox 702 3352 837 3426; x_wconf 53' lang='lat' dir='ltr'><strong>Vide</strong></span> <span class='ocrx_word' id='word_1_307' title='bbox 879 3367 1042 3426; x_wconf 81' lang='lat' dir='ltr'><strong>supra</strong></span> <span class='ocrx_word' id='word_1_308' title='bbox 1090 3349 1348 3409; x_wconf 79' lang='lat' dir='ltr'><strong>Momtum</strong></span> <span class='ocrx_word' id='word_1_309' title='bbox 1395 3354 1798 3425; x_wconf 74' lang='lat' dir='ltr'><strong>Appendicilzus</strong></span> <span class='ocrx_word' id='word_1_310' title='bbox 1845 3347 2230 3426; x_wconf 69' lang='lat' dir='ltr'><strong>prteﬁxum,C</strong></span> 
     </span>
    </p>
   </div>
   <div class='ocr_carea' id='block_1_40' title="bbox 556 3421 854 3478">
    <p class='ocr_par' dir='ltr' id='par_1_40' title="bbox 556 3421 854 3478">
     <span class='ocr_line' id='line_1_41' title="bbox 556 3421 854 3478; baseline 0.003 -1"><span class='ocrx_word' id='word_1_311' title='bbox 556 3421 662 3477; x_wconf 87' lang='lat' dir='ltr'><strong>col.</strong></span> <span class='ocrx_word' id='word_1_312' title='bbox 696 3423 854 3478; x_wconf 72' lang='lat'><strong>1315.</strong></span> 
     </span>
    </p>
   </div>
   <div class='ocr_carea' id='block_1_41' title="bbox 575 3568 651 3590">
    <p class='ocr_par' dir='ltr' id='par_1_41' title="bbox 575 3568 651 3590">
     <span class='ocr_line' id='line_1_42' title="bbox 575 3568 651 3590; baseline 0 -2"><span class='ocrx_word' id='word_1_313' title='bbox 575 3568 651 3590; x_wconf 37' lang='grc' dir='ltr'>ᾗ</span> 
     </span>
    </p>
   </div>
   <div class='ocr_carea' id='block_1_42' title="bbox 666 3575 924 3589">
    <p class='ocr_par' dir='ltr' id='par_1_42' title="bbox 666 3575 924 3589">
     <span class='ocr_line' id='line_1_43' title="bbox 666 3575 924 3589; baseline 0.004 -1"><span class='ocrx_word' id='word_1_314' title='bbox 666 3575 924 3589; x_wconf 57' lang='grc' dir='ltr'><strong>ο-,α-Ω</strong></span> 
     </span>
    </p>
   </div>
   <div class='ocr_carea' id='block_1_43' title="bbox 2267 657 3870 730">
    <p class='ocr_par' dir='ltr' id='par_1_43' title="bbox 2267 657 3870 730">
     <span class='ocr_line' id='line_1_44' title="bbox 2267 657 3870 730; baseline 0 -15"><span class='ocrx_word' id='word_1_315' title='bbox 2267 662 2524 724; x_wconf 84' lang='lat' dir='ltr'><strong>hominis,</strong></span> <span class='ocrx_word' id='word_1_316' title='bbox 2555 657 2716 729; x_wconf 55' lang='lat' dir='ltr'><strong>q&#39;uam</strong></span> <span class='ocrx_word' id='word_1_317' title='bbox 2743 657 3003 719; x_wconf 81' lang='lat' dir='ltr'><strong>animam.</strong></span> <span class='ocrx_word' id='word_1_318' title='bbox 3027 675 3150 712; x_wconf 93' lang='lat' dir='ltr'><strong>cum</strong></span> <span class='ocrx_word' id='word_1_319' title='bbox 3179 657 3381 730; x_wconf 77' lang='lat' dir='ltr'><strong>[Forte,</strong></span> <span class='ocrx_word' id='word_1_320' title='bbox 3403 657 3591 730; x_wconf 85' lang='lat' dir='ltr'><strong>etiam]</strong></span> <span class='ocrx_word' id='word_1_321' title='bbox 3617 670 3870 714; x_wconf 85' lang='lat' dir='ltr'><strong>mentem</strong></span> 
     </span>
    </p>
   </div>
   <div class='ocr_carea' id='block_1_44' title="bbox 2263 731 3874 802">
    <p class='ocr_par' dir='ltr' id='par_1_44' title="bbox 2263 731 3874 802">
     <span class='ocr_line' id='line_1_45' title="bbox 2263 731 3874 802; baseline -0.001 -16"><span class='ocrx_word' id='word_1_322' title='bbox 2263 732 2419 795; x_wconf 84' lang='lat' dir='ltr'><strong>dico;</strong></span> <span class='ocrx_word' id='word_1_323' title='bbox 2467 733 2564 787; x_wconf 85' lang='lat' dir='ltr'><strong>sed</strong></span> <span class='ocrx_word' id='word_1_324' title='bbox 2608 742 2832 802; x_wconf 82' lang='lat' dir='ltr'><strong>propter</strong></span> <span class='ocrx_word' id='word_1_325' title='bbox 2877 731 3023 785; x_wconf 90' lang='lat' dir='ltr'><strong>aliud</strong></span> <span class='ocrx_word' id='word_1_326' title='bbox 3070 731 3306 802; x_wconf 86' lang='lat' dir='ltr'><strong>animam</strong></span> <span class='ocrx_word' id='word_1_327' title='bbox 3352 740 3422 802; x_wconf 16' lang='lat' dir='ltr'><strong>et,</strong></span> <span class='ocrx_word' id='word_1_328' title='bbox 3448 742 3674 802; x_wconf 81' lang='lat' dir='ltr'><strong>propter</strong></span> <span class='ocrx_word' id='word_1_329' title='bbox 3717 731 3874 784; x_wconf 85' lang='lat' dir='ltr'><strong>aliud</strong></span> 
     </span>
    </p>
   </div>
   <div class='ocr_carea' id='block_1_45' title="bbox 2265 800 3869 870">
    <p class='ocr_par' dir='ltr' id='par_1_45' title="bbox 2265 800 3869 870">
     <span class='ocr_line' id='line_1_46' title="bbox 2265 800 3869 870; baseline -0.001 -16"><span class='ocrx_word' id='word_1_330' title='bbox 2265 810 2521 857; x_wconf 78' lang='lat' dir='ltr'><strong>mentem.</strong></span> <span class='ocrx_word' id='word_1_331' title='bbox 2551 800 2687 856; x_wconf 83' lang='lat' dir='ltr'><strong>Nam</strong></span> <span class='ocrx_word' id='word_1_332' title='bbox 2712 800 2908 865; x_wconf 78' lang='lat' dir='ltr'><strong>totum,</strong></span> <span class='ocrx_word' id='word_1_333' title='bbox 2941 800 3085 870; x_wconf 90' lang='lat' dir='ltr'><strong>quod</strong></span> <span class='ocrx_word' id='word_1_334' title='bbox 3117 802 3249 855; x_wconf 90' lang='lat' dir='ltr'><strong>vivit</strong></span> <span class='ocrx_word' id='word_1_335' title='bbox 3278 800 3512 856; x_wconf 73' lang='lat' dir='ltr'><strong>hominis</strong></span> <span class='ocrx_word' id='word_1_336' title='bbox 3541 802 3729 856; x_wconf 80' lang='lat' dir='ltr'><strong>anima</strong></span> <span class='ocrx_word' id='word_1_337' title='bbox 3754 811 3869 857; x_wconf 82' lang='lat' dir='ltr'><strong>est.</strong></span> 
     </span>
    </p>
   </div>
   <div class='ocr_carea' id='block_1_46' title="bbox 2262 871 3874 942">
    <p class='ocr_par' dir='ltr' id='par_1_46' title="bbox 2262 871 3874 942">
     <span class='ocr_line' id='line_1_47' title="bbox 2262 871 3874 942; baseline -0.001 -15"><span class='ocrx_word' id='word_1_338' title='bbox 2262 872 2399 927; x_wconf 85' lang='lat' dir='ltr'><strong>Cum</strong></span> <span class='ocrx_word' id='word_1_339' title='bbox 2442 881 2624 926; x_wconf 84' lang='lat' dir='ltr'><strong>autem</strong></span> <span class='ocrx_word' id='word_1_340' title='bbox 2673 871 2853 927; x_wconf 87' lang='lat' dir='ltr'><strong>anima</strong></span> <span class='ocrx_word' id='word_1_341' title='bbox 2895 873 2948 926; x_wconf 91' lang='lat' dir='ltr'><strong>in</strong></span> <span class='ocrx_word' id='word_1_342' title='bbox 2979 886 3039 926; x_wconf 92' lang='lat' dir='ltr'><strong>se</strong></span> <span class='ocrx_word' id='word_1_343' title='bbox 3059 871 3202 941; x_wconf 83' lang='lat' dir='ltr'><strong>agit,</strong></span> <span class='ocrx_word' id='word_1_344' title='bbox 3233 886 3293 926; x_wconf 86' lang='lat' dir='ltr'><strong>se</strong></span> <span class='ocrx_word' id='word_1_345' title='bbox 3327 883 3381 928; x_wconf 88' lang='lat' dir='ltr'><strong>et</strong></span> <span class='ocrx_word' id='word_1_346' title='bbox 3407 885 3476 927; x_wconf 79' lang='lat' dir='ltr'><strong>ex</strong></span> <span class='ocrx_word' id='word_1_347' title='bbox 3498 881 3642 926; x_wconf 85' lang='lat' dir='ltr'><strong>se&#39;et</strong></span> <span class='ocrx_word' id='word_1_348' title='bbox 3676 887 3781 942; x_wconf 87' lang='lat' dir='ltr'><strong>per</strong></span> <span class='ocrx_word' id='word_1_349' title='bbox 3813 888 3874 927; x_wconf 84' lang='lat' dir='ltr'><strong>se</strong></span> 
     </span>
    </p>
   </div>
   <div class='ocr_carea' id='block_1_47' title="bbox 2265 943 3874 1004">
    <p class='ocr_par' dir='ltr' id='par_1_47' title="bbox 2265 943 3874 1004">
     <span class='ocr_line' id='line_1_48' title="bbox 2265 943 3874 1004; baseline 0.001 -7"><span class='ocrx_word' id='word_1_350' title='bbox 2265 943 2379 997; x_wconf 91' lang='lat' dir='ltr'><strong>sola</strong></span> <span class='ocrx_word' id='word_1_351' title='bbox 2410 958 2567 998; x_wconf 87' lang='lat' dir='ltr'><strong>mens</strong></span> <span class='ocrx_word' id='word_1_352' title='bbox 2595 944 2701 996; x_wconf 89' lang='lat' dir='ltr'><strong>dici</strong></span> <span class='ocrx_word' id='word_1_353' title='bbox 2734 944 2900 1004; x_wconf 75' lang='lat' dir='ltr'><strong>solet;</strong></span> <span class='ocrx_word' id='word_1_354' title='bbox 2944 958 3138 998; x_wconf 89' lang='lat' dir='ltr'><strong>sensus</strong></span> <span class='ocrx_word' id='word_1_355' title='bbox 3167 957 3297 996; x_wconf 81' lang='lat' dir='ltr'><strong>veno</strong></span> <span class='ocrx_word' id='word_1_356' title='bbox 3322 943 3388 997; x_wconf 89' lang='lat' dir='ltr'><strong>ad</strong></span> <span class='ocrx_word' id='word_1_357' title='bbox 3419 957 3514 996; x_wconf 88' lang='lat' dir='ltr'><strong>sua</strong></span> <span class='ocrx_word' id='word_1_358' title='bbox 3552 943 3874 999; x_wconf 79' lang='lat' dir='ltr'><strong>ministeria</strong></span> 
     </span>
    </p>
   </div>
   <div class='ocr_carea' id='block_1_48' title="bbox 2264 1011 3876 1084">
    <p class='ocr_par' dir='ltr' id='par_1_48' title="bbox 2264 1011 3876 1084">
     <span class='ocr_line' id='line_1_49' title="bbox 2264 1011 3876 1084; baseline -0.001 -14"><span class='ocrx_word' id='word_1_359' title='bbox 2264 1015 2495 1083; x_wconf 73' lang='lat' dir='ltr'><strong>impletis</strong></span> <span class='ocrx_word' id='word_1_360' title='bbox 2519 1015 2835 1069; x_wconf 89' lang='lat' dir='ltr'><strong>consuetius</strong></span> <span class='ocrx_word' id='word_1_361' title='bbox 2874 1015 3053 1068; x_wconf 90' lang='lat' dir='ltr'><strong>anima</strong></span> <span class='ocrx_word' id='word_1_362' title='bbox 3091 1013 3308 1068; x_wconf 85' lang='lat' dir='ltr'><strong>dicitur.</strong></span> <span class='ocrx_word' id='word_1_363' title='bbox 3358 1011 3508 1084; x_wconf 64' lang='lat' dir='ltr'><strong>biens</strong></span> <span class='ocrx_word' id='word_1_364' title='bbox 3549 1028 3685 1084; x_wconf 81' lang='lat' dir='ltr'><strong>ergo</strong></span> <span class='ocrx_word' id='word_1_365' title='bbox 3719 1014 3876 1070; x_wconf 82' lang='lat' dir='ltr'><strong>scire</strong></span> 
     </span>
    </p>
   </div>
   <div class='ocr_carea' id='block_1_49' title="bbox 2264 1083 3874 1155">
    <p class='ocr_par' dir='ltr' id='par_1_49' title="bbox 2264 1083 3874 1155">
     <span class='ocr_line' id='line_1_50' title="bbox 2264 1083 3874 1155; baseline 0.002 -18"><span class='ocrx_word' id='word_1_366' title='bbox 2264 1087 2456 1155; x_wconf 79' lang='lat' dir='ltr'><strong>gignit,</strong></span> <span class='ocrx_word' id='word_1_367' title='bbox 2487 1096 2539 1140; x_wconf 90' lang='lat' dir='ltr'><strong>et</strong></span> <span class='ocrx_word' id='word_1_368' title='bbox 2567 1093 2716 1139; x_wconf 86' lang='lat' dir='ltr'><strong>amat</strong></span> <span class='ocrx_word' id='word_1_369' title='bbox 2742 1086 2882 1141; x_wconf 88' lang='lat' dir='ltr'><strong>scire</strong></span> <span class='ocrx_word' id='word_1_370' title='bbox 2901 1085 3045 1155; x_wconf 81' lang='lat' dir='ltr'><strong>quod</strong></span> <span class='ocrx_word' id='word_1_371' title='bbox 3068 1085 3190 1139; x_wconf 84' lang='lat' dir='ltr'><strong>scit.</strong></span> <span class='ocrx_word' id='word_1_372' title='bbox 3224 1084 3338 1140; x_wconf 86' lang='lat' dir='ltr'><strong>Non</strong></span> <span class='ocrx_word' id='word_1_373' title='bbox 3377 1083 3507 1139; x_wconf 88' lang='lat' dir='ltr'><strong>illud</strong></span> <span class='ocrx_word' id='word_1_374' title='bbox 3531 1083 3677 1140; x_wconf 80' lang='lat' dir='ltr'><strong>scire</strong></span> <span class='ocrx_word' id='word_1_375' title='bbox 3703 1086 3874 1150; x_wconf 85' lang='lat' dir='ltr'><strong>dico,</strong></span> 
     </span>
    </p>
   </div>
   <div class='ocr_carea' id='block_1_50' title="bbox 2265 1154 3872 1227">
    <p class='ocr_par' dir='ltr' id='par_1_50' title="bbox 2265 1154 3872 1227">
     <span class='ocr_line' id='line_1_51' title="bbox 2265 1154 3872 1227; baseline 0.001 -19"><span class='ocrx_word' id='word_1_376' title='bbox 2265 1154 2408 1224; x_wconf 75' lang='lat' dir='ltr'><strong>quod</strong></span> <span class='ocrx_word' id='word_1_377' title='bbox 2435 1165 2658 1227; x_wconf 78' lang='lat' dir='ltr'><strong>repente</strong></span> <span class='ocrx_word' id='word_1_378' title='bbox 2681 1158 2853 1227; x_wconf 88' lang='lat' dir='ltr'><strong>scitur</strong></span> <span class='ocrx_word' id='word_1_379' title='bbox 2883 1154 2970 1210; x_wconf 79' lang='lat' dir='ltr'><strong>res</strong></span> <span class='ocrx_word' id='word_1_380' title='bbox 3000 1154 3201 1227; x_wconf 83' lang='lat' dir='ltr'><strong>aliqua,</strong></span> <span class='ocrx_word' id='word_1_381' title='bbox 3229 1170 3349 1226; x_wconf 71' lang='lat' dir='ltr'><strong>qua:</strong></span> <span class='ocrx_word' id='word_1_382' title='bbox 3378 1163 3504 1210; x_wconf 88' lang='lat' dir='ltr'><strong>ante</strong></span> <span class='ocrx_word' id='word_1_383' title='bbox 3531 1155 3733 1211; x_wconf 85' lang='lat' dir='ltr'><strong>nesciri</strong></span> <span class='ocrx_word' id='word_1_384' title='bbox 3761 1172 3872 1227; x_wconf 79' lang='lat' dir='ltr'><strong>pu-</strong></span> 
     </span>
    </p>
   </div>
   <div class='ocr_carea' id='block_1_51' title="bbox 2265 1225 3874 1298">
    <p class='ocr_par' dir='ltr' id='par_1_51' title="bbox 2265 1225 3874 1298">
     <span class='ocr_line' id='line_1_52' title="bbox 2265 1225 3874 1298; baseline 0.001 -17"><span class='ocrx_word' id='word_1_385' title='bbox 2265 1225 2640 1298; x_wconf 15' lang='lat' dir='ltr'><strong>tabaturIiSed</strong></span> <span class='ocrx_word' id='word_1_386' title='bbox 2667 1226 2818 1292; x_wconf 91' lang='lat' dir='ltr'><strong>illud,</strong></span> <span class='ocrx_word' id='word_1_387' title='bbox 2847 1227 2991 1298; x_wconf 88' lang='lat' dir='ltr'><strong>unde</strong></span> <span class='ocrx_word' id='word_1_388' title='bbox 3009 1234 3066 1281; x_wconf 90' lang='lat' dir='ltr'><strong>et</strong></span> <span class='ocrx_word' id='word_1_389' title='bbox 3093 1225 3295 1298; x_wconf 82' lang='lat' dir='ltr'><strong>aliquid</strong></span> <span class='ocrx_word' id='word_1_390' title='bbox 3326 1234 3383 1298; x_wconf 84' lang='lat' dir='ltr'><strong>et</strong></span> <span class='ocrx_word' id='word_1_391' title='bbox 3403 1240 3568 1282; x_wconf 89' lang='lat' dir='ltr'><strong>omne</strong></span> <span class='ocrx_word' id='word_1_392' title='bbox 3594 1225 3874 1298; x_wconf 73' lang='lat' dir='ltr'><strong>quidquid</strong></span> 
     </span>
    </p>
   </div>
   <div class='ocr_carea' id='block_1_52' title="bbox 2264 1296 3872 1368">
    <p class='ocr_par' dir='ltr' id='par_1_52' title="bbox 2264 1296 3872 1368">
     <span class='ocr_line' id='line_1_53' title="bbox 2264 1296 3872 1368; baseline 0.001 -16"><span class='ocrx_word' id='word_1_393' title='bbox 2264 1299 2437 1352; x_wconf 88' lang='lat' dir='ltr'><strong>scitur</strong></span> <span class='ocrx_word' id='word_1_394' title='bbox 2457 1297 2540 1350; x_wconf 80' lang='lat' dir='ltr'><strong>vel</strong></span> <span class='ocrx_word' id='word_1_395' title='bbox 2575 1299 2817 1353; x_wconf 86' lang='lat' dir='ltr'><strong>uescitur</strong></span> <span class='ocrx_word' id='word_1_396' title='bbox 2843 1297 2971 1353; x_wconf 90' lang='lat' dir='ltr'><strong>sciri</strong></span> <span class='ocrx_word' id='word_1_397' title='bbox 3001 1307 3202 1368; x_wconf 78' lang='lat' dir='ltr'><strong>potest.</strong></span> <span class='ocrx_word' id='word_1_398' title='bbox 3225 1296 3357 1353; x_wconf 81' lang='lat' dir='ltr'><strong>Illud</strong></span> <span class='ocrx_word' id='word_1_399' title='bbox 3376 1311 3508 1368; x_wconf 87' lang='lat' dir='ltr'><strong>ergo</strong></span> <span class='ocrx_word' id='word_1_400' title='bbox 3531 1296 3676 1351; x_wconf 82' lang='lat' dir='ltr'><strong>scire</strong></span> <span class='ocrx_word' id='word_1_401' title='bbox 3705 1296 3872 1353; x_wconf 49' lang='lat' dir='ltr'><strong>m‘ens</strong></span> 
     </span>
    </p>
   </div>
   <div class='ocr_carea' id='block_1_53' title="bbox 2263 1368 3874 1440">
    <p class='ocr_par' dir='ltr' id='par_1_53' title="bbox 2263 1368 3874 1440">
     <span class='ocr_line' id='line_1_54' title="bbox 2263 1368 3874 1440; baseline 0.002 -20"><span class='ocrx_word' id='word_1_402' title='bbox 2263 1368 2436 1440; x_wconf 70' lang='lat' dir='ltr'><strong>gignit</strong></span> <span class='ocrx_word' id='word_1_403' title='bbox 2460 1387 2472 1430; x_wconf 86' lang='lat'><strong>;</strong></span> <span class='ocrx_word' id='word_1_404' title='bbox 2496 1379 2696 1440; x_wconf 81' lang='lat' dir='ltr'><strong>etcum</strong></span> <span class='ocrx_word' id='word_1_405' title='bbox 2723 1370 2967 1440; x_wconf 88' lang='lat' dir='ltr'><strong>genitum</strong></span> <span class='ocrx_word' id='word_1_406' title='bbox 2987 1377 3092 1432; x_wconf 88' lang='lat' dir='ltr'><strong>est,</strong></span> <span class='ocrx_word' id='word_1_407' title='bbox 3118 1368 3348 1440; x_wconf 80' lang='lat' dir='ltr'><strong>scientia</strong></span> <span class='ocrx_word' id='word_1_408' title='bbox 3367 1375 3545 1439; x_wconf 86' lang='lat' dir='ltr'><strong>potest</strong></span> <span class='ocrx_word' id='word_1_409' title='bbox 3567 1369 3694 1440; x_wconf 79' lang='lat' dir='ltr'><strong>diei.</strong></span> <span class='ocrx_word' id='word_1_410' title='bbox 3722 1368 3874 1423; x_wconf 84' lang='lat' dir='ltr'><strong>Sunt</strong></span> 
     </span>
    </p>
   </div>
   <div class='ocr_carea' id='block_1_54' title="bbox 2262 1437 3873 1509">
    <p class='ocr_par' dir='ltr' id='par_1_54' title="bbox 2262 1437 3873 1509">
     <span class='ocr_line' id='line_1_55' title="bbox 2262 1437 3873 1509; baseline 0 -16"><span class='ocrx_word' id='word_1_411' title='bbox 2262 1437 2394 1506; x_wconf 78' lang='lat' dir='ltr'><strong>ergo</strong></span> <span class='ocrx_word' id='word_1_412' title='bbox 2415 1437 2528 1506; x_wconf 86' lang='lat' dir='ltr'><strong>jam</strong></span> <span class='ocrx_word' id='word_1_413' title='bbox 2557 1439 2695 1503; x_wconf 88' lang='lat' dir='ltr'><strong>duo,</strong></span> <span class='ocrx_word' id='word_1_414' title='bbox 2725 1437 2881 1495; x_wconf 79' lang='lat' dir='ltr'><strong>mens</strong></span> <span class='ocrx_word' id='word_1_415' title='bbox 2917 1448 2975 1495; x_wconf 89' lang='lat' dir='ltr'><strong>et</strong></span> <span class='ocrx_word' id='word_1_416' title='bbox 2999 1440 3143 1509; x_wconf 88' lang='lat' dir='ltr'><strong>quod</strong></span> <span class='ocrx_word' id='word_1_417' title='bbox 3179 1439 3296 1508; x_wconf 82' lang='lat' dir='ltr'><strong>ipsa</strong></span> <span class='ocrx_word' id='word_1_418' title='bbox 3323 1437 3478 1494; x_wconf 72' lang='lat' dir='ltr'><strong>iniens</strong></span> <span class='ocrx_word' id='word_1_419' title='bbox 3502 1439 3627 1494; x_wconf 87' lang='lat' dir='ltr'><strong>scit.</strong></span> <span class='ocrx_word' id='word_1_420' title='bbox 3669 1439 3873 1493; x_wconf 83' lang='lat' dir='ltr'><strong>Restat</strong></span> 
     </span>
    </p>
   </div>
   <div class='ocr_carea' id='block_1_55' title="bbox 2265 1509 3874 1580">
    <p class='ocr_par' dir='ltr' id='par_1_55' title="bbox 2265 1509 3874 1580">
     <span class='ocr_line' id='line_1_56' title="bbox 2265 1509 3874 1580; baseline 0 -16"><span class='ocrx_word' id='word_1_421' title='bbox 2265 1509 2487 1564; x_wconf 89' lang='lat' dir='ltr'><strong>tertium</strong></span> <span class='ocrx_word' id='word_1_422' title='bbox 2513 1511 2759 1578; x_wconf 89' lang='lat' dir='ltr'><strong>utrisque</strong></span> <span class='ocrx_word' id='word_1_423' title='bbox 2785 1524 3096 1567; x_wconf 88' lang='lat' dir='ltr'><strong>commune.</strong></span> <span class='ocrx_word' id='word_1_424' title='bbox 3137 1511 3327 1565; x_wconf 88' lang='lat' dir='ltr'><strong>Omnis</strong></span> <span class='ocrx_word' id='word_1_425' title='bbox 3371 1525 3556 1573; x_wconf 88' lang='lat' dir='ltr'><strong>mens,</strong></span> <span class='ocrx_word' id='word_1_426' title='bbox 3597 1510 3874 1580; x_wconf 86' lang='lat' dir='ltr'><strong>quidquid</strong></span> 
     </span>
    </p>
   </div>
   <div class='ocr_carea' id='block_1_56' title="bbox 2261 1580 3874 1650">
    <p class='ocr_par' dir='ltr' id='par_1_56' title="bbox 2261 1580 3874 1650">
     <span class='ocr_line' id='line_1_57' title="bbox 2261 1580 3874 1650; baseline 0.001 -16"><span class='ocrx_word' id='word_1_427' title='bbox 2261 1580 2387 1644; x_wconf 82' lang='lat' dir='ltr'><strong>scit,</strong></span> <span class='ocrx_word' id='word_1_428' title='bbox 2418 1589 2567 1635; x_wconf 89' lang='lat' dir='ltr'><strong>amat</strong></span> <span class='ocrx_word' id='word_1_429' title='bbox 2592 1582 2754 1636; x_wconf 86' lang='lat' dir='ltr'><strong>scire.</strong></span> <span class='ocrx_word' id='word_1_430' title='bbox 2786 1581 2955 1635; x_wconf 83' lang='lat' dir='ltr'><strong>Amor</strong></span> <span class='ocrx_word' id='word_1_431' title='bbox 2982 1597 3086 1634; x_wconf 88' lang='lat' dir='ltr'><strong>non</strong></span> <span class='ocrx_word' id='word_1_432' title='bbox 3129 1582 3341 1647; x_wconf 89' lang='lat' dir='ltr'><strong>minus,</strong></span> <span class='ocrx_word' id='word_1_433' title='bbox 3365 1597 3526 1650; x_wconf 86' lang='lat' dir='ltr'><strong>quam</strong></span> <span class='ocrx_word' id='word_1_434' title='bbox 3553 1583 3698 1636; x_wconf 86' lang='lat' dir='ltr'><strong>inter</strong></span> <span class='ocrx_word' id='word_1_435' title='bbox 3724 1583 3874 1636; x_wconf 85' lang='lat' dir='ltr'><strong>duos</strong></span> 
     </span>
    </p>
   </div>
   <div class='ocr_carea' id='block_1_57' title="bbox 2259 1652 3870 1722">
    <p class='ocr_par' dir='ltr' id='par_1_57' title="bbox 2259 1652 3870 1722">
     <span class='ocr_line' id='line_1_58' title="bbox 2259 1652 3870 1722; baseline 0.001 -17"><span class='ocrx_word' id='word_1_436' title='bbox 2259 1659 2366 1714; x_wconf 83' lang='lat' dir='ltr'><strong>est,</strong></span> <span class='ocrx_word' id='word_1_437' title='bbox 2395 1659 2688 1714; x_wconf 85' lang='lat' dir='ltr'><strong>amantem,</strong></span> <span class='ocrx_word' id='word_1_438' title='bbox 2719 1661 2774 1704; x_wconf 88' lang='lat' dir='ltr'><strong>et</strong></span> <span class='ocrx_word' id='word_1_439' title='bbox 2803 1652 2946 1722; x_wconf 89' lang='lat' dir='ltr'><strong>quod</strong></span> <span class='ocrx_word' id='word_1_440' title='bbox 2975 1662 3206 1706; x_wconf 87' lang='lat' dir='ltr'><strong>amatur.</strong></span> <span class='ocrx_word' id='word_1_441' title='bbox 3237 1652 3386 1707; x_wconf 88' lang='lat' dir='ltr'><strong>Unus</strong></span> <span class='ocrx_word' id='word_1_442' title='bbox 3413 1668 3542 1719; x_wconf 78' lang='lat' dir='ltr'><strong>ergo</strong></span> <span class='ocrx_word' id='word_1_443' title='bbox 3572 1652 3870 1706; x_wconf 87' lang='lat' dir='ltr'><strong>amborum</strong></span> 
     </span>
    </p>
   </div>
   <div class='ocr_carea' id='block_1_58' title="bbox 2263 1722 3873 1794">
    <p class='ocr_par' dir='ltr' id='par_1_58' title="bbox 2263 1722 3873 1794">
     <span class='ocr_line' id='line_1_59' title="bbox 2263 1722 3873 1794; baseline 0 -18"><span class='ocrx_word' id='word_1_444' title='bbox 2263 1737 2453 1788; x_wconf 86' lang='lat' dir='ltr'><strong>amor,</strong></span> <span class='ocrx_word' id='word_1_445' title='bbox 2475 1723 2569 1792; x_wconf 91' lang='lat' dir='ltr'><strong>qui</strong></span> <span class='ocrx_word' id='word_1_446' title='bbox 2599 1732 2656 1778; x_wconf 90' lang='lat' dir='ltr'><strong>et</strong></span> <span class='ocrx_word' id='word_1_447' title='bbox 2681 1723 2876 1779; x_wconf 89' lang='lat' dir='ltr'><strong>tertius</strong></span> <span class='ocrx_word' id='word_1_448' title='bbox 2916 1733 3014 1778; x_wconf 82' lang='lat' dir='ltr'><strong>est.</strong></span> <span class='ocrx_word' id='word_1_449' title='bbox 3063 1722 3179 1778; x_wconf 82' lang='lat' dir='ltr'><strong>Non</strong></span> <span class='ocrx_word' id='word_1_450' title='bbox 3220 1733 3400 1778; x_wconf 83' lang='lat' dir='ltr'><strong>autem</strong></span> <span class='ocrx_word' id='word_1_451' title='bbox 3425 1732 3603 1794; x_wconf 88' lang='lat' dir='ltr'><strong>potest</strong></span> <span class='ocrx_word' id='word_1_452' title='bbox 3630 1723 3734 1777; x_wconf 85' lang='lat' dir='ltr'><strong>hoc</strong></span> <span class='ocrx_word' id='word_1_453' title='bbox 3770 1739 3873 1776; x_wconf 86' lang='lat' dir='ltr'><strong>ne-</strong></span> 
     </span>
    </p>
   </div>
   <div class='ocr_carea' id='block_1_59' title="bbox 2261 1793 3871 1862">
    <p class='ocr_par' dir='ltr' id='par_1_59' title="bbox 2261 1793 3871 1862">
     <span class='ocr_line' id='line_1_60' title="bbox 2261 1793 3871 1862; baseline 0.001 -16"><span class='ocrx_word' id='word_1_454' title='bbox 2261 1793 2400 1862; x_wconf 84' lang='lat' dir='ltr'><strong>gari,</strong></span> <span class='ocrx_word' id='word_1_455' title='bbox 2435 1794 2537 1848; x_wconf 91' lang='lat' dir='ltr'><strong>hoc</strong></span> <span class='ocrx_word' id='word_1_456' title='bbox 2579 1801 2748 1849; x_wconf 89' lang='lat' dir='ltr'><strong>totum</strong></span> <span class='ocrx_word' id='word_1_457' title='bbox 2777 1810 2940 1849; x_wconf 90' lang='lat' dir='ltr'><strong>unam</strong></span> <span class='ocrx_word' id='word_1_458' title='bbox 2973 1809 3094 1850; x_wconf 87' lang='lat' dir='ltr'><strong>esse</strong></span> <span class='ocrx_word' id='word_1_459' title='bbox 3129 1795 3403 1859; x_wconf 88' lang='lat' dir='ltr'><strong>animam,</strong></span> <span class='ocrx_word' id='word_1_460' title='bbox 3427 1793 3491 1848; x_wconf 86' lang='lat' dir='ltr'><strong>ct</strong></span> <span class='ocrx_word' id='word_1_461' title='bbox 3534 1809 3698 1848; x_wconf 92' lang='lat' dir='ltr'><strong>unam</strong></span> <span class='ocrx_word' id='word_1_462' title='bbox 3742 1795 3871 1848; x_wconf 86' lang='lat' dir='ltr'><strong>ani-</strong></span> 
     </span>
    </p>
   </div>
   <div class='ocr_carea' id='block_1_60' title="bbox 2264 1864 3867 1921">
    <p class='ocr_par' dir='ltr' id='par_1_60' title="bbox 2264 1864 3867 1921">
     <span class='ocr_line' id='line_1_61' title="bbox 2264 1864 3867 1921; baseline 0.002 -4"><span class='ocrx_word' id='word_1_463' title='bbox 2264 1879 2408 1918; x_wconf 91' lang='lat' dir='ltr'><strong>mam</strong></span> <span class='ocrx_word' id='word_1_464' title='bbox 2435 1865 2552 1920; x_wconf 70' lang='lat' dir='ltr'><strong>haec</strong></span> <span class='ocrx_word' id='word_1_465' title='bbox 2591 1868 2694 1919; x_wconf 89' lang='lat' dir='ltr'><strong>tria</strong></span> <span class='ocrx_word' id='word_1_466' title='bbox 2730 1880 2873 1921; x_wconf 86' lang='lat' dir='ltr'><strong>esse.</strong></span> <span class='ocrx_word' id='word_1_467' title='bbox 2907 1864 3062 1920; x_wconf 70' lang='lat' dir='ltr'><strong>Sit-ut</strong></span> <span class='ocrx_word' id='word_1_468' title='bbox 3103 1865 3248 1920; x_wconf 83' lang='lat' dir='ltr'><strong>enim</strong></span> <span class='ocrx_word' id='word_1_469' title='bbox 3298 1866 3413 1920; x_wconf 72' lang='lat' dir='ltr'><strong>haec</strong></span> <span class='ocrx_word' id='word_1_470' title='bbox 3439 1867 3541 1920; x_wconf 89' lang='lat' dir='ltr'><strong>tria</strong></span> <span class='ocrx_word' id='word_1_471' title='bbox 3580 1881 3706 1918; x_wconf 87' lang='lat' dir='ltr'><strong>vere</strong></span> <span class='ocrx_word' id='word_1_472' title='bbox 3753 1881 3867 1919; x_wconf 85' lang='lat' dir='ltr'><strong>una</strong></span> 
     </span>
    </p>
   </div>
   <div class='ocr_carea' id='block_1_61' title="bbox 2263 1936 3869 2002">
    <p class='ocr_par' dir='ltr' id='par_1_61' title="bbox 2263 1936 3869 2002">
     <span class='ocr_line' id='line_1_62' title="bbox 2263 1936 3869 2002; baseline 0.002 -14"><span class='ocrx_word' id='word_1_473' title='bbox 2263 1936 2443 1989; x_wconf 89' lang='lat' dir='ltr'><strong>anima</strong></span> <span class='ocrx_word' id='word_1_474' title='bbox 2465 1946 2590 1990; x_wconf 87' lang='lat' dir='ltr'><strong>sunt</strong></span> <span class='ocrx_word' id='word_1_475' title='bbox 2615 1953 2630 2002; x_wconf 91' lang='lat'><strong>;</strong></span> <span class='ocrx_word' id='word_1_476' title='bbox 2669 1937 2750 1992; x_wconf 90' lang='lat' dir='ltr'><strong>sic</strong></span> <span class='ocrx_word' id='word_1_477' title='bbox 2777 1951 2887 1991; x_wconf 90' lang='lat' dir='ltr'><strong>non</strong></span> <span class='ocrx_word' id='word_1_478' title='bbox 2916 1937 3097 1992; x_wconf 88' lang='lat' dir='ltr'><strong>minus</strong></span> <span class='ocrx_word' id='word_1_479' title='bbox 3123 1951 3252 1990; x_wconf 87' lang='lat' dir='ltr'><strong>vere</strong></span> <span class='ocrx_word' id='word_1_480' title='bbox 3281 1953 3384 1990; x_wconf 84' lang='lat' dir='ltr'><strong>una</strong></span> <span class='ocrx_word' id='word_1_481' title='bbox 3420 1937 3598 1991; x_wconf 87' lang='lat' dir='ltr'><strong>anima</strong></span> <span class='ocrx_word' id='word_1_482' title='bbox 3631 1945 3712 1990; x_wconf 83' lang='lat' dir='ltr'><strong>est</strong></span> <span class='ocrx_word' id='word_1_483' title='bbox 3759 1937 3869 1991; x_wconf 87' lang='lat' dir='ltr'><strong>hoc</strong></span> 
     </span>
    </p>
   </div>
   <div class='ocr_carea' id='block_1_62' title="bbox 2189 1979 3868 2077">
    <p class='ocr_par' dir='ltr' id='par_1_62' title="bbox 2189 1979 3868 2077">
     <span class='ocr_line' id='line_1_63' title="bbox 2189 1979 3868 2077; baseline 0.001 -18"><span class='ocrx_word' id='word_1_484' title='bbox 2189 1979 2233 2039; x_wconf 75' lang='grc' dir='ltr'><strong><em>Β</em></strong></span> <span class='ocrx_word' id='word_1_485' title='bbox 2260 2022 2448 2070; x_wconf 91' lang='lat' dir='ltr'><strong>unum,</strong></span> <span class='ocrx_word' id='word_1_486' title='bbox 2477 2017 2532 2061; x_wconf 92' lang='lat' dir='ltr'><strong>et</strong></span> <span class='ocrx_word' id='word_1_487' title='bbox 2555 1979 2659 2061; x_wconf 56' lang='lat' dir='ltr'><strong>ho’c</strong></span> <span class='ocrx_word' id='word_1_488' title='bbox 2687 2007 2940 2071; x_wconf 88' lang='lat' dir='ltr'><strong>alterum,</strong></span> <span class='ocrx_word' id='word_1_489' title='bbox 2968 2016 3023 2061; x_wconf 86' lang='lat' dir='ltr'><strong>et</strong></span> <span class='ocrx_word' id='word_1_490' title='bbox 3051 2009 3154 2062; x_wconf 87' lang='lat' dir='ltr'><strong>hoc</strong></span> <span class='ocrx_word' id='word_1_491' title='bbox 3178 2009 3417 2062; x_wconf 80' lang='lat' dir='ltr'><strong>tertium.</strong></span> <span class='ocrx_word' id='word_1_492' title='bbox 3447 2009 3741 2077; x_wconf 83' lang='lat' dir='ltr'><strong>Comparet</strong></span> <span class='ocrx_word' id='word_1_493' title='bbox 3767 2007 3868 2076; x_wconf 79' lang='lat' dir='ltr'><strong>igi-</strong></span> 
     </span>
    </p>
   </div>
   <div class='ocr_carea' id='block_1_63' title="bbox 2255 2078 3871 2148">
    <p class='ocr_par' dir='ltr' id='par_1_63' title="bbox 2255 2078 3871 2148">
     <span class='ocr_line' id='line_1_64' title="bbox 2255 2078 3871 2148; baseline -0.001 -15"><span class='ocrx_word' id='word_1_494' title='bbox 2255 2084 2346 2133; x_wconf 93' lang='lat' dir='ltr'><strong>tur</strong></span> <span class='ocrx_word' id='word_1_495' title='bbox 2373 2093 2433 2131; x_wconf 91' lang='lat' dir='ltr'><strong>se</strong></span> <span class='ocrx_word' id='word_1_496' title='bbox 2456 2078 2573 2132; x_wconf 62' lang='lat' dir='ltr'><strong>haec</strong></span> <span class='ocrx_word' id='word_1_497' title='bbox 2595 2090 2846 2134; x_wconf 82' lang='lat' dir='ltr'><strong>creatura</strong></span> <span class='ocrx_word' id='word_1_498' title='bbox 2877 2087 2982 2135; x_wconf 84' lang='lat' dir='ltr'><strong>tam</strong></span> <span class='ocrx_word' id='word_1_499' title='bbox 3008 2080 3256 2133; x_wconf 88' lang='lat' dir='ltr'><strong>eminens</strong></span> <span class='ocrx_word' id='word_1_500' title='bbox 3278 2080 3521 2134; x_wconf 78' lang='lat' dir='ltr'><strong>Creatori</strong></span> <span class='ocrx_word' id='word_1_501' title='bbox 3545 2093 3644 2133; x_wconf 90' lang='lat' dir='ltr'><strong>suo</strong></span> <span class='ocrx_word' id='word_1_502' title='bbox 3667 2094 3871 2148; x_wconf 88' lang='lat' dir='ltr'><strong>snper-</strong></span> 
     </span>
    </p>
   </div>
   <div class='ocr_carea' id='block_1_64' title="bbox 2253 2148 3869 2222">
    <p class='ocr_par' dir='ltr' id='par_1_64' title="bbox 2253 2148 3869 2222">
     <span class='ocr_line' id='line_1_65' title="bbox 2253 2148 3869 2222; baseline 0.001 -21"><span class='ocrx_word' id='word_1_503' title='bbox 2253 2148 2514 2202; x_wconf 90' lang='lat' dir='ltr'><strong>cminenti</strong></span> <span class='ocrx_word' id='word_1_504' title='bbox 2565 2149 2701 2222; x_wconf 79' lang='lat' dir='ltr'><strong>sibi,</strong></span> <span class='ocrx_word' id='word_1_505' title='bbox 2749 2158 2978 2222; x_wconf 76' lang='lat' dir='ltr'><strong>excepto</strong></span> <span class='ocrx_word' id='word_1_506' title='bbox 3025 2150 3161 2214; x_wconf 85' lang='lat' dir='ltr'><strong>hoc,</strong></span> <span class='ocrx_word' id='word_1_507' title='bbox 3212 2160 3269 2205; x_wconf 90' lang='lat' dir='ltr'><strong>et</strong></span> <span class='ocrx_word' id='word_1_508' title='bbox 3312 2149 3540 2222; x_wconf 89' lang='lat' dir='ltr'><strong>multum</strong></span> <span class='ocrx_word' id='word_1_509' title='bbox 3587 2164 3756 2219; x_wconf 86' lang='lat' dir='ltr'><strong>supra</strong></span> <span class='ocrx_word' id='word_1_510' title='bbox 3802 2163 3869 2222; x_wconf 86' lang='lat' dir='ltr'><strong>se</strong></span> 
     </span>
    </p>
   </div>
   <div class='ocr_carea' id='block_1_65' title="bbox 2254 2220 3868 2289">
    <p class='ocr_par' dir='ltr' id='par_1_65' title="bbox 2254 2220 3868 2289">
     <span class='ocr_line' id='line_1_66' title="bbox 2254 2220 3868 2289; baseline 0.002 -17"><span class='ocrx_word' id='word_1_511' title='bbox 2254 2228 2459 2281; x_wconf 89' lang='lat' dir='ltr'><strong>amoto,</strong></span> <span class='ocrx_word' id='word_1_512' title='bbox 2486 2220 2629 2289; x_wconf 89' lang='lat' dir='ltr'><strong>quod</strong></span> <span class='ocrx_word' id='word_1_513' title='bbox 2651 2223 2830 2276; x_wconf 88' lang='lat' dir='ltr'><strong>omnis</strong></span> <span class='ocrx_word' id='word_1_514' title='bbox 2856 2220 3088 2283; x_wconf 83' lang='lat' dir='ltr'><strong>bonitas,</strong></span> <span class='ocrx_word' id='word_1_515' title='bbox 3115 2231 3168 2276; x_wconf 91' lang='lat' dir='ltr'><strong>et</strong></span> <span class='ocrx_word' id='word_1_516' title='bbox 3189 2236 3352 2276; x_wconf 89' lang='lat' dir='ltr'><strong>omne</strong></span> <span class='ocrx_word' id='word_1_517' title='bbox 3380 2221 3578 2276; x_wconf 85' lang='lat' dir='ltr'><strong>bonum</strong></span> <span class='ocrx_word' id='word_1_518' title='bbox 3599 2231 3656 2274; x_wconf 90' lang='lat' dir='ltr'><strong>et</strong></span> <span class='ocrx_word' id='word_1_519' title='bbox 3677 2221 3868 2277; x_wconf 85' lang='lat' dir='ltr'><strong>omnis</strong></span> 
     </span>
    </p>
   </div>
   <div class='ocr_carea' id='block_1_66' title="bbox 2255 2290 3867 2362">
    <p class='ocr_par' dir='ltr' id='par_1_66' title="bbox 2255 2290 3867 2362">
     <span class='ocr_line' id='line_1_67' title="bbox 2255 2290 3867 2362; baseline 0.001 -18"><span class='ocrx_word' id='word_1_520' title='bbox 2255 2290 2517 2344; x_wconf 86' lang='lat' dir='ltr'><strong>bonitatis</strong></span> <span class='ocrx_word' id='word_1_521' title='bbox 2541 2299 2597 2343; x_wconf 90' lang='lat' dir='ltr'><strong>et</strong></span> <span class='ocrx_word' id='word_1_522' title='bbox 2622 2291 2748 2346; x_wconf 87' lang='lat' dir='ltr'><strong>boni</strong></span> <span class='ocrx_word' id='word_1_523' title='bbox 2771 2291 2998 2347; x_wconf 88' lang='lat' dir='ltr'><strong>dulcedo</strong></span> <span class='ocrx_word' id='word_1_524' title='bbox 3021 2293 3253 2346; x_wconf 84' lang='lat' dir='ltr'><strong>creatori</strong></span> <span class='ocrx_word' id='word_1_525' title='bbox 3277 2307 3307 2345; x_wconf 90' lang='lat' dir='ltr'><strong>a</strong></span> <span class='ocrx_word' id='word_1_526' title='bbox 3330 2307 3390 2347; x_wconf 90' lang='lat' dir='ltr'><strong>se</strong></span> <span class='ocrx_word' id='word_1_527' title='bbox 3417 2294 3533 2362; x_wconf 91' lang='lat' dir='ltr'><strong>ipso</strong></span> <span class='ocrx_word' id='word_1_528' title='bbox 3553 2302 3668 2356; x_wconf 85' lang='lat' dir='ltr'><strong>est;</strong></span> <span class='ocrx_word' id='word_1_529' title='bbox 3702 2307 3867 2346; x_wconf 86' lang='lat' dir='ltr'><strong>erea-</strong></span> 
     </span>
    </p>
   </div>
   <div class='ocr_carea' id='block_1_67' title="bbox 2255 2363 3868 2432">
    <p class='ocr_par' dir='ltr' id='par_1_67' title="bbox 2255 2363 3868 2432">
     <span class='ocr_line' id='line_1_68' title="bbox 2255 2363 3868 2432; baseline 0.003 -18"><span class='ocrx_word' id='word_1_530' title='bbox 2255 2369 2392 2415; x_wconf 76' lang='lat' dir='ltr'><strong>tura:</strong></span> <span class='ocrx_word' id='word_1_531' title='bbox 2423 2377 2553 2432; x_wconf 88' lang='lat' dir='ltr'><strong>vero</strong></span> <span class='ocrx_word' id='word_1_532' title='bbox 2591 2379 2698 2418; x_wconf 91' lang='lat' dir='ltr'><strong>non</strong></span> <span class='ocrx_word' id='word_1_533' title='bbox 2728 2363 2907 2418; x_wconf 86' lang='lat' dir='ltr'><strong>solum</strong></span> <span class='ocrx_word' id='word_1_534' title='bbox 2932 2363 3076 2432; x_wconf 84' lang='lat' dir='ltr'><strong>quod</strong></span> <span class='ocrx_word' id='word_1_535' title='bbox 3104 2371 3208 2426; x_wconf 84' lang='lat' dir='ltr'><strong>est,</strong></span> <span class='ocrx_word' id='word_1_536' title='bbox 3240 2363 3334 2418; x_wconf 89' lang='lat' dir='ltr'><strong>sed</strong></span> <span class='ocrx_word' id='word_1_537' title='bbox 3359 2364 3528 2418; x_wconf 89' lang='lat' dir='ltr'><strong>etiam</strong></span> <span class='ocrx_word' id='word_1_538' title='bbox 3555 2364 3700 2432; x_wconf 87' lang='lat' dir='ltr'><strong>quod</strong></span> <span class='ocrx_word' id='word_1_539' title='bbox 3735 2363 3868 2419; x_wconf 84' lang='lat' dir='ltr'><strong>talis</strong></span> 
     </span>
    </p>
   </div>
   <div class='ocr_carea' id='block_1_68' title="bbox 2253 2425 3868 2505">
    <p class='ocr_par' dir='ltr' id='par_1_68' title="bbox 2253 2425 3868 2505">
     <span class='ocr_line' id='line_1_69' title="bbox 2253 2425 3868 2505; baseline 0.001 -19"><span class='ocrx_word' id='word_1_540' title='bbox 2253 2441 2355 2494; x_wconf 83' lang='lat' dir='ltr'><strong>est,</strong></span> <span class='ocrx_word' id='word_1_541' title='bbox 2389 2432 2458 2505; x_wconf 82' lang='lat' dir='ltr'><strong>ab</strong></span> <span class='ocrx_word' id='word_1_542' title='bbox 2489 2431 2597 2489; x_wconf 91' lang='lat' dir='ltr'><strong>alio</strong></span> <span class='ocrx_word' id='word_1_543' title='bbox 2622 2445 2726 2497; x_wconf 89' lang='lat' dir='ltr'><strong>est,</strong></span> <span class='ocrx_word' id='word_1_544' title='bbox 2758 2450 2865 2489; x_wconf 92' lang='lat' dir='ltr'><strong>non</strong></span> <span class='ocrx_word' id='word_1_545' title='bbox 2894 2449 2922 2488; x_wconf 90' lang='lat' dir='ltr'><strong>a</strong></span> <span class='ocrx_word' id='word_1_546' title='bbox 2950 2425 3029 2488; x_wconf 75' lang='lat' dir='ltr'><strong>se.</strong></span> <span class='ocrx_word' id='word_1_547' title='bbox 3057 2425 3129 2489; x_wconf 79' lang='lat' dir='ltr'><strong>Et</strong></span> <span class='ocrx_word' id='word_1_548' title='bbox 3169 2425 3282 2504; x_wconf 83' lang='lat' dir='ltr'><strong>ipse</strong></span> <span class='ocrx_word' id='word_1_549' title='bbox 3311 2435 3457 2505; x_wconf 89' lang='lat' dir='ltr'><strong>quod</strong></span> <span class='ocrx_word' id='word_1_550' title='bbox 3491 2425 3608 2497; x_wconf 59' lang='lat' dir='ltr'><strong>est&#39;,</strong></span> <span class='ocrx_word' id='word_1_551' title='bbox 3638 2449 3868 2504; x_wconf 80' lang='lat' dir='ltr'><strong>semper</strong></span> 
     </span>
    </p>
   </div>
   <div class='ocr_carea' id='block_1_69' title="bbox 2253 2503 3866 2576">
    <p class='ocr_par' dir='ltr' id='par_1_69' title="bbox 2253 2503 3866 2576">
     <span class='ocr_line' id='line_1_70' title="bbox 2253 2503 3866 2576; baseline 0.003 -21"><span class='ocrx_word' id='word_1_552' title='bbox 2253 2513 2359 2556; x_wconf 91' lang='lat' dir='ltr'><strong>est.</strong></span> <span class='ocrx_word' id='word_1_553' title='bbox 2394 2503 2542 2576; x_wconf 80' lang='lat' dir='ltr'><strong>licet</strong></span> <span class='ocrx_word' id='word_1_554' title='bbox 2585 2513 2641 2559; x_wconf 87' lang='lat' dir='ltr'><strong>et</strong></span> <span class='ocrx_word' id='word_1_555' title='bbox 2686 2506 2798 2576; x_wconf 84' lang='lat' dir='ltr'><strong>ipsa</strong></span> <span class='ocrx_word' id='word_1_556' title='bbox 2826 2505 3006 2559; x_wconf 90' lang='lat' dir='ltr'><strong>anima</strong></span> <span class='ocrx_word' id='word_1_557' title='bbox 3052 2503 3286 2574; x_wconf 86' lang='lat' dir='ltr'><strong>quodam</strong></span> <span class='ocrx_word' id='word_1_558' title='bbox 3331 2503 3495 2560; x_wconf 80' lang='lat' dir='ltr'><strong>modo</strong></span> <span class='ocrx_word' id='word_1_559' title='bbox 3524 2520 3622 2560; x_wconf 91' lang='lat' dir='ltr'><strong>suo</strong></span> <span class='ocrx_word' id='word_1_560' title='bbox 3647 2503 3866 2561; x_wconf 80' lang='lat' dir='ltr'><strong>incom-</strong></span> 
     </span>
    </p>
   </div>
   <div class='ocr_carea' id='block_1_70' title="bbox 2255 2574 3866 2645">
    <p class='ocr_par' dir='ltr' id='par_1_70' title="bbox 2255 2574 3866 2645">
     <span class='ocr_line' id='line_1_71' title="bbox 2255 2574 3866 2645; baseline 0.003 -20"><span class='ocrx_word' id='word_1_561' title='bbox 2255 2574 2534 2629; x_wconf 87' lang='lat' dir='ltr'><strong>mutabilis</strong></span> <span class='ocrx_word' id='word_1_562' title='bbox 2576 2585 2678 2630; x_wconf 90' lang='lat' dir='ltr'><strong>est.</strong></span> <span class='ocrx_word' id='word_1_563' title='bbox 2705 2574 2864 2629; x_wconf 59' lang='lat' dir='ltr'><strong>&#39;Nam</strong></span> <span class='ocrx_word' id='word_1_564' title='bbox 2909 2591 3126 2645; x_wconf 87' lang='lat' dir='ltr'><strong>semper</strong></span> <span class='ocrx_word' id='word_1_565' title='bbox 3156 2578 3338 2631; x_wconf 89' lang='lat' dir='ltr'><strong>anima</strong></span> <span class='ocrx_word' id='word_1_566' title='bbox 3380 2587 3496 2641; x_wconf 87' lang='lat' dir='ltr'><strong>est,</strong></span> <span class='ocrx_word' id='word_1_567' title='bbox 3532 2587 3587 2631; x_wconf 90' lang='lat' dir='ltr'><strong>et</strong></span> <span class='ocrx_word' id='word_1_568' title='bbox 3626 2577 3754 2637; x_wconf 87' lang='lat' dir='ltr'><strong>scit,</strong></span> <span class='ocrx_word' id='word_1_569' title='bbox 3802 2586 3866 2630; x_wconf 82' lang='lat' dir='ltr'><strong>et</strong></span> 
     </span>
    </p>
   </div>
   <div class='ocr_carea' id='block_1_71' title="bbox 2255 2645 3863 2718">
    <p class='ocr_par' dir='ltr' id='par_1_71' title="bbox 2255 2645 3863 2718">
     <span class='ocr_line' id='line_1_72' title="bbox 2255 2645 3863 2718; baseline 0.002 -20"><span class='ocrx_word' id='word_1_570' title='bbox 2255 2645 2396 2699; x_wconf 83' lang='lat' dir='ltr'><strong>scire</strong></span> <span class='ocrx_word' id='word_1_571' title='bbox 2419 2645 2549 2700; x_wconf 85' lang='lat' dir='ltr'><strong>vult.</strong></span> <span class='ocrx_word' id='word_1_572' title='bbox 2578 2646 2871 2718; x_wconf 85' lang='lat' dir='ltr'><strong>Comparet</strong></span> <span class='ocrx_word' id='word_1_573' title='bbox 2887 2661 3040 2715; x_wconf 81' lang='lat' dir='ltr'><strong>ergo,</strong></span> <span class='ocrx_word' id='word_1_574' title='bbox 3063 2655 3121 2701; x_wconf 93' lang='lat' dir='ltr'><strong>ut</strong></span> <span class='ocrx_word' id='word_1_575' title='bbox 3143 2648 3277 2710; x_wconf 81' lang='lat' dir='ltr'><strong>dixi,</strong></span> <span class='ocrx_word' id='word_1_576' title='bbox 3301 2664 3361 2702; x_wconf 88' lang='lat' dir='ltr'><strong>se</strong></span> <span class='ocrx_word' id='word_1_577' title='bbox 3380 2648 3559 2704; x_wconf 90' lang='lat' dir='ltr'><strong>anima</strong></span> <span class='ocrx_word' id='word_1_578' title='bbox 3583 2663 3650 2702; x_wconf 91' lang='lat' dir='ltr'><strong>eo</strong></span> <span class='ocrx_word' id='word_1_579' title='bbox 3669 2648 3863 2718; x_wconf 86' lang='lat' dir='ltr'><strong>modo,</strong></span> 
     </span>
    </p>
   </div>
   <div class='ocr_carea' id='block_1_72' title="bbox 2254 2717 3868 2788">
    <p class='ocr_par' dir='ltr' id='par_1_72' title="bbox 2254 2717 3868 2788">
     <span class='ocr_line' id='line_1_73' title="bbox 2254 2717 3868 2788; baseline 0.001 -18"><span class='ocrx_word' id='word_1_580' title='bbox 2254 2731 2362 2788; x_wconf 89' lang='lat' dir='ltr'><strong>quo</strong></span> <span class='ocrx_word' id='word_1_581' title='bbox 2389 2726 2590 2786; x_wconf 86' lang='lat' dir='ltr'><strong>potest,</strong></span> <span class='ocrx_word' id='word_1_582' title='bbox 2617 2717 2863 2772; x_wconf 78' lang='lat' dir='ltr'><strong>Creatori</strong></span> <span class='ocrx_word' id='word_1_583' title='bbox 2905 2733 3023 2772; x_wconf 92' lang='lat' dir='ltr'><strong>suo.</strong></span> <span class='ocrx_word' id='word_1_584' title='bbox 3069 2721 3288 2773; x_wconf 89' lang='lat' dir='ltr'><strong>Dicatur</strong></span> <span class='ocrx_word' id='word_1_585' title='bbox 3329 2733 3482 2774; x_wconf 88' lang='lat' dir='ltr'><strong>mens</strong></span> <span class='ocrx_word' id='word_1_586' title='bbox 3516 2727 3689 2788; x_wconf 85' lang='lat' dir='ltr'><strong>pater,</strong></span> <span class='ocrx_word' id='word_1_587' title='bbox 3728 2717 3868 2788; x_wconf 76' lang='lat' dir='ltr'><strong>quia</strong></span> 
     </span>
    </p>
   </div>
   <div class='ocr_carea' id='block_1_73' title="bbox 2254 2787 3870 2860">
    <p class='ocr_par' dir='ltr' id='par_1_73' title="bbox 2254 2787 3870 2860">
     <span class='ocr_line' id='line_1_74' title="bbox 2254 2787 3870 2860; baseline 0.002 -20"><span class='ocrx_word' id='word_1_588' title='bbox 2254 2787 2426 2856; x_wconf 88' lang='lat' dir='ltr'><strong>gignit</strong></span> <span class='ocrx_word' id='word_1_589' title='bbox 2453 2788 2612 2860; x_wconf 84' lang='lat' dir='ltr'><strong>scire.</strong></span> <span class='ocrx_word' id='word_1_590' title='bbox 2640 2789 2865 2860; x_wconf 83' lang='lat' dir='ltr'><strong>Dicatur</strong></span> <span class='ocrx_word' id='word_1_591' title='bbox 2892 2789 3036 2844; x_wconf 89' lang='lat' dir='ltr'><strong>scire</strong></span> <span class='ocrx_word' id='word_1_592' title='bbox 3063 2789 3233 2854; x_wconf 84' lang='lat' dir='ltr'><strong>ﬁlius,</strong></span> <span class='ocrx_word' id='word_1_593' title='bbox 3274 2790 3397 2860; x_wconf 88' lang='lat' dir='ltr'><strong>quia</strong></span> <span class='ocrx_word' id='word_1_594' title='bbox 3425 2805 3493 2844; x_wconf 75' lang='lat' dir='ltr'><strong>ex</strong></span> <span class='ocrx_word' id='word_1_595' title='bbox 3523 2787 3632 2843; x_wconf 85' lang='lat' dir='ltr'><strong>alio</strong></span> <span class='ocrx_word' id='word_1_596' title='bbox 3655 2787 3775 2854; x_wconf 74' lang='lat' dir='ltr'><strong>est,</strong></span> <span class='ocrx_word' id='word_1_597' title='bbox 3805 2799 3870 2844; x_wconf 85' lang='lat' dir='ltr'><strong>et</strong></span> 
     </span>
    </p>
   </div>
   <div class='ocr_carea' id='block_1_74' title="bbox 2255 2859 3868 2932">
    <p class='ocr_par' dir='ltr' id='par_1_74' title="bbox 2255 2859 3868 2932">
     <span class='ocr_line' id='line_1_75' title="bbox 2255 2859 3868 2932; baseline 0.001 -20"><span class='ocrx_word' id='word_1_598' title='bbox 2255 2874 2363 2912; x_wconf 89' lang='lat' dir='ltr'><strong>non</strong></span> <span class='ocrx_word' id='word_1_599' title='bbox 2395 2867 2493 2932; x_wconf 65' lang='lat' dir='ltr'><strong>est</strong></span> <span class='ocrx_word' id='word_1_600' title='bbox 2534 2859 2715 2926; x_wconf 87' lang='lat' dir='ltr'><strong>aliud,</strong></span> <span class='ocrx_word' id='word_1_601' title='bbox 2756 2875 2921 2932; x_wconf 71' lang='lat' dir='ltr'><strong>quam</strong></span> <span class='ocrx_word' id='word_1_602' title='bbox 2962 2861 3142 2932; x_wconf 82' lang='lat' dir='ltr'><strong>ipsum</strong></span> <span class='ocrx_word' id='word_1_603' title='bbox 3184 2859 3328 2932; x_wconf 83' lang='lat' dir='ltr'><strong>quod</strong></span> <span class='ocrx_word' id='word_1_604' title='bbox 3371 2861 3486 2931; x_wconf 89' lang='lat' dir='ltr'><strong>ipse</strong></span> <span class='ocrx_word' id='word_1_605' title='bbox 3512 2869 3613 2922; x_wconf 89' lang='lat' dir='ltr'><strong>est,</strong></span> <span class='ocrx_word' id='word_1_606' title='bbox 3646 2876 3715 2915; x_wconf 77' lang='lat' dir='ltr'><strong>ex</strong></span> <span class='ocrx_word' id='word_1_607' title='bbox 3748 2877 3868 2931; x_wconf 85' lang='lat' dir='ltr'><strong>quo</strong></span> 
     </span>
    </p>
   </div>
   <div class='ocr_carea' id='block_1_75' title="bbox 2251 2928 3868 3001">
    <p class='ocr_par' dir='ltr' id='par_1_75' title="bbox 2251 2928 3868 3001">
     <span class='ocr_line' id='line_1_76' title="bbox 2251 2928 3868 3001; baseline -0.001 -16"><span class='ocrx_word' id='word_1_608' title='bbox 2251 2939 2358 2985; x_wconf 88' lang='lat' dir='ltr'><strong>est.</strong></span> <span class='ocrx_word' id='word_1_609' title='bbox 2395 2929 2622 2985; x_wconf 78' lang='lat' dir='ltr'><strong>Dicatur</strong></span> <span class='ocrx_word' id='word_1_610' title='bbox 2646 2928 2804 2987; x_wconf 77' lang='lat' dir='ltr'><strong>amor</strong></span> <span class='ocrx_word' id='word_1_611' title='bbox 2825 2928 3066 3001; x_wconf 82' lang='lat' dir='ltr'><strong>Spiritus</strong></span> <span class='ocrx_word' id='word_1_612' title='bbox 3095 2928 3350 2996; x_wconf 80' lang='lat' dir='ltr'><strong>sanctus,</strong></span> <span class='ocrx_word' id='word_1_613' title='bbox 3391 2928 3525 3001; x_wconf 73' lang='lat' dir='ltr'><strong>quia</strong></span> <span class='ocrx_word' id='word_1_614' title='bbox 3569 2928 3868 2998; x_wconf 70' lang='lat' dir='ltr'><strong>amborum</strong></span> 
     </span>
    </p>
   </div>
   <div class='ocr_carea' id='block_1_76' title="bbox 2254 3001 3872 3073">
    <p class='ocr_par' dir='ltr' id='par_1_76' title="bbox 2254 3001 3872 3073">
     <span class='ocr_line' id='line_1_77' title="bbox 2254 3001 3872 3073; baseline 0.001 -18"><span class='ocrx_word' id='word_1_615' title='bbox 2254 3009 2340 3056; x_wconf 89' lang='lat' dir='ltr'><strong>est</strong></span> <span class='ocrx_word' id='word_1_616' title='bbox 2367 3014 2580 3073; x_wconf 84' lang='lat' dir='ltr'><strong>eorum,</strong></span> <span class='ocrx_word' id='word_1_617' title='bbox 2611 3001 2704 3073; x_wconf 87' lang='lat' dir='ltr'><strong>qui</strong></span> <span class='ocrx_word' id='word_1_618' title='bbox 2729 3018 2790 3058; x_wconf 87' lang='lat' dir='ltr'><strong>se</strong></span> <span class='ocrx_word' id='word_1_619' title='bbox 2813 3010 3015 3058; x_wconf 82' lang='lat' dir='ltr'><strong>amant.</strong></span> <span class='ocrx_word' id='word_1_620' title='bbox 3053 3002 3207 3059; x_wconf 86' lang='lat' dir='ltr'><strong>Unde</strong></span> <span class='ocrx_word' id='word_1_621' title='bbox 3234 3003 3288 3057; x_wconf 90' lang='lat' dir='ltr'><strong>in</strong></span> <span class='ocrx_word' id='word_1_622' title='bbox 3313 3003 3516 3058; x_wconf 85' lang='lat' dir='ltr'><strong>nostris</strong></span> <span class='ocrx_word' id='word_1_623' title='bbox 3551 3001 3872 3070; x_wconf 82' lang='lat' dir='ltr'><strong>Scripturis</strong></span> 
     </span>
    </p>
   </div>
   <div class='ocr_carea' id='block_1_77' title="bbox 2253 3071 3871 3144">
    <p class='ocr_par' dir='ltr' id='par_1_77' title="bbox 2253 3071 3871 3144">
     <span class='ocr_line' id='line_1_78' title="bbox 2253 3071 3871 3144; baseline 0.002 -18"><span class='ocrx_word' id='word_1_624' title='bbox 2253 3071 2452 3140; x_wconf 64' lang='lat' dir='ltr'><strong>saepius</strong></span> <span class='ocrx_word' id='word_1_625' title='bbox 2487 3071 2664 3138; x_wconf 80' lang='lat' dir='ltr'><strong>amor,</strong></span> <span class='ocrx_word' id='word_1_626' title='bbox 2696 3073 2748 3128; x_wconf 93' lang='lat' dir='ltr'><strong>id</strong></span> <span class='ocrx_word' id='word_1_627' title='bbox 2775 3081 2884 3138; x_wconf 84' lang='lat' dir='ltr'><strong>est,</strong></span> <span class='ocrx_word' id='word_1_628' title='bbox 2914 3074 3187 3138; x_wconf 87' lang='lat' dir='ltr'><strong>ebaritas,</strong></span> <span class='ocrx_word' id='word_1_629' title='bbox 3225 3090 3347 3143; x_wconf 66' lang='lat' dir='ltr'><strong>quae</strong></span> <span class='ocrx_word' id='word_1_630' title='bbox 3389 3074 3442 3128; x_wconf 92' lang='lat' dir='ltr'><strong>in</strong></span> <span class='ocrx_word' id='word_1_631' title='bbox 3479 3075 3591 3129; x_wconf 88' lang='lat' dir='ltr'><strong>Deo</strong></span> <span class='ocrx_word' id='word_1_632' title='bbox 3615 3082 3701 3129; x_wconf 85' lang='lat' dir='ltr'><strong>est</strong></span> <span class='ocrx_word' id='word_1_633' title='bbox 3725 3089 3871 3144; x_wconf 79' lang='lat' dir='ltr'><strong>erga</strong></span> 
     </span>
    </p>
   </div>
   <div class='ocr_carea' id='block_1_78' title="bbox 2255 3145 3872 3268">
    <p class='ocr_par' dir='ltr' id='par_1_78' title="bbox 2255 3145 3872 3268">
     <span class='ocr_line' id='line_1_79' title="bbox 2255 3145 3872 3268; baseline 0 -72"><span class='ocrx_word' id='word_1_634' title='bbox 2255 3150 2620 3268; x_wconf 49' lang='lat' dir='ltr'><strong>n03.1etquze</strong></span> <span class='ocrx_word' id='word_1_635' title='bbox 2653 3160 2686 3199; x_wconf 84' lang='lat' dir='ltr'><strong>a</strong></span> <span class='ocrx_word' id='word_1_636' title='bbox 2713 3145 2871 3200; x_wconf 87' lang='lat' dir='ltr'><strong>nobis</strong></span> <span class='ocrx_word' id='word_1_637' title='bbox 2907 3154 2992 3200; x_wconf 88' lang='lat' dir='ltr'><strong>est</strong></span> <span class='ocrx_word' id='word_1_638' title='bbox 3035 3145 3088 3200; x_wconf 87' lang='lat' dir='ltr'><strong>in</strong></span> <span class='ocrx_word' id='word_1_639' title='bbox 3126 3147 3324 3211; x_wconf 87' lang='lat' dir='ltr'><strong>Deum,</strong></span> <span class='ocrx_word' id='word_1_640' title='bbox 3366 3146 3588 3215; x_wconf 85' lang='lat' dir='ltr'><strong>spiritus</strong></span> <span class='ocrx_word' id='word_1_641' title='bbox 3620 3147 3738 3214; x_wconf 86' lang='lat' dir='ltr'><strong>ipse</strong></span> <span class='ocrx_word' id='word_1_642' title='bbox 3767 3161 3872 3215; x_wconf 65' lang='lat' dir='ltr'><strong>ap.</strong></span> 
     </span>
     <span class='ocr_line' id='line_1_80' title="bbox 2255 3227 2508 3268; baseline 0 0"><span class='ocrx_word' id='word_1_643' title='bbox 2255 3227 2322 3268; x_wconf 83' lang='lat' dir='ltr'><strong>ne</strong></span> <span class='ocrx_word' id='word_1_644' title='bbox 2365 3228 2395 3266; x_wconf 92' lang='lat' dir='ltr'><strong>a</strong></span> <span class='ocrx_word' id='word_1_645' title='bbox 2425 3230 2508 3268; x_wconf 92' lang='lat' dir='ltr'><strong>ur.</strong></span> 
     </span>
    </p>
   </div>
   <div class='ocr_carea' id='block_1_79' title="bbox 2254 3222 2508 3284">
    <p class='ocr_par' dir='ltr' id='par_1_79' title="bbox 2254 3222 2508 3284">
     <span class='ocr_line' id='line_1_81' title="bbox 2254 3222 2508 3284; baseline -0.004 -16"><span class='ocrx_word' id='word_1_646' title='bbox 2254 3222 2508 3284; x_wconf 72' lang='lat' dir='ltr'><strong>pellatur.</strong></span> 
     </span>
    </p>
   </div>
   <div class='ocr_carea' id='block_1_80' title="bbox 2331 3360 3073 3436">
    <p class='ocr_par' dir='ltr' id='par_1_80' title="bbox 2331 3360 3073 3436">
     <span class='ocr_line' id='line_1_82' title="bbox 2331 3360 3073 3436; baseline 0.003 -18"><span class='ocrx_word' id='word_1_647' title='bbox 2331 3363 2365 3402; x_wconf 69' lang='grc' dir='ltr'><strong>ι</strong></span> <span class='ocrx_word' id='word_1_648' title='bbox 2390 3360 2737 3436; x_wconf 78' lang='lat' dir='ltr'><strong>Superﬂuum</strong></span> <span class='ocrx_word' id='word_1_649' title='bbox 2768 3365 2866 3422; x_wconf 75' lang='lat' dir='ltr'><strong>abs</strong></span> <span class='ocrx_word' id='word_1_650' title='bbox 2890 3362 3073 3424; x_wconf 84' lang='lat' dir='ltr'><strong>dubio.</strong></span> 
     </span>
    </p>
   </div>
   <div class='ocr_carea' id='block_1_81' title="bbox 1143 3687 3229 3821">
    <p class='ocr_par' dir='ltr' id='par_1_81' title="bbox 1143 3687 3229 3821">
     <span class='ocr_line' id='line_1_83' title="bbox 1143 3687 3229 3821; baseline 0.001 -2"><span class='ocrx_word' id='word_1_651' title='bbox 1143 3687 1313 3762; x_wconf 68' lang='grc'><strong>⁵9⁷</strong></span> <span class='ocrx_word' id='word_1_652' title='bbox 1381 3702 2368 3820; x_wconf 73' lang='lat' dir='ltr'><strong>APPENDIX</strong></span> <span class='ocrx_word' id='word_1_653' title='bbox 2445 3704 3229 3821; x_wconf 73' lang='lat' dir='ltr'><strong>TERTIA.</strong></span> 
     </span>
    </p>
   </div>
   <div class='ocr_carea' id='block_1_82' title="bbox 1900 3918 2487 3996">
    <p class='ocr_par' dir='ltr' id='par_1_82' title="bbox 1900 3918 2487 3996">
     <span class='ocr_line' id='line_1_84' title="bbox 1900 3918 2487 3996; baseline -0.002 -1"><span class='ocrx_word' id='word_1_654' title='bbox 1900 3919 1964 3996; x_wconf 80' lang='lat' dir='ltr'><strong>Il</strong></span> <span class='ocrx_word' id='word_1_655' title='bbox 1982 3919 2004 3994; x_wconf 91' lang='lat' dir='ltr'><strong>l</strong></span> <span class='ocrx_word' id='word_1_656' title='bbox 2023 3918 2448 3995; x_wconf 77' lang='lat' dir='ltr'><strong>STORICA</strong></span> <span class='ocrx_word' id='word_1_657' title='bbox 2466 3974 2487 3994; x_wconf 92' lang='lat'><strong>.</strong></span> 
     </span>
    </p>
   </div>
   <div class='ocr_carea' id='block_1_83' title="bbox 1185 4121 1516 4182">
    <p class='ocr_par' dir='ltr' id='par_1_83' title="bbox 1185 4121 1516 4182">
     <span class='ocr_line' id='line_1_85' title="bbox 1185 4121 1516 4182; baseline 0.003 -2"><span class='ocrx_word' id='word_1_658' title='bbox 1185 4121 1516 4182; x_wconf 68' lang='lat' dir='ltr'><strong>NOTITIA</strong></span> 
     </span>
    </p>
   </div>
   <div class='ocr_carea' id='block_1_84' title="bbox 875 4219 1856 4280">
    <p class='ocr_par' dir='ltr' id='par_1_84' title="bbox 875 4219 1856 4280">
     <span class='ocr_line' id='line_1_86' title="bbox 875 4219 1856 4280; baseline 0.004 -4"><span class='ocrx_word' id='word_1_659' title='bbox 875 4219 1323 4276; x_wconf 66' lang='lat' dir='ltr'><strong>.(2CLESIARUM</strong></span> <span class='ocrx_word' id='word_1_660' title='bbox 1368 4221 1574 4277; x_wconf 79' lang='lat' dir='ltr'><strong>URBIS</strong></span> <span class='ocrx_word' id='word_1_661' title='bbox 1617 4221 1856 4280; x_wconf 67' lang='grc' dir='ltr'><strong>ΚΟΜίΕ.</strong></span> 
     </span>
    </p>
   </div>
   <div class='ocr_carea' id='block_1_85' title="bbox 1032 4299 1676 4371">
    <p class='ocr_par' dir='ltr' id='par_1_85' title="bbox 1032 4299 1676 4371">
     <span class='ocr_line' id='line_1_87' title="bbox 1032 4299 1676 4371; baseline -0.003 -15"><span class='ocrx_word' id='word_1_662' title='bbox 1032 4299 1112 4356; x_wconf 76' lang='lat' dir='ltr'><strong>Ea:</strong></span> <span class='ocrx_word' id='word_1_663' title='bbox 1129 4318 1228 4354; x_wconf 81' lang='lat' dir='ltr'><strong>ms.</strong></span> <span class='ocrx_word' id='word_1_664' title='bbox 1264 4301 1676 4371; x_wconf 78' lang='lat' dir='ltr'><strong>Sulisburgensi.</strong></span> 
     </span>
    </p>
   </div>
   <div class='ocr_carea' id='block_1_86' title="bbox 623 4390 2148 4466">
    <p class='ocr_par' dir='ltr' id='par_1_86' title="bbox 623 4390 2148 4466">
     <span class='ocr_line' id='line_1_88' title="bbox 623 4390 2148 4466; baseline 0.002 -17"><span class='ocrx_word' id='word_1_665' title='bbox 623 4390 867 4466; x_wconf 77' lang='lat' dir='ltr'><strong>Primum</strong></span> <span class='ocrx_word' id='word_1_666' title='bbox 897 4393 953 4466; x_wconf 86' lang='lat' dir='ltr'><strong>in</strong></span> <span class='ocrx_word' id='word_1_667' title='bbox 981 4392 1115 4466; x_wconf 74' lang='lat' dir='ltr'><strong>urbe</strong></span> <span class='ocrx_word' id='word_1_668' title='bbox 1131 4391 1313 4466; x_wconf 69' lang='lat' dir='ltr'><strong>Roma-</strong></span> <span class='ocrx_word' id='word_1_669' title='bbox 1341 4394 1625 4466; x_wconf 79' lang='lat' dir='ltr'><strong>beatorum</strong></span> <span class='ocrx_word' id='word_1_670' title='bbox 1683 4405 1986 4466; x_wconf 81' lang='lat' dir='ltr'><strong>martyrum</strong></span> <span class='ocrx_word' id='word_1_671' title='bbox 2032 4415 2148 4452; x_wconf 81' lang='lat' dir='ltr'><strong>ror-</strong></span> 
     </span>
    </p>
   </div>
   <div class='ocr_carea' id='block_1_87' title="bbox 550 4461 2147 4587">
    <p class='ocr_par' dir='ltr' id='par_1_87' title="bbox 550 4461 2147 4587">
     <span class='ocr_line' id='line_1_89' title="bbox 550 4461 2147 4587; baseline 0.003 -69"><span class='ocrx_word' id='word_1_672' title='bbox 550 4479 691 4537; x_wconf 75' lang='lat' dir='ltr'><strong>pora</strong></span> <span class='ocrx_word' id='word_1_673' title='bbox 720 4461 940 4517; x_wconf 85' lang='lat' dir='ltr'><strong>Joannis</strong></span> <span class='ocrx_word' id='word_1_674' title='bbox 967 4474 1021 4516; x_wconf 88' lang='lat' dir='ltr'><strong>et</strong></span> <span class='ocrx_word' id='word_1_675' title='bbox 1051 4462 1198 4518; x_wconf 86' lang='lat' dir='ltr'><strong>Pauli</strong></span> <span class='ocrx_word' id='word_1_676' title='bbox 1255 4473 1436 4519; x_wconf 89' lang='lat' dir='ltr'><strong>tamen</strong></span> <span class='ocrx_word' id='word_1_677' title='bbox 1482 4465 1768 4587; x_wconf 58' lang='lat' dir='ltr'><strong>quiescunt</strong></span> <span class='ocrx_word' id='word_1_678' title='bbox 1813 4461 1866 4520; x_wconf 76' lang='lat' dir='ltr'><strong>in</strong></span> <span class='ocrx_word' id='word_1_679' title='bbox 1921 4468 2147 4528; x_wconf 82' lang='lat' dir='ltr'><strong>basilica</strong></span> 
     </span>
     <span class='ocr_line' id='line_1_90' title="bbox 554 4533 2144 4587; baseline 0 0"><span class='ocrx_word' id='word_1_680' title='bbox 554 4549 752 4587; x_wconf 63' lang='lat' dir='ltr'><strong>manna</strong></span> <span class='ocrx_word' id='word_1_681' title='bbox 782 4542 838 4587; x_wconf 91' lang='lat' dir='ltr'><strong>et</strong></span> <span class='ocrx_word' id='word_1_682' title='bbox 862 4533 1018 4587; x_wconf 86' lang='lat' dir='ltr'><strong>valde</strong></span> <span class='ocrx_word' id='word_1_683' title='bbox 1048 4533 1304 4587; x_wconf 73' lang='lat' dir='ltr'><strong>formosa.</strong></span> <span class='ocrx_word' id='word_1_684' title='bbox 1339 4535 1489 4587; x_wconf 83' lang='lat' dir='ltr'><strong>Deim</strong></span> <span class='ocrx_word' id='word_1_685' title='bbox 1513 4551 1543 4587; x_wconf 89' lang='lat' dir='ltr'><strong>e</strong></span> <span class='ocrx_word' id='word_1_686' title='bbox 1570 4536 1800 4587; x_wconf 86' lang='lat' dir='ltr'><strong>intrabis</strong></span> <span class='ocrx_word' id='word_1_687' title='bbox 1829 4555 1922 4587; x_wconf 76' lang='lat' dir='ltr'><strong>nm-</strong></span> <span class='ocrx_word' id='word_1_688' title='bbox 1955 4541 2144 4587; x_wconf 75' lang='lat' dir='ltr'><strong>nrln-m</strong></span> 
     </span>
    </p>
   </div>
   <div class='ocr_carea' id='block_1_88' title="bbox 554 4533 2145 4608">
    <p class='ocr_par' dir='ltr' id='par_1_88' title="bbox 554 4533 2145 4608">
     <span class='ocr_line' id='line_1_91' title="bbox 554 4533 2145 4608; baseline 0.006 -22"><span class='ocrx_word' id='word_1_689' title='bbox 554 4533 838 4608; x_wconf 74' lang='lat' dir='ltr'><strong>inagnaet</strong></span> <span class='ocrx_word' id='word_1_690' title='bbox 862 4533 1018 4587; x_wconf 86' lang='lat' dir='ltr'><strong>valde</strong></span> <span class='ocrx_word' id='word_1_691' title='bbox 1048 4533 1304 4608; x_wconf 62' lang='lat' dir='ltr'><strong>formosa.</strong></span> <span class='ocrx_word' id='word_1_692' title='bbox 1339 4533 1543 4608; x_wconf 83' lang='lat' dir='ltr'><strong>Deinde</strong></span> <span class='ocrx_word' id='word_1_693' title='bbox 1570 4536 1800 4608; x_wconf 85' lang='lat' dir='ltr'><strong>intrabis</strong></span> <span class='ocrx_word' id='word_1_694' title='bbox 1828 4555 1922 4608; x_wconf 76' lang='lat' dir='ltr'><strong>per</strong></span> <span class='ocrx_word' id='word_1_695' title='bbox 1955 4541 2145 4603; x_wconf 81' lang='lat' dir='ltr'><strong>urbem</strong></span> 
     </span>
    </p>
   </div>
   <div class='ocr_carea' id='block_1_89' title="bbox 2256 4117 3865 4195">
    <p class='ocr_par' dir='ltr' id='par_1_89' title="bbox 2256 4117 3865 4195">
     <span class='ocr_line' id='line_1_92' title="bbox 2256 4117 3865 4195; baseline -0.001 -19"><span class='ocrx_word' id='word_1_696' title='bbox 2256 4125 2530 4195; x_wconf 85' lang='lat' dir='ltr'><strong>sub_te_rra</strong></span> <span class='ocrx_word' id='word_1_697' title='bbox 2558 4117 2833 4195; x_wconf 66' lang='lat' dir='ltr'><strong>deorsum.</strong></span> <span class='ocrx_word' id='word_1_698' title='bbox 2863 4118 3070 4195; x_wconf 78' lang='lat' dir='ltr'><strong>Deinde</strong></span> <span class='ocrx_word' id='word_1_699' title='bbox 3097 4120 3286 4176; x_wconf 87' lang='lat' dir='ltr'><strong>eadem</strong></span> <span class='ocrx_word' id='word_1_700' title='bbox 3320 4125 3400 4177; x_wconf 88' lang='lat' dir='ltr'><strong>via</strong></span> <span class='ocrx_word' id='word_1_701' title='bbox 3458 4129 3745 4195; x_wconf 75' lang='lat' dir='ltr'><strong>pervenies</strong></span> <span class='ocrx_word' id='word_1_702' title='bbox 3787 4134 3865 4186; x_wconf 70' lang='lat' dir='ltr'><strong>ad</strong></span> 
     </span>
    </p>
   </div>
   <div class='ocr_carea' id='block_1_90' title="bbox 2259 4189 3866 4266">
    <p class='ocr_par' dir='ltr' id='par_1_90' title="bbox 2259 4189 3866 4266">
     <span class='ocr_line' id='line_1_93' title="bbox 2259 4189 3866 4266; baseline 0.006 -20"><span class='ocrx_word' id='word_1_703' title='bbox 2259 4192 2547 4266; x_wconf 78' lang='lat' dir='ltr'><strong>ecclesiam</strong></span> <span class='ocrx_word' id='word_1_704' title='bbox 2582 4191 2754 4266; x_wconf 58' lang='lat' dir='ltr'><strong>sancti</strong></span> <span class='ocrx_word' id='word_1_705' title='bbox 2787 4189 3068 4266; x_wconf 67' lang='lat' dir='ltr'><strong>Saturnini</strong></span> <span class='ocrx_word' id='word_1_706' title='bbox 3092 4207 3241 4262; x_wconf 75' lang='lat' dir='ltr'><strong>papa.-</strong></span> <span class='ocrx_word' id='word_1_707' title='bbox 3264 4202 3319 4248; x_wconf 90' lang='lat' dir='ltr'><strong>et</strong></span> <span class='ocrx_word' id='word_1_708' title='bbox 3340 4189 3628 4266; x_wconf 56' lang='lat' dir='ltr'><strong>marinis;</strong></span> <span class='ocrx_word' id='word_1_709' title='bbox 3682 4201 3734 4253; x_wconf 92' lang='lat' dir='ltr'><strong>in</strong></span> <span class='ocrx_word' id='word_1_710' title='bbox 3784 4203 3866 4256; x_wconf 84' lang='lat' dir='ltr'><strong>al-</strong></span> 
     </span>
    </p>
   </div>
   <div class='ocr_carea' id='block_1_91' title="bbox 2261 4260 3867 4335">
    <p class='ocr_par' dir='ltr' id='par_1_91' title="bbox 2261 4260 3867 4335">
     <span class='ocr_line' id='line_1_94' title="bbox 2261 4260 3867 4335; baseline 0.006 -18"><span class='ocrx_word' id='word_1_711' title='bbox 2261 4272 2376 4318; x_wconf 88' lang='lat' dir='ltr'><strong>tera</strong></span> <span class='ocrx_word' id='word_1_712' title='bbox 2416 4260 2644 4335; x_wconf 60' lang='lat' dir='ltr'><strong>ecclesia</strong></span> <span class='ocrx_word' id='word_1_713' title='bbox 2674 4261 2835 4314; x_wconf 88' lang='lat' dir='ltr'><strong>Daria</strong></span> <span class='ocrx_word' id='word_1_714' title='bbox 2867 4262 3018 4335; x_wconf 70' lang='lat' dir='ltr'><strong>virgo</strong></span> <span class='ocrx_word' id='word_1_715' title='bbox 3037 4260 3283 4335; x_wconf 34' lang='lat' dir='ltr'><strong>et’mart.</strong></span> <span class='ocrx_word' id='word_1_716' title='bbox 3315 4260 3508 4335; x_wconf 75' lang='lat' dir='ltr'><strong>pausat</strong></span> <span class='ocrx_word' id='word_1_717' title='bbox 3537 4280 3591 4322; x_wconf 87' lang='lat' dir='ltr'><strong>et</strong></span> <span class='ocrx_word' id='word_1_718' title='bbox 3617 4260 3867 4331; x_wconf 63' lang='lat' dir='ltr'><strong>(irisinti</strong></span> 
     </span>
    </p>
   </div>
   <div class='ocr_carea' id='block_1_92' title="bbox 2263 4331 3864 4407">
    <p class='ocr_par' dir='ltr' id='par_1_92' title="bbox 2263 4331 3864 4407">
     <span class='ocr_line' id='line_1_95' title="bbox 2263 4331 3864 4407; baseline 0.006 -17"><span class='ocrx_word' id='word_1_719' title='bbox 2263 4343 2424 4390; x_wconf 87' lang='lat' dir='ltr'><strong>mart.</strong></span> <span class='ocrx_word' id='word_1_720' title='bbox 2457 4331 2657 4407; x_wconf 65' lang='lat' dir='ltr'><strong>Postea</strong></span> <span class='ocrx_word' id='word_1_721' title='bbox 2679 4333 2962 4407; x_wconf 60' lang='lat' dir='ltr'><strong>pervenies</strong></span> <span class='ocrx_word' id='word_1_722' title='bbox 2996 4334 3185 4407; x_wconf 75' lang='lat' dir='ltr'><strong>eadem</strong></span> <span class='ocrx_word' id='word_1_723' title='bbox 3211 4336 3296 4389; x_wconf 89' lang='lat' dir='ltr'><strong>via</strong></span> <span class='ocrx_word' id='word_1_724' title='bbox 3316 4331 3393 4390; x_wconf 76' lang='lat' dir='ltr'><strong>ad</strong></span> <span class='ocrx_word' id='word_1_725' title='bbox 3407 4339 3742 4407; x_wconf 76' lang='lat' dir='ltr'><strong>speluncam,</strong></span> <span class='ocrx_word' id='word_1_726' title='bbox 3762 4345 3864 4398; x_wconf 86' lang='lat' dir='ltr'><strong>ubi</strong></span> 
     </span>
    </p>
   </div>
   <div class='ocr_carea' id='block_1_93' title="bbox 2264 4403 3864 4470">
    <p class='ocr_par' dir='ltr' id='par_1_93' title="bbox 2264 4403 3864 4470">
     <span class='ocr_line' id='line_1_96' title="bbox 2264 4403 3864 4470; baseline 0.008 -12"><span class='ocrx_word' id='word_1_727' title='bbox 2264 4414 2454 4459; x_wconf 84' lang='lat' dir='ltr'><strong>sancta</strong></span> <span class='ocrx_word' id='word_1_728' title='bbox 2491 4403 2692 4456; x_wconf 87' lang='lat' dir='ltr'><strong>llilaria</strong></span> <span class='ocrx_word' id='word_1_729' title='bbox 2721 4412 2880 4457; x_wconf 90' lang='lat' dir='ltr'><strong>mart.</strong></span> <span class='ocrx_word' id='word_1_730' title='bbox 2925 4403 3129 4459; x_wconf 86' lang='lat' dir='ltr'><strong>Deinde.</strong></span> <span class='ocrx_word' id='word_1_731' title='bbox 3155 4407 3342 4460; x_wconf 84' lang='lat' dir='ltr'><strong>eadem</strong></span> <span class='ocrx_word' id='word_1_732' title='bbox 3380 4403 3466 4463; x_wconf 75' lang='lat' dir='ltr'><strong>via</strong></span> <span class='ocrx_word' id='word_1_733' title='bbox 3490 4410 3556 4463; x_wconf 88' lang='lat' dir='ltr'><strong>ad</strong></span> <span class='ocrx_word' id='word_1_734' title='bbox 3599 4403 3864 4470; x_wconf 81' lang='lat' dir='ltr'><strong>sanetum</strong></span> 
     </span>
    </p>
   </div>
   <div class='ocr_carea' id='block_1_94' title="bbox 2254 4473 3869 4545">
    <p class='ocr_par' dir='ltr' id='par_1_94' title="bbox 2254 4473 3869 4545">
     <span class='ocr_line' id='line_1_97' title="bbox 2254 4473 3869 4545; baseline 0.004 -17"><span class='ocrx_word' id='word_1_735' title='bbox 2254 4476 2621 4532; x_wconf 78' lang='lat' dir='ltr'><strong>Alexandrum</strong></span> <span class='ocrx_word' id='word_1_736' title='bbox 2653 4482 2812 4527; x_wconf 87' lang='lat' dir='ltr'><strong>mart.</strong></span> <span class='ocrx_word' id='word_1_737' title='bbox 2847 4473 2924 4528; x_wconf 91' lang='lat' dir='ltr'><strong>lbi</strong></span> <span class='ocrx_word' id='word_1_738' title='bbox 2946 4485 3177 4545; x_wconf 86' lang='lat' dir='ltr'><strong>pausant</strong></span> <span class='ocrx_word' id='word_1_739' title='bbox 3217 4477 3530 4534; x_wconf 78' lang='lat' dir='ltr'><strong>&#39;l‘beodulus</strong></span> <span class='ocrx_word' id='word_1_740' title='bbox 3565 4492 3622 4536; x_wconf 86' lang='lat' dir='ltr'><strong>et</strong></span> <span class='ocrx_word' id='word_1_741' title='bbox 3679 4483 3869 4544; x_wconf 68' lang='lat' dir='ltr'><strong>Breu-</strong></span> 
     </span>
    </p>
   </div>
   <div class='ocr_carea' id='block_1_95' title="bbox 2255 4545 3863 4616">
    <p class='ocr_par' dir='ltr' id='par_1_95' title="bbox 2255 4545 3863 4616">
     <span class='ocr_line' id='line_1_98' title="bbox 2255 4545 3863 4616; baseline 0.006 -16"><span class='ocrx_word' id='word_1_742' title='bbox 2255 4554 2364 4612; x_wconf 91' lang='lat' dir='ltr'><strong>tus,</strong></span> <span class='ocrx_word' id='word_1_743' title='bbox 2396 4555 2452 4598; x_wconf 88' lang='lat' dir='ltr'><strong>et</strong></span> <span class='ocrx_word' id='word_1_744' title='bbox 2481 4545 2637 4614; x_wconf 84' lang='lat' dir='ltr'><strong>longe</strong></span> <span class='ocrx_word' id='word_1_745' title='bbox 2676 4545 2730 4598; x_wconf 91' lang='lat' dir='ltr'><strong>in</strong></span> <span class='ocrx_word' id='word_1_746' title='bbox 2760 4545 3021 4600; x_wconf 86' lang='lat' dir='ltr'><strong>interiore</strong></span> <span class='ocrx_word' id='word_1_747' title='bbox 3064 4547 3322 4616; x_wconf 81' lang='lat' dir='ltr'><strong>spelunca</strong></span> <span class='ocrx_word' id='word_1_748' title='bbox 3350 4548 3662 4608; x_wconf 75' lang='lat' dir='ltr'><strong>Alexander</strong></span> <span class='ocrx_word' id='word_1_749' title='bbox 3689 4566 3863 4611; x_wconf 77' lang='lat' dir='ltr'><strong>mart.</strong></span> 
     </span>
    </p>
   </div>
   <div class='ocr_carea' id='block_1_96' title="bbox 557 4604 3865 4686">
    <p class='ocr_par' dir='ltr' id='par_1_96' title="bbox 557 4604 3865 4686">
     <span class='ocr_line' id='line_1_99' title="bbox 557 4604 3865 4686; baseline 0.008 -28"><span class='ocrx_word' id='word_1_750' title='bbox 557 4607 626 4660; x_wconf 80' lang='lat' dir='ltr'><strong>ad</strong></span> <span class='ocrx_word' id='word_1_751' title='bbox 655 4604 983 4686; x_wconf 69' lang='lat' dir='ltr'><strong>aquilenem,</strong></span> <span class='ocrx_word' id='word_1_752' title='bbox 1034 4604 1205 4686; x_wconf 70' lang='lat' dir='ltr'><strong>donec</strong></span> <span class='ocrx_word' id='word_1_753' title='bbox 1242 4606 1543 4686; x_wconf 70' lang='lat' dir='ltr'><strong>pervenies</strong></span> <span class='ocrx_word' id='word_1_754' title='bbox 1602 4607 1670 4659; x_wconf 91' lang='lat' dir='ltr'><strong>ad</strong></span> <span class='ocrx_word' id='word_1_755' title='bbox 1703 4604 1917 4686; x_wconf 70' lang='lat' dir='ltr'><strong>portam</strong></span> <span class='ocrx_word' id='word_1_756' title='bbox 1945 4609 2146 4686; x_wconf 57' lang='lat' dir='ltr'><strong>[flami-</strong></span> <span class='ocrx_word' id='word_1_757' title='bbox 2177 4617 2228 4680; x_wconf 83' lang='lat' dir='ltr'><strong>D</strong></span> <span class='ocrx_word' id='word_1_758' title='bbox 2253 4604 2786 4686; x_wconf 38' lang='lat' dir='ltr'><strong>requiescitfl’osma</strong></span> <span class='ocrx_word' id='word_1_759' title='bbox 2808 4604 3109 4671; x_wconf 74' lang='lat' dir='ltr'><strong>ascendens</strong></span> <span class='ocrx_word' id='word_1_760' title='bbox 3157 4621 3350 4674; x_wconf 84' lang='lat' dir='ltr'><strong>eadem</strong></span> <span class='ocrx_word' id='word_1_761' title='bbox 3400 4604 3486 4676; x_wconf 85' lang='lat' dir='ltr'><strong>via</strong></span> <span class='ocrx_word' id='word_1_762' title='bbox 3526 4604 3649 4680; x_wconf 29' lang='lat' dir='ltr'><strong>“avdi-</strong></span> 
     </span>
    </p>
   </div>
   <div class='ocr_carea' id='block_1_97' title="bbox 555 4675 2145 4750">
    <p class='ocr_par' dir='ltr' id='par_1_97' title="bbox 555 4675 2145 4750">
     <span class='ocr_line' id='line_1_100' title="bbox 555 4675 2145 4750; baseline 0.004 -20"><span class='ocrx_word' id='word_1_763' title='bbox 555 4691 738 4750; x_wconf 78' lang='lat' dir='ltr'><strong>i_t_eam_,</strong></span> <span class='ocrx_word' id='word_1_764' title='bbox 770 4675 870 4750; x_wconf 75' lang='lat' dir='ltr'><strong>ubi</strong></span> <span class='ocrx_word' id='word_1_765' title='bbox 907 4684 1130 4750; x_wconf 73' lang='lat' dir='ltr'><strong>sanctus</strong></span> <span class='ocrx_word' id='word_1_766' title='bbox 1161 4675 1477 4730; x_wconf 83' lang='lat' dir='ltr'><strong>Valentinus</strong></span> <span class='ocrx_word' id='word_1_767' title='bbox 1506 4675 1715 4750; x_wconf 49' lang='lat' dir='ltr'><strong>mai-tif</strong></span> <span class='ocrx_word' id='word_1_768' title='bbox 1769 4681 2002 4749; x_wconf 88' lang='lat' dir='ltr'><strong>quiescit</strong></span> <span class='ocrx_word' id='word_1_769' title='bbox 2058 4683 2145 4738; x_wconf 92' lang='lat' dir='ltr'><strong>via</strong></span> 
     </span>
    </p>
   </div>
   <div class='ocr_carea' id='block_1_98' title="bbox 554 4745 2144 4822">
    <p class='ocr_par' dir='ltr' id='par_1_98' title="bbox 554 4745 2144 4822">
     <span class='ocr_line' id='line_1_101' title="bbox 554 4745 2144 4822; baseline 0.004 -20"><span class='ocrx_word' id='word_1_770' title='bbox 554 4746 830 4822; x_wconf 85' lang='lat' dir='ltr'><strong>Flaminea</strong></span> <span class='ocrx_word' id='word_1_771' title='bbox 858 4745 1152 4822; x_wconf 76' lang='lat' dir='ltr'><strong>i_n_basilica</strong></span> <span class='ocrx_word' id='word_1_772' title='bbox 1184 4761 1400 4822; x_wconf 81' lang='lat' dir='ltr'><strong>magna,</strong></span> <span class='ocrx_word' id='word_1_773' title='bbox 1439 4762 1611 4822; x_wconf 67' lang='lat' dir='ltr'><strong>quam</strong></span> <span class='ocrx_word' id='word_1_774' title='bbox 1647 4745 1940 4822; x_wconf 48' lang='lat' dir='ltr'><strong>:llonbrius</strong></span> <span class='ocrx_word' id='word_1_775' title='bbox 1987 4765 2144 4822; x_wconf 88' lang='lat' dir='ltr'><strong>repa-</strong></span> 
     </span>
    </p>
   </div>
   <div class='ocr_carea' id='block_1_99' title="bbox 555 4816 2141 4890">
    <p class='ocr_par' dir='ltr' id='par_1_99' title="bbox 555 4816 2141 4890">
     <span class='ocr_line' id='line_1_102' title="bbox 555 4816 2141 4890; baseline 0.005 -21"><span class='ocrx_word' id='word_1_776' title='bbox 555 4818 729 4890; x_wconf 69' lang='lat' dir='ltr'><strong>ravit;</strong></span> <span class='ocrx_word' id='word_1_777' title='bbox 759 4824 814 4869; x_wconf 90' lang='lat' dir='ltr'><strong>et</strong></span> <span class='ocrx_word' id='word_1_778' title='bbox 835 4816 924 4890; x_wconf 82' lang='lat' dir='ltr'><strong>alii</strong></span> <span class='ocrx_word' id='word_1_779' title='bbox 955 4828 1221 4890; x_wconf 81' lang='lat' dir='ltr'><strong>martyres</strong></span> <span class='ocrx_word' id='word_1_780' title='bbox 1244 4817 1295 4870; x_wconf 92' lang='lat' dir='ltr'><strong>in</strong></span> <span class='ocrx_word' id='word_1_781' title='bbox 1325 4816 1574 4890; x_wconf 75' lang='lat' dir='ltr'><strong>aquilone</strong></span> <span class='ocrx_word' id='word_1_782' title='bbox 1608 4819 1763 4890; x_wconf 82' lang='lat' dir='ltr'><strong>plaga</strong></span> <span class='ocrx_word' id='word_1_783' title='bbox 1829 4821 1930 4874; x_wconf 88' lang='lat' dir='ltr'><strong>sub</strong></span> <span class='ocrx_word' id='word_1_784' title='bbox 1979 4816 2141 4878; x_wconf 72' lang='lat' dir='ltr'><strong>terra.</strong></span> 
     </span>
    </p>
   </div>
   <div class='ocr_carea' id='block_1_100' title="bbox 556 4887 2145 4950">
    <p class='ocr_par' dir='ltr' id='par_1_100' title="bbox 556 4887 2145 4950">
     <span class='ocr_line' id='line_1_103' title="bbox 556 4887 2145 4950; baseline 0.006 -10"><span class='ocrx_word' id='word_1_785' title='bbox 556 4887 758 4942; x_wconf 86' lang='lat' dir='ltr'><strong>Deinde</strong></span> <span class='ocrx_word' id='word_1_786' title='bbox 785 4887 938 4940; x_wconf 84' lang='lat' dir='ltr'><strong>vadis</strong></span> <span class='ocrx_word' id='word_1_787' title='bbox 967 4887 1034 4940; x_wconf 89' lang='lat' dir='ltr'><strong>ad</strong></span> <span class='ocrx_word' id='word_1_788' title='bbox 1065 4887 1348 4949; x_wconf 88' lang='lat' dir='ltr'><strong>orientem,</strong></span> <span class='ocrx_word' id='word_1_789' title='bbox 1383 4887 1557 4943; x_wconf 88' lang='lat' dir='ltr'><strong>donec</strong></span> <span class='ocrx_word' id='word_1_790' title='bbox 1569 4887 1755 4946; x_wconf 75' lang='lat' dir='ltr'><strong>venias</strong></span> <span class='ocrx_word' id='word_1_791' title='bbox 1772 4891 1837 4944; x_wconf 88' lang='lat' dir='ltr'><strong>ad</strong></span> <span class='ocrx_word' id='word_1_792' title='bbox 1858 4891 2145 4950; x_wconf 85' lang='lat' dir='ltr'><strong>ecclesiam</strong></span> 
     </span>
    </p>
   </div>
   <div class='ocr_carea' id='block_1_101' title="bbox 553 4956 2146 5033">
    <p class='ocr_par' dir='ltr' id='par_1_101' title="bbox 553 4956 2146 5033">
     <span class='ocr_line' id='line_1_104' title="bbox 553 4956 2146 5033; baseline 0.004 -23"><span class='ocrx_word' id='word_1_793' title='bbox 553 4957 785 5033; x_wconf 64' lang='lat' dir='ltr'><strong>Joannis</strong></span> <span class='ocrx_word' id='word_1_794' title='bbox 810 4957 1078 5033; x_wconf 74' lang='lat' dir='ltr'><strong>martyris</strong></span> <span class='ocrx_word' id='word_1_795' title='bbox 1111 4956 1300 5033; x_wconf 45' lang='grc' dir='ltr'><strong>(ϐοάς,</strong></span> <span class='ocrx_word' id='word_1_796' title='bbox 1356 4959 1584 5033; x_wconf 67' lang='lat' dir='ltr'><strong>ci&#39;elcsia</strong></span> <span class='ocrx_word' id='word_1_797' title='bbox 1633 4958 1864 5015; x_wconf 81' lang='lat' dir='ltr'><strong>Jolianni</strong></span> <span class='ocrx_word' id='word_1_798' title='bbox 1906 4966 2146 5033; x_wconf 89' lang='lat' dir='ltr'><strong>martir.)</strong></span> 
     </span>
    </p>
   </div>
   <div class='ocr_carea' id='block_1_102' title="bbox 551 5027 2142 5104">
    <p class='ocr_par' dir='ltr' id='par_1_102' title="bbox 551 5027 2142 5104">
     <span class='ocr_line' id='line_1_105' title="bbox 551 5027 2142 5104; baseline 0.006 -23"><span class='ocrx_word' id='word_1_799' title='bbox 551 5030 640 5104; x_wconf 87' lang='lat' dir='ltr'><strong>via</strong></span> <span class='ocrx_word' id='word_1_800' title='bbox 673 5027 966 5104; x_wconf 73' lang='lat' dir='ltr'><strong>Salinaria,</strong></span> <span class='ocrx_word' id='word_1_801' title='bbox 1009 5027 1080 5104; x_wconf 75' lang='lat' dir='ltr'><strong>i|_ii</strong></span> <span class='ocrx_word' id='word_1_802' title='bbox 1112 5030 1405 5104; x_wconf 75' lang='lat' dir='ltr'><strong>requiescit</strong></span> <span class='ocrx_word' id='word_1_803' title='bbox 1430 5029 1703 5104; x_wconf 71' lang='lat' dir='ltr'><strong>Diogenus</strong></span> <span class='ocrx_word' id='word_1_804' title='bbox 1733 5042 1962 5104; x_wconf 78' lang='lat' dir='ltr'><strong>martyr,</strong></span> <span class='ocrx_word' id='word_1_805' title='bbox 1994 5043 2049 5089; x_wconf 90' lang='lat' dir='ltr'><strong>et</strong></span> <span class='ocrx_word' id='word_1_806' title='bbox 2089 5027 2142 5090; x_wconf 83' lang='lat' dir='ltr'><strong>in</strong></span> 
     </span>
    </p>
   </div>
   <div class='ocr_carea' id='block_1_103' title="bbox 552 5097 2145 5165">
    <p class='ocr_par' dir='ltr' id='par_1_103' title="bbox 552 5097 2145 5165">
     <span class='ocr_line' id='line_1_106' title="bbox 552 5097 2145 5165; baseline 0.004 -11"><span class='ocrx_word' id='word_1_807' title='bbox 552 5100 726 5154; x_wconf 87' lang='lat' dir='ltr'><strong>altero</strong></span> <span class='ocrx_word' id='word_1_808' title='bbox 755 5099 1003 5152; x_wconf 87' lang='lat' dir='ltr'><strong>cubiculo</strong></span> <span class='ocrx_word' id='word_1_809' title='bbox 1033 5097 1436 5165; x_wconf 85' lang='lat' dir='ltr'><strong>Bonifacianus,</strong></span> <span class='ocrx_word' id='word_1_810' title='bbox 1472 5097 1731 5155; x_wconf 38' lang='lat' dir='ltr'><strong>et‘Sistus</strong></span> <span class='ocrx_word' id='word_1_811' title='bbox 1778 5097 1986 5165; x_wconf 73' lang='lat' dir='ltr'><strong>martyr</strong></span> <span class='ocrx_word' id='word_1_812' title='bbox 2042 5107 2145 5162; x_wconf 77' lang='lat' dir='ltr'><strong>sub</strong></span> 
     </span>
    </p>
   </div>
   <div class='ocr_carea' id='block_1_104' title="bbox 551 5169 2145 5240">
    <p class='ocr_par' dir='ltr' id='par_1_104' title="bbox 551 5169 2145 5240">
     <span class='ocr_line' id='line_1_107' title="bbox 551 5169 2145 5240; baseline 0.004 -15"><span class='ocrx_word' id='word_1_813' title='bbox 551 5179 735 5234; x_wconf 88' lang='lat' dir='ltr'><strong>terra;</strong></span> <span class='ocrx_word' id='word_1_814' title='bbox 781 5170 882 5240; x_wconf 83' lang='lat' dir='ltr'><strong>sub</strong></span> <span class='ocrx_word' id='word_1_815' title='bbox 929 5177 1076 5240; x_wconf 81' lang='lat' dir='ltr'><strong>terra</strong></span> <span class='ocrx_word' id='word_1_816' title='bbox 1121 5169 1333 5225; x_wconf 88' lang='lat' dir='ltr'><strong>Blastus</strong></span> <span class='ocrx_word' id='word_1_817' title='bbox 1379 5178 1606 5240; x_wconf 83' lang='lat' dir='ltr'><strong>martyr.</strong></span> <span class='ocrx_word' id='word_1_818' title='bbox 1655 5170 1861 5228; x_wconf 86' lang='lat' dir='ltr'><strong>Deinde</strong></span> <span class='ocrx_word' id='word_1_819' title='bbox 1905 5169 2145 5232; x_wconf 78' lang='lat' dir='ltr'><strong>Joannes</strong></span> 
     </span>
    </p>
   </div>
   <div class='ocr_carea' id='block_1_105' title="bbox 552 5239 2143 5311">
    <p class='ocr_par' dir='ltr' id='par_1_105' title="bbox 552 5239 2143 5311">
     <span class='ocr_line' id='line_1_108' title="bbox 552 5239 2143 5311; baseline 0.005 -17"><span class='ocrx_word' id='word_1_820' title='bbox 552 5251 781 5311; x_wconf 82' lang='lat' dir='ltr'><strong>martyr.</strong></span> <span class='ocrx_word' id='word_1_821' title='bbox 813 5239 1353 5311; x_wconf 24' lang='lat' dir='ltr'><strong>Posteatlmnguinus</strong></span> <span class='ocrx_word' id='word_1_822' title='bbox 1386 5239 1614 5311; x_wconf 86' lang='lat' dir='ltr'><strong>martyr.</strong></span> <span class='ocrx_word' id='word_1_823' title='bbox 1642 5241 1846 5298; x_wconf 87' lang='lat' dir='ltr'><strong>Deinde</strong></span> <span class='ocrx_word' id='word_1_824' title='bbox 1899 5247 2051 5300; x_wconf 88' lang='lat' dir='ltr'><strong>vadis</strong></span> <span class='ocrx_word' id='word_1_825' title='bbox 2075 5248 2143 5303; x_wconf 84' lang='lat' dir='ltr'><strong>ad</strong></span> 
     </span>
    </p>
   </div>
   <div class='ocr_carea' id='block_1_106' title="bbox 552 5308 2142 5374">
    <p class='ocr_par' dir='ltr' id='par_1_106' title="bbox 552 5308 2142 5374">
     <span class='ocr_line' id='line_1_109' title="bbox 552 5308 2142 5374; baseline 0.006 -11"><span class='ocrx_word' id='word_1_826' title='bbox 552 5308 849 5364; x_wconf 75' lang='lat' dir='ltr'><strong>australem</strong></span> <span class='ocrx_word' id='word_1_827' title='bbox 876 5311 960 5363; x_wconf 89' lang='lat' dir='ltr'><strong>via</strong></span> <span class='ocrx_word' id='word_1_828' title='bbox 994 5308 1285 5374; x_wconf 78' lang='lat' dir='ltr'><strong>Salinaria,</strong></span> <span class='ocrx_word' id='word_1_829' title='bbox 1316 5309 1490 5365; x_wconf 88' lang='lat' dir='ltr'><strong>donec</strong></span> <span class='ocrx_word' id='word_1_830' title='bbox 1533 5308 1723 5366; x_wconf 78' lang='lat' dir='ltr'><strong>venies</strong></span> <span class='ocrx_word' id='word_1_831' title='bbox 1760 5315 1827 5368; x_wconf 90' lang='lat' dir='ltr'><strong>ad</strong></span> <span class='ocrx_word' id='word_1_832' title='bbox 1891 5327 2142 5373; x_wconf 79' lang='lat' dir='ltr'><strong>sanctum</strong></span> 
     </span>
    </p>
   </div>
   <div class='ocr_carea' id='block_1_107' title="bbox 553 5379 2145 5456">
    <p class='ocr_par' dir='ltr' id='par_1_107' title="bbox 553 5379 2145 5456">
     <span class='ocr_line' id='line_1_110' title="bbox 553 5379 2145 5456; baseline 0.005 -21"><span class='ocrx_word' id='word_1_833' title='bbox 553 5381 850 5456; x_wconf 58' lang='lat' dir='ltr'><strong>Ermetem:</strong></span> <span class='ocrx_word' id='word_1_834' title='bbox 896 5379 970 5456; x_wconf 87' lang='lat' dir='ltr'><strong>lbi</strong></span> <span class='ocrx_word' id='word_1_835' title='bbox 1019 5382 1254 5448; x_wconf 88' lang='lat' dir='ltr'><strong>primmn</strong></span> <span class='ocrx_word' id='word_1_836' title='bbox 1290 5381 1820 5456; x_wconf 75' lang='lat' dir='ltr'><strong>pausat_i3assilissa</strong></span> <span class='ocrx_word' id='word_1_837' title='bbox 1877 5388 2032 5456; x_wconf 84' lang='lat' dir='ltr'><strong>virgo</strong></span> <span class='ocrx_word' id='word_1_838' title='bbox 2088 5397 2145 5449; x_wconf 84' lang='lat' dir='ltr'><strong>et</strong></span> 
     </span>
    </p>
   </div>
   <div class='ocr_carea' id='block_1_108' title="bbox 553 5450 2142 5522">
    <p class='ocr_par' dir='ltr' id='par_1_108' title="bbox 553 5450 2142 5522">
     <span class='ocr_line' id='line_1_111' title="bbox 553 5450 2142 5522; baseline 0.008 -20"><span class='ocrx_word' id='word_1_839' title='bbox 553 5459 793 5522; x_wconf 78' lang='lat' dir='ltr'><strong>martyr;</strong></span> <span class='ocrx_word' id='word_1_840' title='bbox 838 5450 890 5503; x_wconf 91' lang='lat' dir='ltr'><strong>in</strong></span> <span class='ocrx_word' id='word_1_841' title='bbox 919 5450 1090 5522; x_wconf 82' lang='lat' dir='ltr'><strong>altera</strong></span> <span class='ocrx_word' id='word_1_842' title='bbox 1124 5460 1180 5504; x_wconf 88' lang='lat' dir='ltr'><strong>et</strong></span> <span class='ocrx_word' id='word_1_843' title='bbox 1239 5461 1448 5522; x_wconf 84' lang='lat' dir='ltr'><strong>martyr</strong></span> <span class='ocrx_word' id='word_1_844' title='bbox 1503 5451 1770 5509; x_wconf 81' lang='lat' dir='ltr'><strong>Maximus</strong></span> <span class='ocrx_word' id='word_1_845' title='bbox 1811 5465 1866 5510; x_wconf 88' lang='lat' dir='ltr'><strong>ct</strong></span> <span class='ocrx_word' id='word_1_846' title='bbox 1921 5450 2142 5514; x_wconf 56' lang='lat' dir='ltr'><strong>sa&#39;nctus</strong></span> 
     </span>
    </p>
   </div>
   <div class='ocr_carea' id='block_1_109' title="bbox 554 5521 2140 5595">
    <p class='ocr_par' dir='ltr' id='par_1_109' title="bbox 554 5521 2140 5595">
     <span class='ocr_line' id='line_1_112' title="bbox 554 5521 2140 5595; baseline 0.008 -24"><span class='ocrx_word' id='word_1_847' title='bbox 554 5521 744 5595; x_wconf 54' lang='lat' dir='ltr'><strong>[Ii-mes</strong></span> <span class='ocrx_word' id='word_1_848' title='bbox 769 5529 978 5590; x_wconf 82' lang='lat' dir='ltr'><strong>martyr</strong></span> <span class='ocrx_word' id='word_1_849' title='bbox 997 5521 1154 5595; x_wconf 80' lang='lat' dir='ltr'><strong>longe</strong></span> <span class='ocrx_word' id='word_1_850' title='bbox 1184 5523 1285 5595; x_wconf 82' lang='lat' dir='ltr'><strong>sub</strong></span> <span class='ocrx_word' id='word_1_851' title='bbox 1312 5521 1491 5595; x_wconf 77' lang='lat' dir='ltr'><strong>terra;</strong></span> <span class='ocrx_word' id='word_1_852' title='bbox 1511 5533 1578 5595; x_wconf 82' lang='lat' dir='ltr'><strong>et</strong></span> <span class='ocrx_word' id='word_1_853' title='bbox 1598 5525 1649 5576; x_wconf 92' lang='lat' dir='ltr'><strong>in</strong></span> <span class='ocrx_word' id='word_1_854' title='bbox 1690 5524 1859 5580; x_wconf 88' lang='lat' dir='ltr'><strong>altera</strong></span> <span class='ocrx_word' id='word_1_855' title='bbox 1883 5527 2140 5595; x_wconf 84' lang='lat' dir='ltr'><strong>spelunca</strong></span> 
     </span>
    </p>
   </div>
   <div class='ocr_carea' id='block_1_110' title="bbox 552 5590 2135 5669">
    <p class='ocr_par' dir='ltr' id='par_1_110' title="bbox 552 5590 2135 5669">
     <span class='ocr_line' id='line_1_113' title="bbox 552 5590 2135 5669; baseline 0.006 -27"><span class='ocrx_word' id='word_1_856' title='bbox 552 5590 751 5669; x_wconf 69' lang='lat' dir='ltr'><strong>Prntus</strong></span> <span class='ocrx_word' id='word_1_857' title='bbox 783 5601 989 5669; x_wconf 68' lang='lat' dir='ltr'><strong>martyr</strong></span> <span class='ocrx_word' id='word_1_858' title='bbox 1017 5600 1073 5669; x_wconf 81' lang='lat' dir='ltr'><strong>et</strong></span> <span class='ocrx_word' id='word_1_859' title='bbox 1119 5591 1384 5669; x_wconf 78' lang='lat' dir='ltr'><strong>Jacintus,</strong></span> <span class='ocrx_word' id='word_1_860' title='bbox 1437 5593 1630 5669; x_wconf 80' lang='lat' dir='ltr'><strong>deinde</strong></span> <span class='ocrx_word' id='word_1_861' title='bbox 1685 5596 1870 5669; x_wconf 61' lang='lat' dir='ltr'><strong>Victor</strong></span> <span class='ocrx_word' id='word_1_862' title='bbox 1910 5590 2135 5669; x_wconf 77' lang='lat' dir='ltr'><strong>martyr.</strong></span> 
     </span>
    </p>
   </div>
   <div class='ocr_carea' id='block_1_111' title="bbox 553 5660 2138 5738">
    <p class='ocr_par' dir='ltr' id='par_1_111' title="bbox 553 5660 2138 5738">
     <span class='ocr_line' id='line_1_114' title="bbox 553 5660 2138 5738; baseline 0.006 -22"><span class='ocrx_word' id='word_1_863' title='bbox 553 5661 747 5716; x_wconf 81' lang='lat' dir='ltr'><strong>Postea</strong></span> <span class='ocrx_word' id='word_1_864' title='bbox 777 5660 966 5715; x_wconf 85' lang='lat' dir='ltr'><strong>eadem</strong></span> <span class='ocrx_word' id='word_1_865' title='bbox 997 5662 1084 5714; x_wconf 88' lang='lat' dir='ltr'><strong>via</strong></span> <span class='ocrx_word' id='word_1_866' title='bbox 1121 5663 1466 5738; x_wconf 72' lang='lat' dir='ltr'><strong>pervenisad</strong></span> <span class='ocrx_word' id='word_1_867' title='bbox 1528 5675 1776 5738; x_wconf 73' lang='lat' dir='ltr'><strong>sanetum</strong></span> <span class='ocrx_word' id='word_1_868' title='bbox 1825 5660 2138 5738; x_wconf 75' lang='lat' dir='ltr'><strong>Pampulum</strong></span> 
     </span>
    </p>
   </div>
   <div class='ocr_carea' id='block_1_112' title="bbox 555 5732 2139 5802">
    <p class='ocr_par' dir='ltr' id='par_1_112' title="bbox 555 5732 2139 5802">
     <span class='ocr_line' id='line_1_115' title="bbox 555 5732 2139 5802; baseline 0.006 -16"><span class='ocrx_word' id='word_1_869' title='bbox 555 5740 858 5802; x_wconf 80' lang='lat' dir='ltr'><strong>martyrem</strong></span> <span class='ocrx_word' id='word_1_870' title='bbox 877 5747 1002 5784; x_wconf 79' lang='lat' dir='ltr'><strong>mv</strong></span> <span class='ocrx_word' id='word_1_871' title='bbox 1030 5732 1284 5800; x_wconf 84' lang='lat' dir='ltr'><strong>gradibus</strong></span> <span class='ocrx_word' id='word_1_872' title='bbox 1323 5734 1421 5787; x_wconf 91' lang='lat' dir='ltr'><strong>sub</strong></span> <span class='ocrx_word' id='word_1_873' title='bbox 1449 5742 1614 5787; x_wconf 88' lang='lat' dir='ltr'><strong>terra.</strong></span> <span class='ocrx_word' id='word_1_874' title='bbox 1641 5735 1843 5791; x_wconf 86' lang='lat' dir='ltr'><strong>Deinde</strong></span> <span class='ocrx_word' id='word_1_875' title='bbox 1873 5732 2056 5794; x_wconf 80' lang='lat' dir='ltr'><strong>venies</strong></span> <span class='ocrx_word' id='word_1_876' title='bbox 2071 5743 2139 5795; x_wconf 83' lang='lat' dir='ltr'><strong>ad</strong></span> 
     </span>
    </p>
   </div>
   <div class='ocr_carea' id='block_1_113' title="bbox 553 5800 2141 5872">
    <p class='ocr_par' dir='ltr' id='par_1_113' title="bbox 553 5800 2141 5872">
     <span class='ocr_line' id='line_1_116' title="bbox 553 5800 2141 5872; baseline 0.006 -16"><span class='ocrx_word' id='word_1_877' title='bbox 553 5800 795 5856; x_wconf 77' lang='lat' dir='ltr'><strong>Sanctam</strong></span> <span class='ocrx_word' id='word_1_878' title='bbox 821 5800 1158 5856; x_wconf 81' lang='lat' dir='ltr'><strong>Felicitatem</strong></span> <span class='ocrx_word' id='word_1_879' title='bbox 1189 5802 1359 5856; x_wconf 88' lang='lat' dir='ltr'><strong>altera</strong></span> <span class='ocrx_word' id='word_1_880' title='bbox 1390 5804 1495 5866; x_wconf 89' lang='lat' dir='ltr'><strong>via,</strong></span> <span class='ocrx_word' id='word_1_881' title='bbox 1521 5819 1643 5872; x_wconf 64' lang='lat' dir='ltr'><strong>quae</strong></span> <span class='ocrx_word' id='word_1_882' title='bbox 1685 5807 1935 5864; x_wconf 89' lang='lat' dir='ltr'><strong>similiter</strong></span> <span class='ocrx_word' id='word_1_883' title='bbox 1984 5809 2141 5865; x_wconf 86' lang='lat' dir='ltr'><strong>Sala-</strong></span> 
     </span>
    </p>
   </div>
   <div class='ocr_carea' id='block_1_114' title="bbox 554 5872 2136 5941">
    <p class='ocr_par' dir='ltr' id='par_1_114' title="bbox 554 5872 2136 5941">
     <span class='ocr_line' id='line_1_117' title="bbox 554 5872 2136 5941; baseline 0.008 -17"><span class='ocrx_word' id='word_1_884' title='bbox 554 5874 634 5925; x_wconf 85' lang='lat' dir='ltr'><strong>ria</strong></span> <span class='ocrx_word' id='word_1_885' title='bbox 667 5873 880 5931; x_wconf 81' lang='lat' dir='ltr'><strong>dicitur.</strong></span> <span class='ocrx_word' id='word_1_886' title='bbox 909 5873 980 5926; x_wconf 90' lang='lat' dir='ltr'><strong>ibi</strong></span> <span class='ocrx_word' id='word_1_887' title='bbox 1013 5872 1100 5925; x_wconf 86' lang='lat' dir='ltr'><strong>illa</strong></span> <span class='ocrx_word' id='word_1_888' title='bbox 1132 5873 1394 5941; x_wconf 85' lang='lat' dir='ltr'><strong>pausatin</strong></span> <span class='ocrx_word' id='word_1_889' title='bbox 1418 5873 1647 5929; x_wconf 85' lang='lat' dir='ltr'><strong>ecclesia</strong></span> <span class='ocrx_word' id='word_1_890' title='bbox 1675 5891 1912 5940; x_wconf 87' lang='lat' dir='ltr'><strong>sursum,</strong></span> <span class='ocrx_word' id='word_1_891' title='bbox 1935 5890 1989 5933; x_wconf 88' lang='lat' dir='ltr'><strong>et</strong></span> <span class='ocrx_word' id='word_1_892' title='bbox 2033 5881 2136 5936; x_wconf 83' lang='lat' dir='ltr'><strong>Bo-</strong></span> 
     </span>
    </p>
   </div>
   <div class='ocr_carea' id='block_1_115' title="bbox 553 5943 2139 6022">
    <p class='ocr_par' dir='ltr' id='par_1_115' title="bbox 553 5943 2139 6022">
     <span class='ocr_line' id='line_1_118' title="bbox 553 5943 2139 6022; baseline 0.009 -27"><span class='ocrx_word' id='word_1_893' title='bbox 553 5944 787 5998; x_wconf 73' lang='lat' dir='ltr'><strong>nifacius</strong></span> <span class='ocrx_word' id='word_1_894' title='bbox 815 5959 951 6014; x_wconf 82' lang='lat' dir='ltr'><strong>papa</strong></span> <span class='ocrx_word' id='word_1_895' title='bbox 990 5953 1041 5997; x_wconf 88' lang='lat' dir='ltr'><strong>et</strong></span> <span class='ocrx_word' id='word_1_896' title='bbox 1072 5953 1278 6014; x_wconf 75' lang='lat' dir='ltr'><strong>martyr</strong></span> <span class='ocrx_word' id='word_1_897' title='bbox 1306 5944 1357 5996; x_wconf 90' lang='lat' dir='ltr'><strong>in</strong></span> <span class='ocrx_word' id='word_1_898' title='bbox 1383 5943 1555 5999; x_wconf 80' lang='lat' dir='ltr'><strong>altero</strong></span> <span class='ocrx_word' id='word_1_899' title='bbox 1581 5945 1718 6012; x_wconf 87' lang='lat' dir='ltr'><strong>loco,</strong></span> <span class='ocrx_word' id='word_1_900' title='bbox 1768 5956 1822 6002; x_wconf 89' lang='lat' dir='ltr'><strong>et</strong></span> <span class='ocrx_word' id='word_1_901' title='bbox 1875 5949 1969 6004; x_wconf 85' lang='lat' dir='ltr'><strong>lilii</strong></span> <span class='ocrx_word' id='word_1_902' title='bbox 2021 5948 2139 6022; x_wconf 77' lang='lat' dir='ltr'><strong>ejus</strong></span> 
     </span>
    </p>
   </div>
   <div class='ocr_carea' id='block_1_116' title="bbox 2253 4685 3858 4765">
    <p class='ocr_par' dir='ltr' id='par_1_116' title="bbox 2253 4685 3858 4765">
     <span class='ocr_line' id='line_1_119' title="bbox 2253 4685 3858 4765; baseline 0.008 -26"><span class='ocrx_word' id='word_1_903' title='bbox 2253 4685 2502 4765; x_wconf 76' lang='lat' dir='ltr'><strong>§il_vestri</strong></span> <span class='ocrx_word' id='word_1_904' title='bbox 2529 4687 2853 4765; x_wconf 66' lang='lat' dir='ltr'><strong>ecclesiam;</strong></span> <span class='ocrx_word' id='word_1_905' title='bbox 2884 4685 2957 4740; x_wconf 87' lang='lat' dir='ltr'><strong>ibi</strong></span> <span class='ocrx_word' id='word_1_906' title='bbox 2986 4688 3274 4744; x_wconf 91' lang='lat' dir='ltr'><strong>multitudo</strong></span> <span class='ocrx_word' id='word_1_907' title='bbox 3295 4701 3610 4765; x_wconf 86' lang='lat' dir='ltr'><strong>sanctorum</strong></span> <span class='ocrx_word' id='word_1_908' title='bbox 3628 4710 3858 4765; x_wconf 83' lang='lat' dir='ltr'><strong>pausat.</strong></span> 
     </span>
    </p>
   </div>
   <div class='ocr_carea' id='block_1_117' title="bbox 2248 4756 3864 4829">
    <p class='ocr_par' dir='ltr' id='par_1_117' title="bbox 2248 4756 3864 4829">
     <span class='ocr_line' id='line_1_120' title="bbox 2248 4756 3864 4829; baseline 0.009 -19"><span class='ocrx_word' id='word_1_909' title='bbox 2248 4756 2494 4829; x_wconf 88' lang='lat' dir='ltr'><strong>Primum</strong></span> <span class='ocrx_word' id='word_1_910' title='bbox 2527 4756 2788 4811; x_wconf 87' lang='lat' dir='ltr'><strong>Silvester</strong></span> <span class='ocrx_word' id='word_1_911' title='bbox 2822 4766 3046 4829; x_wconf 75' lang='lat' dir='ltr'><strong>sanctus</strong></span> <span class='ocrx_word' id='word_1_912' title='bbox 3074 4775 3211 4828; x_wconf 89' lang='lat' dir='ltr'><strong>papa</strong></span> <span class='ocrx_word' id='word_1_913' title='bbox 3242 4771 3297 4814; x_wconf 91' lang='lat' dir='ltr'><strong>et</strong></span> <span class='ocrx_word' id='word_1_914' title='bbox 3346 4756 3648 4829; x_wconf 53' lang='lat' dir='ltr'><strong>confessor;</strong></span> <span class='ocrx_word' id='word_1_915' title='bbox 3703 4777 3761 4822; x_wconf 84' lang='lat' dir='ltr'><strong>et</strong></span> <span class='ocrx_word' id='word_1_916' title='bbox 3785 4771 3864 4827; x_wconf 82' lang='lat' dir='ltr'><strong>ad</strong></span> 
     </span>
    </p>
   </div>
   <div class='ocr_carea' id='block_1_118' title="bbox 2248 4827 3864 4907">
    <p class='ocr_par' dir='ltr' id='par_1_118' title="bbox 2248 4827 3864 4907">
     <span class='ocr_line' id='line_1_121' title="bbox 2248 4827 3864 4907; baseline 0.009 -27"><span class='ocrx_word' id='word_1_917' title='bbox 2248 4830 2414 4907; x_wconf 71' lang='lat' dir='ltr'><strong>pedes</strong></span> <span class='ocrx_word' id='word_1_918' title='bbox 2436 4827 2558 4907; x_wconf 76' lang='lat' dir='ltr'><strong>ejus</strong></span> <span class='ocrx_word' id='word_1_919' title='bbox 2588 4838 2812 4884; x_wconf 82' lang='lat' dir='ltr'><strong>sanctus</strong></span> <span class='ocrx_word' id='word_1_920' title='bbox 2841 4827 3256 4907; x_wconf 46' lang='lat' dir='ltr'><strong>Syricusyapa,</strong></span> <span class='ocrx_word' id='word_1_921' title='bbox 3277 4845 3338 4907; x_wconf 89' lang='lat' dir='ltr'><strong>_et</strong></span> <span class='ocrx_word' id='word_1_922' title='bbox 3361 4834 3414 4888; x_wconf 92' lang='lat' dir='ltr'><strong>in</strong></span> <span class='ocrx_word' id='word_1_923' title='bbox 3452 4827 3673 4891; x_wconf 76' lang='lat' dir='ltr'><strong>dextera</strong></span> <span class='ocrx_word' id='word_1_924' title='bbox 3691 4851 3864 4907; x_wconf 87' lang='lat' dir='ltr'><strong>parte</strong></span> 
     </span>
    </p>
   </div>
   <div class='ocr_carea' id='block_1_119' title="bbox 2249 4897 3865 4979">
    <p class='ocr_par' dir='ltr' id='par_1_119' title="bbox 2249 4897 3865 4979">
     <span class='ocr_line' id='line_1_122' title="bbox 2249 4897 3865 4979; baseline 0.007 -26"><span class='ocrx_word' id='word_1_925' title='bbox 2249 4897 2557 4979; x_wconf 49' lang='lat' dir='ltr'><strong>Gelesiinus</strong></span> <span class='ocrx_word' id='word_1_926' title='bbox 2599 4913 2762 4979; x_wconf 84' lang='lat' dir='ltr'><strong>papa,</strong></span> <span class='ocrx_word' id='word_1_927' title='bbox 2789 4907 2846 4955; x_wconf 93' lang='lat' dir='ltr'><strong>et</strong></span> <span class='ocrx_word' id='word_1_928' title='bbox 2884 4897 3183 4979; x_wconf 58' lang='lat' dir='ltr'><strong>Marcellus</strong></span> <span class='ocrx_word' id='word_1_929' title='bbox 3205 4903 3527 4974; x_wconf 87' lang='lat' dir='ltr'><strong>cpiscopus;</strong></span> <span class='ocrx_word' id='word_1_930' title='bbox 3571 4897 3865 4979; x_wconf 77' lang='lat' dir='ltr'><strong>Philippus</strong></span> 
     </span>
    </p>
   </div>
   <div class='ocr_carea' id='block_1_120' title="bbox 2247 4969 3864 5035">
    <p class='ocr_par' dir='ltr' id='par_1_120' title="bbox 2247 4969 3864 5035">
     <span class='ocr_line' id='line_1_123' title="bbox 2247 4969 3864 5035; baseline 0.007 -12"><span class='ocrx_word' id='word_1_931' title='bbox 2247 4978 2305 5023; x_wconf 89' lang='lat' dir='ltr'><strong>et</strong></span> <span class='ocrx_word' id='word_1_932' title='bbox 2333 4969 2481 5024; x_wconf 73' lang='lat' dir='ltr'><strong>Felix</strong></span> <span class='ocrx_word' id='word_1_933' title='bbox 2523 4978 2683 5023; x_wconf 85' lang='lat' dir='ltr'><strong>mart.</strong></span> <span class='ocrx_word' id='word_1_934' title='bbox 2715 4978 2770 5024; x_wconf 87' lang='lat' dir='ltr'><strong>et</strong></span> <span class='ocrx_word' id='word_1_935' title='bbox 2815 4969 3106 5026; x_wconf 90' lang='lat' dir='ltr'><strong>multitudo</strong></span> <span class='ocrx_word' id='word_1_936' title='bbox 3157 4969 3470 5030; x_wconf 81' lang='lat' dir='ltr'><strong>sanctorum</strong></span> <span class='ocrx_word' id='word_1_937' title='bbox 3524 4979 3625 5031; x_wconf 86' lang='lat' dir='ltr'><strong>sub</strong></span> <span class='ocrx_word' id='word_1_938' title='bbox 3677 4969 3864 5035; x_wconf 67' lang='lat' dir='ltr'><strong>altare</strong></span> 
     </span>
    </p>
   </div>
   <div class='ocr_carea' id='block_1_121' title="bbox 2247 5037 3858 5109">
    <p class='ocr_par' dir='ltr' id='par_1_121' title="bbox 2247 5037 3858 5109">
     <span class='ocr_line' id='line_1_124' title="bbox 2247 5037 3858 5109; baseline 0.009 -17"><span class='ocrx_word' id='word_1_939' title='bbox 2247 5037 2484 5105; x_wconf 87' lang='lat' dir='ltr'><strong>majore;</strong></span> <span class='ocrx_word' id='word_1_940' title='bbox 2519 5049 2574 5094; x_wconf 90' lang='lat' dir='ltr'><strong>et</strong></span> <span class='ocrx_word' id='word_1_941' title='bbox 2603 5040 2656 5093; x_wconf 91' lang='lat' dir='ltr'><strong>in</strong></span> <span class='ocrx_word' id='word_1_942' title='bbox 2687 5041 2943 5109; x_wconf 75' lang='lat' dir='ltr'><strong>spelunca</strong></span> <span class='ocrx_word' id='word_1_943' title='bbox 2972 5041 3318 5097; x_wconf 81' lang='lat' dir='ltr'><strong>Cre‘sceutius</strong></span> <span class='ocrx_word' id='word_1_944' title='bbox 3343 5056 3502 5100; x_wconf 89' lang='lat' dir='ltr'><strong>mart.</strong></span> <span class='ocrx_word' id='word_1_945' title='bbox 3534 5051 3658 5104; x_wconf 92' lang='lat' dir='ltr'><strong>etin</strong></span> <span class='ocrx_word' id='word_1_946' title='bbox 3675 5051 3858 5106; x_wconf 83' lang='lat' dir='ltr'><strong>altera</strong></span> 
     </span>
    </p>
   </div>
   <div class='ocr_carea' id='block_1_122' title="bbox 2245 5109 3856 5186">
    <p class='ocr_par' dir='ltr' id='par_1_122' title="bbox 2245 5109 3856 5186">
     <span class='ocr_line' id='line_1_125' title="bbox 2245 5109 3856 5186; baseline 0.009 -24"><span class='ocrx_word' id='word_1_947' title='bbox 2245 5117 2432 5186; x_wconf 80' lang='lat' dir='ltr'><strong>sancta</strong></span> <span class='ocrx_word' id='word_1_948' title='bbox 2466 5109 2651 5168; x_wconf 86' lang='lat' dir='ltr'><strong>Prisca</strong></span> <span class='ocrx_word' id='word_1_949' title='bbox 2697 5120 2857 5186; x_wconf 81' lang='lat' dir='ltr'><strong>mart.</strong></span> <span class='ocrx_word' id='word_1_950' title='bbox 2901 5122 2954 5186; x_wconf 80' lang='lat' dir='ltr'><strong>et</strong></span> <span class='ocrx_word' id='word_1_951' title='bbox 2983 5111 3196 5169; x_wconf 84' lang='lat' dir='ltr'><strong>Fimitis</strong></span> <span class='ocrx_word' id='word_1_952' title='bbox 3241 5127 3432 5184; x_wconf 57' lang='lat' dir='ltr'><strong>pausat</strong></span> <span class='ocrx_word' id='word_1_953' title='bbox 3478 5135 3529 5172; x_wconf 89' lang='grc' dir='ltr'><strong>ιιι</strong></span> <span class='ocrx_word' id='word_1_954' title='bbox 3574 5121 3856 5186; x_wconf 77' lang='lat' dir='ltr'><strong>cubiculo,</strong></span> 
     </span>
    </p>
   </div>
   <div class='ocr_carea' id='block_1_123' title="bbox 2247 5181 3854 5248">
    <p class='ocr_par' dir='ltr' id='par_1_123' title="bbox 2247 5181 3854 5248">
     <span class='ocr_line' id='line_1_126' title="bbox 2247 5181 3854 5248; baseline 0.009 -15"><span class='ocrx_word' id='word_1_955' title='bbox 2247 5181 2462 5248; x_wconf 86' lang='lat' dir='ltr'><strong>quando</strong></span> <span class='ocrx_word' id='word_1_956' title='bbox 2485 5196 2680 5245; x_wconf 70' lang='lat' dir='ltr'><strong>exeas;</strong></span> <span class='ocrx_word' id='word_1_957' title='bbox 2718 5193 2772 5234; x_wconf 86' lang='lat' dir='ltr'><strong>et</strong></span> <span class='ocrx_word' id='word_1_958' title='bbox 2798 5183 2850 5236; x_wconf 92' lang='lat' dir='ltr'><strong>in</strong></span> <span class='ocrx_word' id='word_1_959' title='bbox 2891 5183 3062 5240; x_wconf 87' lang='lat' dir='ltr'><strong>altera</strong></span> <span class='ocrx_word' id='word_1_960' title='bbox 3100 5181 3289 5240; x_wconf 77' lang='lat' dir='ltr'><strong>sancta</strong></span> <span class='ocrx_word' id='word_1_961' title='bbox 3328 5188 3654 5244; x_wconf 78' lang='lat' dir='ltr'><strong>Potenciaua</strong></span> <span class='ocrx_word' id='word_1_962' title='bbox 3682 5181 3854 5247; x_wconf 70' lang='lat' dir='ltr'><strong>mari.</strong></span> 
     </span>
    </p>
   </div>
   <div class='ocr_carea' id='block_1_124' title="bbox 2246 5250 3860 5333">
    <p class='ocr_par' dir='ltr' id='par_1_124' title="bbox 2246 5250 3860 5333">
     <span class='ocr_line' id='line_1_127' title="bbox 2246 5250 3860 5333; baseline 0.011 -31"><span class='ocrx_word' id='word_1_963' title='bbox 2246 5261 2301 5304; x_wconf 85' lang='lat' dir='ltr'><strong>et</strong></span> <span class='ocrx_word' id='word_1_964' title='bbox 2326 5250 2595 5332; x_wconf 56' lang='lat' dir='ltr'><strong>Prairidis.</strong></span> <span class='ocrx_word' id='word_1_965' title='bbox 2626 5253 2692 5333; x_wconf 62' lang='lat' dir='ltr'><strong>lilt</strong></span> <span class='ocrx_word' id='word_1_966' title='bbox 2708 5262 2896 5322; x_wconf 86' lang='lat' dir='ltr'><strong>postea</strong></span> <span class='ocrx_word' id='word_1_967' title='bbox 2939 5255 3094 5333; x_wconf 68' lang='lat' dir='ltr'><strong>vadis</strong></span> <span class='ocrx_word' id='word_1_968' title='bbox 3141 5257 3208 5309; x_wconf 86' lang='lat' dir='ltr'><strong>ad</strong></span> <span class='ocrx_word' id='word_1_969' title='bbox 3251 5259 3860 5333; x_wconf 76' lang='lat' dir='ltr'><strong>orientem,quousque</strong></span> 
     </span>
    </p>
   </div>
   <div class='ocr_carea' id='block_1_125' title="bbox 2247 5322 3858 5404">
    <p class='ocr_par' dir='ltr' id='par_1_125' title="bbox 2247 5322 3858 5404">
     <span class='ocr_line' id='line_1_128' title="bbox 2247 5322 3858 5404; baseline 0.011 -31"><span class='ocrx_word' id='word_1_970' title='bbox 2247 5322 2536 5401; x_wconf 78' lang='lat' dir='ltr'><strong>pervenies</strong></span> <span class='ocrx_word' id='word_1_971' title='bbox 2585 5324 2672 5404; x_wconf 73' lang='lat' dir='ltr'><strong>ad_</strong></span> <span class='ocrx_word' id='word_1_972' title='bbox 2708 5333 2950 5404; x_wconf 76' lang='lat' dir='ltr'><strong>sanctam</strong></span> <span class='ocrx_word' id='word_1_973' title='bbox 3010 5325 3445 5404; x_wconf 76' lang='lat' dir='ltr'><strong>Emerentianam</strong></span> <span class='ocrx_word' id='word_1_974' title='bbox 3502 5322 3664 5385; x_wconf 49' lang='lat' dir='ltr'><strong>nia-rt.</strong></span> <span class='ocrx_word' id='word_1_975' title='bbox 3727 5322 3858 5404; x_wconf 63' lang='lat' dir='ltr'><strong>qua:</strong></span> 
     </span>
    </p>
   </div>
   <div class='ocr_carea' id='block_1_126' title="bbox 2245 5393 3858 5515">
    <p class='ocr_par' dir='ltr' id='par_1_126' title="bbox 2245 5393 3858 5515">
     <span class='ocr_line' id='line_1_129' title="bbox 2245 5393 3858 5515; baseline 0.012 -73"><span class='ocrx_word' id='word_1_976' title='bbox 2245 5401 2441 5515; x_wconf 62' lang='lat' dir='ltr'><strong>pausat</strong></span> <span class='ocrx_word' id='word_1_977' title='bbox 2469 5393 2524 5446; x_wconf 89' lang='lat' dir='ltr'><strong>in</strong></span> <span class='ocrx_word' id='word_1_978' title='bbox 2561 5394 2788 5447; x_wconf 76' lang='lat' dir='ltr'><strong>ecrlesia</strong></span> <span class='ocrx_word' id='word_1_979' title='bbox 2820 5410 3056 5458; x_wconf 87' lang='lat' dir='ltr'><strong>sursmu,</strong></span> <span class='ocrx_word' id='word_1_980' title='bbox 3087 5407 3142 5450; x_wconf 87' lang='lat' dir='ltr'><strong>et</strong></span> <span class='ocrx_word' id='word_1_981' title='bbox 3181 5400 3287 5453; x_wconf 86' lang='lat' dir='ltr'><strong>duo</strong></span> <span class='ocrx_word' id='word_1_982' title='bbox 3322 5410 3588 5471; x_wconf 71' lang='lat' dir='ltr'><strong>martyres</strong></span> <span class='ocrx_word' id='word_1_983' title='bbox 3636 5405 3689 5456; x_wconf 88' lang='lat' dir='ltr'><strong>in</strong></span> <span class='ocrx_word' id='word_1_984' title='bbox 3720 5393 3858 5475; x_wconf 62' lang='lat' dir='ltr'><strong>site-</strong></span> 
     </span>
     <span class='ocr_line' id='line_1_130' title="bbox 2269 5464 3858 5515; baseline 0.003 -5"><span class='ocrx_word' id='word_1_985' title='bbox 2269 5477 2402 5515; x_wconf 83' lang='lat' dir='ltr'><strong>unca</strong></span> <span class='ocrx_word' id='word_1_986' title='bbox 2436 5464 2630 5515; x_wconf 79' lang='lat' dir='ltr'><strong>deorsu</strong></span> <span class='ocrx_word' id='word_1_987' title='bbox 2658 5485 2687 5515; x_wconf 91' lang='grc' dir='ltr'><strong>ιι</strong></span> <span class='ocrx_word' id='word_1_988' title='bbox 2719 5465 2905 5515; x_wconf 71' lang='lat' dir='ltr'><strong>Victor</strong></span> <span class='ocrx_word' id='word_1_989' title='bbox 2928 5468 3324 5515; x_wconf 67' lang='lat' dir='ltr'><strong>etAlexandm-</strong></span> <span class='ocrx_word' id='word_1_990' title='bbox 3369 5470 3570 5515; x_wconf 62' lang='lat' dir='ltr'><strong>Deinde</strong></span> <span class='ocrx_word' id='word_1_991' title='bbox 3597 5473 3680 5515; x_wconf 71' lang='grc' dir='ltr'>ιοίει</span> <span class='ocrx_word' id='word_1_992' title='bbox 3741 5476 3858 5515; x_wconf 60' lang='grc' dir='ltr'>με..-</span> 
     </span>
    </p>
   </div>
   <div class='ocr_carea' id='block_1_127' title="bbox 2269 5462 3858 5530">
    <p class='ocr_par' dir='ltr' id='par_1_127' title="bbox 2269 5462 3858 5530">
     <span class='ocr_line' id='line_1_131' title="bbox 2269 5462 3858 5530; baseline 0.012 -20"><span class='ocrx_word' id='word_1_993' title='bbox 2269 5477 2402 5516; x_wconf 86' lang='lat' dir='ltr'><strong>unca</strong></span> <span class='ocrx_word' id='word_1_994' title='bbox 2436 5464 2630 5517; x_wconf 72' lang='lat' dir='ltr'><strong>deorsu</strong></span> <span class='ocrx_word' id='word_1_995' title='bbox 2658 5485 2687 5516; x_wconf 90' lang='grc' dir='ltr'><strong>ιι</strong></span> <span class='ocrx_word' id='word_1_996' title='bbox 2719 5465 2905 5520; x_wconf 72' lang='lat' dir='ltr'><strong>Victor</strong></span> <span class='ocrx_word' id='word_1_997' title='bbox 2928 5468 3325 5524; x_wconf 70' lang='lat' dir='ltr'><strong>etAlexantler.</strong></span> <span class='ocrx_word' id='word_1_998' title='bbox 3369 5462 3570 5526; x_wconf 56' lang='lat' dir='ltr'><strong>[)ei&#39;nde</strong></span> <span class='ocrx_word' id='word_1_999' title='bbox 3597 5473 3684 5527; x_wconf 87' lang='lat' dir='ltr'><strong>via</strong></span> <span class='ocrx_word' id='word_1_1000' title='bbox 3741 5462 3858 5530; x_wconf 53' lang='grc' dir='ltr'><strong>Νη-</strong></span> 
     </span>
    </p>
   </div>
   <div class='ocr_carea' id='block_1_128' title="bbox 2244 5535 3857 5611">
    <p class='ocr_par' dir='ltr' id='par_1_128' title="bbox 2244 5535 3857 5611">
     <span class='ocr_line' id='line_1_132' title="bbox 2244 5535 3857 5611; baseline 0.011 -26"><span class='ocrx_word' id='word_1_1001' title='bbox 2244 5540 2498 5611; x_wconf 78' lang='lat' dir='ltr'><strong>meiitaiia</strong></span> <span class='ocrx_word' id='word_1_1002' title='bbox 2522 5535 2592 5611; x_wconf 80' lang='lat' dir='ltr'><strong>ad</strong></span> <span class='ocrx_word' id='word_1_1003' title='bbox 2610 5535 3122 5611; x_wconf 65' lang='lat' dir='ltr'><strong>ecvlesianrsaucta:</strong></span> <span class='ocrx_word' id='word_1_1004' title='bbox 3137 5538 3325 5607; x_wconf 65' lang='lat' dir='ltr'><strong>Agnae,</strong></span> <span class='ocrx_word' id='word_1_1005' title='bbox 3353 5556 3474 5610; x_wconf 66' lang='lat' dir='ltr'><strong>quae</strong></span> <span class='ocrx_word' id='word_1_1006' title='bbox 3488 5542 3722 5600; x_wconf 76' lang='lat' dir='ltr'><strong>fomtosa</strong></span> <span class='ocrx_word' id='word_1_1007' title='bbox 3737 5559 3857 5611; x_wconf 82' lang='lat' dir='ltr'><strong>est,</strong></span> 
     </span>
    </p>
   </div>
   <div class='ocr_carea' id='block_1_129' title="bbox 2245 5604 3856 5685">
    <p class='ocr_par' dir='ltr' id='par_1_129' title="bbox 2245 5604 3856 5685">
     <span class='ocr_line' id='line_1_133' title="bbox 2245 5604 3856 5685; baseline 0.01 -28"><span class='ocrx_word' id='word_1_1008' title='bbox 2245 5604 2297 5657; x_wconf 90' lang='lat' dir='ltr'><strong>in</strong></span> <span class='ocrx_word' id='word_1_1009' title='bbox 2331 5619 2434 5672; x_wconf 83' lang='lat' dir='ltr'><strong>qua</strong></span> <span class='ocrx_word' id='word_1_1010' title='bbox 2457 5605 2570 5657; x_wconf 85' lang='lat' dir='ltr'><strong>sola</strong></span> <span class='ocrx_word' id='word_1_1011' title='bbox 2596 5615 2808 5685; x_wconf 53' lang='lat' dir='ltr'><strong>paitsat,</strong></span> <span class='ocrx_word' id='word_1_1012' title='bbox 2826 5608 3071 5677; x_wconf 80' lang='lat' dir='ltr'><strong>etipsam</strong></span> <span class='ocrx_word' id='word_1_1013' title='bbox 3098 5604 3386 5681; x_wconf 65' lang='lat' dir='ltr'><strong>episcoims</strong></span> <span class='ocrx_word' id='word_1_1014' title='bbox 3409 5612 3686 5670; x_wconf 86' lang='lat' dir='ltr'><strong>Honorius</strong></span> <span class='ocrx_word' id='word_1_1015' title='bbox 3704 5604 3856 5674; x_wconf 72' lang='lat' dir='ltr'><strong>miro</strong></span> 
     </span>
    </p>
   </div>
   <div class='ocr_carea' id='block_1_130' title="bbox 2242 5684 2732 5743">
    <p class='ocr_par' dir='ltr' id='par_1_130' title="bbox 2242 5684 2732 5743">
     <span class='ocr_line' id='line_1_134' title="bbox 2242 5684 2732 5743; baseline 0.004 -17"><span class='ocrx_word' id='word_1_1016' title='bbox 2242 5689 2344 5742; x_wconf 80' lang='lat' dir='ltr'><strong>0pc</strong></span> <span class='ocrx_word' id='word_1_1017' title='bbox 2354 5691 2410 5726; x_wconf 87' lang='lat' dir='ltr'><strong>re</strong></span> <span class='ocrx_word' id='word_1_1018' title='bbox 2439 5684 2732 5743; x_wconf 74' lang='lat' dir='ltr'><strong>reparavit.</strong></span> 
     </span>
    </p>
   </div>
   <div class='ocr_carea' id='block_1_131' title="bbox 2315 5745 3851 5820">
    <p class='ocr_par' dir='ltr' id='par_1_131' title="bbox 2315 5745 3851 5820">
     <span class='ocr_line' id='line_1_135' title="bbox 2315 5745 3851 5820; baseline 0.011 -23"><span class='ocrx_word' id='word_1_1019' title='bbox 2315 5745 2508 5820; x_wconf 69' lang='lat' dir='ltr'><strong>I’osica</strong></span> <span class='ocrx_word' id='word_1_1020' title='bbox 2540 5746 2686 5820; x_wconf 83' lang='lat' dir='ltr'><strong>illam</strong></span> <span class='ocrx_word' id='word_1_1021' title='bbox 2727 5747 2868 5800; x_wconf 87' lang='lat' dir='ltr'><strong>viam</strong></span> <span class='ocrx_word' id='word_1_1022' title='bbox 2919 5748 3150 5803; x_wconf 83' lang='lat' dir='ltr'><strong>dimittis</strong></span> <span class='ocrx_word' id='word_1_1023' title='bbox 3186 5759 3241 5804; x_wconf 79' lang='lat' dir='ltr'><strong>et</strong></span> <span class='ocrx_word' id='word_1_1024' title='bbox 3263 5755 3551 5820; x_wconf 83' lang='lat' dir='ltr'><strong>pervenies</strong></span> <span class='ocrx_word' id='word_1_1025' title='bbox 3580 5757 3650 5811; x_wconf 87' lang='lat' dir='ltr'><strong>ad</strong></span> <span class='ocrx_word' id='word_1_1026' title='bbox 3715 5774 3851 5814; x_wconf 77' lang='lat' dir='ltr'><strong>san-</strong></span> 
     </span>
    </p>
   </div>
   <div class='ocr_carea' id='block_1_132' title="bbox 2242 5815 3850 5888">
    <p class='ocr_par' dir='ltr' id='par_1_132' title="bbox 2242 5815 3850 5888">
     <span class='ocr_line' id='line_1_136' title="bbox 2242 5815 3850 5888; baseline 0.011 -20"><span class='ocrx_word' id='word_1_1027' title='bbox 2242 5823 2390 5888; x_wconf 83' lang='lat' dir='ltr'><strong>ctum</strong></span> <span class='ocrx_word' id='word_1_1028' title='bbox 2424 5815 2710 5888; x_wconf 56' lang='lat' dir='ltr'><strong>Ypolytuin</strong></span> <span class='ocrx_word' id='word_1_1029' title='bbox 2751 5821 3028 5888; x_wconf 79' lang='lat' dir='ltr'><strong>mart.qui</strong></span> <span class='ocrx_word' id='word_1_1030' title='bbox 3087 5815 3385 5888; x_wconf 57' lang='lat' dir='ltr'><strong>requiescit</strong></span> <span class='ocrx_word' id='word_1_1031' title='bbox 3436 5827 3538 5878; x_wconf 85' lang='lat' dir='ltr'><strong>sub</strong></span> <span class='ocrx_word' id='word_1_1032' title='bbox 3594 5838 3748 5882; x_wconf 78' lang='lat' dir='ltr'><strong>terra</strong></span> <span class='ocrx_word' id='word_1_1033' title='bbox 3793 5833 3850 5886; x_wconf 86' lang='lat' dir='ltr'><strong>in</strong></span> 
     </span>
    </p>
   </div>
   <div class='ocr_carea' id='block_1_133' title="bbox 2242 5885 3848 5960">
    <p class='ocr_par' dir='ltr' id='par_1_133' title="bbox 2242 5885 3848 5960">
     <span class='ocr_line' id='line_1_137' title="bbox 2242 5885 3848 5960; baseline 0.011 -24"><span class='ocrx_word' id='word_1_1034' title='bbox 2242 5885 2608 5960; x_wconf 17' lang='lat' dir='ltr'><strong>cubiculo;ie_t</strong></span> <span class='ocrx_word' id='word_1_1035' title='bbox 2638 5885 3304 5960; x_wconf 61' lang='lat' dir='ltr'><strong>Concordiainnlienejus</strong></span> <span class='ocrx_word' id='word_1_1036' title='bbox 3335 5905 3493 5947; x_wconf 85' lang='lat' dir='ltr'><strong>mart.</strong></span> <span class='ocrx_word' id='word_1_1037' title='bbox 3524 5908 3651 5952; x_wconf 81' lang='lat' dir='ltr'><strong>ante</strong></span> <span class='ocrx_word' id='word_1_1038' title='bbox 3670 5885 3848 5957; x_wconf 59' lang='lat' dir='ltr'><strong>fores.</strong></span> 
     </span>
    </p>
   </div>
   <div class='ocr_carea' id='block_1_134' title="bbox 2241 5956 3846 6034">
    <p class='ocr_par' dir='ltr' id='par_1_134' title="bbox 2241 5956 3846 6034">
     <span class='ocr_line' id='line_1_138' title="bbox 2241 5956 3846 6034; baseline 0.011 -25"><span class='ocrx_word' id='word_1_1039' title='bbox 2241 5956 2428 6015; x_wconf 75' lang='lat' dir='ltr'><strong>Altero</strong></span> <span class='ocrx_word' id='word_1_1040' title='bbox 2468 5958 2719 6012; x_wconf 67' lang='lat' dir='ltr'><strong>cubiculo</strong></span> <span class='ocrx_word' id='word_1_1041' title='bbox 2750 5969 2937 6016; x_wconf 75' lang='lat' dir='ltr'><strong>saneta</strong></span> <span class='ocrx_word' id='word_1_1042' title='bbox 2993 5956 3287 6031; x_wconf 74' lang='lat' dir='ltr'><strong>&#39;l&#39;riplmuia</strong></span> <span class='ocrx_word' id='word_1_1043' title='bbox 3342 5965 3526 6034; x_wconf 72' lang='lat' dir='ltr'><strong>regina</strong></span> <span class='ocrx_word' id='word_1_1044' title='bbox 3564 5979 3614 6021; x_wconf 86' lang='lat' dir='ltr'><strong>et</strong></span> <span class='ocrx_word' id='word_1_1045' title='bbox 3674 5956 3846 6027; x_wconf 82' lang='lat' dir='ltr'><strong>mart.</strong></span> 
     </span>
    </p>
   </div>
  </div>
