4086 6500
564 406 702 463 136⁸1

1554 411 1647 466 AD
1682 410 1910 467 OPI-IRA
1952 411 2014 466 B.
2057 407 2336 467 ALCUINI
2373 407 2823 466 APPEXDICES.

3693 406 3838 463 ιπδιι

560 528 669 574 tua:
695 522 871 595 munia
901 521 1143 595 dimittas
1169 523 1303 595 mihi
1349 533 1591 595 peccata.
1628 523 1852 592 Largirc
1893 521 2024 595 mihi
2071 519 2140 577 de
2166 523 2215 584 Δ
2243 519 2492 595 digneris
2509 562 2523 583 ,
2570 521 2661 592 qui
2689 536 2811 576 cum
2842 519 3003 595 Patre
3043 529 3100 576 et
3124 518 3358 595 _Spiritu_
3379 522 3740 595 sanctoyiris
3780 527 3840 576 et

561 593 854 664 preteritis
887 593 1121 657 veniam,
1153 594 1219 649 de
1249 593 1605 664 przesentibus
1651 595 1808 649 malis
1854 593 2139 648 continen-

563 663 714 719 tiam.
741 664 815 736 de
833 661 1029 736 futuris
1049 661 1335 719 cautelam.
1363 665 1471 720 Fac
1495 681 1580 720 me
1599 667 1915 736 priusquam
1939 665 2144 736 moriar

560 734 820 804 consequi
846 734 1155 803 plenissime
1180 734 1615 791 misericordiam
1638 734 1786 790 tuam
1805 779 1818 797 ,
1852 745 1908 790 et
1936 752 2003 790 ne
2029 735 2145 789 dies

563 819 716 886 meos
743 805 1039 886 anteiiniri
1066 807 1214 886 sinas
1233 848 1248 872 ,
1280 823 1444 886 quam
1469 816 1690 878 peccata
1733 808 1973 861 dimittas
1999 847 2012 872 ,
2050 806 2144 861 sed

561 878 703 929 sicut
731 878 814 931 vis
835 884 892 930 et
916 878 1024 932 scis
1052 878 1311 933 miserere
1343 880 1468 933 mei.

563 969 697 1025 Item
722 971 857 1025 benti
882 987 1032 1042 papa!
1061 970 1298 1042 Gregorii
1343 972 1408 1026 de
1449 971 1772 1041 confessione
1813 980 2146 1042 peccatorum

921 1053 969 1096 ct
995 1043 1060 1097 de
1084 1045 1232 1098 uenia
1269 1060 1366 1114 pro
1391 1044 1471 1096 his
1496 1043 1775 1113 poscenda.

633 1130 710 1186 Da
739 1132 895 1196 mihi,
924 1131 1174 1196 Domine,
1198 1132 1594 1187 confessionem
1624 1148 1744 1202 quae
1792 1131 1886 1186 tibi
1933 1132 2003 1185 sit
2033 1131 2148 1202 pla-

558 1204 690 1258 cita.
712 1202 938 1275 l’arturi‘
951 1204 1004 1257 in
1031 1204 1336 1275 cordermeo
1353 1205 1744 1259 inenarrabiles
1764 1204 2006 1275 gemitus
2023 1219 2144 1256 sus-

563 1275 766 1345 cipiant
817 1273 1136 1344 profundam
1200 1274 1498 1330 bonitatem
1549 1285 1695 1329 tuam
1743 1273 1793 1328 in
1843 1274 2147 1329 humilitate

562 1347 762 1401 cordis.
786 1345 962 1415 Ipsum
985 1345 1115 1400 mihi
1140 1346 1206 1398 da
1231 1355 1415 1416 petere
1440 1347 1582 1415 quod
1609 1356 1658 1399 te
1679 1345 1910 1400 delectet
1935 1345 2142 1400 audire.

561 1417 739 1489 Ipsum
781 1416 975 1489 anima:
997 1432 1138 1489 mea;
1165 1418 1344 1471 insere
1374 1426 1433 1472 ut
1467 1417 1668 1485 iugiter
1696 1417 1985 1489 delectatio
2026 1431 2144 1470 mea

563 1487 678 1558 ipse
707 1491 799 1542 sis.
834 1487 908 1542 Da
934 1487 1067 1543 mihi
1094 1487 1366 1558 lacrymas
1411 1504 1478 1543 ex
1521 1499 1613 1541 tuo
1650 1487 1844 1542 affectu
1873 1503 1993 1558 quae
2023 1503 2146 1558 pec-

562 1557 809 1615 catorum
847 1573 1089 1614 meorum
1116 1557 1326 1628 possunt
1357 1559 1652 1614 dissolvere
1677 1557 1913 1613 vincula.
1962 1557 2100 1612 Audi
2127 1599 2141 1622 ,

568 1631 708 1686 Deus
743 1645 914 1694 meus,
959 1630 1083 1684 audi
1131 1630 1310 1684 lumen
1349 1630 1630 1685 oculorum
1680 1646 1922 1685 meorum
1959 1671 1972 1695 ,
2019 1629 2144 1683 audi

564 1703 708 1772 quod
734 1710 880 1772 peto,
903 1708 957 1754 et
976 1701 1042 1755 da
1067 1700 1196 1770 quid
1214 1709 1435 1772 petam,
1474 1712 1534 1756 ut
1562 1701 1770 1756 audias.
1802 1700 1858 1755 Si
1889 1701 2141 1770 despicis,

567 1771 752 1842 pereo,
779 1780 837 1826 et
871 1773 918 1827 si
953 1771 1278 1841 respexeris,
1317 1773 1468 1839 vivo;
1509 1773 1553 1828 si
1597 1773 1649 1826 in
1674 1772 1938 1842 justitiam
1968 1786 2143 1826 meam

568 1841 674 1898 non
708 1843 1029 1912 respexeris,
1065 1841 1239 1908 feteo;
1293 1843 1340 1898 si
1372 1841 1800 1900 misericordiam
1857 1850 2005 1912 tuam
2059 1857 2143 1898 re-

566 1892 1525 1985 ;ﬁéiéii'srffdéﬁkﬁéiziciiifﬁé'
1541 1892 1806 1984 satis;
1851 1892 2005 1981 sua
2035 1892 2139 1967 η’όη
2175 1892 2220 1953 Β

568 1985 694 2040 mali
718 2001 820 2056 ego
843 1985 1210 2056 corruptibilis
1243 1995 1514 2051 creatura,
1538 1997 1593 2040 et
1629 1986 1756 2055 quid
1787 2001 1894 2040 non
1919 1985 2043 2056 boni
2086 1994 2141 2038 tu

564 2055 780 2112 creator
815 2064 873 2113 et
919 2055 1183 2111 creatura:
1232 2056 1561 2113 fortissimus
1598 2055 1920 2113 innovator?
1962 2055 2144 2111 Cecidi

564 2129 634 2184 de
661 2143 824 2184 manu
850 2136 943 2183 tua
969 2127 1102 2184 vitio
1129 2144 1274 2193 meo,
1301 2139 1498 2199 potens
1519 2145 1581 2186 es
1603 2127 1797 2183 artifex
1829 2127 1926 2183 tibi
1950 2127 2144 2182 iterum

564 2198 824 2270 placitum
855 2199 1111 2270 ﬁgurare.
1143 2198 1368 2270 Corripe
1395 2216 1479 2253 me
1507 2201 1559 2254 in
1602 2199 1971 2254 misericordia
2005 2208 2092 2270 tua
2129 2237 2144 2260 ,

565 2267 638 2326 ite
665 2270 721 2325 in
747 2270 827 2326 ira
856 2267 1119 2340 corripias
1148 2286 1254 2326 me.
1287 2267 1441 2338 Quod
1469 2272 1589 2325 odis
1617 2271 1672 2325 in
1703 2286 1789 2325 me
1826 2270 1983 2340 longe
2007 2267 2092 2324 fac
2115 2286 2146 2322 a

565 2355 675 2405 me,
705 2350 761 2398 et
793 2341 1062 2397 castitatis
1089 2356 1153 2396 ac
1182 2343 1531 2399 continentia:
1575 2342 1826 2411 spiritum
1869 2341 2051 2396 insere
2090 2341 2145 2394 in

568 2427 677 2479 me,
707 2413 896 2466 vitium
922 2427 1086 2467 omne
1112 2413 1375 2468 mortilica
1404 2412 1460 2466 iu
1487 2428 1593 2475 me,
1621 2423 1676 2466 et
1705 2415 1940 2467 animam
1973 2426 2146 2466 meam

567 2483 776 2554 viviﬁca
806 2484 860 2538 in
891 2492 963 2537 te.
995 2483 1111 2538 Hoc
1136 2484 1202 2540 da
1228 2493 1414 2554 petere
1437 2524 1451 2545 ,
1494 2492 1555 2538 ut
1584 2492 1634 2538 te
1671 2483 1902 2553 petendo
1931 2499 2039 2538 non
2067 2481 2150 2537 of-

566 2552 816 2626 fendam;
873 2554 977 2610 hoc
1028 2552 1402 2626 praesta—quod
1434 2555 1547 2624 ipse
1575 2552 1792 2625 semper
1820 2554 2098 2626 custodias
2133 2571 2145 2605 :

563 2624 693 2696 tolle
734 2623 803 2681 de
831 2641 919 2682 me
950 2623 1094 2695 quod
1123 2623 1289 2681 nocet
1312 2645 1323 2679 :
1358 2623 1532 2696 ipsum
1559 2623 1758 2695 prmsta
1786 2625 1930 2696 quod
1954 2625 2145 2694 prosit.

564 2693 802 2752 Vulnera
855 2693 983 2753 mea
1010 2697 1186 2767 pando
1215 2697 1354 2762 tibi,
1377 2693 1715 2753 medicinam
1766 2693 1915 2751 tuam
1952 2693 2021 2750 ne
2057 2697 2150 2750 de-

566 2783 731 2840 neges
760 2768 911 2822 mihi.
944 2767 1097 2835 Quod
1131 2767 1363 2838 suscipis
1383 2784 1534 2840 cura,
1563 2768 1708 2838 quod
1729 2783 1890 2823 curas
1915 2767 2150 2840 sic‘con—

566 2837 716 2910 tinue
743 2855 811 2894 ne
839 2841 1079 2894 dimittas
1103 2879 1120 2905 ,
1145 2854 1271 2910 spes
1284 2837 1409 2895 mea
1435 2881 1448 2903 ,
1478 2837 1736 2895 fortitudo
1765 2853 1908 2901 mea,
1939 2837 2152 2892 miseri-

565 2909 748 2965 cordia
774 2925 917 2974 mea,
941 2911 1116 2981 pietas
1141 2909 1493 2980 sempiterna,
1516 2912 1606 2978 qui
1637 2926 1720 2975 es,
1736 2917 1791 2964 et
1809 2910 1903 2979 qui
1929 2924 2073 2973 eras,
2097 2919 2154 2963 et

565 2981 657 3052 qui
683 2995 970 3051 permanes
1000 2983 1052 3036 in
1079 2982 1276 3037 szecula
1305 2981 1650 3036 saeculorum.
1681 2981 1877 3037 Amen.

882 3073 1017 3128 Item
1044 3074 1213 3128 oratio
1238 3071 1436 3128 Isidori
1457 3073 1521 3127 de
1543 3073 1725 3127 eadem
1754 3090 1828 3127 re.

638 3162 1059 3220 Misericordiam
1094 3171 1262 3234 tuam,
1308 3162 1553 3227 Domine,
1605 3163 1890 3234 deprecor,
1936 3163 2150 3220 miseri—

564 3233 811 3319 cordiam
831 3246 979 3290 tuam
1001 3233 1251 3319 imploro,
1284 3244 1429 3319 tuam
1459 3233 1688 3319 imploro
1716 3234 2146 3319 miserationem,
2176 3257 2223 3319 ς

569 3319 717 3362 tuam
765 3304 1107 3364 clementiam
1139 3320 1342 3378 quacro.
1390 3304 1780 3376 Dclc'peccata
1817 3322 1960 3378 mea,
1991 3304 2150 3360 ablue

565 3379 808 3434 facinora
836 3393 977 3443 mea,
1004 3387 1348 3448 peccatorum
1379 3391 1622 3432 meorum
1655 3377 1894 3432 maculas
1927 3378 2147 3442 munda,

569 3449 745 3505 labem
777 3449 1063 3504 criminum
1094 3462 1345 3520 meorum
1361 3463 1530 3520 purga
1557 3489 1570 3512 ,
1611 3450 1800 3504 sordes
1829 3448 2147 3504 delictorum

571 3535 814 3590 meorum
838 3520 1110 3588 absterge,
1129 3519 1316 3575 sordes
1334 3518 1676 3590 iniquitatum
1703 3535 1944 3574 mearum
1966 3521 2148 3582 ablue,

571 3607 676 3647 non
703 3589 922 3646 differas
963 3591 1366 3647 mundationem
1395 3589 1592 3647 meam.
1641 3591 1806 3657 Deus,
1839 3599 2010 3646 totum
2063 3605 2149 3644 me

570 3662 666 3717 tibi
691 3663 988 3717 sanandum
1013 3661 1202 3720 offero.
1250 3659 1496 3732 decipiat
1523 3662 1752 3719 salutem
1777 3661 1956 3718 anima
1989 3675 2108 3718 mea
2132 3701 2148 3726 ,

571 3733 635 3786 da
656 3732 859 3788 vulneri
884 3748 1003 3789 meo
1017 3734 1263 3790 salutem.
1281 3731 1423 3804 Deus
1439 3733 1788 3804 languoribus
1809 3735 1944 3788 meis
1968 3732 2152 3788 mede-

571 3804 678 3877 lam
709 3805 886 3860 tribue
909 3845 924 3870 ,
953 3819 1052 3876 per
1071 3805 1258 3877 plagas
1276 3873 1287 3877 _
1302 3803 1584 3860 vulnerum
1608 3805 1772 3877 redde
1800 3805 2146 3877 incolumem.

571 3873 898 3947 Vulneratus
925 3873 1381 3947 sum,'_m'edelam
1404 3891 1611 3946 qurere.
1649 3874 1960 3947 Languidus
2006 3891 2148 3936 sum.

572 3943 832 4000 medelam
858 3960 1041 4016 posco.
1073 3945 1401 4015 Consumpta
1425 3943 1512 4003 est
1532 3962 1661 4002 caro
1688 3943 1827 4011 mea,
1870 3947 2150 4002 contabuit

569 4018 777 4085 species
803 4033 942 4082 mea,
988 4033 1111 4073 ossa
1151 4031 1270 4073 mea
1313 4026 1686 4082 exaruerunt,
1736 4019 1976 4073 membra
2029 4032 2147 4071 mea

571 4087 981 4143 contabuerunt.
1036 4089 1472 4159 Appropinquavi
1527 4090 1858 4158 corruptioni
1894 4130 1908 4153 ,
1961 4089 2149 4143 mnbra

572 4159 762 4214 mortis
791 4160 1198 4230 comprehendit
1228 4173 1335 4225 me,
1366 4161 1601 4215 tenebrat
1637 4170 1968 4230 operuerunt
2015 4175 2100 4212 me
2133 4203 2146 4224 ,

570 4232 746 4303 caligo
776 4229 969 4286 inferni
1001 4230 1222 4303 involvit
1249 4245 1370 4303 me,
1397 4229 1771 4302 oppressit’me
1803 4231 2148 4285 tenebrarum

570 4300 784 4367 horror,
811 4303 942 4357 doce
969 4316 1056 4356 me
1085 4300 1266 4358 facere
1289 4300 1620 4358 voluntatem
1650 4311 1819 4366 tuam,
1851 4303 1977 4372 quia
2008 4303 2148 4355 Deus

571 4388 724 4445 meus
760 4387 818 4427 es
841 4381 924 4428 tu.
953 4373 1068 4445 Tibi
1099 4374 1290 4437 honor,
1323 4382 1381 4428 ct
1404 4373 1592 4445 gloria,
1625 4375 1796 4428 virtus
1828 4383 1884 4428 et
1910 4384 2150 4443 potestas

571 4443 625 4497 in
651 4445 849 4500 saecula
876 4444 1214 4499 smculorum.
1251 4443 1443 4500 Amen.

712 4535 845 4593 Item
871 4537 1041 4591 oratio
1069 4535 1267 4593 Isidori
1294 4554 1389 4610 pro
1412 4537 1650 4593 omnibus
1673 4537 2005 4593 Christianis.

641 4626 1144 4706 Picetexaudibilis
1164 4631 1387 4688 Domine
1409 4632 1551 4706 Deus
1567 4639 1750 4706 noster
1763 4629 1890 4685 Jesu
1913 4630 2147 4706 Christe,
2183 4645 2232 4706 ο

569 4699 918 4785 clementiam
954 4711 1100 4783 tuam
1131 4716 1253 4785 cum
1290 4703 1434 4758 omni
1466 4703 1855 4785 supplicatione
1904 4704 2148 4785 deposci-

573 4787 713 4839 mus,
744 4780 804 4827 ut
831 4788 926 4844 per
957 4772 1317 4828 interventum
1348 4783 1403 4828 et
1450 4772 1700 4829 meritum
1753 4775 1924 4828 beata:
1953 4782 2005 4827 et
2034 4774 2146 4843 glo-

573 4844 729 4900 riosae
758 4859 1077 4915 semperque
1120 4844 1342 4914 virginis
1371 4844 1572 4909 Mar-ite,
1622 4844 1969 4914 omniumque
2017 4862 2143 4898 sau-

571 4925 780 4987 ctorum
807 4914 1142 4986 angelorum,
1170 4917 1618 4987 archangelorum
1638 4958 1651 4979 ,
1686 4917 2139 4985 patriarcharum,

569 4986 980 5055 prophetarum,
1010 4986 1396 5058 apostolorum,
1453 4996 1769 5058 martyrum,
1827 4987 2140 5056 virginum,

570 5059 959 5119 conl'essorum,
994 5059 1398 5122 monachorum,
1431 5068 1484 5113 et
1522 5060 1761 5113 omnium
1805 5058 2002 5112 Ci\illlll
2050 5074 2139 5111 su-

568 5140 861 5198 pernorum
911 5127 1163 5184 Ecclesiae
1197 5137 1299 5184 tua:
1327 5140 1526 5184 sancta:
1551 5129 1830 5184 catholica:
1860 5129 2018 5182 fidem
2051 5144 2147 5182 au-

573 5215 714 5269 geas,
749 5214 933 5268 pacem
964 5198 1191 5259 tribuas,
1224 5202 1524 5256 rectoribus
1567 5201 1767 5254 nostris
1791 5209 1844 5252 et
1872 5199 2027 5252 nobis
2066 5199 2148 5253 in-

573 5270 982 5342 dulgentiam.et
997 5271 1370 5327 remissionem
1391 5279 1737 5342 peccatorum
1749 5272 2016 5324 concedas
2033 5288 2044 5320 :
2067 5269 2150 5322 in-

574 5341 746 5412 tirtnis
771 5341 1017 5412 salutem,
1060 5342 1223 5410 lapsis
1252 5341 1664 5412 reparationem,
1697 5355 1884 5412 aerum
1911 5355 2152 5412 commo-

575 5411 800 5466 ditatem
823 5453 840 5477 ,
882 5409 1261 5481 navigantibus
1294 5409 1455 5480 atque
1498 5411 1871 5466 itinerantibus
1907 5409 2150 5465 ﬁdelibus

576 5481 680 5554 iter
705 5497 1022 5554 prosperum
1051 5497 1114 5537 ac
1136 5482 1326 5554 salutis
1347 5493 1582 5554 portum,
1617 5483 1994 5554 tribulautibus
2021 5497 2150 5550 gau-

576 5552 744 5616 dium,
773 5552 1046 5623 Oppressis
1075 5552 1453 5611 relevationem
1481 5569 1496 5618 ;
1537 5553 1766 5622 captivis
1786 5594 1798 5614 ,
1839 5554 2064 5615 vinctis,
2097 5561 2152 5605 et

575 5624 877 5705 peregrinis
904 5624 1297 5705 remissionem,
1339 5624 1777 5705 ablutioneut,_ad
1793 5624 2034 5705 patriam
2066 5639 2152 5704 rc-

576 5693 900 5758 versionem,
931 5707 1171 5748 mutuam
1197 5695 1630 5752 discordantibus
1654 5697 1972 5749 charitatem
2001 5733 2016 5756 ,
2064 5693 2148 5747 in-

580 5764 822 5820 ﬁdelibus
851 5781 1032 5820 veram
1066 5765 1242 5830 Iidem,
1285 5777 1341 5820 et
1379 5765 1646 5822 defunctis
1676 5766 1922 5819 ﬁdelibus
1953 5779 2147 5833 perpe-

579 5845 727 5889 tuam
781 5836 1038 5904 requiem.
1084 5836 1344 5905 Augelum
1395 5847 1544 5891 tuum
1591 5847 1834 5889 sanctum
1875 5837 2028 5888 nobis
2063 5835 2150 5888 hic

579 5915 635 5960 et
663 5906 857 5977 ubique
879 5907 1154 5962 custodem
1192 5918 1245 5962 et
1277 5907 1613 5964 defensorem
1657 5908 1919 5977 propitius
1949 5907 2151 5959 donare

2245 607 2459 664 regnas,
2477 593 2637 655 Deus,
2659 607 2757 663 per
2776 593 2954 646 omnia
2977 591 3174 648 saecula
3199 591 3538 649 saeculorum.
3562 591 3763 648 Amen.

2481 687 2725 759 Hymnus
2757 689 2891 744 beati
2916 689 3178 745 Ambrosii
3204 706 3299 762 pro
3347 690 3589 759 inﬁrmis.

2455 781 2670 838 Christe
2697 783 2936 838 ccclestis
2958 785 3219 839 medicina
3244 783 3422 842 Patris
3445 827 3461 850 ,

2390 855 2564 909 Verus
2589 855 2837 910 humanm
2857 855 3098 910 medicus
3123 856 3311 912 salutis
3339 898 3355 916 .

2389 925 2632 997 Providze
2662 926 2804 996 plebi
2829 926 3083 995 precibus
3102 937 3354 997 potenter

2598 996 2782 1052 Pande
2810 997 3068 1052 favorem.

2461 1065 2541 1122 En
2571 1067 2641 1122 ob
2669 1067 2913 1123 infirmos
2937 1069 3033 1123 tibi
3056 1069 3420 1141 supplicamus
3445 1112 3461 1133 ,

2387 1137 2534 1210 Quos
2571 1155 2772 1194 nocens
2799 1142 2967 1210 pestis
2999 1137 3250 1195 valetudo
3278 1151 3520 1210 quassat,

2392 1209 2459 1263 [ι
2484 1210 2606 1279 pius
2633 1213 2878 1265 morbum
2910 1210 3113 1267 releves
3133 1209 3409 1280 iacentum
3436 1255 3449 1272 .

2600 1280 2719 1350 Quo
2740 1282 3077 1352 quatiuntur.

2458 1352 2560 1423 Qui
2585 1361 2853 1423 potestate
2878 1352 3195 1409 manifestus
3214 1363 3431 1411 exstans
3457 1399 3470 1418 ,

2389 1421 2507 1494 Mox
2537 1421 2682 1479 Petri
2711 1441 2927 1479 socrum
2965 1424 3490 1494 felu'ibusjacentem
3515 1470 3531 1494 ,

2391 1492 2580 1566 Reguli
2606 1496 2836 1567 prolem,
2870 1512 3202 1567 puerumque
3223 1492 3406 1554 salvas

2601 1566 2971 1624 Centurionis.

2456 1636 2618 1711 festo
2647 1638 2922 1711 languenti
2951 1639 3148 1710 populo
3173 1640 3438 1711 vigorem.

2387 1707 2557 1781 Efflue
2584 1707 2786 1781 largam
2819 1709 2874 1764 in
2899 1707 3102 1781 populo
3129 1707 3380 1766 salutem.

2382 1778 2637 1836 Pristinis
2662 1778 2814 1836 more
2831 1778 2994 1836 solito
3019 1781 3320 1840 reformans

2602 1852 2824 1908 Viribus
2847 1866 3042 1922 :egros.

2457 1923 2758 1997 Corporum
2786 1925 3005 1997 morbos
3033 1925 3333 1997 animaeque
3362 1942 3530 1990 sana;

2385 1994 2681 2051 Vulnerum
2711 1994 2892 2050 causis
2917 1996 3114 2052 adhibe
3137 1994 3400 2054 medelam
3421 2038 3440 2064 ,

2389 2065 2464 2122 Nc
2489 2069 2606 2122 s'ne
2635 2065 2811 2122 fructu
2835 2067 3112 2123 cruciatus
3135 2078 3257 2126 urat

2603 2137 2841 2210 Corpora
2881 2150 3087 2194 nostra.

2459 2208 2648 2266 Omnis
2671 2208 2932 2279 impulsus
2953 2210 3226 2281 perimens
3256 2214 3499 2274 recedat,

2388 2279 2577 2353 Omnis
2600 2282 2850 2353 incursas
2875 2279 3128 2353 crucians
3149 2282 3434 2353 liquescat,

2396 2351 2562 2423 Vigor
2586 2360 2783 2422 optata:
2813 2350 2992 2408 foveat
3017 2350 3209 2408 salutis

2607 2423 2845 2478 Membra
2867 2423 3118 2480 dolentis.

2461 2493 2579 2550 Jam
2609 2494 2750 2549 Deus
2771 2505 2988 2550 nostros
3017 2498 3278 2552 miserare
3297 2496 3453 2554 ﬂetus
3467 2539 3486 2564 ,

2393 2566 2489 2638 Sic
2515 2565 2710 2637 quibus
2735 2574 2788 2621 te
2819 2582 2963 2622 nunc
2987 2569 3220 2638 petimus
3238 2570 3457 2625 mezlere
3481 2611 3495 2632 .

2398 2637 2466 2694 ιιι
2487 2647 2634 2692 tuam
2660 2638 2839 2692 omnis
2865 2637 3130 2694 recubans
3155 2641 3417 2696 medelam

2609 2709 2823 2782 Sentiat
2847 2724 3010 2782 aeger.

2465 2782 2582 2849 Quo
2614 2796 2711 2850 per
2749 2779 3064 2835 illata'mala
3093 2784 3220 2837 dum
3253 2791 3504 2838 teruntur

2397 2853 2737 2909 Eruditorem
2763 2866 2992 2907 numero
3013 2854 3196 2908 decori

2395 2925 2686 2994 (tornpotes
2715 2925 2918 2994 intrent
2947 2928 3191 2980 sociante
3219 2924 3397 2981 fructu

2611 2995 2790 3061 Regna
2815 2993 3082 3064 polorum.

2466 3065 2646 3120 Gloria
2674 3065 2821 3120 Patri
2849 3067 3318 3137 genitacqueProli
3347 3110 3360 3128 .

2400 3137 2464 3211 Et
2481 3137 2590 3211 tibi
2619 3151 2854 3211 compar:
2859 3137 3141 3207 utriusque
3163 3155 3378 3211 semper

2400 3209 2634 3278 Spiritus
2661 3207 2799 3262 alme
2824 3207 2966 3263 Deus
2996 3225 3137 3265 unus
3164 3207 3310 3266 omni

2613 3279 2878 3347 Tempore
2907 3279 3070 3334 saecli.

2459 3349 2700 3406 Gloriam
2727 3349 2918 3419 psallat
2940 3353 3140 3406 chorus
3167 3361 3224 3408 et
3255 3354 3480 3411 resultet
3498 3395 3514 3420 ,

2387 3419 2630 3477 Gloriam
2656 3421 2819 3480 dicat.
2852 3431 3032 3484 canat,
3062 3433 3118 3478 et
3144 3425 3384 3482 revolvat
3413 3469 3428 3492 ,

2388 3492 2633 3562 Spiritus
2653 3492 2794 3547 alme
2815 3493 2958 3548 Deus
2978 3510 3118 3552 unus
3137 3498 3284 3552 omni

2608 3561 2872 3633 Tempore
2905 3565 3069 3620 szccli.

2255 3673 2493 3747 Hymnus
2518 3673 2805 3751 Fortunati
2822 3677 3104 3751 presbyteri
3126 3681 3189 3736 de
3206 3677 3461 3751 Passion
3471 3693 3520 3738 et
3539 3699 3692 3739 erute
3716 3686 3849 3741 Sal-

2642 3750 2836 3803 uatoris
2863 3753 3026 3804 nostri
3055 3750 3186 3806 Iesu
3220 3750 3436 3810 Cln‘isti.

2683 3841 2885 3916 Pange,
2912 3843 3114 3915 lingua,
3140 3847 3361 3916 gloriosi

2608 3912 2862 3970 Praalium
2892 3912 3226 3983 certaminis,

2613 3985 2679 4057 lit
2709 4001 2870 4054 super
2894 3987 3074 4042 crucis
3097 3997 3357 4057 ttvipreum

2614 4055 2709 4112 Dic
2738 4059 3065 4118 triumphum
3091 4055 3346 4118 nobilem.

2610 4127 2854 4192 Qualiter
2881 4127 3207 4196 Redemptor
3231 4133 3382 4188 orbis

2604 4198 2915 4254 lm'uolatus
2942 4201 3150 4256 vicerit.

2683 4269 2758 4322 Βλε
2787 4273 3024 4343 parentis
3062 4273 3382 4343 protoplasti

2613 4339 2824 4395 Fraude
2848 4341 2988 4397 facta
3011 4339 3303 4400 condolens
3319 4385 3333 4408 ,

2611 4413 2836 4477 Quando
2864 4415 3008 4483 pomi
3038 4415 3268 4471 noxialis
3291 4458 3305 4481 ,

2614 4483 2784 4537 Morte
2811 4499 2991 4539 morsu
3012 4487 3238 4550 corruit,

2621 4553 2737 4622 ipse
2762 4555 2964 4625 lignum
2997 4564 3124 4612 tunc
3146 4559 3369 4612 notavit.

2619 4625 2821 4697 Damna
2859 4625 2986 4697 ligni
3013 4636 3074 4681 ut
3093 4628 3343 4683 solveret.

2685 4695 2798 4769 lloc
2822 4695 2956 4769 opus
2980 4709 3180 4754 nostra:
3200 4701 3387 4755 salutis

2608 4767 3162 4852 quaereres-cera
3190 4789 3202 4823 ε

2616 4837 2957 4911 Multiformis
2983 4841 3278 4911 perditoris

2609 4910 2738 4964 Arte
2761 4918 2821 4964 ut
2846 4909 3017 4965 artem
3044 4909 3288 4975 falleret,

2614 4981 2680 5034 Et
2709 4979 2972 5037 medelam
2997 4980 3165 5037 ferret
3201 4985 3324 5039 inde

2617 5051 2797 5107 Hostis
2823 5053 2964 5106 unde
2985 5052 3215 5109 lmserat.

2681 5122 2906 5196 Qttando
2925 5124 3074 5179 venit
3099 5141 3228 5196 ergo
3254 5124 3400 5180 sacri

2604 5193 2885 5248 Plenitudo
2908 5193 3200 5264 temporis,

2609 5265 2800 5344 missus
2820 5273 2917 5344 est
2929 5266 2999 5320 ab
3021 5283 3146 5344 arce.
3171 5267 3350 5322 Patris

2613 5336 2782 5390 Natus
2802 5337 2952 5391 orbis
2976 5341 3224 5392 conditor
3249 5379 3264 5401 ,

2610 5407 2784 5476 Atque
2813 5418 3001 5478 ventre
3031 5409 3276 5478 virginali
3302 5451 3317 5475 ,

2613 5479 2788 5532 Carne
2819 5477 2991 5533 factus
3016 5477 3234 5548 prodiit.

2687 5549 2838 5619 Vagit
2867 5549 3042 5605 infans
3066 5552 3204 5605 inter
3229 5557 3378 5604 arcta

2609 5619 2871 5692 Conditus
2894 5623 3153 5692 praesepia
3182 5639 3196 5686 ;

2613 5689 2847 5744 Membra
2871 5689 3319 5760 pannis'involuta

2619 5763 2780 5829 Virgo
2811 5772 2983 5816 mater
3014 5763 3228 5833 alligat,

2615 5833 2675 5884 i-lt
2703 5833 2866 5899 pedes
2892 5850 3188 5900 manusque
3215 5848 3372 5886 rutra

2618 5905 2813 5956 Stricta
2841 5905 3024 5975 pangit
3048 5904 3233 5959 fascia.
