4086 6512
530 345 674 406 1395

1526 349 1618 404 ΑΒ
1655 347 1886 406 OPERA
1922 347 1982 402 Β.
2019 343 2295 406 Αιεῑικι
2332 342 2777 400 APPENDICES.

3658 338 3779 398 i395

599 465 673 541 Ut
713 478 966 524 cunctum
1013 469 1268 540 populum
1303 470 1660 526 christianum
1707 469 1945 541 pretioso
1986 485 2111 525 san-
2138 478 2182 532 Α
2215 465 2316 520 libi
2349 464 2793 541 tuihiaperuisti,
2821 463 3034 541 suscipe
3059 459 3778 541 ititrantem._Ulvicitusiﬂi.

528 538 690 613 guine
706 545 798 593 tuo
813 538 1146 613 redemptum
1162 556 1487 598 conservare
1501 538 1759 613 digneris,
1769 549 1819 596 te
1833 555 2107 613 rogamus.

603 608 675 666 Ut
692 624 882 667 omnes
909 608 1105 684 fratres
1133 623 1350 670 nostros
1377 608 1685 684 spirituales
1723 613 1778 668 in
1816 608 1944 667 vera
1988 612 2118 675 reli-_

530 680 690 756 gio_ue
713 696 1037 756 conservare
1061 683 1300 756 digneris
1322 726 1336 750 ,
1405 680 1424 684 “
1600 753 1627 756 Α
1734 693 1804 756 ,ιθ
1832 698 2107 754 rogamus.

605 751 677 808 Ut
703 752 1007 828 senioribus
1019 751 1219 828 nostris
1232 771 1263 811 a
1278 755 1390 813 Deo
1401 753 1778 828 praeordinatis
1799 751 2110 826 perpetuam

532 837 721 898 pacem
742 821 930 898 largiri
940 824 1190 898 digneris
1205 867 1220 889 ,
1403 821 1422 898 Ϊ
1755 821 1811 880 te
1835 821 2108 898 rogamus.

605 892 686 970 Ut
703 893 788 950 bis
808 892 1115 970 hominibus
1135 899 1225 970 qui
1249 897 1451 970 nostris
1463 903 1590 954 sunt
1606 892 1970 954 eorumendati
1990 911 2116 952 ora-

535 965 774 1050 tio_n'i_bus
799 965 1346 1050 miseret-inigperis,
1379 1039 1393 1050 _
1434 1039 1467 1050 Α
1755 975 2112 1050 te_rogamus.

605 1035 676 1092 Ut
703 1036 954 1094 omnibus
972 1035 1255 1095 animabus
1279 1039 1697 1097 cbristianorum
1725 1035 2115 1094 catholicorum

535 1105 792 1179 misereri
805 1107 1165 1179 digneris,Fili
1191 1109 1318 1173 Dei,
1564 1125 1576 1138 ·
1757 1117 1812 1165 te
1838 1123 2112 1177 rogamus.

605 1177 757 1251 ᾼΕηβ
775 1177 891 1245 Πθῆ
909 1179 1001 1251 qui
1031 1179 1176 1235 tollis
1205 1189 1425 1251 peccata
1451 1180 1925 1248 mundi,miserere
1939 1180 2112 1234 nobis.

605 1195 757 1249 ngne
775 1195 891 1245 υθι,
945 1195 1001 1234 ιιι
1031 1195 1176 1235 tonis
1205 1195 1425 1251 peccata
1451 1198 1560 1238 mm

603 1249 821 1313 Christe
840 1195 968 1309 angi
993 1266 1114 1306 nos.
1145 1251 1310 1324 Kyrie
1336 1253 1560 1310 eleison.

926 1359 1110 1419 Oratio
1139 1363 1417 1436 cujusdam
1441 1365 1711 1436 sapientis.

607 1473 712 1531 Per
744 1474 937 1551 horum
981 1476 1362 1551 omniumSS.
1404 1487 1706 1551 martyrum
1750 1487 1808 1536 et
1843 1477 2120 1535 confesso-

535 1561 676 1622 rnm,
702 1555 758 1600 et
787 1547 1068 1622 beatarum
1113 1549 1383 1622 virginum
1412 1547 1609 1622 merita
1651 1559 1707 1606 et
1748 1552 2023 1622 orationes
2065 1560 2120 1606 et

536 1617 954 1694 intercessiones
981 1627 1035 1675 ct
1060 1617 1420 1694 passioneset
1448 1620 1985 1694 sull‘ragia,'l‘_rlnitas
2009 1622 2120 1678 cle-

535 1687 869 1744 mentissima
892 1730 906 1754 ,
949 1687 1142 1746 exaudi
1184 1706 1272 1746 me
1295 1733 1310 1756 ,
1341 1691 1508 1748 libera
1534 1687 1661 1759 me',
1709 1687 1937 1750 defende
1983 1709 2068 1748 me
2101 1734 2116 1758 ,

537 1759 741 1816 redime
763 1775 879 1835 me,
892 1771 1116 1835 protege
1138 1776 1244 1835 me,
1270 1764 1462 1835 adjuva
1485 1780 1590 1828 me,
1613 1772 1671 1819 et
1692 1764 1839 1819 salva
1866 1778 1971 1829 me,
1993 1779 2121 1818 con-

535 1845 691 1885 serva
715 1845 821 1897 me,
845 1831 1068 1887 ill’ustra’
1087 1848 1192 1888 me.
1221 1834 1296 1889 Da
1327 1831 1456 1890 mihi
1479 1877 1492 1899 ,
1517 1835 1744 1891 Domine
1761 1877 1775 1902 ,
1798 1851 1895 1890 cor
1918 1835 2120 1888 contri—

537 1910 651 1956 tum
683 1915 874 1977 purum
898 1944 912 1967 ,
943 1904 1084 1974 quod
1112 1912 1164 1977 te
1202 1905 1401 1970 videat,
1433 1915 1488 1961 et
1521 1907 1757 1977 cogitet,
1799 1915 1857 1962 ct
1888 1906 2113 1970 credat;

534 1980 592 2027 et
615 1972 779 2041 pedes
802 1972 1006 2039 castos,
1038 1975 1128 2046 qui
1161 1979 1443 2047 przeceptis
1469 1979 1575 2032 tuis
1589 1972 1919 2033 'obedienter
1954 1977 2115 2030 mini-

537 2051 734 2109 strent,
760 2052 816 2098 et
844 2059 1035 2100 manus
1071 2047 1408 2104 continentes
1451 2049 1570 2104 sine
1615 2049 1696 2102 ira
1773 2059 1830 2103 et
1878 2049 2119 2103 vanitate

539 2114 608 2188 ad
633 2122 686 2168 te
705 2114 968 2188 elevatas,
1001 2133 1122 2188 qua:
1149 2118 1438 2188 utilitatem
1479 2121 1846 2188 proximorum
1877 2129 1934 2173 et
1957 2121 2119 2174 mise-

541 2185 828 2259 ri_cordiam
856 2185 1119 2244 laborent.
1168 2187 1424 2259 Largire,
1456 2185 1682 2247 Domine
1707 2190 1944 2254 Christe,
1978 2189 2115 2243 labia

538 2257 792 2332 discreta,
821 2275 945 2328 quae.
970 2268 1021 2314 te
1049 2257 1390 2332 beneilieant,
1419 2269 1477 2316 et
1502 2260 1870 2332 magniﬁcent,
1895 2269 1954 2314 et
1976 2275 2118 2330 prm-

540 2327 740 2393 dicent,
791 2327 995 2384 etcum
1027 2331 1220 2385 timore
1248 2340 1302 2385 et
1331 2341 1566 2387 tremore
1595 2327 1650 2388 Et
1676 2327 2039 2388 exsultatione
2067 2343 2120 2386 te

539 2411 754 2473 semper
780 2400 1030 2466 adorent,
1053 2410 1106 2457 et
1129 2417 1287 2457 aures
1312 2403 1568 2469 intentas,
1601 2417 1720 2473 quae
1745 2417 1939 2458 nomen
1967 2412 2117 2458 tuum

541 2480 598 2527 et
618 2471 787 2543 legem
821 2481 966 2528 luant
999 2482 1055 2529 et
1082 2474 1242 2528 verba
1271 2481 1364 2530 tua
1395 2471 1662 2539 audiant,
1701 2482 1758 2528 et
1802 2474 1986 2530 oculos
2017 2474 2119 2528 hu-

544 2541 699 2598 miles
722 2543 814 2616 qui
847 2552 898 2598 te
921 2544 1166 2616 videant,
1193 2559 1406 2600 sensum
1433 2546 1524 2616 qui
1556 2554 1607 2602 te
1635 2545 1833 2609 sentiat
1857 2586 1873 2610 ,
1912 2544 2120 2599 intelle-

544 2620 691 2698 ctutu
715 2613 808 2698 qui
833 2614 1186 2698 _tc_.i_utcl_liga_t
1208 2656 1224 2681 ,
1274 2624 1330 2672 et
1373 2613 1764 2698 animam_qu:e
1809 2625 1862 2672 te
1905 2630 2120 2698 semper

543 2683 763 2756 cogitet,
794 2693 852 2741 et
873 2685 1060 2757 diligat
1077 2683 1177 2752 {et
1204 2702 1310 2743 non
1331 2687 1514 2744 veniat
1539 2683 1792 2814 mihiges
1813 2683 2079 2770 superbia;
2099 2727 2114 2752 ,

543 2765 602 2810 et
627 2769 818 2812 manus
838 2759 1140 2814 peccatoris
1162 2773 1268 2814 non
1295 2769 1510 2814 moveat
1535 2774 1640 2814 me.
1729 2775 1798 2814 on
1831 2759 2039 2814 habitet
2063 2775 2114 2813 ιιι

543 2765 602 2810 et
627 2769 824 2829 manus
838 2759 1140 2829 peccatoris
1162 2773 1268 2814 non
1295 2769 1510 2815 moveat
1535 2774 1640 2816 me.
1681 2759 1798 2815 Non
1831 2759 2039 2814 habitet
2063 2759 2118 2813 in

545 2841 632 2882 me
656 2827 1060 2900 gastriinargia,
1103 2840 1159 2886 et
1186 2845 1292 2885 non
1321 2829 1633 2900 coinquinet
1670 2846 1756 2885 me
1786 2829 2073 2886 fornicatio
2098 2869 2113 2891 ,

545 2913 652 2972 non
681 2897 1057 2972 gubernet—me
1085 2915 1223 2957 vana
1251 2900 1441 2972 gloria,
1463 2897 1579 2958 non
1605 2901 1839 2958 obducat
1866 2917 1952 2954 me
1973 2901 2120 2955 ﬁlar—

545 2968 704 3039 giria,
729 2985 835 3026 non
854 2970 1077 3026 dilaniet
1100 2989 1186 3028 me
1206 2968 1307 3036 ira,
1323 2989 1429 3028 non
1451 2973 1740 3030 mortiﬁcet
1763 2987 1848 3028 me
1873 2972 2115 3035 tristitia,

545 3050 770 3098 cvacuet
798 3042 1022 3108 accidia,
1054 3060 1159 3098 non
1191 3043 1435 3100 bumiliet
1461 3060 1548 3101 me
1572 3043 1910 3108 emnotloxia,
1933 3054 2116 3098 etnon

546 3110 790 3186 destruat
838 3129 926 3170 me
965 3115 1219 3186 superbia
1269 3133 1283 3169 :
1330 3115 1425 3172 sed
1474 3115 1672 3186 largire
1717 3115 1849 3171 mihi
1879 3115 2119 3171 clemens

549 3179 790 3240 Trinitas
838 3179 1218 3242 abstinentiam
1264 3195 1319 3242 et
1368 3179 1705 3253 castitaiem,
1757 3186 2116 3241 voluntariam

548 3264 940 3330 paupertatem,
961 3265 1014 3311 et
1044 3259 1506 3330 mansuetudinem
1531 3299 1546 3321 ,
1587 3249 1911 3330 largitatem,
1941 3257 2114 3328 pieta-
2143 3249 2194 3313 C

547 3334 677 3397 tem,
701 3335 757 3382 et
780 3327 1016 3397 quietem
1043 3368 1058 3387 ,
1099 3337 1157 3384 ct
1191 3329 1638 3394 misericordiam,
1678 3327 1986 3391 lenitatem,
2039 3330 2122 3382 in—

549 3396 877 3478 dulgentiam
887 3439 901 3462 ,
930 3399 1287 3478 humilitatem
1298 3441 1320 3478 ,_
1335 3400 1757 3478 benignitatem,
1769 3400 2095 3478 hilaritatem
2107 3441 2121 3460 ,

547 3469 887 3591 patientiam,
913 3471 1252 3537 modestiam,
1278 3469 1666 3527 sinceritatem.
1691 3472 1946 3527 Miserere
1968 3471 2122 3532 mib',

575 3539 795 3591 )emine.
819 3540 1079 3591 miserere
1106 3542 1259 3591 mihi.
1288 3544 1362 3591 Da
1395 3543 1526 3591 mihi
1553 3545 1619 3591 de
1645 3543 1964 3591 criminibus
1987 3559 2122 3591 ora-.-

575 3539 795 3612 )entine,
819 3540 1079 3612 miserere
1106 3542 1259 3598 mihi.
1288 3544 1362 3598 Da
1395 3543 1526 3598 mihi
1553 3545 1619 3598 de
1645 3543 1964 3598 criminibus
1987 3559 2126 3612 pra--

550 3610 728 3684 toritis
773 3611 1010 3684 veniam,
1041 3612 1108 3668 de
1156 3613 1512 3684 prazsentibus
1557 3610 2026 3674 emendationem,
2060 3614 2128 3668 de

550 3681 750 3750 futuris
790 3682 987 3752 largire
1037 3681 1356 3740 custodiam.
1405 3683 1511 3740 Per
1551 3685 1836 3740 Dominum
1877 3695 2126 3739 nostrum

548 3752 735 3810 Jcsum
763 3753 1038 3810 Christum
1067 3755 1260 3814 Filium
1291 3763 1463 3822 tuum,
1492 3757 1584 3827 qui
1613 3765 1808 3812 tecum.

551 3865 935 3941 Orariosancti
972 3869 1270 3938 Augustini,
1297 3886 1454 3941 quam
1479 3870 1774 3940 quindecim
1815 3869 1962 3931 libris
1998 3887 2128 3940 quos

725 3939 790 3996 de
815 3950 998 3996 sancta
1027 3939 1317 4012 composuit
1345 3939 1618 4007 Trinitate,
1651 3941 1944 4010 subjunxit.

623 4051 850 4111 Domine
876 4054 1020 4110 Deus
1047 4062 1268 4122 noster,
1296 4056 1568 4116 credimus
1601 4057 1654 4111 in
1684 4065 1738 4110 te
1763 4055 1978 4114 Patrem
2010 4096 2025 4124 ,
2076 4066 2131 4113 et

551 4125 750 4201 {ilium
775 4167 790 4192 ,
821 4135 877 4180 et
909 4124 1172 4201 Spiritum
1201 4135 1472 4201 sanctum.
1515 4126 1701 4198 Neque
1724 4128 1872 4201 enim
1924 4128 2132 4201 diceret

560 4197 769 4252 Veritas
789 4196 1056 4268 apostolis
1085 4213 1099 4251 :
1128 4196 1210 4251 ltc
1239 4197 1499 4268 baptizata
1520 4196 1694 4268 gentes
1716 4200 1768 4252 in
1793 4200 2002 4253 nomine
2025 4197 2132 4256 Pa-

553 4269 665 4338 tris,
697 4277 744 4322 et
777 4266 904 4322 Filii
930 4309 945 4331 ,
976 4278 1024 4323 et
1053 4268 1282 4338 Spiritus
1305 4266 1480 4323 sancti
1503 4266 1652 4332 {nisi
1685 4269 1925 4324 Trinitas
1959 4285 2127 4326 esses.

553 4337 665 4407 Nec
693 4340 952 4408 baptizari
977 4337 1332 4408 nosjuberes,
1360 4338 1585 4394 Domine
1614 4341 1776 4405 Deus,
1809 4341 1859 4394 in
1888 4341 2005 4410 ejus
2028 4357 2128 4400 no:-

556 4411 722 4474 mine,
745 4411 789 4465 si
818 4426 922 4464 non
945 4420 1089 4466 esset
1114 4411 1368 4465 Dominus
1393 4411 1548 4466 Deus.
1579 4411 1687 4467 Nec
1709 4414 1982 4467 diceretur
2000 4428 2132 4469 voce

551 4481 733 4536 divina
773 4499 785 4534 :
821 4481 983 4545 Audi,
1007 4481 1174 4534 Israel
1203 4494 1220 4532 .'
1250 4480 1504 4536 Dominus
1530 4481 1672 4548 Deus
1712 4493 1832 4536 tuus
1871 4483 2130 4539 Dominus

554 4569 691 4608 unus
718 4562 813 4615 est,
838 4553 941 4607 nisi
973 4552 1210 4606 Trinitas
1261 4553 1331 4606 ita
1364 4568 1511 4608 esses
1536 4593 1549 4611 .
1600 4562 1660 4608 ut
1702 4570 1840 4609 unus
1869 4550 2128 4611 Dominus

2212 535 2364 606 aperi
2421 531 2677 606 pulsanti.
2721 531 3056 606 Memirerim
3089 536 3192 600 tui,
3228 531 3523 606 intelligam
3550 531 3780 606 te_,_dili-

2213 601 2336 676 gam
2360 601 2436 678 te:
2460 606 2612 678 Auge
2643 607 2696 678 in
2729 621 2815 662 me
2855 602 3160 678 ista'donec
3192 620 3290 678 me
3322 601 3525 678 formes
3552 604 3621 658 ad
3649 601 3778 678 intc-

2212 673 2389 749 grum.
2417 673 2843 749 Scio'scriptum
2893 693 3016 732 esse
3040 690 3054 730 :
3085 673 3510 749 Inmultiloquio
3536 689 3642 729 non
3659 673 3782 743 els-

2214 745 2320 819 gn;
2340 755 2604 819 peccatum
2629 765 2646 803 :
2678 745 2771 803 sed
2791 749 3010 819 utinam
3024 746 3370 819 praedicando
3390 745 3614 819 verbum
3637 753 3777 819 tuum

2214 812 2270 875 et
2299 812 2568 875 laudando
2595 827 2648 873 te
2679 812 3053 874 tantummodo
3081 816 3352 887 loquerer,
3380 831 3489 872 non
3517 814 3692 887 solum
3712 812 3782 868 fu-

2214 905 2399 961 gerem
2431 898 2710 961 peccatum
2736 931 2754 961 ,γ
2782 891 2876 944 sed
2908 885 3169 961 meritum
3200 889 3405 944 bonum
3451 885 3780 961 acquirerem

2216 956 2612 1030 quantumlibet
2652 960 2896 1018 multum.
2947 958 3038 1015 Sic
3085 957 3378 1030 loquerer,
3436 956 3610 1026 neque
3647 956 3782 1011 enim

2217 1029 2381 1087 homo
2410 1033 2476 1086 de
2513 1039 2565 1084 te
2603 1033 2794 1086 beatus
2828 1039 3109 1100 peccatum
3153 1029 3454 1100 perciperet
3477 1039 3503 1068 ι
3536 1042 3786 1100 germano

2219 1102 2273 1158 in
2305 1103 2410 1158 ﬁde
2439 1102 2548 1156 ﬁlio
2571 1117 2672 1156 suo
2692 1097 3012 1171 conscripsit
3035 1097 3221 1171 dicens
3246 1097 3784 1171 :APrtrdicaiverbum.

2217 1173 2356 1228 insta
2388 1182 2694 1243 opportune,
2724 1168 3036 1243 importune.
3071 1169 3321 1243 Nunquid
3373 1168 3662 1243 dicendum
3709 1179 3788 1224 est

2219 1244 2382 1298 istum
2409 1240 2517 1296 non
2561 1240 2806 1297 multum
2831 1241 3068 1298 locutum
3091 1282 3104 1304 ,
3147 1242 3237 1312 qui
3267 1257 3374 1296 non
3402 1240 3576 1296 solum
3603 1254 3786 1312 oppor-

2219 1325 2373 1378 tune,
2414 1328 2603 1368 verum
2631 1314 2798 1368 etiam
2835 1315 3162 1383 importune,
3205 1329 3326 1383 quae
3366 1313 3587 1367 verbum
3621 1320 3788 1375 tuum,

2220 1384 2461 1445 Domine,
2502 1399 2608 1438 non
2651 1381 3052 1440 tacebat‘ISed
3097 1381 3353 1439 ideo—non
3381 1391 3501 1438 erat
3541 1383 3789 1443 multmn,

2220 1457 2346 1524 quia
2389 1463 2598 1509 tantum
2625 1464 2744 1509 crat
2773 1455 3158 1510 necessarium.
3195 1453 3390 1510 Libera
3421 1469 3528 1516 me,
3573 1453 3730 1524 Dens,
3762 1468 3790 1506 a

2223 1526 2560 1596 multiloquio
2590 1527 2731 1596 quod
2762 1526 2940 1596 patior
2968 1527 3110 1581 intus
3140 1527 3190 1580 in
3221 1529 3401 1580 anima
3427 1540 3550 1596 mea
3593 1523 3790 1596 misera

2221 1597 2275 1654 in
2303 1595 2595 1668 conspectu
2613 1595 2732 1662 tuo,
2762 1595 2819 1651 et
2849 1596 3249 1668 confugientem
3278 1596 3344 1651 ad
3367 1595 3790 1668 miscricordiam

2220 1674 2390 1722 tuam.
2430 1667 2547 1722 Non
2575 1669 2719 1722 enim
2757 1667 3174 1739 cogitationibus
3198 1677 3350 1723 taceo
3374 1709 3388 1730 ,
3417 1667 3585 1739 etiam
3613 1673 3795 1739 tacens

2222 1739 2490 1819 vocibus,
2511 1748 2567 1794 et
2593 1740 2638 1800 si
2664 1737 2880 1819 quidem
2907 1755 3013 1795 non
3039 1738 3333 1810 cogitarem
3373 1737 3652 1819 ni_si_quod
3682 1738 3794 1819 pla-

2222 1818 2372 1882 ceret
2397 1811 2515 1878 tibi,
2539 1827 2644 1867 uon
2669 1808 2854 1880 utique
2874 1808 3156 1882 rogarem,
3182 1820 3243 1864 ut
3266 1825 3352 1866 me
3374 1809 3592 1882 abboc
3617 1808 3797 1864 multi-

2221 1881 2406 1963 loquio
2451 1882 2714 1963 liherares
2739 1899 2770 1963 f,‘
2793 1881 2886 1936 sed
2912 1880 3092 1963 uiuite
3117 1890 3244 1963 sunt
3268 1880 3623 1963 cogitationes
3666 1895 3795 1963 rura:

2223 1949 2356 2008 tales
2403 1953 2592 2022 quales
2633 1953 2774 2007 nosti
2819 1953 3174 2022 cogitationes
3218 1949 3497 2007 hominum
3542 1949 3795 2022 quoniam

2221 2039 2374 2078 vanae
2418 2032 2561 2078 sunt.
2610 2023 2759 2077 Dona
2801 2021 2936 2078 mihi
2981 2040 3086 2078 non
3128 2022 3209 2080 eis
3255 2021 3597 2088 consentire;
3641 2030 3699 2078 et
3751 2021 3799 2078 si

2220 2093 2434 2164 quando
2485 2111 2570 2149 me
2598 2095 2894 2158 delectant,
2923 2111 3021 2150 eas
3047 2094 3398 2151 nihilominus
3443 2093 3750 2163 improbare
3776 2133 3795 2159 ,

2222 2182 2320 2220 t-ec
2346 2166 2398 2219 in
2419 2165 2500 2221 eis
2529 2165 2673 2220 velut
2700 2166 3041 2221 dormitando
3063 2167 3363 2230 immorari,
3385 2179 3486 2221 nec
3510 2165 3564 2219 in
3586 2171 3800 2222 tanttmt

2221 2238 2438 2308 valeant
2463 2237 2608 2308 apud
2635 2252 2720 2308 me
2747 2278 2762 2302 ,
2791 2246 2851 2292 ut
2880 2236 3080 2308 aliquid
3108 2238 3162 2292 in
3186 2252 3350 2308 opera
3381 2251 3498 2291 mea
3543 2235 3802 2308 procedat

2221 2325 2284 2364 ex
2325 2307 2429 2364 illis
2452 2349 2466 2372 ,
2500 2307 2612 2363 sed
2643 2307 2710 2362 ab
2736 2308 2816 2362 eis
2845 2307 3185 2364 mea'saltem
3221 2307 3292 2362 sit
3339 2316 3451 2363 tuta
3494 2307 3759 2363 sententia
3783 2349 3799 2372 ,

2222 2387 2335 2434 tuta
2381 2380 2714 2450 conscientia
2765 2387 2967 2436 tuente.
3001 2378 3228 2450 Sapiens
3254 2379 3471 2450 quidam
3499 2392 3624 2435 cum
3654 2379 3720 2434 de
3750 2389 3800 2434 te

2221 2451 2533 2522 loqueretur
2561 2453 2614 2505 in
2644 2449 2782 2504 libro
2807 2465 2942 2522 suo,
2982 2449 3104 2522 qui,
3129 2449 3531 2522 ecclesiasticus
3580 2451 3801 2522 proprio

2221 2522 2440 2577 nomine
2469 2521 2615 2576 illum
2645 2527 2805 2580 vocat
2830 2541 2842 2575 :
2873 2521 3068 2587 Multa,
3096 2521 3290 2592 inquit,
3323 2521 3659 2586 dicimus,“
3695 2537 3800 2575 non

2217 2595 2563 2665 perrenimus,
2599 2602 2646 2648 et
2683 2593 3064 2665 consummatio
3112 2608 3408 2665 senatorium
3445 2593 3687 2665 universa
3724 2600 3800 2665 est

2220 2661 2348 2745 ipse.
2371 2665 2507 2719 Cum
2529 2679 2668 2745 ergo
2691 2664 3101 2745 pervenerimus
3125 2664 3192 2720 ad
3225 2673 3299 2745 te,
3319 2663 3612 2745 cessabunt
3633 2661 3803 2745 multa

2220 2735 2324 2790 ista
2349 2751 2468 2806 qua:
2511 2734 2761 2800 dicimus,
2805 2744 2862 2790 et
2892 2751 2996 2790 non
3021 2736 3368 2806 pervenimus
3393 2775 3427 2806 ,ί
3458 2742 3515 2790 et
3555 2734 3803 2806 manebis

2219 2805 2381 2862 unus
2423 2807 2605 2862 omnia
2666 2806 2719 2861 in
2776 2805 3072 2871 omnibus,
3115 2815 3170 2862 et
3229 2807 3347 2861 sine
3403 2805 3510 2861 ﬁne
3559 2805 3802 2862 dicemus

2219 2893 2384 2934 unum
2408 2920 2422 2942 ,
2453 2879 2734 2934 laudantes
2776 2885 2830 2932 te
2883 2877 2936 2932 in
2984 2893 3150 2932 unum
3183 2918 3198 2942 ,
3237 2887 3294 2932 et
3335 2877 3804 2934 intefactietiam

2220 2965 2321 3004 nos
2343 2966 2520 3033 unum
2537 2991 2552 3015 ,
2569 2948 3026 3033 ,ιζοιιιίιιιεμριειιει
3070 2964 3177 3033 une
3202 2949 3346 3006 Deus
3371 2949 3631 3033 Trinitas,
3657 2962 3808 3033 qum:

2219 3036 2452 3093 eumque
2473 3022 2582 3075 dixi
2611 3021 2665 3076 in
2693 3021 2777 3093 his
2797 3019 2963 3093 libris
2994 3022 3063 3076 de
3090 3029 3188 3093 tuo
3207 3029 3507 3093 agnoscant
3536 3027 3588 3077 te
3617 3019 3717 3089 tui,
3759 3020 3811 3088 si

2219 3107 2340 3162 qum
2363 3092 2431 3148 de
2459 3107 2581 3148 meo
2605 3102 2662 3147 et
2688 3092 2765 3146 tui
2794 3091 3012 3163 ignosce
3037 3100 3091 3146 et
3115 3091 3216 3147 tui.

2556 3226 2750 3298 lnripit
2774 3227 2947 3283 oratio
2969 3228 3140 3283 sancti
3169 3224 3469 3282 Prudentii.

2294 3341 2339 3398 Ο
2362 3344 2469 3398 Dee
2487 3341 2666 3398 cuncti
2690 3355 2906 3411 parens,
2933 3341 3126 3412 animm
3151 3341 3326 3405 dator,
3349 3357 3383 3396 ο
3409 3341 3514 3397 Dec
3543 3341 3785 3412 Christe,

2224 3415 2391 3486 Cujus
2413 3414 2482 3486 ab
2503 3429 2600 3469 ore
2622 3412 2765 3467 Deus
2786 3413 3036 3486 subsistit
3052 3411 3287 3486 Spiritus
3306 3429 3464 3470 nitus.

2226 3484 2314 3556 Te
2332 3485 2648 3556 moderante
2677 3499 2858 3554 regor,
2876 3492 2942 3556 te
2968 3484 3134 3556 vitain
3163 3484 3406 3556 principe
3436 3486 3590 3542 duco.

2226 3555 2416 3639 iudice
2440 3563 2492 3612 te
2519 3555 2722 3639 pallens
2751 3555 3062 3639 trepido,_te
3084 3554 3277 3639 judice.
3293 3554 3480 3639 eodem

2229 3628 2393 3698 Spem
2408 3626 2576 3701 capio
2599 3626 2718 3701 fore
2739 3626 3000 3698 quidquid
3029 3627 3425 3701 agogveniabilc
3447 3628 3584 3701 apud
3612 3638 3662 3684 te

2229 3643 2393 3698 bpcm
2419 3643 2579 3712 capto
2599 3643 2718 3710 tore
2739 3643 3000 3712 quiaquia
3029 3643 3425 3754 a'gon'emannc
3447 3643 3583 3701 apud
3612 3643 3662 3684 te

2229 3700 2538 3775 Quamlibet
2566 3699 3025 3775 indignusuvema,
3073 3714 3376 3775 acremque,
3405 3699 3748 3775 loquarque;

2228 3771 2528 3834 Conliteor,
2558 3771 2770 3825 dimitte
2797 3769 2992 3832 libens,
3018 3779 3074 3825 et
3097 3769 3499 3841 parce’l‘atenti‘.

2231 3843 2403 3898 Omne
2432 3841 2629 3897 malum
2657 3841 2853 3905 merui,
2877 3843 2972 3897 sed
2993 3850 3050 3896 tu
3074 3841 3246 3898 bonus
3276 3844 3484 3898 arbiter
3505 3845 3669 3902 aufer-

2233 3915 2389 3980 Quod
2409 3913 2604 3977 merui,
2637 3912 2860 3968 meliora
2884 3912 3069 3968 favens
3099 3912 3297 3985 largire
3327 3917 3591 3982 precanti.

2235 3985 2382 4067 Dona
2408 3985 2602 4067 anima:
2625 3985 2947 4067 quandoque
2973 3999 3105 4067 mem
3127 4000 3250 4067 cum
3279 3999 3444 4067 corpu
3479 3985 3525 4041 is
3549 3985 3717 4067 hujus

2237 4056 2481 4128 Liquerit
2509 4055 2827 4126 hospitium,
2850 4055 3055 4120 nervis,
3079 4065 3217 4118 cute,
3251 4056 3531 4128 sanguine,
3561 4056 3711 4128 felle,

2234 4125 2459 4184 Ossibus
2483 4125 2814 4198 extructum,
2846 4136 3102 4198 corrupta
3132 4125 3474 4198 quoduin‘cola
3511 4129 3637 4196 luxu

2235 4198 2346 4253 Neu
2377 4197 2600 4254 nimium
2636 4198 2912 4268 complexa
2941 4195 3082 4252 fovet
3116 4195 3240 4268 cum
3265 4195 3456 4255 ﬁebilis
3478 4202 3610 4256 hora

2233 4269 2503 4345 _C_|auserit
2519 4270 2616 4324 hos
2637 4267 2798 4345 orbes
2809 4278 2863 4323 et
2882 4269 3127 4345 conculta
3145 4267 3724 4345 [F.,cqnculcata]j_att
3739 4272 3772 4329 ι
3783 4273 3833 4328 is

2238 4339 2510 4404 Materies,
2533 4339 2810 4410 oculisque
2833 4340 2948 4395 suis
2971 4355 3123 4396 mens
3145 4339 3284 4396 nuda
3313 4339 3540 4397 fruetur.

2236 4411 2314 4468 Ne
2336 4419 2522 4468 cernat
2546 4411 2908 4466 truculentum
2938 4411 3168 4480 aliquem
3191 4413 3255 4467 de
3284 4421 3440 4481 gente
3466 4414 3743 4473 latronum.
3769 4452 3788 4479 .

2237 4483 2524 4555 Immitem,
2547 4481 2818 4555 rapidum,
2847 4483 3100 4555 vultuque
3125 4493 3182 4538 et
3207 4499 3340 4538 voce
3364 4485 3630 4552 minacem
3651 4525 3673 4555 ι
3761 4487 3764 4490 ’

2237 4554 2579 4630 Terribilem,
2606 4553 2694 4622 qui
2722 4569 2806 4608 me
2827 4553 3161 4630 maculosum
3188 4555 3470 4630 aspergine
3492 4553 3751 4630 morning

558 4625 700 4698 licus
723 4639 888 4688 esses,
925 4623 1031 4698 nisi
1059 4631 1115 4676 tu
1147 4623 1477 4698 Deusl’atcr
1503 4623 1618 4694 ipse
1642 4640 1816 4688 esses,
1862 4633 1918 4680 et
1945 4624 1998 4698 _F
2007 4625 2128 4684 ilius
2159 4619 2204 4677 D
2232 4625 2288 4698 in
2325 4641 2586 4698 pneceps,
2613 4619 2674 4678 ut
2695 4625 2877 4698 pnedo
2904 4626 3085 4679 trahat
3107 4619 3381 4695 nigrisque
3411 4637 3659 4693 ruentem

559 4692 793 4749 Verbum
825 4704 974 4766 tuum
1004 4692 1161 4750 Iesus
1186 4695 1434 4766 Christus
1456 4692 1567 4766 ipse
1607 4707 1783 4760 esset,
1824 4705 1879 4750 et
1927 4695 2124 4752 donum

555 4775 792 4821 vestrum
831 4765 1326 4837 Spiritussanetus.
1362 4764 1487 4820 Non
1527 4765 1826 4835 legeremus
1857 4769 1908 4821 in
1934 4767 2129 4837 litteris

557 4837 816 4911 veritatis
839 4831 1028 4911 :‘Misit
1061 4836 1199 4911 Deus
1229 4835 1426 4889 l-‘ilium
1452 4831 1605 4911 suum
1632 4879 1646 4902 ,
1677 4855 1777 4893 nec
1807 4849 1859 4892 tu
1881 4879 1893 4898 ,
1928 4831 2129 4911 Unige—

555 4908 688 4973 nite,
715 4909 925 4964 diceres
954 4910 1020 4963 de
1055 4907 1258 4976 Spiritu
1294 4918 1480 4963 sancto
1523 4926 1534 4961 :
1569 4909 1733 4974 Quem
1763 4911 1928 4964 mittet
1966 4907 2128 4972 Pnirr

556 4978 612 5032 in
641 4981 847 5036 nomine
879 4996 1010 5043 meo,
1044 4988 1118 5042 et,
1150 4978 1312 5042 Quem
1360 4996 1452 5046 ego
1482 4980 1682 5048 mittunt
1709 4981 1846 5034 vobis
1871 4998 1903 5033 a
1946 4978 2121 5036 Putre.

553 5051 635 5105 Ad
663 5051 803 5108 hanc
832 5049 1069 5123 regulam
1118 5052 1237 5104 liJei
1285 5050 1522 5119 dirigens
1569 5051 1918 5123 intentionem
1951 5067 2123 5107 meam

553 5131 815 5204 quantum
840 5122 986 5204 potui
1007 5131 1307 5204 ,quantum
1337 5136 1605 5204 tneposse
1647 5122 1858 5204 fecisti,
1903 5123 2123 5204 quiesivi

553 5201 632 5259 te,
659 5203 712 5248 et
739 5193 1039 5248 desideravi
1070 5192 1342 5246 intellectu
1394 5193 1577 5246 videre
1623 5194 1765 5261 quod
1804 5193 2036 5256 credidi,
2071 5203 2126 5259 et

553 5264 778 5336 multum
806 5263 1105 5336 disputavi,
1134 5273 1188 5316 et
1213 5263 1476 5336 laboravi,
1522 5263 1746 5336 Dotnine
1788 5263 1977 5336 Dens,
2006 5281 2123 5318 mea

553 5335 712 5391 oriza
768 5332 904 5405 spcs'
938 5349 1078 5399 mea,
1127 5334 1320 5405 exaudi
1357 5349 1443 5389 me
1472 5349 1540 5388 ne
1576 5332 1830 5401 fatigatus
1875 5333 2039 5388 nolim
2073 5345 2125 5390 te

552 5404 841 5474 quau-ere":
885 5405 979 5461 sed
1014 5420 1255 5476 quaeram
1291 5404 1480 5460 faciem
1513 5414 1661 5458 tuam
1689 5420 1904 5474 semper
1935 5407 2126 5476 ardeo-

552 5487 649 5531 ter.
683 5477 760 5532 Tu
803 5477 867 5532 da
916 5476 1178 5546 quaerenti
1211 5475 1520 5548 vias,iqui
1546 5477 1773 5530 inveniri
1825 5486 1880 5531 te
1926 5475 2119 5548 fecisti,

546 5555 603 5618 et
647 5548 821 5618 magis
885 5548 1160 5618 magisque
1219 5546 1522 5618 inveniendi
1582 5555 1633 5602 te
1689 5561 1840 5618 spem
1907 5546 2120 5603 dedisti.

547 5615 822 5674 Coram’te
850 5628 932 5675 at
957 5615 1185 5672 ﬁrmitas
1208 5625 1264 5673 et
1289 5616 1575 5672 inﬁrmitas
1594 5615 1751 5672 mea':
1775 5617 1921 5672 illam
1944 5635 2121 5684 serva,

544 5689 691 5744 iflam
741 5705 891 5744 sana.
939 5689 1133 5744 Coram
1176 5697 1228 5746 te
1273 5689 1496 5747 scientia
1542 5698 1595 5746 ct
1645 5690 1947 5759 ignorantia
1981 5706 2119 5746 mea.

614 5868 644 5916 ι
669 5854 842 5925 Lucus
879 5875 1118 5929 mancus,

2232 4697 2523 4768 lnnnergat
2543 4697 2831 4768 specubus,
2862 4703 3054 4768 cuncta
3086 4707 3377 4768 exacturus
3405 4698 3472 4751 ad
3498 4712 3672 4768 usque

2232 4765 2596 4835 Quadrantem
2624 4765 2903 4820 minimum
2931 4766 2996 4820 da
3023 4776 3222 4835 nostra:
3247 4767 3424 4822 debita
3456 4765 3598 4835 vith

2234 4833 2394 4891 Multa
2426 4838 2696 4892 thesauris
2723 4837 2893 4904 patris
2918 4845 3002 4890 est
3024 4833 3306 4900 habitatio,
3333 4833 3600 4904 Christe,

2232 4908 2546 4979 Disparibus
2573 4907 2804 4962 discreta
2831 4908 2983 4968 locis,
3009 4923 3150 4979 nunc
3175 4922 3336 4978 posco
3359 4909 3516 4964 beata

2229 4978 2284 5033 In
2319 4978 2539 5048 regione
2565 4979 2782 5032 domum
2815 4996 2826 5032 :
2854 4979 2963 5033 sint
2988 4978 3096 5032 illic
3121 4988 3270 5034 casta
3299 4980 3542 5036 virorum

2229 5052 2475 5115 Agmina,
2507 5049 2789 5119 pulverum
2816 5065 2936 5120 qua:
2965 5049 3305 5120 dedignantia
3334 5066 3576 5106 censum.

2230 5119 2442 5174 Divitiae
2469 5120 2496 5159 ι»
2527 5135 2741 5191 semper
2764 5119 2889 5174 vere
2912 5127 3048 5183 tuas,
3078 5119 3146 5174 sit
3172 5119 3303 5175 ﬂore
3328 5123 3550 5191 perenni

2227 5192 2467 5246 Candida
2494 5190 2774 5261 virginitas
2797 5193 3035 5245 animum
3055 5200 3288 5246 castrata
3315 5190 3571 5250 recisum.

2228 5262 2296 5316 At
2331 5262 2462 5317 mihi
2495 5262 2714 5315 tartarei
2753 5263 2886 5316 satis
2909 5269 2991 5316 est
3015 5262 3058 5315 si
3087 5261 3230 5316 nulla
3261 5261 3495 5317 ministri

2227 5336 2493 5390 Occurrat
2515 5332 2704 5395 facies,
2726 5334 2895 5387 avidre
2918 5347 3017 5387 nec
3045 5331 3258 5404 ﬂamma
3285 5333 3544 5404 gebenna:

2228 5406 2459 5478 D_e\'orct
2486 5405 2623 5458 hanc
2650 5404 2883 5478 animam
2908 5419 3141 5478 mersam
3164 5401 3480 5478 (ornacihus
3507 5401 3667 5478 imis,

2227 5475 2387 5541 Esto
2424 5490 2720 5531 cavernoso
2742 5474 2866 5544 quia
2893 5476 2969 5530 sic
2999 5488 3097 5542 pro
3129 5474 3248 5531 labe
3268 5489 3488 5532 necesse
3513 5485 3600 5540 est

2227 5548 2499 5618 Corporea
2525 5545 2697 5618 tristis
2722 5561 2807 5618 me
2833 5545 3048 5618 sorbeat
3075 5545 3217 5616 ignis
3250 5561 3451 5602 averno
3472 5587 3490 5614 ,

2229 5614 2433 5674 Saltem
2463 5617 2716 5672 mitiﬁcos
2739 5614 2981 5688 incendia
3008 5614 3150 5672 lenta
3175 5631 3402 5688 vapores

2226 5690 2513 5753 Exhalent,
2535 5697 2777 5757 testaque
2797 5685 2948 5742 calor
2967 5684 3258 5759 languente
3275 5697 3510 5759 tepescat
3531 5727 3549 5758 ,

2299 5855 2325 5926 ir
2350 5855 2523 5916 Locus
2551 5860 2855 5936 corruptus.
