4086 6484
266 369 404 426 {397

261 491 379 564 μα
399 493 666 564 immensa
693 491 846 557 alios,
871 501 932 564 et
949 500 1188 564 tempora
1212 493 1392 548 vineta
1427 491 1646 547 coronis

259 560 580 619 Glorificent
601 578 709 628 me,
737 578 895 634 pinna
925 560 1372 620 levis’clementer
1398 565 1612 618 adurat.

685 653 870 709 Oratio
897 653 1124 726 Eugenii
1152 655 1396 726 episcopi.

335 733 451 805 Rex
476 733 618 789 Deus
642 735 925 805 immense,
956 749 1064 805 quo
1091 743 1304 788 constat
1333 731 1584 805 machina
1629 731 1836 786 mundi.

311 803 618 875 uodmiser
637 803 1164 875 engfamulus'posco
1193 814 1248 858 tu
1278 804 1478 874 perﬁce
1511 803 1762 860 clemens.

330 874 504 930 tmilli
527 882 670 930 recte
696 873 847 942 fides,
879 883 935 930 et
964 873 1113 930 falsis
1139 873 1296 930 obvia
1331 875 1514 930 sectis.

371 945 502 1000 mihi
529 946 797 1026 praecipue
832 961 1042 1000 morum
1071 947 1345 1026 correctio
1372 959 1612 1015 praesens

263 1017 380 1074 Sim
408 1014 590 1080 carus,
615 1014 851 1080 humilis,
876 1030 1037 1071 verax
1059 1058 1073 1080 ,
1102 1031 1225 1072 cum
1249 1014 1490 1086 tempore
1511 1029 1767 1085 prmsens.

262 1086 475 1157 Secreti
500 1087 714 1148 tacitus,
734 1093 791 1140 et
810 1087 1007 1157 lingua:
1025 1086 1223 1142 famine
1242 1095 1450 1142 cautus.

265 1156 341 1228 Da
370 1155 533 1228 fidum
558 1157 788 1228 socium,
814 1155 881 1211 da
895 1155 1069 1211 “fixum
1093 1172 1306 1228 semper
1329 1157 1582 1228 amicum,

261 1226 340 1296 Da
352 1225 630 1292 blandum,
647 1227 906 1292 sobrium,
923 1243 988 1296 pa
997 1242 1170 1292 reum,
1181 1225 1494 1296 castumque
1509 1225 1833 1282 ministrum.

263 1295 379 1380 [fon
407 1312 494 1351 me
522 1295 1031 1380 pauperiescruciet
1053 1295 1659 1380 autlanguoroohuncet.

264 1366 347 1423 Sit
369 1366 554 1423 comes
575 1366 714 1422 alina
740 1367 888 1425 salus
918 1378 974 1423 ct
995 1366 1313 1425 suﬁcientis
1351 1367 1525 1424 victus
1547 1407 1566 1434 ι

263 1438 457 1510 _Absint
475 1439 699 1510 divitize,
725 1438 915 1503 fastus,
938 1448 994 1495 et
1007 1439 1184 1510 jurgia
1211 1438 1325 1495 litis
1352 1479 1367 1499 .

259 1506 505 1580 Invidiae,
525 1509 704 1576 luxus,
727 1519 784 1565 et
813 1506 1019 1566 ventris
1037 1506 1221 1579 pensio
1244 1509 1435 1580 turpis.

260 1576 500 1652 (Irimiue
519 1597 587 1634 ne
609 1581 797 1652 lgedam
819 1576 1166 1652 quemquam,
1188 1595 1288 1636 nec
1316 1576 1542 1636 crimine
1564 1577 1749 1652 laedar.

261 1646 355 1722 {Sic
383 1651 518 1705 bime
545 1651 676 1707 velle
701 1646 916 1722 (locum,
953 1646 1060 1721 quo
1087 1666 1310 1722 pravum
1335 1664 1493 1721 posse
1521 1649 1762 1705 recedat.

259 1721 343 1792 ΝΗ
374 1730 528 1790 turpe
550 1723 784 1790 cupiam,
811 1721 1030 1787 faciam,
1053 1721 1132 1776 vel
1156 1721 1450 1792 proloquar
1468 1736 1724 1791 unquam.

258 1789 336 1864 Te
365 1789 520 1864 mens
537 1789 824 1864 desideret,
854 1793 1032 1864 lingua
1060 1789 1240 1864 canat,
1264 1789 1405 1864 actio
1425 1789 1655 1864 promat.

259 1862 359 1927 Da',
393 1862 554 1917 Pater
582 1863 894 1926 altitonans,
923 1862 1189 1919 undosum
1211 1862 1425 1918 ﬂetibus
1445 1862 1672 1918 imbrem
1697 1901 1712 1926 ,

259 1933 377 2004 Quo
407 1933 609 1988 valeam
632 1934 884 2004 lacrymis
900 1933 1182 2003 culparum
1201 1932 1409 2004 solvere
1435 1931 1625 1989 moles.

259 2001 336 2075 Da
365 2018 578 2075 precor,
607 2001 886 2075 auxilium,
926 2001 1128 2075 possim
1159 2019 1267 2075 quo
1305 2003 1521 2058 vincere
1551 2002 1831 2068 mundum,

256 2071 326 2146 ξι
352 2071 474 2130 vitae
508 2076 741 2130 stadium
766 2071 979 2146 placido
1001 2071 1320 2146 percurrere
1346 2089 1506 2146 passu
1534 2113 1549 2138 ,

255 2143 498 2214 Quinque
524 2143 782 2214 suprema
807 2145 922 2200 dies
947 2143 1463 2214 mene-patefecerit
1496 2159 1690 2200 urnam

256 2211 535 2272 Ctmcedas
568 2211 780 2271 veniam
809 2217 895 2271 cui
919 2217 1061 2272 tollit
1085 2211 1240 2287 culpa
1264 2230 1543 2272 coronam.

684 2303 870 2361 Oratio
900 2305 1059 2362 Bede
1084 2307 1385 2378 presbyteri.

329 2381 374 2440 0
401 2384 542 2457 Deus
568 2393 789 2457 teternc,
815 2384 1017 2443 mundo
1040 2400 1166 2457 spes
1195 2387 1361 2454 unica,
1380 2388 1536 2452 vitae,

257 2455 334 2528 Da
366 2456 495 2510 mihi
529 2455 841 2528 suffragium
868 2455 1101 2528 intanto
1126 2457 1440 2528 discrimine
1475 2458 1690 2513 ﬁrmum
1718 2499 1732 2524 ,

254 2523 334 2600 ﬂe
354 2523 818 2600 caro_s'ttccunibat
841 2526 1033 2583 validis
1057 2527 1272 2600 inﬁrma
1298 2529 1582 2600 tyrannis;

255 2594 590 2670 itesimilem
620 2597 810 2664 cineri,
836 2606 1124 2670 ventoque,
1147 2594 1458 2670 umbraeque
1487 2609 1756 2655 memento
1780 2619 1794 2654 :

256 2667 364 2752 §ed
394 2677 498 2750 tuae
519 2677 775 2750 perpetuo
798 2667 1162 2752 pietatisquze
1191 2669 1356 2752 fulget
1371 2667 1452 2752 'a_b
1480 2685 1599 2752 aevo

254 2737 632 2811 Tegmine‘qui
663 2737 844 2796 carnis
866 2737 1092 2797 veniens
1119 2737 1350 2811 vestit'ur
1376 2741 1446 2795 ab
1470 2739 1581 2797 alto

251 2810 447 2882 Aerias
471 2810 599 2882 caro
625 2826 736 2881 quo
759 2819 942 2882 posset
971 2810 1255 2868 devincere
1281 2810 1442 2866 ﬂatus

252 2876 446 2954 {milia
467 2883 512 2936 si
537 2876 840 2954 fremitent,
862 2882 1188 2938 condamnet
1209 2892 1266 2939 et
1293 2883 1501 2939 hostica
1527 2881 1718 2954 salpix,

257 2948 335 3005 Te
367 2950 504 3008 duce
527 2951 726 3008 fidente
754 2953 926 3009 facilis
952 2954 1179 3009 victoria
1214 2955 1351 3010 ditet
1379 2994 1393 3019 ,

253 3019 416 3096 iiibcr
439 3033 498 3077 ut
526 3038 556 3076 a
582 3023 790 3096 laqueis
803 3032 919 3096 tete
944 3033 1259 3096 protegente
1281 3025 1580 3096 profundis,

252 3088 322 3166 Et
348 3107 441 3148 rex
475 3088 670 3164 magne
692 3095 767 3149 tui
783 3088 983 3166 ﬂorere
1003 3088 1509 3166 per'edita'templi.

252 3160 393 3220 Nam
420 3173 509 3218 tua
535 3160 718 3221 nostra
747 3163 864 3240 μω..
893 3160 1101 3239 noster]
1130 3181 1284 3222 amor
1306 3160 1587 3240 sitit'_atria
1614 3208 1629 3233 ,
1669 3167 1828 3224 dulce

749 3236 766 3240 ⁷
1081 3236 1100 3239 ⁷
1424 3236 1724 3311 [decusque

252 3303 452 3362 Audiat
477 3307 721 3380 angelico
746 3307 930 3363 dulces
957 3322 1063 3378 qua
1093 3307 1334 3364 carmina
1365 3307 1571 3364 laudes.

821 3396 952 3452 Item
987 3397 1240 3470 ejusdem.

324 3481 454 3540 Fida
486 3497 712 3540 manens
743 3483 954 3539 miseris
977 3485 1125 3542 solus
1148 3485 1200 3539 in
1232 3502 1333 3540 axe
1362 3485 1507 3540 salus
1529 3527 1542 3544 .

253 3555 318 3627 Et
342 3554 601 3627 famulum
623 3570 655 3610 a
683 3555 977 3627 neee,Rex
1010 3572 1222 3627 magne.
1259 3565 1411 3613 tuere
1441 3569 1612 3612 tuum.

252 3625 309 3698 ξι
336 3626 450 3682 sola
480 3626 778 3698 innumeris
810 3626 968 3684 obvia
997 3625 1302 3698 tela'paret.

249 3694 525 3768 Gramiuis
553 3707 717 3768 utque
742 3697 905 3768 decor
933 3698 1021 3754 sic
1040 3694 1158 3754 utea
1191 3698 1304 3754 vita
1326 3697 1461 3768 fugit

251 3767 460 3838 Eripiat
489 3784 704 3838 semper
727 3767 935 3824 fraudis
961 3769 1027 3825 ab
1051 3783 1148 3824 ore
1175 3779 1348 3824 tuum.

249 3838 484 3921 Ancipiti
511 3838 826 3921 cltelxdrum
852 3842 1090 3912 percutis
1104 3855 1251 3921 ense
1264 3839 1436 3895 ferum

252 3907 318 3980 [ﬁt
349 3924 479 3980 vaga
505 3907 762 3980 signifero
793 3907 974 3966 vetere
999 3920 1178 3967 castra
1217 3913 1325 3968 Deo
1356 3952 1372 3976 .
1490 3963 1496 3971 .

253 3978 505 4048 Truxque
534 3978 756 4036 cruenta
783 3981 914 4037 citet
941 3983 1095 4038 miles
1125 3983 1178 4038 in
1207 3998 1359 4038 arma
1393 3997 1539 4049 suos,

251 4049 398 4126 Nova
431 4049 526 4105 tibi
561 4049 739 4106 nullus
771 4062 987 4126 pectora
1019 4055 1203 4126 turbat
1230 4054 1449 4126 hydros.

249 4121 793 4177 Al.ithrooe-merear
819 4123 955 4178 lucis
983 4125 1134 4179 adire
1159 4121 1281 4178 vias'
1301 4165 1315 4188 ,

249 4193 426 4264 Atque
452 4193 621 4264 sacris
653 4207 904 4264 superum
933 4194 1106 4251 celsus
1132 4195 1320 4250 adesse
1354 4197 1536 4252 choris
1560 4239 1576 4261 ,

250 4263 483 4337 tlernere
503 4263 767 4334 gloriticét
794 4263 914 4319 beta
939 4281 1038 4337 per
1061 4281 1192 4319 arva
1213 4267 1406 4322 domus

252 4332 420 4389 David
443 4332 654 4406 quoque
677 4351 893 4394 sacrum
923 4332 1174 4407 personet
1197 4352 1290 4392 ore
1319 4339 1503 4393 melos.

678 4424 863 4482 Oratio
891 4430 1060 4482 sancti
1089 4430 1388 4499 Augustini.

323 4505 463 4582 Deus
496 4509 864 4582 universitatis
884 4509 1160 4582 conditor,
1195 4519 1388 4580 pra-sta
1415 4511 1553 4582 mihi
1586 4512 1821 4582 primum

1253 372 1597 432 APPENDIX
1635 371 1723 428 iV.
1763 404 1833 414 —
1870 376 2206 436 LIBELLUS
2244 377 2545 436 PRECUM.

1675 458 1678 462 '
1869 495 1912 548 Α
1943 505 2072 571 pera
2121 491 2382 562 quidquid
2411 490 2491 546 vis
2524 508 2535 543 :
2570 489 2662 544 sed
2689 502 2835 571 sana
2872 495 2930 543 et
2971 485 3126 571 aperi
3174 497 3333 571 aures
3363 501 3509 570 nicas

3377 371 3513 428 f5?!

1943 557 2155 630 quibus
2183 557 2370 618 vocem
2413 572 2560 616 tuam
2598 560 2814 615 audiam
2845 575 2858 614 :
2894 557 2987 630 sed
3016 567 3071 613 et
3098 571 3228 630 sana
3257 566 3312 611 et
3362 559 3510 630 aperi

1941 625 2127 702 oculos
2147 647 2316 702 meos,
2342 631 2539 702 quibus
2562 638 2725 686 nutus
2757 638 2878 702 tuos
2905 629 3135 685 videam.
3164 625 3352 702 P_ateat
3377 625 3508 702 mibi

1941 701 2171 772 pulsanti
2187 697 2793 772 ianua-tua.Quomodo
2815 699 2886 772 ad‘
2908 707 2959 755 te
2987 697 3352 772 perveniatur,
3377 699 3510 772 doce

1943 768 2059 842 ine;
2085 768 2239 842 nihil
2260 773 2406 827 aliud
2426 768 2592 828 habes
2620 787 2783 842 quam
2806 768 3134 842 voluntatem
3153 807 3169 833 ,
3201 769 3336 824 nihil
3365 768 3510 826 aliud

1941 841 2055 898 scio
2093 843 2197 898 nisi
2223 841 2362 898 fluxa
2386 851 2440 898 et
2469 841 2670 898 caduca
2720 841 3025 911 spernenda
3057 854 3210 906 esse,
3265 848 3409 911 certa
3455 847 3514 897 et

1939 921 2141 984 mterna
2205 913 2705 984 require:nda._lloc
2751 909 2903 967 iacio
2929 952 2942 977 ,
3001 909 3201 984 Pater,
3244 910 3371 980 quia
3410 911 3511 984 h_oc

1941 982 2114 1038 solum
2143 980 2306 1048 novi,
2353 984 2447 1039 sed
2473 982 2613 1038 unde
2637 984 2704 1038 ad
2729 991 2781 1038 te
2805 983 3152 1053 perveniatur
3191 983 3398 1053 ignoro.
3425 980 3506 1053 '[u

1941 1053 2072 1125 mihi
2101 1069 2365 1125 suggere,
2401 1065 2457 1109 tu
2494 1053 2718 1125 ostende
2741 1093 2756 1118 ,
2802 1050 2861 1125 ιιι
2905 1053 3160 1125 viaticum
3186 1050 3392 1125 ⁸ρι’τιιιιιξ.
3448 1050 3507 1125 Si

1939 1122 2047 1194 ﬁde
2084 1133 2137 1179 te
2165 1120 2448 1180 inveniunt
2480 1124 2572 1194 qui
2601 1123 2668 1180 ad
2695 1131 2748 1179 te
2775 1122 3087 1194 refugiunt,
3129 1120 3288 1194 fidem
3329 1122 3394 1176 da
3424 1139 3435 1174 :
3463 1123 3508 1176 si

1939 1193 2141 1250 virtute
2167 1196 2423 1252 virtutem
2465 1191 2558 1251 z'si
2587 1194 2837 1257 scientia,
2859 1191 3160 1249 scientiam.
3177 1191 3337 1262 Auge
3356 1206 3508 1262 spem

1942 1264 2128 1338 inme,
2153 1281 2288 1338 auge
2322 1264 2502 1332 fidem,
2538 1280 2674 1338 auge
2706 1264 3055 1338 charitatem.
3099 1263 3300 1338 sancte
3325 1261 3506 1338 Petro,

1941 1334 2214 1407 intercede
2228 1333 2333 1406 pro
2356 1336 2592 1407 peccatis
2613 1333 2767 1399 meis,
2799 1343 2984 1407 sancte
3023 1333 3214 1407 Paule,
3231 1334 3504 1407 intercede

1940 1421 2038 1475 pro
2087 1404 2487 1462 infirmitatibus
2526 1407 2914 1475 meis,_sancte
2957 1404 3190 1468 Andrea,
3232 1404 3506 1475 intercede

1937 1473 2038 1546 pro
2057 1475 2282 1546 piaculis
2304 1477 2457 1546 meis,
2482 1487 2666 1534 sancte
2686 1473 2908 1541 Jacobe,
2933 1474 3204 1546 intercede
3224 1489 3322 1544 pro
3336 1473 3505 1546 malis

1939 1543 2098 1612 mei},
2123 1555 2309 1604 sancte
2327 1544 2584 1613 Joannes,
2609 1556 2819 1603 amator
2849 1545 3082 1610 Domini,
3109 1543 3384 1600 intercede
3402 1560 3502 1614 pro

1939 1617 2258 1673 miserrimis
2301 1616 2458 1673 factis
2495 1619 2654 1684 meis,
2694 1625 2880 1673 sancte
2922 1615 3184 1686 Philippe,
3229 1615 3505 1686 intercede

1938 1703 2037 1758 pro
2065 1689 2216 1743 vanis
2236 1688 2648 1757 cogitationibus
2676 1689 2810 1742 meis
2827 1728 2842 1752 ,
2885 1685 3079 1741 sancte
3107 1685 3503 1758 iiartbolmucc,

1939 1757 2210 1829 intercede
2238 1775 2337 1829 pro
2367 1759 2691 1815 criminibus
2717 1761 2864 1818 meis.
2893 1765 3075 1813 sancte
3107 1757 3376 1829 Mattltzee,
3407 1769 3508 1829 pro

1942 1825 2316 1898 iuiquitatiius
2344 1831 2494 1889 meis.
2527 1839 2714 1898 sancte
2739 1830 2964 1895 Thoma,
2994 1827 3265 1883 intercede
3289 1842 3387 1897 pro
3409 1825 3506 1882 do-

1940 1897 2081 1954 lictis
2125 1901 2278 1965 meis,
2304 1911 2490 1956 sancte
2518 1897 2735 1962 Jacobe,
2770 1899 3043 1954 intercede
3074 1914 3169 1968 pro
3210 1897 3508 1968 sceleribus

1939 1971 2096 2036 meis,
2115 1980 2300 2026 sancte
2322 1968 2557 2036 Thadcc,
2579 1971 2849 2026 intercede
2870 1985 2967 2039 pro
2985 1967 3510 2039 transgressionibus

1937 2042 2096 2106 meis,
2121 2049 2308 2098 sancte
2336 2039 2542 2107 Simon,
2567 2042 2840 2097 intercede
2862 2038 2962 2109 pro
2985 2039 3235 2095 ornuibus
3257 2038 3508 2094 vanitati-

1865 2136 1871 2144 -
1937 2109 2040 2167 bus
2087 2112 2258 2177 meis,
2305 2121 2488 2167 sancte
2534 2111 2778 2176 Matthia,
2832 2109 3104 2167 intercede
3131 2125 3230 2180 pro
3275 2109 3508 2166 occultis

1937 2182 2089 2237 meis.
2115 2181 2352 2238 Obsecro
2376 2197 2471 2237 vos
2489 2198 2677 2239 omnes
2697 2181 2966 2250 apostolos
2986 2180 3209 2245 Christi,
3233 2197 3328 2251 per
3354 2195 3505 2235 com-

1938 2254 2379 2309 memorationem
2413 2262 2670 2317 vestram,
2707 2262 2765 2309 ut
2795 2253 2926 2308 mihi
2949 2266 3110 2308 servo
3130 2262 3314 2306 vestro
3339 2251 3505 2305 misc-

1937 2323 2162 2379 reamini
2185 2363 2200 2389 .
2224 2331 2279 2380 et
2308 2339 2393 2379 me
2416 2325 2469 2379 in
2509 2326 2654 2380 omni
2703 2324 3023 2380 necessitate
3049 2322 3315 2392 adiutorio
3350 2321 3503 2391 adju-

1935 2394 2090 2466 vetis.
2141 2393 2289 2466 Rogo
2343 2410 2536 2450 novem
2585 2393 2803 2466 ordines
2843 2393 3154 2466 angelorum
3179 2431 3196 2456 ,
3238 2392 3511 2466 angelos,

1934 2462 2308 2538 archangelos,
2338 2462 2940 2538 virtutes,pri_n_cipatus;
2969 2471 3265 2538 potestates
3284 2503 3299 2526 ,
3323 2462 3506 2538 domi-

1934 2534 2200 2606 nationes,
2223 2536 2467 2600 thronos,
2494 2534 2792 2600 cherubim,
2828 2544 2883 2591 et
2909 2534 3202 2606 serapbim,
3236 2534 3299 2589 ἰιι
3335 2535 3503 2606 inter-

1933 2605 2138 2677 cedatis
2162 2621 2261 2677 pro
2284 2622 2387 2670 me,
2412 2614 2473 2661 ut
2495 2605 2566 2660 sit
2591 2606 2722 2662 mihi
2767 2603 3309 2677 propitius'Christus
3335 2603 3507 2677 Filius

1935 2676 2030 2732 Dei
2057 2675 2189 2749 vivi,
2223 2686 2278 2731 et
2305 2677 2728 2749 turiset'icord_iam
2756 2675 2878 2749 ejus
2895 2675 3150 2749 consequi
3176 2692 3394 2749 merear
3417 2675 3507 2732 hic

1931 2756 1987 2803 et
2013 2749 2068 2804 in
2103 2747 2300 2802 futuro.
2335 2747 2570 2803 Obsecro
2598 2745 2814 2803 divitias
2860 2747 3119 2804 bonitatis
3148 2755 3275 2811 tum,
3298 2756 3352 2802 et
3383 2745 3504 2800 lon-

1968 2819 2263 2874 animitatis
2291 2828 2415 2883 tuae,
2445 2827 2501 2873 et
2525 2819 2795 2888 patientia:
2822 2827 2947 2885 tum,
2971 2815 3097 2874 Jesu
3139 2816 3374 2880 Christe,
3404 2816 3505 2872 Fili

2012 2889 2028 2944 i
2061 2891 2198 2954 vivi,
2242 2889 2490 2945 Salvator
2513 2899 2570 2944 et
2599 2889 2924 2959 Redemptor
2967 2888 3190 2952 mundi,
3222 2897 3280 2942 ut
3320 2888 3504 2958 propi-

1931 2960 2040 3016 tius
2062 2959 2160 3016 fias
2189 2962 2320 3016 mihi
2349 2962 2619 3030 peccatori
2639 3002 2652 3025 ,
2690 2961 2780 3031 qui
2813 2976 2925 3016 non
2944 2959 3026 3015 vis
3049 2968 3276 3031 mortem
3307 2974 3515 3031 pecco--

1931 3032 2098 3101 toris,
2146 3032 2240 3088 sed
2287 3028 2364 3086 ut
2389 3028 2734 3087 convertatur
2759 3039 2814 3086 ct
2840 3031 3006 3085 vivat.
3055 3028 3170 3085 Non
3194 3029 3506 3101 exstingues

1931 3099 2099 3157 linum
2146 3102 2499 3170 fumigantem
2537 3109 2594 3156 et
2650 3101 2968 3156 arundinem
3023 3109 3334 3170 quassatam
3382 3099 3519 3170 non:

1931 3171 2259 3245 mnu-iuges.
2285 3168 2405 3245 'Fac
2429 3187 2515 3228 me
2537 3173 2678 3228 sicut
2704 3187 2868 3245 unum
2905 3171 2974 3228 de
2994 3168 3343 3245 mercenariis
3375 3168 3503 3234 tuis.

1850 3222 1900 3286 ε
1932 3222 2270 3300 arguas};
2297 3222 2892 3307 ῐὲἷιιζξιέἱῆιῖξιιῖιῖειιέ,
2911 3222 2974 3296 Ei
2994 3222 3354 3298 ratione;
3383 3222 3516 3307 tu};

1931 3313 2071 3370 sicut
2092 3315 2148 3370 in
2174 3314 2312 3371 coelo
2339 3324 2392 3370 et
2419 3313 2472 3370 in
2502 3322 2669 3370 terra.
2697 3314 2773 3369 Da
2796 3313 2948 3379 mihi,
2971 3311 3503 3382 Domine,.compun-
3601 3351 3606 3355 .

1929 3384 2165 3441 ctionem
2191 3385 2371 3442 cordis
2417 3392 2472 3456 et
2512 3384 2817 3456 lacrymas,
2859 3391 2919 3439 ut
2954 3380 3177 3439 defleam
3202 3380 3408 3456 diebus
3440 3397 3508 3439 ae

1929 3456 2178 3527 noctibus
2201 3471 2391 3512 omnes
2409 3455 2524 3512 dies
2543 3451 3034 3527 negligentimmem
3050 3469 3172 3527 cum
3201 3451 3519 3527 humilitate-

1929 3533 1986 3599 et
2013 3526 2250 3599 puritate
2272 3527 2452 3584 cordis
2471 3534 2528 3599 et
2551 3524 2846 3599 charitate._
2865 3524 3162 3599 Appropiet
3176 3524 3354 3599 ora_tio
3381 3539 3500 3599 mea

1930 3598 1992 3670 iu;
2007 3595 2296 3670 conspectu
2325 3609 2440 3663 tuo,
2472 3597 2714 3670 Domine.
2748 3597 2804 3651 Si
2835 3595 3014 3650 iratus
3029 3595 3216 3660 fueris,
3256 3595 3502 3670 Domine,

1924 3666 2213 3724 adversum
2234 3683 2341 3734 me,
2371 3683 2535 3738 quem
2555 3667 2854 3737 adjutorem
2889 3683 3092 3738 quzero,
3124 3675 3216 3720 aut
3243 3667 3365 3738 quis
3382 3666 3504 3738 7mi-

1927 3740 2196 3796 serebitur
2225 3736 2632 3795 inﬁrmitatibus
2653 3739 2822 3794 meis?
2868 3736 3134 3793 Memento
3180 3737 3323 3806 quod
3361 3736 3505 3793 Cha-—

1927 3823 2175 3882 nanum
2204 3818 2262 3866 et
2297 3808 2643 3882 publicanum
2680 3809 2884 3882 vocasti
2911 3809 2977 3882 ad
3004 3808 3374 3882 paenitentiam
3401 3848 3416 3871 ,
3445 3816 3500 3862 et

1926 3879 2146 3937 Petrum
2163 3877 2545 3953 lacrimantem
2563 3881 2868 3951 suscepisti,
2882 3877 3299 3953 clementissime
3321 3877 3498 3938 Pater.

1925 3952 2006 4007 sic
2034 3959 2091 4006 et
2117 3949 2289 4008 meas'
2312 3953 2586 4006 orationes
2632 3949 2865 4021 suscipe,
2911 3950 3218 4004 misericors
3252 3949 3410 4011 Deus,
3446 3957 3506 4004 et

1927 4021 2073 4078 salva
2096 4037 2181 4078 me
2205 4021 2470 4085 Salvator,
2498 4023 2704 4084 mundi,
2732 4023 2825 4093 qui
2855 4022 2990 4076 vivis
3011 4028 3066 4075 et
3101 4037 3292 4092 regnas
3321 4021 3375 4078 in
3403 4037 3512 4078 sat--

1926 4094 2046 4149 cuia
2074 4093 2411 4149 saeculorum.
2446 4093 2636 4149 Amen.

2501 4203 2632 4260 Item
2664 4205 2914 4275 ejusdem.

1997 4297 2154 4353 Salva
2190 4313 2293 4360 me,
2326 4296 2579 4360 Domine,
2611 4312 2700 4351 rev
2741 4305 2959 4353 :ctt-rua:
2983 4298 3198 4368 gloriae,
3231 4301 3322 4368 qui
3351 4301 3505 4355 solus

1923 4382 2077 4442 potes
2099 4369 2326 4442 salvarc.
2357 4369 2430 4423 Da
2451 4368 2663 4442 niihiet
2685 4368 2821 4425 velle
2847 4377 2901 4442 et
2925 4371 3216 4442 operariet
3241 4371 3501 4439 perlicere

1923 4438 2043 4511 qua:
2070 4441 2165 4496 tibi
2191 4439 2417 4512 placent
2439 4447 2498 4494 et
2532 4438 2665 4512 mihi
2699 4438 3007 4511 expediunt.
3042 4439 3114 4494 Da
3143 4439 3194 4494 in
3226 4438 3519 4509 perturba».

1926 4509 2150 4569 tione‘et
2184 4509 2528 4567 tribulatione
2549 4509 2842 4576 auxilium...
2878 4511 2929 4565 in
2960 4512 3331 4580 persecutione
3359 4511 3499 4566 sola-

248 4584 311 4652 ut
336 4585 386 4631 te
411 4573 548 4632 bene
576 4593 782 4652 rogem,
812 4579 1004 4652 deinde
1031 4589 1090 4634 ut
1129 4573 1214 4652 me
1241 4596 1370 4648 agas
1395 4573 1616 4652 dignum
1656 4597 1818 4652 quem
1849 4595 1895 4652 υ
1923 4584 2076 4648 tium,
2109 4591 2165 4638 et
2192 4583 2246 4638 in
2273 4583 2419 4638 omni
2443 4592 2686 4652 tempore
2725 4573 3038 4638 tentationis
3069 4583 3344 4639 virtutem.
3377 4583 3496 4638 'l‘ri-

248 4644 464 4722 liberes,
498 4644 708 4718 postulo
731 4650 836 4704 Eum
866 4657 926 4706 ut
954 4650 1168 4706 liberes.
1195 4644 1338 4722 Deus
1359 4692 1374 4715 ,
1405 4644 1561 4722 cujus
1595 4644 1692 4709 nos
1727 4669 1817 4709 ex-

249 4718 385 4774 citat
433 4718 606 4804 imes,
637 4736 758 4804 spes
785 4723 946 4804 erigit
976 4763 990 4787 ,
1021 4722 1260 4804 ollaritas
1279 4718 1690 4804 jungitEﬁDeus,
1719 4740 1819 4795 per

249 4805 410 4860 quem
438 4792 698 4865 vincimus
741 4792 1040 4857 inimicum,
1097 4802 1150 4850 te
1187 4793 1469 4863 deprecor,
1513 4794 1676 4860 Deus,
1719 4792 1818 4865 per

249 4877 409 4936 quem
437 4863 732 4932 accipimus
775 4865 1113 4936 uegotnnino
1128 4879 1430 4934 pereamus.
1461 4865 1622 4929 Deus,
1649 4882 1679 4919 a
1707 4863 1817 4936 quo

250 4932 602 5005 atlmoucmur
647 4943 706 4988 ut
751 4935 1070 5005 vigilemus;
1104 4932 1262 5000 licus,
1309 4949 1406 5005 per
1431 4950 1591 5005 quem
1617 4932 1758 4991 bona
1784 4953 1812 4989 a

250 5002 407 5078 malis
435 5019 714 5078 speramus
738 5021 763 5078 ;A
787 5002 928 5060 Deus
952 5019 1048 5074 per
1075 5022 1234 5075 quem
1261 5002 1402 5078 mala
1442 5002 1677 5078 fugimus
1701 5046 1714 5070 ,
1759 5015 1815 5062 et

248 5072 386 5146 bona
402 5072 722 5146 sequimur;
746 5075 905 5140 Deus,
934 5072 1031 5145 per
1049 5072 1210 5146 quem
1232 5092 1335 5130 non
1358 5072 1603 5131 laedimur
1621 5079 1814 5134 adver-

249 5142 531 5216 sitatihus';
565 5145 704 5200 Deus
732 5162 827 5216 per
851 5142 1011 5215 quem
1039 5142 1176 5202 bene
1191 5145 1454 5201 servimus
1482 5155 1535 5202 et
1558 5149 1694 5203 bene
1717 5149 1813 5204 do-

249 5215 518 5290 minamur
539 5215 746 5282 ;‘i‘mms,
771 5232 869 5288 per
892 5232 1054 5287 quem
1077 5218 1329 5278 dicimus,
1361 5217 1532 5290 aliena
1554 5233 1673 5275 esse
1690 5235 1810 5290 qua:

197 5355 200 5358 .
249 5283 536 5359 aliquando
556 5297 737 5342 nostra
760 5283 817 5342 ct
840 5283 1030 5359 nostra
1047 5303 1168 5343 esse
1188 5303 1308 5358 qua:
1328 5288 1614 5359 aliquando
1632 5283 1806 5346 alicna

269 5357 590 5421 uttabamtts,
620 5359 836 5423 exaudi,
866 5358 1082 5423 exaudi,
1108 5357 1300 5414 exaudi
1333 5357 1440 5423 me,
1473 5358 1614 5415 Deus
1634 5376 1805 5425 meus,

277 5429 474 5483 lomine
501 5444 650 5484 meus
674 5469 688 5490 ,
720 5428 828 5483 Rex
855 5446 1027 5491 meus,
1054 5429 1213 5484 Pater
1238 5445 1392 5485 meus
1413 5471 1428 5495 ,
1453 5445 1617 5484 causa
1643 5446 1760 5487 mea
1787 5473 1800 5494 ,

248 5512 336 5570 res
365 5513 505 5561 mea,
545 5500 716 5554 honor
748 5516 918 5563 meus,
945 5501 1134 5554 domus
1165 5516 1304 5563 mea,
1335 5501 1510 5570 patria
1552 5517 1690 5562 mea.
1725 5519 1810 5556 sa-

247 5567 329 5620 lus
358 5584 492 5635 mea,
517 5571 603 5624 lux
632 5587 774 5633 mea,
799 5571 906 5625 vita
937 5587 1080 5635 mea,
1101 5572 1316 5634 exaudi,
1336 5567 1588 5635 'exaudi,
1611 5573 1806 5627 exaudi

249 5652 352 5711 me,
386 5639 630 5701 Domine,
657 5656 807 5711 more
838 5650 930 5697 tuo
954 5641 1046 5696 illo
1069 5642 1255 5711 paucis
1274 5641 1574 5698 notissimo.
1605 5641 1724 5698 Jam
1756 5652 1812 5698 to

247 5706 421 5783 solum
456 5724 598 5783 amo,
627 5719 678 5765 te
705 5710 875 5766 solum
911 5706 1130 5782 sequor,
1161 5721 1214 5768 te
1241 5712 1412 5768 solum
1457 5728 1662 5783 quaero,
1711 5713 1809 5769 tibi

247 5777 362 5861 soli
395 5781 597 5864 servire
626 5791 844 5862 paratus
871 5777 1033 5864 sum.)
1062 5784 1186 5864 quia
1215 5791 1272 5839 tu
1297 5784 1442 5839 solus
1457 5777 1603 5864 fuste
1629 5784 1808 5864 domi-

248 5850 415 5907 naris.
448 5849 546 5907 Tui
568 5849 706 5923 juris
728 5868 847 5911 esse
880 5853 1058 5926 cupio,
1081 5849 1232 5924 iube,
1263 5849 1476 5926 quasso;
1505 5863 1665 5928 atque
1703 5855 1808 5914 im-

1923 4656 2026 4710 bue
2047 4653 2177 4709 mihi
2199 4653 2266 4708 de
2288 4654 2582 4724 praeteritis
2611 4655 2764 4709 malis
2791 4653 3030 4717 veniam,
3051 4652 3118 4707 de
3138 4655 3495 4723 praesentibus

1925 4726 2069 4781 vitiis
2096 4724 2560 4797 eitleudationem,
2603 4725 2678 4780 de
2711 4723 3011 4797 futurisque
3036 4725 3271 4797 peccatis
3313 4725 3494 4797 largiri

1923 4796 2161 4866 digneris
2188 4796 2510 4852 custodiam.
2533 4796 2671 4850 Deus
2691 4796 2781 4863 qui
2809 4795 3068 4866 pncscius
3089 4811 3148 4849 es
3167 4795 3497 4861 futurorum,

1921 4865 2012 4938 qui
2028 4876 2309 4938 transacta
2339 4867 2483 4920 velut
2509 4867 2788 4938 prresentia
2818 4865 3104 4935 conspicis,
3135 4873 3212 4929 tu,
3245 4866 3505 4938 homines

1920 4937 2106 4994 Oculos
2134 4939 2312 4993 cordis
2339 4939 2444 4992 mei
2474 4937 2685 5005 aperire
2719 4937 2971 5006 dignare,
3011 4943 3066 4990 et
3102 4937 3494 5006 acceptabilem

1921 5009 2018 5064 tibi
2057 5009 2144 5064 fac
2175 5010 2409 5079 animam
2437 5022 2633 5070 meam,
2665 5015 2724 5061 ut
2747 5019 2960 5079 semper
2983 5015 3108 5061 tuus
3126 5023 3278 5079 amor
3303 5017 3490 5079 pectus

1917 5093 2097 5135 meum
2127 5076 2453 5140 inﬂammet,
2503 5086 2556 5130 et
2599 5093 2695 5146 per
2733 5078 2874 5131 diem
2903 5084 3082 5132 tecum
3123 5077 3193 5130 sit
3235 5076 3492 5133 fabulatio

1915 5166 2060 5216 mea,
2091 5159 2146 5206 et
2178 5165 2274 5219 per
2309 5159 2519 5205 noctem
2555 5146 2915 5203 visitationem
2947 5157 3091 5202 tuam
3118 5163 3434 5219 cognoscam
3472 5167 3485 5202 :

1911 5223 2040 5295 quia
2085 5217 2259 5295 dulcia
2292 5229 2428 5295 sunt
2453 5220 2664 5295 eloquia
2695 5229 2785 5273 tua
2809 5260 2821 5277 .
2844 5219 3114 5295 Domine,
3159 5217 3211 5272 in
3245 5217 3496 5276 faucibus
3529 5247 3533 5252 τ

1911 5290 2074 5357 fucis,
2113 5291 2325 5360 suscipe
2350 5291 2596 5360 spiritum
2632 5305 2812 5345 meum
2841 5290 2898 5344 iu
2925 5297 3013 5342 tua
3047 5300 3302 5361 perpetua
3333 5304 3484 5359 pace.

1913 5363 1990 5418 Te
2018 5364 2232 5425 invoco,
2269 5361 2514 5426 Domine,
2545 5361 2638 5415 cui
2673 5361 2935 5415 assistunt
2961 5377 3150 5415 omnes
3179 5361 3328 5415 chori
3371 5377 3491 5416 sanv

1910 5441 2154 5498 ctonun,
2190 5440 2244 5486 et
2270 5431 2570 5502 gloriﬁcant
2597 5447 2720 5486 cum
2759 5431 2952 5487 timore
2977 5439 3034 5486 et
3070 5439 3304 5488 tremore
3333 5449 3346 5486 :
3380 5433 3491 5488 noli

1913 5503 2285 5574 derelinquere
2321 5502 2556 5574 animam
2592 5517 2801 5574 meam,
2847 5512 2904 5557 ut
2940 5503 3395 5574 nouﬁdomin'ctnr
3436 5507 3489 5559 ei

1910 5589 2072 5644 quem
2101 5583 2156 5628 tu
2190 5573 2477 5629 confudisti
2507 5573 2558 5626 in
2584 5573 2853 5628 desiderio
2883 5583 2993 5628 tuo.
3034 5573 3111 5628 Te
3144 5575 3334 5628 invoco
3360 5573 3480 5628 illu-

1913 5643 2233 5714 minatorem
2261 5644 2617 5700 hominumet
2636 5645 2961 5714 salvatorem
2985 5651 3042 5699 et
3070 5643 3480 5714 redemptorem.

1907 5712 2095 5770 Clamo
2134 5715 2200 5771 ad
2229 5723 2300 5780 te,
2331 5714 2526 5782 exaudi
2553 5729 2639 5770 me
2659 5755 2674 5778 ,
2713 5713 2970 5776 Domine.
3001 5723 3056 5770 et
3085 5714 3233 5770 solve
3252 5712 3485 5771 vincula

1910 5794 2254 5855 peccatorum
2281 5800 2554 5852 meorum,
2586 5785 2640 5841 in
2675 5785 2871 5856 quibus
2904 5788 3237 5844 constrictus
3265 5795 3486 5852 teneor.

1910 5856 2002 5926 qui
2031 5871 2150 5912 cum
2177 5856 2367 5925 Patre,
2386 5865 2493 5913 etc.
