  <div class='ocr_page' id='page_1' title='image "/cluster/home/n/w/nwhite01/storage/ocr_20150623/101/umn.31951002477394h/716.png"; bbox 0 0 4086 6484; ppageno 0'>
   <div class='ocr_carea' id='block_1_1' title="bbox 273 381 408 436">
    <p class='ocr_par' dir='ltr' id='par_1_1' title="bbox 273 381 408 436">
     <span class='ocr_line' id='line_1_1' title="bbox 273 381 408 436; baseline 0 0"><span class='ocrx_word' id='word_1_1' title='bbox 273 381 408 436; x_wconf 71' lang='grc'><strong>1405</strong></span> 
     </span>
    </p>
   </div>
   <div class='ocr_carea' id='block_1_2' title="bbox 1279 377 2579 436">
    <p class='ocr_par' dir='ltr' id='par_1_2' title="bbox 1279 377 2579 436">
     <span class='ocr_line' id='line_1_2' title="bbox 1279 377 2579 436; baseline 0 -3"><span class='ocrx_word' id='word_1_2' title='bbox 1279 377 1626 434; x_wconf 75' lang='lat' dir='ltr'><strong>APPENDIX</strong></span> <span class='ocrx_word' id='word_1_3' title='bbox 1665 377 1752 434; x_wconf 77' lang='lat' dir='ltr'><strong>IV.</strong></span> <span class='ocrx_word' id='word_1_4' title='bbox 1795 411 1864 420; x_wconf 81' lang='lat'><strong>———</strong></span> <span class='ocrx_word' id='word_1_5' title='bbox 1903 378 2239 436; x_wconf 77' lang='lat' dir='ltr'><strong>LIBELLUS</strong></span> <span class='ocrx_word' id='word_1_6' title='bbox 2277 379 2579 434; x_wconf 63' lang='grc' dir='ltr'><strong>Ριιεειξλί.</strong></span> 
     </span>
    </p>
   </div>
   <div class='ocr_carea' id='block_1_3' title="bbox 3405 379 3544 434">
    <p class='ocr_par' dir='ltr' id='par_1_3' title="bbox 3405 379 3544 434">
     <span class='ocr_line' id='line_1_3' title="bbox 3405 379 3544 434; baseline -0.007 -1"><span class='ocrx_word' id='word_1_7' title='bbox 3405 379 3426 433; x_wconf 81' lang='lat' dir='ltr'><strong>l</strong></span> <span class='ocrx_word' id='word_1_8' title='bbox 3440 380 3544 434; x_wconf 63' lang='lat' dir='ltr'><strong>ltili</strong></span> 
     </span>
    </p>
   </div>
   <div class='ocr_carea' id='block_1_4' title="bbox 269 491 3542 563">
    <p class='ocr_par' dir='ltr' id='par_1_4' title="bbox 269 491 3542 563">
     <span class='ocr_line' id='line_1_4' title="bbox 269 491 3542 563; baseline -0.001 -13"><span class='ocrx_word' id='word_1_9' title='bbox 269 504 564 551; x_wconf 81' lang='lat' dir='ltr'><strong>creatorem</strong></span> <span class='ocrx_word' id='word_1_10' title='bbox 593 507 769 548; x_wconf 85' lang='lat' dir='ltr'><strong>meum</strong></span> <span class='ocrx_word' id='word_1_11' title='bbox 803 492 1054 548; x_wconf 76' lang='lat' dir='ltr'><strong>inclinavi</strong></span> <span class='ocrx_word' id='word_1_12' title='bbox 1086 507 1100 546; x_wconf 90' lang='lat'><strong>:</strong></span> <span class='ocrx_word' id='word_1_13' title='bbox 1131 491 1225 547; x_wconf 80' lang='lat' dir='ltr'><strong>sed</strong></span> <span class='ocrx_word' id='word_1_14' title='bbox 1250 493 1412 563; x_wconf 87' lang='lat' dir='ltr'><strong>etiam</strong></span> <span class='ocrx_word' id='word_1_15' title='bbox 1433 493 1645 548; x_wconf 70' lang='lat' dir='ltr'><strong>caeteris</strong></span> <span class='ocrx_word' id='word_1_16' title='bbox 1676 509 1846 548; x_wconf 89' lang='lat' dir='ltr'><strong>mem-</strong></span> <span class='ocrx_word' id='word_1_17' title='bbox 1878 501 1916 555; x_wconf 82' lang='grc' dir='ltr'><strong>Λ</strong></span> <span class='ocrx_word' id='word_1_18' title='bbox 1951 509 2037 549; x_wconf 88' lang='lat' dir='ltr'><strong>me</strong></span> <span class='ocrx_word' id='word_1_19' title='bbox 2079 493 2417 556; x_wconf 82' lang='lat' dir='ltr'><strong>obvolutum,</strong></span> <span class='ocrx_word' id='word_1_20' title='bbox 2454 494 2506 548; x_wconf 94' lang='lat' dir='ltr'><strong>in</strong></span> <span class='ocrx_word' id='word_1_21' title='bbox 2545 494 2876 562; x_wconf 70' lang='lat' dir='ltr'><strong>malignitate</strong></span> <span class='ocrx_word' id='word_1_22' title='bbox 2917 492 3105 556; x_wconf 88' lang='lat' dir='ltr'><strong>animi,</strong></span> <span class='ocrx_word' id='word_1_23' title='bbox 3145 493 3199 548; x_wconf 90' lang='lat' dir='ltr'><strong>in</strong></span> <span class='ocrx_word' id='word_1_24' title='bbox 3248 493 3542 563; x_wconf 75' lang='lat' dir='ltr'><strong>asperitate</strong></span> 
     </span>
    </p>
   </div>
   <div class='ocr_carea' id='block_1_5' title="bbox 269 562 1844 623">
    <p class='ocr_par' dir='ltr' id='par_1_5' title="bbox 269 562 1844 623">
     <span class='ocr_line' id='line_1_5' title="bbox 269 562 1844 623; baseline -0.002 -1"><span class='ocrx_word' id='word_1_25' title='bbox 269 566 383 622; x_wconf 85' lang='lat' dir='ltr'><strong>l:ris</strong></span> <span class='ocrx_word' id='word_1_26' title='bbox 411 567 461 619; x_wconf 92' lang='lat' dir='ltr'><strong>in</strong></span> <span class='ocrx_word' id='word_1_27' title='bbox 491 564 637 620; x_wconf 90' lang='lat' dir='ltr'><strong>omni</strong></span> <span class='ocrx_word' id='word_1_28' title='bbox 683 562 892 622; x_wconf 84' lang='lat' dir='ltr'><strong>malitia</strong></span> <span class='ocrx_word' id='word_1_29' title='bbox 919 571 1342 619; x_wconf 82' lang='lat' dir='ltr'><strong>consentaneum</strong></span> <span class='ocrx_word' id='word_1_30' title='bbox 1368 562 1492 618; x_wconf 83' lang='lat' dir='ltr'><strong>feci.</strong></span> <span class='ocrx_word' id='word_1_31' title='bbox 1521 563 1628 619; x_wconf 90' lang='lat' dir='ltr'><strong>Cor</strong></span> <span class='ocrx_word' id='word_1_32' title='bbox 1666 580 1844 623; x_wconf 86' lang='lat' dir='ltr'><strong>meum</strong></span> 
     </span>
    </p>
   </div>
   <div class='ocr_carea' id='block_1_6' title="bbox 267 634 1849 709">
    <p class='ocr_par' dir='ltr' id='par_1_6' title="bbox 267 634 1849 709">
     <span class='ocr_line' id='line_1_6' title="bbox 267 634 1849 709; baseline -0.002 -17"><span class='ocrx_word' id='word_1_33' title='bbox 267 636 486 709; x_wconf 74' lang='lat' dir='ltr'><strong>pienum</strong></span> <span class='ocrx_word' id='word_1_34' title='bbox 518 634 661 696; x_wconf 87' lang='lat' dir='ltr'><strong>dolo,</strong></span> <span class='ocrx_word' id='word_1_35' title='bbox 690 643 744 688; x_wconf 90' lang='lat' dir='ltr'><strong>et</strong></span> <span class='ocrx_word' id='word_1_36' title='bbox 765 634 1005 709; x_wconf 81' lang='lat' dir='ltr'><strong>nequitia</strong></span> <span class='ocrx_word' id='word_1_37' title='bbox 1022 635 1708 709; x_wconf 67' lang='lat' dir='ltr'><strong>nunquampurapnrgavi</strong></span> <span class='ocrx_word' id='word_1_38' title='bbox 1734 651 1849 705; x_wconf 66' lang='lat' dir='ltr'><strong>pre-</strong></span> 
     </span>
    </p>
   </div>
   <div class='ocr_carea' id='block_1_7' title="bbox 267 704 1847 776">
    <p class='ocr_par' dir='ltr' id='par_1_7' title="bbox 267 704 1847 776">
     <span class='ocr_line' id='line_1_7' title="bbox 267 704 1847 776; baseline -0.001 -15"><span class='ocrx_word' id='word_1_39' title='bbox 267 704 526 771; x_wconf 63' lang='lat' dir='ltr'><strong>:aitcntia;</strong></span> <span class='ocrx_word' id='word_1_40' title='bbox 588 719 836 774; x_wconf 80' lang='lat' dir='ltr'><strong>saepeque</strong></span> <span class='ocrx_word' id='word_1_41' title='bbox 888 704 1159 776; x_wconf 82' lang='lat' dir='ltr'><strong>diabolica</strong></span> <span class='ocrx_word' id='word_1_42' title='bbox 1201 705 1366 776; x_wconf 89' lang='lat' dir='ltr'><strong>pollui</strong></span> <span class='ocrx_word' id='word_1_43' title='bbox 1413 704 1693 776; x_wconf 80' lang='lat' dir='ltr'><strong>iilusiohe;</strong></span> <span class='ocrx_word' id='word_1_44' title='bbox 1740 704 1847 760; x_wconf 84' lang='lat' dir='ltr'><strong>nec</strong></span> 
     </span>
    </p>
   </div>
   <div class='ocr_carea' id='block_1_8' title="bbox 267 774 1850 848">
    <p class='ocr_par' dir='ltr' id='par_1_8' title="bbox 267 774 1850 848">
     <span class='ocr_line' id='line_1_8' title="bbox 267 774 1850 848; baseline -0.002 -14"><span class='ocrx_word' id='word_1_45' title='bbox 267 791 543 848; x_wconf 81' lang='lat' dir='ltr'><strong>nunquam</strong></span> <span class='ocrx_word' id='word_1_46' title='bbox 563 776 696 831; x_wconf 82' lang='lat' dir='ltr'><strong>satis</strong></span> <span class='ocrx_word' id='word_1_47' title='bbox 717 790 846 848; x_wconf 76' lang='lat' dir='ltr'><strong>vera</strong></span> <span class='ocrx_word' id='word_1_48' title='bbox 856 775 1008 848; x_wconf 82' lang='lat' dir='ltr'><strong>ablui</strong></span> <span class='ocrx_word' id='word_1_49' title='bbox 1034 774 1393 848; x_wconf 69' lang='lat' dir='ltr'><strong>confessione.</strong></span> <span class='ocrx_word' id='word_1_50' title='bbox 1425 775 1542 829; x_wconf 80' lang='lat' dir='ltr'><strong>Non</strong></span> <span class='ocrx_word' id='word_1_51' title='bbox 1563 777 1707 830; x_wconf 88' lang='lat' dir='ltr'><strong>enim</strong></span> <span class='ocrx_word' id='word_1_52' title='bbox 1732 776 1850 831; x_wconf 72' lang='lat' dir='ltr'><strong>btec</strong></span> 
     </span>
    </p>
   </div>
   <div class='ocr_carea' id='block_1_9' title="bbox 266 845 1845 916">
    <p class='ocr_par' dir='ltr' id='par_1_9' title="bbox 266 845 1845 916">
     <span class='ocr_line' id='line_1_9' title="bbox 266 845 1845 916; baseline -0.003 -11"><span class='ocrx_word' id='word_1_53' title='bbox 266 845 500 905; x_wconf 75' lang='lat' dir='ltr'><strong>narrans</strong></span> <span class='ocrx_word' id='word_1_54' title='bbox 524 856 691 910; x_wconf 89' lang='lat' dir='ltr'><strong>tuam,</strong></span> <span class='ocrx_word' id='word_1_55' title='bbox 717 845 964 910; x_wconf 86' lang='lat' dir='ltr'><strong>Domine,</strong></span> <span class='ocrx_word' id='word_1_56' title='bbox 988 847 1041 902; x_wconf 91' lang='lat' dir='ltr'><strong>in</strong></span> <span class='ocrx_word' id='word_1_57' title='bbox 1067 861 1152 900; x_wconf 86' lang='lat' dir='ltr'><strong>me</strong></span> <span class='ocrx_word' id='word_1_58' title='bbox 1177 846 1494 916; x_wconf 81' lang='lat' dir='ltr'><strong>blaSpbemo</strong></span> <span class='ocrx_word' id='word_1_59' title='bbox 1518 855 1845 910; x_wconf 78' lang='lat' dir='ltr'><strong>creaturam,</strong></span> 
     </span>
    </p>
   </div>
   <div class='ocr_carea' id='block_1_10' title="bbox 268 916 1846 987">
    <p class='ocr_par' dir='ltr' id='par_1_10' title="bbox 268 916 1846 987">
     <span class='ocr_line' id='line_1_10' title="bbox 268 916 1846 987; baseline -0.004 -13"><span class='ocrx_word' id='word_1_60' title='bbox 268 919 362 982; x_wconf 75' lang='lat' dir='ltr'><strong>sed</strong></span> <span class='ocrx_word' id='word_1_61' title='bbox 399 933 574 975; x_wconf 84' lang='lat' dir='ltr'><strong>meam</strong></span> <span class='ocrx_word' id='word_1_62' title='bbox 605 933 636 972; x_wconf 91' lang='lat' dir='ltr'><strong>a</strong></span> <span class='ocrx_word' id='word_1_63' title='bbox 678 925 746 976; x_wconf 85' lang='lat' dir='ltr'><strong>te.</strong></span> <span class='ocrx_word' id='word_1_64' title='bbox 780 917 1019 987; x_wconf 81' lang='lat' dir='ltr'><strong>piissime</strong></span> <span class='ocrx_word' id='word_1_65' title='bbox 1048 916 1210 980; x_wconf 84' lang='lat' dir='ltr'><strong>Deus,</strong></span> <span class='ocrx_word' id='word_1_66' title='bbox 1241 932 1474 986; x_wconf 75' lang='lat' dir='ltr'><strong>exposco</strong></span> <span class='ocrx_word' id='word_1_67' title='bbox 1501 917 1846 982; x_wconf 78' lang='lat' dir='ltr'><strong>medicinam,</strong></span> 
     </span>
    </p>
   </div>
   <div class='ocr_carea' id='block_1_11' title="bbox 268 987 1852 1060">
    <p class='ocr_par' dir='ltr' id='par_1_11' title="bbox 268 987 1852 1060">
     <span class='ocr_line' id='line_1_11' title="bbox 268 987 1852 1060; baseline -0.001 -17"><span class='ocrx_word' id='word_1_68' title='bbox 268 988 359 1060; x_wconf 84' lang='lat' dir='ltr'><strong>qui</strong></span> <span class='ocrx_word' id='word_1_69' title='bbox 390 991 552 1044; x_wconf 88' lang='lat' dir='ltr'><strong>etiam</strong></span> <span class='ocrx_word' id='word_1_70' title='bbox 583 988 636 1042; x_wconf 90' lang='lat' dir='ltr'><strong>in</strong></span> <span class='ocrx_word' id='word_1_71' title='bbox 663 988 916 1042; x_wconf 87' lang='lat' dir='ltr'><strong>omnibus</strong></span> <span class='ocrx_word' id='word_1_72' title='bbox 959 987 1218 1042; x_wconf 85' lang='lat' dir='ltr'><strong>membris</strong></span> <span class='ocrx_word' id='word_1_73' title='bbox 1241 990 1373 1042; x_wconf 86' lang='lat' dir='ltr'><strong>meis</strong></span> <span class='ocrx_word' id='word_1_74' title='bbox 1399 1003 1485 1060; x_wconf 82' lang='lat' dir='ltr'><strong>me</strong></span> <span class='ocrx_word' id='word_1_75' title='bbox 1510 1004 1661 1042; x_wconf 89' lang='lat' dir='ltr'><strong>reum</strong></span> <span class='ocrx_word' id='word_1_76' title='bbox 1692 987 1852 1041; x_wconf 88' lang='lat' dir='ltr'><strong>intel-</strong></span> 
     </span>
    </p>
   </div>
   <div class='ocr_carea' id='block_1_12' title="bbox 268 1057 1850 1132">
    <p class='ocr_par' dir='ltr' id='par_1_12' title="bbox 268 1057 1850 1132">
     <span class='ocr_line' id='line_1_12' title="bbox 268 1057 1850 1132; baseline -0.001 -18"><span class='ocrx_word' id='word_1_77' title='bbox 268 1057 375 1132; x_wconf 86' lang='lat' dir='ltr'><strong>ligo</strong></span> <span class='ocrx_word' id='word_1_78' title='bbox 393 1073 569 1132; x_wconf 81' lang='lat' dir='ltr'><strong>super</strong></span> <span class='ocrx_word' id='word_1_79' title='bbox 591 1073 920 1132; x_wconf 79' lang='lat' dir='ltr'><strong>mensuram,</strong></span> <span class='ocrx_word' id='word_1_80' title='bbox 944 1060 1073 1132; x_wconf 81' lang='lat' dir='ltr'><strong>quia</strong></span> <span class='ocrx_word' id='word_1_81' title='bbox 1086 1064 1152 1132; x_wconf 74' lang='lat' dir='ltr'><strong>ut</strong></span> <span class='ocrx_word' id='word_1_82' title='bbox 1177 1067 1325 1112; x_wconf 88' lang='lat' dir='ltr'><strong>astra</strong></span> <span class='ocrx_word' id='word_1_83' title='bbox 1354 1057 1477 1114; x_wconf 72' lang='lat' dir='ltr'><strong>coeli</strong></span> <span class='ocrx_word' id='word_1_84' title='bbox 1501 1067 1661 1132; x_wconf 73' lang='lat' dir='ltr'><strong>atque</strong></span> <span class='ocrx_word' id='word_1_85' title='bbox 1684 1073 1850 1132; x_wconf 77' lang='lat' dir='ltr'><strong>arena</strong></span> 
     </span>
    </p>
   </div>
   <div class='ocr_carea' id='block_1_13' title="bbox 267 1128 1846 1199">
    <p class='ocr_par' dir='ltr' id='par_1_13' title="bbox 267 1128 1846 1199">
     <span class='ocr_line' id='line_1_13' title="bbox 267 1128 1846 1199; baseline -0.003 -13"><span class='ocrx_word' id='word_1_86' title='bbox 267 1128 438 1186; x_wconf 74' lang='lat' dir='ltr'><strong>maris</strong></span> <span class='ocrx_word' id='word_1_87' title='bbox 467 1128 583 1184; x_wconf 85' lang='lat' dir='ltr'><strong>mea</strong></span> <span class='ocrx_word' id='word_1_88' title='bbox 613 1129 689 1184; x_wconf 88' lang='lat' dir='ltr'><strong>ita</strong></span> <span class='ocrx_word' id='word_1_89' title='bbox 736 1128 1150 1184; x_wconf 72' lang='lat' dir='ltr'><strong>innumerabilia</strong></span> <span class='ocrx_word' id='word_1_90' title='bbox 1185 1144 1312 1199; x_wconf 85' lang='lat' dir='ltr'><strong>esse</strong></span> <span class='ocrx_word' id='word_1_91' title='bbox 1332 1145 1601 1199; x_wconf 81' lang='lat' dir='ltr'><strong>cognosco</strong></span> <span class='ocrx_word' id='word_1_92' title='bbox 1631 1128 1846 1182; x_wconf 83' lang='lat' dir='ltr'><strong>delicta.</strong></span> 
     </span>
    </p>
   </div>
   <div class='ocr_carea' id='block_1_14' title="bbox 271 1198 1848 1271">
    <p class='ocr_par' dir='ltr' id='par_1_14' title="bbox 271 1198 1848 1271">
     <span class='ocr_line' id='line_1_14' title="bbox 271 1198 1848 1271; baseline -0.001 -17"><span class='ocrx_word' id='word_1_93' title='bbox 271 1200 493 1271; x_wconf 87' lang='lat' dir='ltr'><strong>Insuper</strong></span> <span class='ocrx_word' id='word_1_94' title='bbox 505 1200 668 1271; x_wconf 82' lang='lat' dir='ltr'><strong>etiam</strong></span> <span class='ocrx_word' id='word_1_95' title='bbox 687 1201 760 1254; x_wconf 89' lang='lat' dir='ltr'><strong>ita</strong></span> <span class='ocrx_word' id='word_1_96' title='bbox 779 1200 1016 1260; x_wconf 86' lang='lat' dir='ltr'><strong>tristitia,</strong></span> <span class='ocrx_word' id='word_1_97' title='bbox 1039 1200 1276 1264; x_wconf 87' lang='lat' dir='ltr'><strong>accedia,</strong></span> <span class='ocrx_word' id='word_1_98' title='bbox 1295 1198 1577 1271; x_wconf 74' lang='lat' dir='ltr'><strong>iactantia,</strong></span> <span class='ocrx_word' id='word_1_99' title='bbox 1597 1198 1848 1271; x_wconf 86' lang='lat' dir='ltr'><strong>avaritia,</strong></span> 
     </span>
    </p>
   </div>
   <div class='ocr_carea' id='block_1_15' title="bbox 270 1269 1853 1340">
    <p class='ocr_par' dir='ltr' id='par_1_15' title="bbox 270 1269 1853 1340">
     <span class='ocr_line' id='line_1_15' title="bbox 270 1269 1853 1340; baseline 0 -15"><span class='ocrx_word' id='word_1_100' title='bbox 270 1269 433 1340; x_wconf 76' lang='lat' dir='ltr'><strong>atque</strong></span> <span class='ocrx_word' id='word_1_101' title='bbox 474 1269 704 1334; x_wconf 87' lang='lat' dir='ltr'><strong>desidia,</strong></span> <span class='ocrx_word' id='word_1_102' title='bbox 736 1271 1095 1340; x_wconf 84' lang='lat' dir='ltr'><strong>omnibusque</strong></span> <span class='ocrx_word' id='word_1_103' title='bbox 1123 1277 1246 1324; x_wconf 89' lang='lat' dir='ltr'><strong>octo</strong></span> <span class='ocrx_word' id='word_1_104' title='bbox 1273 1270 1662 1340; x_wconf 83' lang='lat' dir='ltr'><strong>principalibus</strong></span> <span class='ocrx_word' id='word_1_105' title='bbox 1703 1270 1853 1340; x_wconf 81' lang='lat' dir='ltr'><strong>vitiis</strong></span> 
     </span>
    </p>
   </div>
   <div class='ocr_carea' id='block_1_16' title="bbox 269 1339 1854 1410">
    <p class='ocr_par' dir='ltr' id='par_1_16' title="bbox 269 1339 1854 1410">
     <span class='ocr_line' id='line_1_16' title="bbox 269 1339 1854 1410; baseline -0.002 -14"><span class='ocrx_word' id='word_1_106' title='bbox 269 1339 564 1397; x_wconf 76' lang='lat' dir='ltr'><strong>obnoxium</strong></span> <span class='ocrx_word' id='word_1_107' title='bbox 595 1355 680 1396; x_wconf 90' lang='lat' dir='ltr'><strong>me</strong></span> <span class='ocrx_word' id='word_1_108' title='bbox 707 1355 827 1396; x_wconf 89' lang='lat' dir='ltr'><strong>esse</strong></span> <span class='ocrx_word' id='word_1_109' title='bbox 850 1339 1138 1410; x_wconf 82' lang='lat' dir='ltr'><strong>profiteor:</strong></span> <span class='ocrx_word' id='word_1_110' title='bbox 1160 1342 1254 1396; x_wconf 89' lang='lat' dir='ltr'><strong>sed</strong></span> <span class='ocrx_word' id='word_1_111' title='bbox 1283 1353 1360 1407; x_wconf 90' lang='lat' dir='ltr'><strong>tu,</strong></span> <span class='ocrx_word' id='word_1_112' title='bbox 1394 1339 1642 1406; x_wconf 83' lang='lat' dir='ltr'><strong>Domine,</strong></span> <span class='ocrx_word' id='word_1_113' title='bbox 1670 1339 1854 1396; x_wconf 85' lang='lat' dir='ltr'><strong>occul-</strong></span> 
     </span>
    </p>
   </div>
   <div class='ocr_carea' id='block_1_17' title="bbox 269 1411 1853 1482">
    <p class='ocr_par' dir='ltr' id='par_1_17' title="bbox 269 1411 1853 1482">
     <span class='ocr_line' id='line_1_17' title="bbox 269 1411 1853 1482; baseline 0 -15"><span class='ocrx_word' id='word_1_114' title='bbox 269 1421 454 1468; x_wconf 87' lang='lat' dir='ltr'><strong>torum</strong></span> <span class='ocrx_word' id='word_1_115' title='bbox 485 1411 752 1482; x_wconf 81' lang='lat' dir='ltr'><strong>cognitor,</strong></span> <span class='ocrx_word' id='word_1_116' title='bbox 799 1411 892 1480; x_wconf 91' lang='lat' dir='ltr'><strong>qui</strong></span> <span class='ocrx_word' id='word_1_117' title='bbox 929 1411 1110 1466; x_wconf 72' lang='lat' dir='ltr'><strong>dixisti</strong></span> <span class='ocrx_word' id='word_1_118' title='bbox 1161 1411 1534 1481; x_wconf 69' lang='lat' dir='ltr'><strong>ptenitentiam</strong></span> <span class='ocrx_word' id='word_1_119' title='bbox 1591 1420 1643 1466; x_wconf 90' lang='lat' dir='ltr'><strong>te</strong></span> <span class='ocrx_word' id='word_1_120' title='bbox 1694 1411 1853 1467; x_wconf 88' lang='lat' dir='ltr'><strong>malle</strong></span> 
     </span>
    </p>
   </div>
   <div class='ocr_carea' id='block_1_18' title="bbox 267 1482 1853 1556">
    <p class='ocr_par' dir='ltr' id='par_1_18' title="bbox 267 1482 1853 1556">
     <span class='ocr_line' id='line_1_18' title="bbox 267 1482 1853 1556; baseline -0.001 -19"><span class='ocrx_word' id='word_1_121' title='bbox 267 1490 614 1556; x_wconf 72' lang='lat' dir='ltr'><strong>peccatorum</strong></span> <span class='ocrx_word' id='word_1_122' title='bbox 635 1491 1078 1556; x_wconf 77' lang='lat' dir='ltr'><strong>quam_mo_rtcm,</strong></span> <span class='ocrx_word' id='word_1_123' title='bbox 1105 1482 1201 1536; x_wconf 87' lang='lat' dir='ltr'><strong>tibi</strong></span> <span class='ocrx_word' id='word_1_124' title='bbox 1227 1483 1410 1556; x_wconf 87' lang='lat' dir='ltr'><strong>omnia</strong></span> <span class='ocrx_word' id='word_1_125' title='bbox 1436 1483 1614 1556; x_wconf 83' lang='lat' dir='ltr'><strong>cordis</strong></span> <span class='ocrx_word' id='word_1_126' title='bbox 1626 1483 1740 1556; x_wconf 84' lang='lat' dir='ltr'><strong>_mei</strong></span> <span class='ocrx_word' id='word_1_127' title='bbox 1764 1497 1853 1536; x_wconf 86' lang='lat' dir='ltr'><strong>re-</strong></span> 
     </span>
    </p>
   </div>
   <div class='ocr_carea' id='block_1_19' title="bbox 269 1551 1853 1622">
    <p class='ocr_par' dir='ltr' id='par_1_19' title="bbox 269 1551 1853 1622">
     <span class='ocr_line' id='line_1_19' title="bbox 269 1551 1853 1622; baseline 0.002 -17"><span class='ocrx_word' id='word_1_128' title='bbox 269 1551 390 1616; x_wconf 68' lang='lat' dir='ltr'><strong>i&#39;elo</strong></span> <span class='ocrx_word' id='word_1_129' title='bbox 418 1567 648 1617; x_wconf 88' lang='lat' dir='ltr'><strong>arcana;</strong></span> <span class='ocrx_word' id='word_1_130' title='bbox 675 1553 884 1622; x_wconf 83' lang='lat' dir='ltr'><strong>respice</strong></span> <span class='ocrx_word' id='word_1_131' title='bbox 911 1554 965 1607; x_wconf 91' lang='lat' dir='ltr'><strong>in</strong></span> <span class='ocrx_word' id='word_1_132' title='bbox 989 1567 1075 1607; x_wconf 87' lang='lat' dir='ltr'><strong>me</strong></span> <span class='ocrx_word' id='word_1_133' title='bbox 1099 1561 1148 1606; x_wconf 89' lang='lat' dir='ltr'><strong>et</strong></span> <span class='ocrx_word' id='word_1_134' title='bbox 1174 1553 1435 1608; x_wconf 85' lang='lat' dir='ltr'><strong>miserere</strong></span> <span class='ocrx_word' id='word_1_135' title='bbox 1457 1553 1592 1616; x_wconf 89' lang='lat' dir='ltr'><strong>mei;</strong></span> <span class='ocrx_word' id='word_1_136' title='bbox 1618 1551 1853 1608; x_wconf 87' lang='lat' dir='ltr'><strong>fontem-</strong></span> 
     </span>
    </p>
   </div>
   <div class='ocr_carea' id='block_1_20' title="bbox 268 1623 1850 1694">
    <p class='ocr_par' dir='ltr' id='par_1_20' title="bbox 268 1623 1850 1694">
     <span class='ocr_line' id='line_1_20' title="bbox 268 1623 1850 1694; baseline 0.001 -16"><span class='ocrx_word' id='word_1_137' title='bbox 268 1639 374 1694; x_wconf 82' lang='lat' dir='ltr'><strong>que</strong></span> <span class='ocrx_word' id='word_1_138' title='bbox 402 1623 789 1694; x_wconf 87' lang='lat' dir='ltr'><strong>lacrymarum,</strong></span> <span class='ocrx_word' id='word_1_139' title='bbox 831 1634 884 1678; x_wconf 89' lang='lat' dir='ltr'><strong>et</strong></span> <span class='ocrx_word' id='word_1_140' title='bbox 915 1624 1287 1679; x_wconf 82' lang='lat' dir='ltr'><strong>remissionem</strong></span> <span class='ocrx_word' id='word_1_141' title='bbox 1316 1623 1573 1679; x_wconf 84' lang='lat' dir='ltr'><strong>‘omnium</strong></span> <span class='ocrx_word' id='word_1_142' title='bbox 1599 1631 1850 1694; x_wconf 83' lang='lat' dir='ltr'><strong>peccato-</strong></span> 
     </span>
    </p>
   </div>
   <div class='ocr_carea' id='block_1_21' title="bbox 272 1693 1847 1764">
    <p class='ocr_par' dir='ltr' id='par_1_21' title="bbox 272 1693 1847 1764">
     <span class='ocr_line' id='line_1_21' title="bbox 272 1693 1847 1764; baseline 0 -16"><span class='ocrx_word' id='word_1_143' title='bbox 272 1693 391 1750; x_wconf 83' lang='lat' dir='ltr'><strong>rum</strong></span> <span class='ocrx_word' id='word_1_144' title='bbox 430 1695 617 1749; x_wconf 88' lang='lat' dir='ltr'><strong>intima</strong></span> <span class='ocrx_word' id='word_1_145' title='bbox 655 1694 785 1748; x_wconf 91' lang='lat' dir='ltr'><strong>mibi</strong></span> <span class='ocrx_word' id='word_1_146' title='bbox 813 1695 993 1749; x_wconf 80' lang='lat' dir='ltr'><strong>cordis</strong></span> <span class='ocrx_word' id='word_1_147' title='bbox 1015 1693 1355 1750; x_wconf 86' lang='lat' dir='ltr'><strong>confessione</strong></span> <span class='ocrx_word' id='word_1_148' title='bbox 1385 1695 1559 1749; x_wconf 79' lang='lat' dir='ltr'><strong>tribue</strong></span> <span class='ocrx_word' id='word_1_149' title='bbox 1583 1693 1847 1764; x_wconf 82' lang='lat' dir='ltr'><strong>poscenti.</strong></span> 
     </span>
    </p>
   </div>
   <div class='ocr_carea' id='block_1_22' title="bbox 271 1764 1846 1836">
    <p class='ocr_par' dir='ltr' id='par_1_22' title="bbox 271 1764 1846 1836">
     <span class='ocr_line' id='line_1_22' title="bbox 271 1764 1846 1836; baseline 0.001 -17"><span class='ocrx_word' id='word_1_150' title='bbox 271 1765 510 1829; x_wconf 79' lang='lat' dir='ltr'><strong>Renova,</strong></span> <span class='ocrx_word' id='word_1_151' title='bbox 563 1765 758 1836; x_wconf 86' lang='lat' dir='ltr'><strong>innova</strong></span> <span class='ocrx_word' id='word_1_152' title='bbox 815 1767 868 1820; x_wconf 89' lang='lat' dir='ltr'><strong>in</strong></span> <span class='ocrx_word' id='word_1_153' title='bbox 913 1782 1016 1826; x_wconf 84' lang='lat' dir='ltr'><strong>me,</strong></span> <span class='ocrx_word' id='word_1_154' title='bbox 1075 1765 1317 1834; x_wconf 76' lang='lat' dir='ltr'><strong>piissime</strong></span> <span class='ocrx_word' id='word_1_155' title='bbox 1344 1764 1538 1830; x_wconf 88' lang='lat' dir='ltr'><strong>Pater,</strong></span> <span class='ocrx_word' id='word_1_156' title='bbox 1585 1765 1846 1836; x_wconf 82' lang='lat' dir='ltr'><strong>quidquid</strong></span> 
     </span>
    </p>
   </div>
   <div class='ocr_carea' id='block_1_23' title="bbox 1950 563 3538 631">
    <p class='ocr_par' dir='ltr' id='par_1_23' title="bbox 1950 563 3538 631">
     <span class='ocr_line' id='line_1_23' title="bbox 1950 563 3538 631; baseline 0.001 -15"><span class='ocrx_word' id='word_1_157' title='bbox 1950 563 2164 628; x_wconf 66' lang='lat' dir='ltr'><strong>licetne,</strong></span> <span class='ocrx_word' id='word_1_158' title='bbox 2190 566 2243 618; x_wconf 92' lang='lat' dir='ltr'><strong>in</strong></span> <span class='ocrx_word' id='word_1_159' title='bbox 2266 565 2627 620; x_wconf 77' lang='lat' dir='ltr'><strong>amaritudine</strong></span> <span class='ocrx_word' id='word_1_160' title='bbox 2654 565 2962 630; x_wconf 76' lang='lat' dir='ltr'><strong>verborum,</strong></span> <span class='ocrx_word' id='word_1_161' title='bbox 2989 564 3042 619; x_wconf 91' lang='lat' dir='ltr'><strong>in</strong></span> <span class='ocrx_word' id='word_1_162' title='bbox 3072 579 3298 620; x_wconf 76' lang='lat' dir='ltr'><strong>ranccre</strong></span> <span class='ocrx_word' id='word_1_163' title='bbox 3343 564 3538 631; x_wconf 90' lang='lat' dir='ltr'><strong>animi,</strong></span> 
     </span>
    </p>
   </div>
   <div class='ocr_carea' id='block_1_24' title="bbox 1948 635 3539 704">
    <p class='ocr_par' dir='ltr' id='par_1_24' title="bbox 1948 635 3539 704">
     <span class='ocr_line' id='line_1_24' title="bbox 1948 635 3539 704; baseline 0.001 -16"><span class='ocrx_word' id='word_1_164' title='bbox 1948 651 2003 688; x_wconf 82' lang='lat' dir='ltr'><strong>in</strong></span> <span class='ocrx_word' id='word_1_165' title='bbox 2049 635 2514 704; x_wconf 87' lang='lat' dir='ltr'><strong>pusillanimitatc,</strong></span> <span class='ocrx_word' id='word_1_166' title='bbox 2544 636 2596 690; x_wconf 90' lang='lat' dir='ltr'><strong>in</strong></span> <span class='ocrx_word' id='word_1_167' title='bbox 2628 635 2926 691; x_wconf 81' lang='lat' dir='ltr'><strong>cenodoxia</strong></span> <span class='ocrx_word' id='word_1_168' title='bbox 2968 650 3202 704; x_wconf 88' lang='lat' dir='ltr'><strong>namque</strong></span> <span class='ocrx_word' id='word_1_169' title='bbox 3242 635 3373 690; x_wconf 88' lang='lat' dir='ltr'><strong>vitio</strong></span> <span class='ocrx_word' id='word_1_170' title='bbox 3396 643 3452 691; x_wconf 88' lang='lat' dir='ltr'><strong>et</strong></span> <span class='ocrx_word' id='word_1_171' title='bbox 3483 637 3539 690; x_wconf 89' lang='lat' dir='ltr'><strong>in</strong></span> 
     </span>
    </p>
   </div>
   <div class='ocr_carea' id='block_1_25' title="bbox 1946 705 3541 775">
    <p class='ocr_par' dir='ltr' id='par_1_25' title="bbox 1946 705 3541 775">
     <span class='ocr_line' id='line_1_25' title="bbox 1946 705 3541 775; baseline 0.003 -18"><span class='ocrx_word' id='word_1_172' title='bbox 1946 705 2200 763; x_wconf 86' lang='lat' dir='ltr'><strong>omnibus</strong></span> <span class='ocrx_word' id='word_1_173' title='bbox 2229 705 2386 760; x_wconf 90' lang='lat' dir='ltr'><strong>malis</strong></span> <span class='ocrx_word' id='word_1_174' title='bbox 2410 721 2530 774; x_wconf 69' lang='lat' dir='ltr'><strong>qucc</strong></span> <span class='ocrx_word' id='word_1_175' title='bbox 2558 705 2827 775; x_wconf 76' lang='lat' dir='ltr'><strong>prodeunt</strong></span> <span class='ocrx_word' id='word_1_176' title='bbox 2849 721 2913 760; x_wconf 85' lang='lat' dir='ltr'><strong>ex</strong></span> <span class='ocrx_word' id='word_1_177' title='bbox 2939 721 3003 761; x_wconf 87' lang='lat' dir='ltr'><strong>ea</strong></span> <span class='ocrx_word' id='word_1_178' title='bbox 3041 705 3196 760; x_wconf 90' lang='lat' dir='ltr'><strong>valde</strong></span> <span class='ocrx_word' id='word_1_179' title='bbox 3227 721 3313 760; x_wconf 89' lang='lat' dir='ltr'><strong>me</strong></span> <span class='ocrx_word' id='word_1_180' title='bbox 3339 707 3541 775; x_wconf 85' lang='lat' dir='ltr'><strong>depra-</strong></span> 
     </span>
    </p>
   </div>
   <div class='ocr_carea' id='block_1_26' title="bbox 1949 774 3540 844">
    <p class='ocr_par' dir='ltr' id='par_1_26' title="bbox 1949 774 3540 844">
     <span class='ocr_line' id='line_1_26' title="bbox 1949 774 3540 844; baseline 0.004 -18"><span class='ocrx_word' id='word_1_181' title='bbox 1949 785 2133 830; x_wconf 90' lang='lat' dir='ltr'><strong>vatum</strong></span> <span class='ocrx_word' id='word_1_182' title='bbox 2165 792 2284 832; x_wconf 88' lang='lat' dir='ltr'><strong>csse</strong></span> <span class='ocrx_word' id='word_1_183' title='bbox 2315 775 2574 841; x_wconf 87' lang='lat' dir='ltr'><strong>arbitror,</strong></span> <span class='ocrx_word' id='word_1_184' title='bbox 2605 777 2658 831; x_wconf 91' lang='lat' dir='ltr'><strong>in</strong></span> <span class='ocrx_word' id='word_1_185' title='bbox 2681 774 2970 844; x_wconf 77' lang='lat' dir='ltr'><strong>iactantia,</strong></span> <span class='ocrx_word' id='word_1_186' title='bbox 3010 777 3064 832; x_wconf 92' lang='lat' dir='ltr'><strong>in</strong></span> <span class='ocrx_word' id='word_1_187' title='bbox 3115 774 3447 844; x_wconf 84' lang='lat' dir='ltr'><strong>arrogantia,</strong></span> <span class='ocrx_word' id='word_1_188' title='bbox 3482 778 3540 832; x_wconf 90' lang='lat' dir='ltr'><strong>in</strong></span> 
     </span>
    </p>
   </div>
   <div class='ocr_carea' id='block_1_27' title="bbox 1950 846 3542 918">
    <p class='ocr_par' dir='ltr' id='par_1_27' title="bbox 1950 846 3542 918">
     <span class='ocr_line' id='line_1_27' title="bbox 1950 846 3542 918; baseline 0.003 -19"><span class='ocrx_word' id='word_1_189' title='bbox 1950 846 2320 918; x_wconf 80' lang='lat' dir='ltr'><strong>indignatione</strong></span> <span class='ocrx_word' id='word_1_190' title='bbox 2345 849 2736 918; x_wconf 77' lang='lat' dir='ltr'><strong>proximorum,</strong></span> <span class='ocrx_word' id='word_1_191' title='bbox 2765 847 2817 902; x_wconf 92' lang='lat' dir='ltr'><strong>in</strong></span> <span class='ocrx_word' id='word_1_192' title='bbox 2843 847 3135 913; x_wconf 83' lang='lat' dir='ltr'><strong>discordia,</strong></span> <span class='ocrx_word' id='word_1_193' title='bbox 3161 855 3218 902; x_wconf 87' lang='lat' dir='ltr'><strong>et</strong></span> <span class='ocrx_word' id='word_1_194' title='bbox 3243 846 3542 918; x_wconf 73' lang='lat' dir='ltr'><strong>hypocrisi,</strong></span> 
     </span>
    </p>
   </div>
   <div class='ocr_carea' id='block_1_28' title="bbox 1950 906 3541 987">
    <p class='ocr_par' dir='ltr' id='par_1_28' title="bbox 1950 906 3541 987">
     <span class='ocr_line' id='line_1_28' title="bbox 1950 906 3541 987; baseline 0.005 -19"><span class='ocrx_word' id='word_1_195' title='bbox 1950 926 2002 987; x_wconf 81' lang='lat' dir='ltr'><strong>et</strong></span> <span class='ocrx_word' id='word_1_196' title='bbox 2055 906 2358 971; x_wconf 75' lang='lat' dir='ltr'><strong>innumeris</strong></span> <span class='ocrx_word' id='word_1_197' title='bbox 2383 918 2638 986; x_wconf 86' lang='lat' dir='ltr'><strong>peccatis.</strong></span> <span class='ocrx_word' id='word_1_198' title='bbox 2693 906 2918 987; x_wconf 79' lang='lat' dir='ltr'><strong>Insuper</strong></span> <span class='ocrx_word' id='word_1_199' title='bbox 2949 906 3332 973; x_wconf 48' lang='lat' dir='ltr'><strong>etiam&#39;multis&#39;</strong></span> <span class='ocrx_word' id='word_1_200' title='bbox 3354 918 3407 973; x_wconf 90' lang='lat' dir='ltr'><strong>in</strong></span> <span class='ocrx_word' id='word_1_201' title='bbox 3451 906 3541 977; x_wconf 55' lang='lat' dir='ltr'><strong>af;</strong></span> 
     </span>
    </p>
   </div>
   <div class='ocr_carea' id='block_1_29' title="bbox 1951 985 3538 1060">
    <p class='ocr_par' dir='ltr' id='par_1_29' title="bbox 1951 985 3538 1060">
     <span class='ocr_line' id='line_1_29' title="bbox 1951 985 3538 1060; baseline 0.004 -21"><span class='ocrx_word' id='word_1_202' title='bbox 1951 985 2187 1060; x_wconf 74' lang='lat' dir='ltr'><strong>dictione</strong></span> <span class='ocrx_word' id='word_1_203' title='bbox 2211 988 2343 1043; x_wconf 90' lang='lat' dir='ltr'><strong>etin</strong></span> <span class='ocrx_word' id='word_1_204' title='bbox 2369 985 2617 1060; x_wconf 76' lang='lat' dir='ltr'><strong>angustia</strong></span> <span class='ocrx_word' id='word_1_205' title='bbox 2643 985 2952 1060; x_wconf 79' lang='lat' dir='ltr'><strong>constitutis</strong></span> <span class='ocrx_word' id='word_1_206' title='bbox 2979 1004 3079 1058; x_wconf 88' lang='lat' dir='ltr'><strong>per</strong></span> <span class='ocrx_word' id='word_1_207' title='bbox 3109 990 3340 1060; x_wconf 75' lang='lat' dir='ltr'><strong>gratiam</strong></span> <span class='ocrx_word' id='word_1_208' title='bbox 3385 998 3538 1045; x_wconf 88' lang='lat' dir='ltr'><strong>tuam</strong></span> 
     </span>
    </p>
   </div>
   <div class='ocr_carea' id='block_1_30' title="bbox 1951 1057 3544 1130">
    <p class='ocr_par' dir='ltr' id='par_1_30' title="bbox 1951 1057 3544 1130">
     <span class='ocr_line' id='line_1_30' title="bbox 1951 1057 3544 1130; baseline 0.002 -18"><span class='ocrx_word' id='word_1_209' title='bbox 1951 1057 2241 1130; x_wconf 83' lang='lat' dir='ltr'><strong>subvenire</strong></span> <span class='ocrx_word' id='word_1_210' title='bbox 2292 1057 2465 1127; x_wconf 71' lang='lat' dir='ltr'><strong>potui,</strong></span> <span class='ocrx_word' id='word_1_211' title='bbox 2511 1059 2818 1130; x_wconf 87' lang='lat' dir='ltr'><strong>multosque</strong></span> <span class='ocrx_word' id='word_1_212' title='bbox 2852 1059 2919 1115; x_wconf 89' lang='lat' dir='ltr'><strong>de</strong></span> <span class='ocrx_word' id='word_1_213' title='bbox 2957 1057 3304 1116; x_wconf 80' lang='lat' dir='ltr'><strong>tribulatione</strong></span> <span class='ocrx_word' id='word_1_214' title='bbox 3352 1068 3410 1115; x_wconf 91' lang='lat' dir='ltr'><strong>et</strong></span> <span class='ocrx_word' id='word_1_215' title='bbox 3445 1076 3544 1115; x_wconf 89' lang='lat' dir='ltr'><strong>an-</strong></span> 
     </span>
    </p>
   </div>
   <div class='ocr_carea' id='block_1_31' title="bbox 1989 1127 3537 1200">
    <p class='ocr_par' dir='ltr' id='par_1_31' title="bbox 1989 1127 3537 1200">
     <span class='ocr_line' id='line_1_31' title="bbox 1989 1127 3537 1200; baseline 0.005 -22"><span class='ocrx_word' id='word_1_216' title='bbox 1989 1129 2125 1184; x_wconf 88' lang='lat' dir='ltr'><strong>nstia</strong></span> <span class='ocrx_word' id='word_1_217' title='bbox 2154 1127 2410 1200; x_wconf 85' lang='lat' dir='ltr'><strong>liberare,</strong></span> <span class='ocrx_word' id='word_1_218' title='bbox 2443 1131 2536 1185; x_wconf 88' lang='lat' dir='ltr'><strong>sed</strong></span> <span class='ocrx_word' id='word_1_219' title='bbox 2563 1131 2698 1186; x_wconf 89' lang='lat' dir='ltr'><strong>meis</strong></span> <span class='ocrx_word' id='word_1_220' title='bbox 2725 1127 2964 1200; x_wconf 83' lang='lat' dir='ltr'><strong>peccatis</strong></span> <span class='ocrx_word' id='word_1_221' title='bbox 2990 1130 3328 1187; x_wconf 87' lang='lat' dir='ltr'><strong>tardantibus</strong></span> <span class='ocrx_word' id='word_1_222' title='bbox 3355 1131 3537 1186; x_wconf 90' lang='lat' dir='ltr'><strong>minus</strong></span> 
     </span>
    </p>
   </div>
   <div class='ocr_carea' id='block_1_32' title="bbox 1973 1199 3542 1272">
    <p class='ocr_par' dir='ltr' id='par_1_32' title="bbox 1973 1199 3542 1272">
     <span class='ocr_line' id='line_1_32' title="bbox 1973 1199 3542 1272; baseline 0.003 -20"><span class='ocrx_word' id='word_1_223' title='bbox 1973 1214 2057 1272; x_wconf 78' lang='lat' dir='ltr'><strong>ioc</strong></span> <span class='ocrx_word' id='word_1_224' title='bbox 2077 1199 2184 1271; x_wconf 88' lang='lat' dir='ltr'><strong>egi,</strong></span> <span class='ocrx_word' id='word_1_225' title='bbox 2215 1214 2378 1272; x_wconf 81' lang='lat' dir='ltr'><strong>quam</strong></span> <span class='ocrx_word' id='word_1_226' title='bbox 2403 1200 2670 1272; x_wconf 13' lang='lat' dir='ltr'><strong>debui,iet</strong></span> <span class='ocrx_word' id='word_1_227' title='bbox 2698 1199 2839 1272; x_wconf 70' lang='lat' dir='ltr'><strong>sazpe</strong></span> <span class='ocrx_word' id='word_1_228' title='bbox 2883 1202 3062 1256; x_wconf 87' lang='lat' dir='ltr'><strong>sciens</strong></span> <span class='ocrx_word' id='word_1_229' title='bbox 3088 1199 3289 1258; x_wconf 90' lang='lat' dir='ltr'><strong>malum</strong></span> <span class='ocrx_word' id='word_1_230' title='bbox 3318 1200 3542 1271; x_wconf 89' lang='lat' dir='ltr'><strong>persilui</strong></span> 
     </span>
    </p>
   </div>
   <div class='ocr_carea' id='block_1_33' title="bbox 1951 1269 3542 1340">
    <p class='ocr_par' dir='ltr' id='par_1_33' title="bbox 1951 1269 3542 1340">
     <span class='ocr_line' id='line_1_33' title="bbox 1951 1269 3542 1340; baseline 0.003 -18"><span class='ocrx_word' id='word_1_231' title='bbox 1951 1277 2010 1323; x_wconf 90' lang='lat' dir='ltr'><strong>et</strong></span> <span class='ocrx_word' id='word_1_232' title='bbox 2044 1269 2244 1340; x_wconf 85' lang='lat' dir='ltr'><strong>bonum</strong></span> <span class='ocrx_word' id='word_1_233' title='bbox 2299 1269 2444 1339; x_wconf 89' lang='lat' dir='ltr'><strong>loqui</strong></span> <span class='ocrx_word' id='word_1_234' title='bbox 2485 1271 2697 1340; x_wconf 79' lang='lat' dir='ltr'><strong>neglexi</strong></span> <span class='ocrx_word' id='word_1_235' title='bbox 2735 1269 2922 1328; x_wconf 49' lang='lat' dir='ltr'><strong>:‘unde</strong></span> <span class='ocrx_word' id='word_1_236' title='bbox 2951 1288 3093 1327; x_wconf 91' lang='lat' dir='ltr'><strong>nunc</strong></span> <span class='ocrx_word' id='word_1_237' title='bbox 3122 1287 3276 1327; x_wconf 89' lang='lat' dir='ltr'><strong>reum</strong></span> <span class='ocrx_word' id='word_1_238' title='bbox 3307 1269 3393 1327; x_wconf 84' lang='lat' dir='ltr'><strong>me</strong></span> <span class='ocrx_word' id='word_1_239' title='bbox 3421 1287 3542 1328; x_wconf 89' lang='lat' dir='ltr'><strong>esse</strong></span> 
     </span>
    </p>
   </div>
   <div class='ocr_carea' id='block_1_34' title="bbox 1953 1339 3537 1411">
    <p class='ocr_par' dir='ltr' id='par_1_34' title="bbox 1953 1339 3537 1411">
     <span class='ocr_line' id='line_1_34' title="bbox 1953 1339 3537 1411; baseline 0.004 -19"><span class='ocrx_word' id='word_1_240' title='bbox 1953 1339 2273 1411; x_wconf 78' lang='lat' dir='ltr'><strong>gravissime</strong></span> <span class='ocrx_word' id='word_1_241' title='bbox 2303 1341 2500 1406; x_wconf 85' lang='lat' dir='ltr'><strong>sentio,</strong></span> <span class='ocrx_word' id='word_1_242' title='bbox 2540 1339 2734 1411; x_wconf 87' lang='lat' dir='ltr'><strong>meque</strong></span> <span class='ocrx_word' id='word_1_243' title='bbox 2773 1356 2924 1396; x_wconf 89' lang='lat' dir='ltr'><strong>reum</strong></span> <span class='ocrx_word' id='word_1_244' title='bbox 2969 1359 3089 1398; x_wconf 87' lang='lat' dir='ltr'><strong>esse</strong></span> <span class='ocrx_word' id='word_1_245' title='bbox 3118 1342 3410 1404; x_wconf 77' lang='lat' dir='ltr'><strong>confiteor;</strong></span> <span class='ocrx_word' id='word_1_246' title='bbox 3440 1343 3537 1399; x_wconf 86' lang='lat' dir='ltr'><strong>sed</strong></span> 
     </span>
    </p>
   </div>
   <div class='ocr_carea' id='block_1_35' title="bbox 1957 1409 3542 1484">
    <p class='ocr_par' dir='ltr' id='par_1_35' title="bbox 1957 1409 3542 1484">
     <span class='ocr_line' id='line_1_35' title="bbox 1957 1409 3542 1484; baseline 0.003 -21"><span class='ocrx_word' id='word_1_247' title='bbox 1957 1417 2046 1484; x_wconf 58' lang='lat' dir='ltr'><strong>tu,</strong></span> <span class='ocrx_word' id='word_1_248' title='bbox 2069 1409 2329 1484; x_wconf 74' lang='lat' dir='ltr'><strong>Domine,</strong></span> <span class='ocrx_word' id='word_1_249' title='bbox 2353 1413 2445 1481; x_wconf 92' lang='lat' dir='ltr'><strong>qui</strong></span> <span class='ocrx_word' id='word_1_250' title='bbox 2485 1409 2666 1467; x_wconf 80' lang='lat' dir='ltr'><strong>omnia</strong></span> <span class='ocrx_word' id='word_1_251' title='bbox 2697 1412 2834 1484; x_wconf 81' lang='lat' dir='ltr'><strong>nosti</strong></span> <span class='ocrx_word' id='word_1_252' title='bbox 2864 1413 3025 1468; x_wconf 90' lang='lat' dir='ltr'><strong>etiam</strong></span> <span class='ocrx_word' id='word_1_253' title='bbox 3053 1422 3344 1484; x_wconf 82' lang='lat' dir='ltr'><strong>antequam</strong></span> <span class='ocrx_word' id='word_1_254' title='bbox 3385 1416 3542 1480; x_wconf 86' lang='lat' dir='ltr'><strong>liaut,</strong></span> 
     </span>
    </p>
   </div>
   <div class='ocr_carea' id='block_1_36' title="bbox 1953 1478 3541 1550">
    <p class='ocr_par' dir='ltr' id='par_1_36' title="bbox 1953 1478 3541 1550">
     <span class='ocr_line' id='line_1_36' title="bbox 1953 1478 3541 1550; baseline 0.004 -16"><span class='ocrx_word' id='word_1_255' title='bbox 1953 1480 2050 1535; x_wconf 85' lang='lat' dir='ltr'><strong>tibi</strong></span> <span class='ocrx_word' id='word_1_256' title='bbox 2097 1478 2422 1550; x_wconf 80' lang='lat' dir='ltr'><strong>patefaciain</strong></span> <span class='ocrx_word' id='word_1_257' title='bbox 2467 1484 2649 1538; x_wconf 89' lang='lat' dir='ltr'><strong>omnia</strong></span> <span class='ocrx_word' id='word_1_258' title='bbox 2697 1482 2936 1539; x_wconf 82' lang='lat' dir='ltr'><strong>facinora</strong></span> <span class='ocrx_word' id='word_1_259' title='bbox 2987 1485 3170 1540; x_wconf 87' lang='lat' dir='ltr'><strong>cordis</strong></span> <span class='ocrx_word' id='word_1_260' title='bbox 3199 1478 3334 1549; x_wconf 77' lang='lat' dir='ltr'><strong>inci,</strong></span> <span class='ocrx_word' id='word_1_261' title='bbox 3391 1478 3541 1540; x_wconf 82' lang='lat' dir='ltr'><strong>tuam</strong></span> 
     </span>
    </p>
   </div>
   <div class='ocr_carea' id='block_1_37' title="bbox 1953 1551 3540 1624">
    <p class='ocr_par' dir='ltr' id='par_1_37' title="bbox 1953 1551 3540 1624">
     <span class='ocr_line' id='line_1_37' title="bbox 1953 1551 3540 1624; baseline 0.004 -20"><span class='ocrx_word' id='word_1_262' title='bbox 1953 1551 2386 1624; x_wconf 82' lang='lat' dir='ltr'><strong>misericordiam</strong></span> <span class='ocrx_word' id='word_1_263' title='bbox 2411 1552 2688 1608; x_wconf 87' lang='lat' dir='ltr'><strong>humiliter</strong></span> <span class='ocrx_word' id='word_1_264' title='bbox 2717 1555 2930 1618; x_wconf 84' lang='lat' dir='ltr'><strong>invoco,</strong></span> <span class='ocrx_word' id='word_1_265' title='bbox 2977 1563 3035 1610; x_wconf 90' lang='lat' dir='ltr'><strong>ut</strong></span> <span class='ocrx_word' id='word_1_266' title='bbox 3078 1554 3258 1610; x_wconf 87' lang='lat' dir='ltr'><strong>omnia</strong></span> <span class='ocrx_word' id='word_1_267' title='bbox 3283 1569 3540 1624; x_wconf 65' lang='lat' dir='ltr'><strong>quaecuno</strong></span> 
     </span>
    </p>
   </div>
   <div class='ocr_carea' id='block_1_38' title="bbox 1952 1623 3541 1697">
    <p class='ocr_par' dir='ltr' id='par_1_38' title="bbox 1952 1623 3541 1697">
     <span class='ocr_line' id='line_1_38' title="bbox 1952 1623 3541 1697; baseline 0.004 -22"><span class='ocrx_word' id='word_1_268' title='bbox 1952 1635 2058 1692; x_wconf 86' lang='lat' dir='ltr'><strong>que</strong></span> <span class='ocrx_word' id='word_1_269' title='bbox 2082 1623 2301 1690; x_wconf 84' lang='lat' dir='ltr'><strong>peccavi</strong></span> <span class='ocrx_word' id='word_1_270' title='bbox 2350 1638 2534 1697; x_wconf 81' lang='lat' dir='ltr'><strong>coram</strong></span> <span class='ocrx_word' id='word_1_271' title='bbox 2567 1632 2638 1690; x_wconf 89' lang='lat' dir='ltr'><strong>te,</strong></span> <span class='ocrx_word' id='word_1_272' title='bbox 2689 1626 2838 1680; x_wconf 77' lang='lat' dir='ltr'><strong>ct&#39;de</strong></span> <span class='ocrx_word' id='word_1_273' title='bbox 2867 1625 3280 1697; x_wconf 86' lang='lat' dir='ltr'><strong>quibuscunquc</strong></span> <span class='ocrx_word' id='word_1_274' title='bbox 3305 1623 3424 1681; x_wconf 80' lang='lat' dir='ltr'><strong>inca</strong></span> <span class='ocrx_word' id='word_1_275' title='bbox 3453 1643 3541 1682; x_wconf 88' lang='lat' dir='ltr'><strong>me</strong></span> 
     </span>
    </p>
   </div>
   <div class='ocr_carea' id='block_1_39' title="bbox 1953 1695 3550 1769">
    <p class='ocr_par' dir='ltr' id='par_1_39' title="bbox 1953 1695 3550 1769">
     <span class='ocr_line' id='line_1_39' title="bbox 1953 1695 3550 1769; baseline 0.004 -23"><span class='ocrx_word' id='word_1_276' title='bbox 1953 1700 2175 1769; x_wconf 74' lang='lat' dir='ltr'><strong>accusat</strong></span> <span class='ocrx_word' id='word_1_277' title='bbox 2193 1695 2548 1769; x_wconf 72' lang='lat' dir='ltr'><strong>conscientia,</strong></span> <span class='ocrx_word' id='word_1_278' title='bbox 2574 1712 2668 1769; x_wconf 75' lang='lat' dir='ltr'><strong>seu</strong></span> <span class='ocrx_word' id='word_1_279' title='bbox 2696 1711 2816 1766; x_wconf 73' lang='lat' dir='ltr'><strong>qua:</strong></span> <span class='ocrx_word' id='word_1_280' title='bbox 2837 1695 3139 1769; x_wconf 82' lang='lat' dir='ltr'><strong>confessus,</strong></span> <span class='ocrx_word' id='word_1_281' title='bbox 3170 1695 3414 1769; x_wconf 79' lang='lat' dir='ltr'><strong>seuqua:</strong></span> <span class='ocrx_word' id='word_1_282' title='bbox 3441 1712 3550 1769; x_wconf 15' lang='lat' dir='ltr'><strong>per,</strong></span> 
     </span>
    </p>
   </div>
   <div class='ocr_carea' id='block_1_40' title="bbox 1955 1763 3538 1838">
    <p class='ocr_par' dir='ltr' id='par_1_40' title="bbox 1955 1763 3538 1838">
     <span class='ocr_line' id='line_1_40' title="bbox 1955 1763 3538 1838; baseline 0.004 -22"><span class='ocrx_word' id='word_1_283' title='bbox 1955 1763 2340 1838; x_wconf 77' lang='lat' dir='ltr'><strong>negligentiam</strong></span> <span class='ocrx_word' id='word_1_284' title='bbox 2375 1765 2458 1819; x_wconf 89' lang='lat' dir='ltr'><strong>vel</strong></span> <span class='ocrx_word' id='word_1_285' title='bbox 2500 1763 2826 1838; x_wconf 82' lang='lat' dir='ltr'><strong>oblivionem</strong></span> <span class='ocrx_word' id='word_1_286' title='bbox 2867 1767 3046 1836; x_wconf 81' lang='lat' dir='ltr'><strong>detegi</strong></span> <span class='ocrx_word' id='word_1_287' title='bbox 3073 1769 3125 1823; x_wconf 91' lang='lat' dir='ltr'><strong>in</strong></span> <span class='ocrx_word' id='word_1_288' title='bbox 3166 1763 3404 1838; x_wconf 72' lang='lat' dir='ltr'><strong>cogitatu</strong></span> <span class='ocrx_word' id='word_1_289' title='bbox 3433 1763 3454 1833; x_wconf 62' lang='grc' dir='ltr'><em>ξ</em></span> <span class='ocrx_word' id='word_1_290' title='bbox 3484 1768 3538 1824; x_wconf 91' lang='lat' dir='ltr'><strong>in</strong></span> 
     </span>
    </p>
   </div>
   <div class='ocr_carea' id='block_1_41' title="bbox 270 1835 3540 1917">
    <p class='ocr_par' dir='ltr' id='par_1_41' title="bbox 270 1835 3540 1917">
     <span class='ocr_line' id='line_1_41' title="bbox 270 1835 3540 1917; baseline 0.001 -27"><span class='ocrx_word' id='word_1_291' title='bbox 270 1837 503 1917; x_wconf 73' lang='lat' dir='ltr'><strong>actione,</strong></span> <span class='ocrx_word' id='word_1_292' title='bbox 537 1835 680 1917; x_wconf 79' lang='lat' dir='ltr'><strong>q_uod</strong></span> <span class='ocrx_word' id='word_1_293' title='bbox 705 1836 890 1917; x_wconf 66' lang='lat' dir='ltr'><strong>verbo,</strong></span> <span class='ocrx_word' id='word_1_294' title='bbox 919 1837 1060 1904; x_wconf 86' lang='lat' dir='ltr'><strong>quod</strong></span> <span class='ocrx_word' id='word_1_295' title='bbox 1087 1837 1199 1906; x_wconf 86' lang='lat' dir='ltr'><strong>ipsa</strong></span> <span class='ocrx_word' id='word_1_296' title='bbox 1231 1837 1466 1917; x_wconf 46' lang='lat' dir='ltr'><strong>denique</strong></span> <span class='ocrx_word' id='word_1_297' title='bbox 1496 1835 1843 1917; x_wconf 61' lang='lat' dir='ltr'><strong>cogitatione,</strong></span> <span class='ocrx_word' id='word_1_298' title='bbox 1883 1854 1922 1912; x_wconf 73' lang='grc' dir='ltr'><strong><em>Β</em></strong></span> <span class='ocrx_word' id='word_1_299' title='bbox 1954 1835 2120 1917; x_wconf 69' lang='lat' dir='ltr'><strong>verba</strong></span> <span class='ocrx_word' id='word_1_300' title='bbox 2148 1843 2208 1916; x_wconf 74' lang='lat' dir='ltr'><strong>et</strong></span> <span class='ocrx_word' id='word_1_301' title='bbox 2226 1849 2409 1917; x_wconf 80' lang='lat' dir='ltr'><strong>opere,</strong></span> <span class='ocrx_word' id='word_1_302' title='bbox 2444 1836 2525 1891; x_wconf 90' lang='lat' dir='ltr'><strong>vel</strong></span> <span class='ocrx_word' id='word_1_303' title='bbox 2560 1837 2612 1892; x_wconf 90' lang='lat' dir='ltr'><strong>in</strong></span> <span class='ocrx_word' id='word_1_304' title='bbox 2652 1838 2976 1917; x_wconf 50' lang='lat' dir='ltr'><strong>negligeniia</strong></span> <span class='ocrx_word' id='word_1_305' title='bbox 3006 1835 3145 1917; x_wconf 71' lang='lat' dir='ltr'><strong>mea,</strong></span> <span class='ocrx_word' id='word_1_306' title='bbox 3191 1835 3336 1917; x_wconf 63' lang='lat' dir='ltr'><strong>ilice</strong></span> <span class='ocrx_word' id='word_1_307' title='bbox 3356 1840 3540 1917; x_wconf 79' lang='lat' dir='ltr'><strong>omnia</strong></span> 
     </span>
    </p>
   </div>
   <div class='ocr_carea' id='block_1_42' title="bbox 270 1905 1850 1977">
    <p class='ocr_par' dir='ltr' id='par_1_42' title="bbox 270 1905 1850 1977">
     <span class='ocr_line' id='line_1_42' title="bbox 270 1905 1850 1977; baseline 0.001 -16"><span class='ocrx_word' id='word_1_308' title='bbox 270 1907 532 1963; x_wconf 81' lang='lat' dir='ltr'><strong>diabolica</strong></span> <span class='ocrx_word' id='word_1_309' title='bbox 563 1905 754 1962; x_wconf 85' lang='lat' dir='ltr'><strong>fraude</strong></span> <span class='ocrx_word' id='word_1_310' title='bbox 775 1907 1020 1961; x_wconf 89' lang='lat' dir='ltr'><strong>vitiatum</strong></span> <span class='ocrx_word' id='word_1_311' title='bbox 1041 1905 1144 1971; x_wconf 83' lang='lat' dir='ltr'><strong>est,</strong></span> <span class='ocrx_word' id='word_1_312' title='bbox 1176 1915 1230 1961; x_wconf 89' lang='lat' dir='ltr'><strong>et</strong></span> <span class='ocrx_word' id='word_1_313' title='bbox 1258 1905 1447 1960; x_wconf 85' lang='lat' dir='ltr'><strong>unitati</strong></span> <span class='ocrx_word' id='word_1_314' title='bbox 1477 1905 1723 1977; x_wconf 81' lang='lat' dir='ltr'><strong>corporis</strong></span> <span class='ocrx_word' id='word_1_315' title='bbox 1749 1906 1850 1962; x_wconf 83' lang='lat' dir='ltr'><strong>Ec—</strong></span> 
     </span>
    </p>
   </div>
   <div class='ocr_carea' id='block_1_43' title="bbox 269 1977 1850 2048">
    <p class='ocr_par' dir='ltr' id='par_1_43' title="bbox 269 1977 1850 2048">
     <span class='ocr_line' id='line_1_43' title="bbox 269 1977 1850 2048; baseline 0.001 -16"><span class='ocrx_word' id='word_1_316' title='bbox 269 1977 450 2048; x_wconf 65' lang='lat' dir='ltr'><strong>clesia:</strong></span> <span class='ocrx_word' id='word_1_317' title='bbox 478 1978 780 2033; x_wconf 88' lang='lat' dir='ltr'><strong>membrum</strong></span> <span class='ocrx_word' id='word_1_318' title='bbox 821 1985 926 2033; x_wconf 75' lang='lat' dir='ltr'><strong>tute</strong></span> <span class='ocrx_word' id='word_1_319' title='bbox 958 1977 1339 2048; x_wconf 81' lang='lat' dir='ltr'><strong>redemptionis</strong></span> <span class='ocrx_word' id='word_1_320' title='bbox 1381 1977 1628 2043; x_wconf 87' lang='lat' dir='ltr'><strong>adnecte,</strong></span> <span class='ocrx_word' id='word_1_321' title='bbox 1659 1989 1713 2033; x_wconf 90' lang='lat' dir='ltr'><strong>et</strong></span> <span class='ocrx_word' id='word_1_322' title='bbox 1742 1993 1850 2033; x_wconf 92' lang='lat' dir='ltr'><strong>non</strong></span> 
     </span>
    </p>
   </div>
   <div class='ocr_carea' id='block_1_44' title="bbox 271 2047 1852 2105">
    <p class='ocr_par' dir='ltr' id='par_1_44' title="bbox 271 2047 1852 2105">
     <span class='ocr_line' id='line_1_44' title="bbox 271 2047 1852 2105; baseline 0 -1"><span class='ocrx_word' id='word_1_323' title='bbox 271 2047 562 2105; x_wconf 82' lang='lat' dir='ltr'><strong>habentem</strong></span> <span class='ocrx_word' id='word_1_324' title='bbox 593 2049 842 2104; x_wconf 80' lang='lat' dir='ltr'><strong>ﬁduciam</strong></span> <span class='ocrx_word' id='word_1_325' title='bbox 891 2047 995 2103; x_wconf 92' lang='lat' dir='ltr'><strong>nisi</strong></span> <span class='ocrx_word' id='word_1_326' title='bbox 1045 2049 1098 2102; x_wconf 91' lang='lat' dir='ltr'><strong>in</strong></span> <span class='ocrx_word' id='word_1_327' title='bbox 1129 2047 1217 2101; x_wconf 84' lang='lat' dir='ltr'><strong>tua</strong></span> <span class='ocrx_word' id='word_1_328' title='bbox 1260 2048 1634 2104; x_wconf 87' lang='lat' dir='ltr'><strong>misericordia</strong></span> <span class='ocrx_word' id='word_1_329' title='bbox 1665 2048 1732 2103; x_wconf 88' lang='lat' dir='ltr'><strong>ad</strong></span> <span class='ocrx_word' id='word_1_330' title='bbox 1763 2064 1852 2104; x_wconf 86' lang='lat' dir='ltr'><strong>sa-</strong></span> 
     </span>
    </p>
   </div>
   <div class='ocr_carea' id='block_1_45' title="bbox 269 2116 1850 2176">
    <p class='ocr_par' dir='ltr' id='par_1_45' title="bbox 269 2116 1850 2176">
     <span class='ocr_line' id='line_1_45' title="bbox 269 2116 1850 2176; baseline 0.001 -2"><span class='ocrx_word' id='word_1_331' title='bbox 269 2127 610 2176; x_wconf 89' lang='lat' dir='ltr'><strong>cramentum</strong></span> <span class='ocrx_word' id='word_1_332' title='bbox 639 2126 746 2174; x_wconf 77' lang='lat' dir='ltr'><strong>tua:</strong></span> <span class='ocrx_word' id='word_1_333' title='bbox 777 2119 1233 2174; x_wconf 84' lang='lat' dir='ltr'><strong>reconciliationis</strong></span> <span class='ocrx_word' id='word_1_334' title='bbox 1259 2134 1289 2172; x_wconf 93' lang='lat' dir='ltr'><strong>a</strong></span> <span class='ocrx_word' id='word_1_335' title='bbox 1311 2119 1502 2174; x_wconf 89' lang='lat' dir='ltr'><strong>lmitte.</strong></span> <span class='ocrx_word' id='word_1_336' title='bbox 1533 2117 1638 2176; x_wconf 85' lang='lat' dir='ltr'><strong>Per</strong></span> <span class='ocrx_word' id='word_1_337' title='bbox 1666 2116 1850 2175; x_wconf 80' lang='lat' dir='ltr'><strong>Jesum</strong></span> 
     </span>
    </p>
   </div>
   <div class='ocr_carea' id='block_1_46' title="bbox 271 2189 1854 2259">
    <p class='ocr_par' dir='ltr' id='par_1_46' title="bbox 271 2189 1854 2259">
     <span class='ocr_line' id='line_1_46' title="bbox 271 2189 1854 2259; baseline 0.001 -17"><span class='ocrx_word' id='word_1_338' title='bbox 271 2189 547 2245; x_wconf 78' lang='lat' dir='ltr'><strong>Christum</strong></span> <span class='ocrx_word' id='word_1_339' title='bbox 575 2189 908 2259; x_wconf 83' lang='lat' dir='ltr'><strong>unigenitum</strong></span> <span class='ocrx_word' id='word_1_340' title='bbox 941 2189 1138 2244; x_wconf 87' lang='lat' dir='ltr'><strong>Filium</strong></span> <span class='ocrx_word' id='word_1_341' title='bbox 1164 2199 1313 2244; x_wconf 90' lang='lat' dir='ltr'><strong>tuum</strong></span> <span class='ocrx_word' id='word_1_342' title='bbox 1339 2189 1625 2246; x_wconf 86' lang='lat' dir='ltr'><strong>Dominum</strong></span> <span class='ocrx_word' id='word_1_343' title='bbox 1653 2199 1708 2245; x_wconf 88' lang='lat' dir='ltr'><strong>et</strong></span> <span class='ocrx_word' id='word_1_344' title='bbox 1735 2190 1854 2246; x_wconf 85' lang='lat' dir='ltr'><strong>Sal-</strong></span> 
     </span>
    </p>
   </div>
   <div class='ocr_carea' id='block_1_47' title="bbox 268 2261 1849 2333">
    <p class='ocr_par' dir='ltr' id='par_1_47' title="bbox 268 2261 1849 2333">
     <span class='ocr_line' id='line_1_47' title="bbox 268 2261 1849 2333; baseline 0.001 -20"><span class='ocrx_word' id='word_1_345' title='bbox 268 2270 515 2318; x_wconf 83' lang='lat' dir='ltr'><strong>vatorem</strong></span> <span class='ocrx_word' id='word_1_346' title='bbox 544 2267 812 2333; x_wconf 65' lang='lat' dir='ltr'><strong>nosirum,</strong></span> <span class='ocrx_word' id='word_1_347' title='bbox 843 2261 936 2330; x_wconf 89' lang='lat' dir='ltr'><strong>qui</strong></span> <span class='ocrx_word' id='word_1_348' title='bbox 985 2269 1160 2333; x_wconf 86' lang='lat' dir='ltr'><strong>tecum</strong></span> <span class='ocrx_word' id='word_1_349' title='bbox 1193 2276 1297 2314; x_wconf 88' lang='lat' dir='ltr'><strong>una</strong></span> <span class='ocrx_word' id='word_1_350' title='bbox 1329 2277 1450 2316; x_wconf 90' lang='lat' dir='ltr'><strong>cum</strong></span> <span class='ocrx_word' id='word_1_351' title='bbox 1481 2268 1670 2333; x_wconf 87' lang='lat' dir='ltr'><strong>sancto</strong></span> <span class='ocrx_word' id='word_1_352' title='bbox 1722 2261 1849 2333; x_wconf 85' lang='lat' dir='ltr'><strong>Spi-</strong></span> 
     </span>
    </p>
   </div>
   <div class='ocr_carea' id='block_1_48' title="bbox 271 2329 1851 2403">
    <p class='ocr_par' dir='ltr' id='par_1_48' title="bbox 271 2329 1851 2403">
     <span class='ocr_line' id='line_1_48' title="bbox 271 2329 1851 2403; baseline 0.001 -18"><span class='ocrx_word' id='word_1_353' title='bbox 271 2333 379 2386; x_wconf 86' lang='lat' dir='ltr'><strong>ritu</strong></span> <span class='ocrx_word' id='word_1_354' title='bbox 401 2341 630 2386; x_wconf 84' lang='lat' dir='ltr'><strong>unusest</strong></span> <span class='ocrx_word' id='word_1_355' title='bbox 649 2329 812 2403; x_wconf 50' lang='lat' dir='ltr'><strong>ligus,</strong></span> <span class='ocrx_word' id='word_1_356' title='bbox 843 2329 1072 2403; x_wconf 78' lang='lat' dir='ltr'><strong>unusest</strong></span> <span class='ocrx_word' id='word_1_357' title='bbox 1088 2332 1364 2403; x_wconf 87' lang='lat' dir='ltr'><strong>Dominus,</strong></span> <span class='ocrx_word' id='word_1_358' title='bbox 1389 2347 1488 2403; x_wconf 81' lang='lat' dir='ltr'><strong>per</strong></span> <span class='ocrx_word' id='word_1_359' title='bbox 1521 2329 1851 2388; x_wconf 80' lang='lat' dir='ltr'><strong>immortalia</strong></span> 
     </span>
    </p>
   </div>
   <div class='ocr_carea' id='block_1_49' title="bbox 272 2402 1311 2475">
    <p class='ocr_par' dir='ltr' id='par_1_49' title="bbox 272 2402 1311 2475">
     <span class='ocr_line' id='line_1_49' title="bbox 272 2402 1311 2475; baseline -0.002 -18"><span class='ocrx_word' id='word_1_360' title='bbox 272 2417 508 2475; x_wconf 81' lang='lat' dir='ltr'><strong>regnans</strong></span> <span class='ocrx_word' id='word_1_361' title='bbox 534 2402 731 2458; x_wconf 75' lang='lat' dir='ltr'><strong>stecula</strong></span> <span class='ocrx_word' id='word_1_362' title='bbox 757 2402 1094 2458; x_wconf 79' lang='lat' dir='ltr'><strong>saeculorum.</strong></span> <span class='ocrx_word' id='word_1_363' title='bbox 1118 2402 1311 2458; x_wconf 76' lang='lat' dir='ltr'><strong>Amen.</strong></span> 
     </span>
    </p>
   </div>
   <div class='ocr_carea' id='block_1_50' title="bbox 875 2512 1255 2571">
    <p class='ocr_par' dir='ltr' id='par_1_50' title="bbox 875 2512 1255 2571">
     <span class='ocr_line' id='line_1_50' title="bbox 875 2512 1255 2571; baseline -0.005 -1"><span class='ocrx_word' id='word_1_364' title='bbox 875 2512 1010 2571; x_wconf 79' lang='lat' dir='ltr'><strong>Item</strong></span> <span class='ocrx_word' id='word_1_365' title='bbox 1064 2515 1255 2568; x_wconf 80' lang='lat' dir='ltr'><strong>oratio.</strong></span> 
     </span>
    </p>
   </div>
   <div class='ocr_carea' id='block_1_51' title="bbox 346 2603 1848 2676">
    <p class='ocr_par' dir='ltr' id='par_1_51' title="bbox 346 2603 1848 2676">
     <span class='ocr_line' id='line_1_51' title="bbox 346 2603 1848 2676; baseline 0.003 -16"><span class='ocrx_word' id='word_1_366' title='bbox 346 2605 488 2661; x_wconf 90' lang='lat' dir='ltr'><strong>Deus</strong></span> <span class='ocrx_word' id='word_1_367' title='bbox 503 2603 770 2673; x_wconf 78' lang='lat' dir='ltr'><strong>iustorum</strong></span> <span class='ocrx_word' id='word_1_368' title='bbox 793 2607 980 2676; x_wconf 85' lang='lat' dir='ltr'><strong>gloria,</strong></span> <span class='ocrx_word' id='word_1_369' title='bbox 1006 2614 1063 2661; x_wconf 90' lang='lat' dir='ltr'><strong>et</strong></span> <span class='ocrx_word' id='word_1_370' title='bbox 1085 2606 1452 2667; x_wconf 87' lang='lat' dir='ltr'><strong>misericordia</strong></span> <span class='ocrx_word' id='word_1_371' title='bbox 1480 2615 1848 2676; x_wconf 87' lang='lat' dir='ltr'><strong>peccatorum,</strong></span> 
     </span>
    </p>
   </div>
   <div class='ocr_carea' id='block_1_52' title="bbox 271 2677 1851 2748">
    <p class='ocr_par' dir='ltr' id='par_1_52' title="bbox 271 2677 1851 2748">
     <span class='ocr_line' id='line_1_52' title="bbox 271 2677 1851 2748; baseline 0.003 -18"><span class='ocrx_word' id='word_1_372' title='bbox 271 2677 362 2745; x_wconf 91' lang='lat' dir='ltr'><strong>qui</strong></span> <span class='ocrx_word' id='word_1_373' title='bbox 405 2677 588 2732; x_wconf 76' lang='lat' dir='ltr'><strong>dixisti</strong></span> <span class='ocrx_word' id='word_1_374' title='bbox 639 2695 652 2732; x_wconf 91' lang='lat'><strong>:</strong></span> <span class='ocrx_word' id='word_1_375' title='bbox 703 2677 840 2732; x_wconf 85' lang='lat' dir='ltr'><strong>Nolo</strong></span> <span class='ocrx_word' id='word_1_376' title='bbox 879 2687 1096 2733; x_wconf 83' lang='lat' dir='ltr'><strong>mortem</strong></span> <span class='ocrx_word' id='word_1_377' title='bbox 1127 2679 1443 2748; x_wconf 75' lang='lat' dir='ltr'><strong>peccatoris,</strong></span> <span class='ocrx_word' id='word_1_378' title='bbox 1476 2679 1567 2732; x_wconf 78' lang='lat' dir='ltr'><strong>sed</strong></span> <span class='ocrx_word' id='word_1_379' title='bbox 1601 2681 1767 2748; x_wconf 77' lang='lat' dir='ltr'><strong>magis</strong></span> <span class='ocrx_word' id='word_1_380' title='bbox 1793 2690 1851 2734; x_wconf 79' lang='lat' dir='ltr'><strong>ut</strong></span> 
     </span>
    </p>
   </div>
   <div class='ocr_carea' id='block_1_53' title="bbox 271 2748 1850 2817">
    <p class='ocr_par' dir='ltr' id='par_1_53' title="bbox 271 2748 1850 2817">
     <span class='ocr_line' id='line_1_53' title="bbox 271 2748 1850 2817; baseline 0.002 -15"><span class='ocrx_word' id='word_1_381' title='bbox 271 2758 607 2802; x_wconf 73' lang='lat' dir='ltr'><strong>convertatur</strong></span> <span class='ocrx_word' id='word_1_382' title='bbox 641 2758 689 2802; x_wconf 84' lang='lat' dir='ltr'><strong>et</strong></span> <span class='ocrx_word' id='word_1_383' title='bbox 718 2749 852 2802; x_wconf 77' lang='lat' dir='ltr'><strong>vivat</strong></span> <span class='ocrx_word' id='word_1_384' title='bbox 897 2762 916 2800; x_wconf 93' lang='lat'><em>:</em></span> <span class='ocrx_word' id='word_1_385' title='bbox 962 2748 1175 2817; x_wconf 84' lang='lat' dir='ltr'><strong>suscipe</strong></span> <span class='ocrx_word' id='word_1_386' title='bbox 1227 2763 1334 2812; x_wconf 91' lang='lat' dir='ltr'><strong>me,</strong></span> <span class='ocrx_word' id='word_1_387' title='bbox 1376 2749 1618 2817; x_wconf 88' lang='lat' dir='ltr'><strong>piissime</strong></span> <span class='ocrx_word' id='word_1_388' title='bbox 1667 2749 1850 2817; x_wconf 86' lang='lat' dir='ltr'><strong>Pater,</strong></span> 
     </span>
    </p>
   </div>
   <div class='ocr_carea' id='block_1_54' title="bbox 267 2818 1855 2889">
    <p class='ocr_par' dir='ltr' id='par_1_54' title="bbox 267 2818 1855 2889">
     <span class='ocr_line' id='line_1_54' title="bbox 267 2818 1855 2889; baseline 0.003 -16"><span class='ocrx_word' id='word_1_389' title='bbox 267 2819 621 2888; x_wconf 72' lang='lat' dir='ltr'><strong>pmnitentem</strong></span> <span class='ocrx_word' id='word_1_390' title='bbox 669 2818 931 2874; x_wconf 87' lang='lat' dir='ltr'><strong>famulum</strong></span> <span class='ocrx_word' id='word_1_391' title='bbox 970 2827 1146 2884; x_wconf 90' lang='lat' dir='ltr'><strong>tuum,</strong></span> <span class='ocrx_word' id='word_1_392' title='bbox 1173 2819 1296 2889; x_wconf 89' lang='lat' dir='ltr'><strong>quia</strong></span> <span class='ocrx_word' id='word_1_393' title='bbox 1323 2820 1417 2874; x_wconf 85' lang='lat' dir='ltr'><strong>tibi</strong></span> <span class='ocrx_word' id='word_1_394' title='bbox 1445 2820 1707 2877; x_wconf 80' lang='lat' dir='ltr'><strong>conﬁteor</strong></span> <span class='ocrx_word' id='word_1_395' title='bbox 1735 2838 1855 2877; x_wconf 83' lang='lat' dir='ltr'><strong>om-</strong></span> 
     </span>
    </p>
   </div>
   <div class='ocr_carea' id='block_1_55' title="bbox 269 2889 1852 2962">
    <p class='ocr_par' dir='ltr' id='par_1_55' title="bbox 269 2889 1852 2962">
     <span class='ocr_line' id='line_1_55' title="bbox 269 2889 1852 2962; baseline 0.003 -18"><span class='ocrx_word' id='word_1_396' title='bbox 269 2890 358 2944; x_wconf 87' lang='lat' dir='ltr'><strong>nia</strong></span> <span class='ocrx_word' id='word_1_397' title='bbox 393 2889 587 2945; x_wconf 84' lang='lat' dir='ltr'><strong>dclicta</strong></span> <span class='ocrx_word' id='word_1_398' title='bbox 615 2898 670 2942; x_wconf 84' lang='lat' dir='ltr'><strong>et</strong></span> <span class='ocrx_word' id='word_1_399' title='bbox 708 2899 930 2960; x_wconf 84' lang='lat' dir='ltr'><strong>peccata</strong></span> <span class='ocrx_word' id='word_1_400' title='bbox 975 2905 1112 2955; x_wconf 87' lang='lat' dir='ltr'><strong>mea,</strong></span> <span class='ocrx_word' id='word_1_401' title='bbox 1140 2905 1475 2962; x_wconf 71' lang='lat' dir='ltr'><strong>qumcunque</strong></span> <span class='ocrx_word' id='word_1_402' title='bbox 1500 2891 1718 2962; x_wconf 78' lang='lat' dir='ltr'><strong>peccavi</strong></span> <span class='ocrx_word' id='word_1_403' title='bbox 1755 2908 1852 2948; x_wconf 86' lang='lat' dir='ltr'><strong>co-</strong></span> 
     </span>
    </p>
   </div>
   <div class='ocr_carea' id='block_1_56' title="bbox 271 2961 1850 3033">
    <p class='ocr_par' dir='ltr' id='par_1_56' title="bbox 271 2961 1850 3033">
     <span class='ocr_line' id='line_1_56' title="bbox 271 2961 1850 3033; baseline 0.004 -21"><span class='ocrx_word' id='word_1_404' title='bbox 271 2973 388 3033; x_wconf 78' lang='lat' dir='ltr'><strong>ram</strong></span> <span class='ocrx_word' id='word_1_405' title='bbox 418 2967 488 3033; x_wconf 70' lang='lat' dir='ltr'><strong>te,</strong></span> <span class='ocrx_word' id='word_1_406' title='bbox 512 2968 567 3015; x_wconf 91' lang='lat' dir='ltr'><strong>et</strong></span> <span class='ocrx_word' id='word_1_407' title='bbox 593 2975 773 3016; x_wconf 87' lang='lat' dir='ltr'><strong>coram</strong></span> <span class='ocrx_word' id='word_1_408' title='bbox 800 2961 1003 3033; x_wconf 83' lang='lat' dir='ltr'><strong>sanctis</strong></span> <span class='ocrx_word' id='word_1_409' title='bbox 1026 2961 1231 3033; x_wconf 71' lang='lat' dir='ltr'><strong>angelis</strong></span> <span class='ocrx_word' id='word_1_410' title='bbox 1260 2962 1386 3028; x_wconf 88' lang='lat' dir='ltr'><strong>tuis,</strong></span> <span class='ocrx_word' id='word_1_411' title='bbox 1420 2963 1472 3016; x_wconf 93' lang='lat' dir='ltr'><strong>in</strong></span> <span class='ocrx_word' id='word_1_412' title='bbox 1493 2961 1850 3033; x_wconf 81' lang='lat' dir='ltr'><strong>cogitatione,</strong></span> 
     </span>
    </p>
   </div>
   <div class='ocr_carea' id='block_1_57' title="bbox 271 3029 1854 3104">
    <p class='ocr_par' dir='ltr' id='par_1_57' title="bbox 271 3029 1854 3104">
     <span class='ocr_line' id='line_1_57' title="bbox 271 3029 1854 3104; baseline 0.004 -20"><span class='ocrx_word' id='word_1_413' title='bbox 271 3030 328 3084; x_wconf 91' lang='lat' dir='ltr'><strong>in</strong></span> <span class='ocrx_word' id='word_1_414' title='bbox 359 3031 544 3104; x_wconf 78' lang='lat' dir='ltr'><strong>verbo,</strong></span> <span class='ocrx_word' id='word_1_415' title='bbox 574 3039 630 3104; x_wconf 93' lang='lat' dir='ltr'><strong>et_</strong></span> <span class='ocrx_word' id='word_1_416' title='bbox 656 3045 839 3101; x_wconf 86' lang='lat' dir='ltr'><strong>opere,</strong></span> <span class='ocrx_word' id='word_1_417' title='bbox 885 3031 946 3104; x_wconf 85' lang='lat' dir='ltr'><strong>in</strong></span> <span class='ocrx_word' id='word_1_418' title='bbox 976 3029 1241 3104; x_wconf 83' lang='lat' dir='ltr'><strong>omnibus</strong></span> <span class='ocrx_word' id='word_1_419' title='bbox 1264 3033 1422 3087; x_wconf 89' lang='lat' dir='ltr'><strong>simul</strong></span> <span class='ocrx_word' id='word_1_420' title='bbox 1452 3029 1608 3088; x_wconf 70' lang='lat' dir='ltr'><strong>vitiis</strong></span> <span class='ocrx_word' id='word_1_421' title='bbox 1650 3044 1703 3088; x_wconf 90' lang='lat' dir='ltr'><strong>et</strong></span> <span class='ocrx_word' id='word_1_422' title='bbox 1728 3029 1854 3104; x_wconf 86' lang='lat' dir='ltr'><strong>pee-</strong></span> 
     </span>
    </p>
   </div>
   <div class='ocr_carea' id='block_1_58' title="bbox 270 3100 1852 3176">
    <p class='ocr_par' dir='ltr' id='par_1_58' title="bbox 270 3100 1852 3176">
     <span class='ocr_line' id='line_1_58' title="bbox 270 3100 1852 3176; baseline 0.001 -20"><span class='ocrx_word' id='word_1_423' title='bbox 270 3100 428 3176; x_wconf 75' lang='lat' dir='ltr'><strong>catis,</strong></span> <span class='ocrx_word' id='word_1_424' title='bbox 459 3102 574 3157; x_wconf 89' lang='lat' dir='ltr'><strong>sive</strong></span> <span class='ocrx_word' id='word_1_425' title='bbox 619 3100 970 3176; x_wconf 34' lang='lat' dir='ltr'><strong>in’superbia</strong></span> <span class='ocrx_word' id='word_1_426' title='bbox 1018 3112 1072 3158; x_wconf 87' lang='lat' dir='ltr'><strong>et</strong></span> <span class='ocrx_word' id='word_1_427' title='bbox 1120 3102 1372 3176; x_wconf 85' lang='lat' dir='ltr'><strong>elatione,</strong></span> <span class='ocrx_word' id='word_1_428' title='bbox 1428 3104 1568 3176; x_wconf 86' lang='lat' dir='ltr'><strong>unde</strong></span> <span class='ocrx_word' id='word_1_429' title='bbox 1615 3120 1700 3159; x_wconf 91' lang='lat' dir='ltr'><strong>me</strong></span> <span class='ocrx_word' id='word_1_430' title='bbox 1728 3100 1852 3176; x_wconf 76' lang='lat' dir='ltr'><strong>gra-</strong></span> 
     </span>
    </p>
   </div>
   <div class='ocr_carea' id='block_1_59' title="bbox 269 3171 1850 3245">
    <p class='ocr_par' dir='ltr' id='par_1_59' title="bbox 269 3171 1850 3245">
     <span class='ocr_line' id='line_1_59' title="bbox 269 3171 1850 3245; baseline 0.004 -20"><span class='ocrx_word' id='word_1_431' title='bbox 269 3171 492 3227; x_wconf 78' lang='lat' dir='ltr'><strong>vissime</strong></span> <span class='ocrx_word' id='word_1_432' title='bbox 535 3187 656 3228; x_wconf 86' lang='lat' dir='ltr'><strong>reor</strong></span> <span class='ocrx_word' id='word_1_433' title='bbox 696 3171 819 3228; x_wconf 82' lang='lat' dir='ltr'><strong>esse</strong></span> <span class='ocrx_word' id='word_1_434' title='bbox 849 3172 1133 3245; x_wconf 84' lang='lat' dir='ltr'><strong>pollutum,</strong></span> <span class='ocrx_word' id='word_1_435' title='bbox 1155 3182 1211 3245; x_wconf 85' lang='lat' dir='ltr'><strong>et</strong></span> <span class='ocrx_word' id='word_1_436' title='bbox 1257 3174 1308 3228; x_wconf 93' lang='lat' dir='ltr'><strong>in</strong></span> <span class='ocrx_word' id='word_1_437' title='bbox 1336 3175 1589 3230; x_wconf 84' lang='lat' dir='ltr'><strong>omnibus</strong></span> <span class='ocrx_word' id='word_1_438' title='bbox 1615 3171 1850 3245; x_wconf 66' lang='lat' dir='ltr'><strong>peccatis</strong></span> 
     </span>
    </p>
   </div>
   <div class='ocr_carea' id='block_1_60' title="bbox 269 3243 1850 3315">
    <p class='ocr_par' dir='ltr' id='par_1_60' title="bbox 269 3243 1850 3315">
     <span class='ocr_line' id='line_1_60' title="bbox 269 3243 1850 3315; baseline 0.003 -18"><span class='ocrx_word' id='word_1_439' title='bbox 269 3257 392 3315; x_wconf 65' lang='lat' dir='ltr'><strong>quae</strong></span> <span class='ocrx_word' id='word_1_440' title='bbox 438 3253 739 3299; x_wconf 90' lang='lat' dir='ltr'><strong>nascuntur</strong></span> <span class='ocrx_word' id='word_1_441' title='bbox 781 3243 955 3315; x_wconf 65' lang='lat' dir='ltr'><strong>esea,</strong></span> <span class='ocrx_word' id='word_1_442' title='bbox 989 3243 1042 3298; x_wconf 94' lang='lat' dir='ltr'><strong>in</strong></span> <span class='ocrx_word' id='word_1_443' title='bbox 1073 3243 1459 3311; x_wconf 86' lang='lat' dir='ltr'><strong>inobcdientia,</strong></span> <span class='ocrx_word' id='word_1_444' title='bbox 1506 3247 1560 3300; x_wconf 91' lang='lat' dir='ltr'><strong>in</strong></span> <span class='ocrx_word' id='word_1_445' title='bbox 1593 3243 1850 3315; x_wconf 62' lang='lat' dir='ltr'><strong>pansum-</strong></span> 
     </span>
    </p>
   </div>
   <div class='ocr_carea' id='block_1_61' title="bbox 266 3313 1849 3385">
    <p class='ocr_par' dir='ltr' id='par_1_61' title="bbox 266 3313 1849 3385">
     <span class='ocr_line' id='line_1_61' title="bbox 266 3313 1849 3385; baseline 0.002 -17"><span class='ocrx_word' id='word_1_446' title='bbox 266 3313 453 3385; x_wconf 85' lang='lat' dir='ltr'><strong>ptiune</strong></span> <span class='ocrx_word' id='word_1_447' title='bbox 481 3315 685 3384; x_wconf 87' lang='lat' dir='ltr'><strong>iniqua,</strong></span> <span class='ocrx_word' id='word_1_448' title='bbox 709 3322 872 3384; x_wconf 89' lang='lat' dir='ltr'><strong>atque</strong></span> <span class='ocrx_word' id='word_1_449' title='bbox 900 3313 951 3368; x_wconf 92' lang='lat' dir='ltr'><strong>in</strong></span> <span class='ocrx_word' id='word_1_450' title='bbox 982 3315 1276 3385; x_wconf 88' lang='lat' dir='ltr'><strong>pertinacia</strong></span> <span class='ocrx_word' id='word_1_451' title='bbox 1301 3325 1355 3370; x_wconf 92' lang='lat' dir='ltr'><strong>et</strong></span> <span class='ocrx_word' id='word_1_452' title='bbox 1375 3313 1741 3382; x_wconf 82' lang='lat' dir='ltr'><strong>cententione,</strong></span> <span class='ocrx_word' id='word_1_453' title='bbox 1765 3317 1849 3372; x_wconf 91' lang='lat' dir='ltr'><strong>vel</strong></span> 
     </span>
    </p>
   </div>
   <div class='ocr_carea' id='block_1_62' title="bbox 270 3384 1847 3458">
    <p class='ocr_par' dir='ltr' id='par_1_62' title="bbox 270 3384 1847 3458">
     <span class='ocr_line' id='line_1_62' title="bbox 270 3384 1847 3458; baseline 0.001 -16"><span class='ocrx_word' id='word_1_454' title='bbox 270 3384 435 3442; x_wconf 83' lang='lat' dir='ltr'><strong>etiam</strong></span> <span class='ocrx_word' id='word_1_455' title='bbox 472 3385 525 3440; x_wconf 93' lang='lat' dir='ltr'><strong>in</strong></span> <span class='ocrx_word' id='word_1_456' title='bbox 556 3385 866 3457; x_wconf 85' lang='lat' dir='ltr'><strong>arrogantia</strong></span> <span class='ocrx_word' id='word_1_457' title='bbox 898 3384 1357 3451; x_wconf 77' lang='lat' dir='ltr'><strong>etobstinatinne,</strong></span> <span class='ocrx_word' id='word_1_458' title='bbox 1387 3389 1501 3442; x_wconf 87' lang='lat' dir='ltr'><strong>sive</strong></span> <span class='ocrx_word' id='word_1_459' title='bbox 1537 3389 1589 3442; x_wconf 90' lang='lat' dir='ltr'><strong>in</strong></span> <span class='ocrx_word' id='word_1_460' title='bbox 1620 3389 1766 3458; x_wconf 84' lang='lat' dir='ltr'><strong>gula,</strong></span> <span class='ocrx_word' id='word_1_461' title='bbox 1793 3390 1847 3444; x_wconf 93' lang='lat' dir='ltr'><strong>in</strong></span> 
     </span>
    </p>
   </div>
   <div class='ocr_carea' id='block_1_63' title="bbox 267 3460 1848 3529">
    <p class='ocr_par' dir='ltr' id='par_1_63' title="bbox 267 3460 1848 3529">
     <span class='ocr_line' id='line_1_63' title="bbox 267 3460 1848 3529; baseline 0.004 -21"><span class='ocrx_word' id='word_1_462' title='bbox 267 3470 374 3529; x_wconf 81' lang='lat' dir='ltr'><strong>qua</strong></span> <span class='ocrx_word' id='word_1_463' title='bbox 407 3471 504 3529; x_wconf 80' lang='lat' dir='ltr'><strong>me</strong></span> <span class='ocrx_word' id='word_1_464' title='bbox 534 3472 697 3529; x_wconf 79' lang='lat' dir='ltr'><strong>super</strong></span> <span class='ocrx_word' id='word_1_465' title='bbox 735 3471 1042 3511; x_wconf 88' lang='lat' dir='ltr'><strong>mensuram</strong></span> <span class='ocrx_word' id='word_1_466' title='bbox 1091 3466 1412 3526; x_wconf 83' lang='lat' dir='ltr'><strong>occupatum</strong></span> <span class='ocrx_word' id='word_1_467' title='bbox 1450 3460 1681 3525; x_wconf 62' lang='lat' dir='ltr'><strong>aestimo,</strong></span> <span class='ocrx_word' id='word_1_468' title='bbox 1711 3469 1766 3514; x_wconf 89' lang='lat' dir='ltr'><strong>et</strong></span> <span class='ocrx_word' id='word_1_469' title='bbox 1795 3461 1848 3515; x_wconf 92' lang='lat' dir='ltr'><strong>in</strong></span> 
     </span>
    </p>
   </div>
   <div class='ocr_carea' id='block_1_64' title="bbox 267 3526 1846 3611">
    <p class='ocr_par' dir='ltr' id='par_1_64' title="bbox 267 3526 1846 3611">
     <span class='ocr_line' id='line_1_64' title="bbox 267 3526 1846 3611; baseline 0.004 -32"><span class='ocrx_word' id='word_1_470' title='bbox 267 3526 539 3611; x_wconf 62' lang='lat' dir='ltr'><strong>iiniversis</strong></span> <span class='ocrx_word' id='word_1_471' title='bbox 575 3526 722 3582; x_wconf 84' lang='lat' dir='ltr'><strong>vitiis</strong></span> <span class='ocrx_word' id='word_1_472' title='bbox 753 3543 885 3611; x_wconf 63' lang='lat' dir='ltr'><strong>qua:</strong></span> <span class='ocrx_word' id='word_1_473' title='bbox 925 3534 1256 3610; x_wconf 73' lang='lat' dir='ltr'><strong>generantur</strong></span> <span class='ocrx_word' id='word_1_474' title='bbox 1278 3543 1344 3582; x_wconf 83' lang='lat' dir='ltr'><strong>ex</strong></span> <span class='ocrx_word' id='word_1_475' title='bbox 1369 3544 1451 3611; x_wconf 72' lang='lat' dir='ltr'><strong>ea,</strong></span> <span class='ocrx_word' id='word_1_476' title='bbox 1483 3531 1846 3611; x_wconf 45' lang='lat' dir='ltr'><strong>in.inl_10nesta</strong></span> 
     </span>
    </p>
   </div>
   <div class='ocr_carea' id='block_1_65' title="bbox 267 3596 1847 3670">
    <p class='ocr_par' dir='ltr' id='par_1_65' title="bbox 267 3596 1847 3670">
     <span class='ocr_line' id='line_1_65' title="bbox 267 3596 1847 3670; baseline 0.003 -21"><span class='ocrx_word' id='word_1_477' title='bbox 267 3596 559 3670; x_wconf 50' lang='grc' dir='ltr'><strong>ιιιειίιίςμὶιι</strong></span> <span class='ocrx_word' id='word_1_478' title='bbox 593 3596 920 3670; x_wconf 86' lang='lat' dir='ltr'><strong>scurrilitate</strong></span> <span class='ocrx_word' id='word_1_479' title='bbox 947 3607 1002 3655; x_wconf 88' lang='lat' dir='ltr'><strong>et</strong></span> <span class='ocrx_word' id='word_1_480' title='bbox 1031 3598 1164 3661; x_wconf 90' lang='lat' dir='ltr'><strong>risu,</strong></span> <span class='ocrx_word' id='word_1_481' title='bbox 1197 3598 1249 3652; x_wconf 92' lang='lat' dir='ltr'><strong>in</strong></span> <span class='ocrx_word' id='word_1_482' title='bbox 1277 3600 1608 3670; x_wconf 80' lang='lat' dir='ltr'><strong>vaniloquio,</strong></span> <span class='ocrx_word' id='word_1_483' title='bbox 1639 3601 1690 3654; x_wconf 92' lang='lat' dir='ltr'><strong>in</strong></span> <span class='ocrx_word' id='word_1_484' title='bbox 1745 3602 1847 3655; x_wconf 90' lang='lat' dir='ltr'><strong>im-</strong></span> 
     </span>
    </p>
   </div>
   <div class='ocr_carea' id='block_1_66' title="bbox 267 3669 1848 3739">
    <p class='ocr_par' dir='ltr' id='par_1_66' title="bbox 267 3669 1848 3739">
     <span class='ocr_line' id='line_1_66' title="bbox 267 3669 1848 3739; baseline 0.004 -19"><span class='ocrx_word' id='word_1_485' title='bbox 267 3669 536 3736; x_wconf 68' lang='lat' dir='ltr'><strong>rnunditia</strong></span> <span class='ocrx_word' id='word_1_486' title='bbox 586 3669 744 3724; x_wconf 81' lang='lat' dir='ltr'><strong>sitnnl</strong></span> <span class='ocrx_word' id='word_1_487' title='bbox 777 3670 958 3725; x_wconf 86' lang='lat' dir='ltr'><strong>cordis</strong></span> <span class='ocrx_word' id='word_1_488' title='bbox 1001 3675 1057 3725; x_wconf 90' lang='lat' dir='ltr'><strong>et</strong></span> <span class='ocrx_word' id='word_1_489' title='bbox 1103 3670 1371 3739; x_wconf 88' lang='lat' dir='ltr'><strong>corporis,</strong></span> <span class='ocrx_word' id='word_1_490' title='bbox 1415 3669 1848 3728; x_wconf 86' lang='lat' dir='ltr'><strong>ininstabilitate</strong></span> 
     </span>
    </p>
   </div>
   <div class='ocr_carea' id='block_1_67' title="bbox 269 3739 1848 3806">
    <p class='ocr_par' dir='ltr' id='par_1_67' title="bbox 269 3739 1848 3806">
     <span class='ocr_line' id='line_1_67' title="bbox 269 3739 1848 3806; baseline 0.005 -15"><span class='ocrx_word' id='word_1_491' title='bbox 269 3739 490 3803; x_wconf 85' lang='lat' dir='ltr'><strong>mentis,</strong></span> <span class='ocrx_word' id='word_1_492' title='bbox 549 3740 601 3794; x_wconf 93' lang='lat' dir='ltr'><strong>in</strong></span> <span class='ocrx_word' id='word_1_493' title='bbox 649 3739 871 3799; x_wconf 82' lang='lat' dir='ltr'><strong>libidine</strong></span> <span class='ocrx_word' id='word_1_494' title='bbox 919 3748 972 3795; x_wconf 87' lang='lat' dir='ltr'><strong>et</strong></span> <span class='ocrx_word' id='word_1_495' title='bbox 1033 3742 1320 3806; x_wconf 88' lang='lat' dir='ltr'><strong>ebrietate,</strong></span> <span class='ocrx_word' id='word_1_496' title='bbox 1352 3743 1406 3796; x_wconf 92' lang='lat' dir='ltr'><strong>in</strong></span> <span class='ocrx_word' id='word_1_497' title='bbox 1451 3744 1848 3799; x_wconf 88' lang='lat' dir='ltr'><strong>comessatione</strong></span> 
     </span>
    </p>
   </div>
   <div class='ocr_carea' id='block_1_68' title="bbox 268 3810 1848 3882">
    <p class='ocr_par' dir='ltr' id='par_1_68' title="bbox 268 3810 1848 3882">
     <span class='ocr_line' id='line_1_68' title="bbox 268 3810 1848 3882; baseline 0.005 -20"><span class='ocrx_word' id='word_1_498' title='bbox 268 3824 374 3878; x_wconf 75' lang='lat' dir='ltr'><strong>non</strong></span> <span class='ocrx_word' id='word_1_499' title='bbox 408 3811 639 3882; x_wconf 81' lang='lat' dir='ltr'><strong>modica,</strong></span> <span class='ocrx_word' id='word_1_500' title='bbox 695 3811 748 3865; x_wconf 91' lang='lat' dir='ltr'><strong>in</strong></span> <span class='ocrx_word' id='word_1_501' title='bbox 787 3810 1144 3867; x_wconf 86' lang='lat' dir='ltr'><strong>fornicatione</strong></span> <span class='ocrx_word' id='word_1_502' title='bbox 1198 3828 1411 3882; x_wconf 89' lang='lat' dir='ltr'><strong>quoque</strong></span> <span class='ocrx_word' id='word_1_503' title='bbox 1463 3813 1647 3869; x_wconf 86' lang='lat' dir='ltr'><strong>multis</strong></span> <span class='ocrx_word' id='word_1_504' title='bbox 1673 3815 1848 3870; x_wconf 89' lang='lat' dir='ltr'><strong>modis</strong></span> 
     </span>
    </p>
   </div>
   <div class='ocr_carea' id='block_1_69' title="bbox 267 3879 1843 3950">
    <p class='ocr_par' dir='ltr' id='par_1_69' title="bbox 267 3879 1843 3950">
     <span class='ocr_line' id='line_1_69' title="bbox 267 3879 1843 3950; baseline 0.004 -16"><span class='ocrx_word' id='word_1_505' title='bbox 267 3894 356 3934; x_wconf 87' lang='lat' dir='ltr'><strong>me</strong></span> <span class='ocrx_word' id='word_1_506' title='bbox 403 3879 665 3950; x_wconf 81' lang='lat' dir='ltr'><strong>pollutum</strong></span> <span class='ocrx_word' id='word_1_507' title='bbox 710 3897 832 3938; x_wconf 88' lang='lat' dir='ltr'><strong>esse</strong></span> <span class='ocrx_word' id='word_1_508' title='bbox 855 3883 1048 3948; x_wconf 88' lang='lat' dir='ltr'><strong>sentio,</strong></span> <span class='ocrx_word' id='word_1_509' title='bbox 1099 3893 1155 3938; x_wconf 87' lang='lat' dir='ltr'><strong>et</strong></span> <span class='ocrx_word' id='word_1_510' title='bbox 1205 3879 1256 3938; x_wconf 78' lang='lat' dir='ltr'><strong>in</strong></span> <span class='ocrx_word' id='word_1_511' title='bbox 1289 3879 1500 3939; x_wconf 81' lang='lat' dir='ltr'><strong>cunctis</strong></span> <span class='ocrx_word' id='word_1_512' title='bbox 1547 3885 1843 3941; x_wconf 88' lang='lat' dir='ltr'><strong>sceleribus</strong></span> 
     </span>
    </p>
   </div>
   <div class='ocr_carea' id='block_1_70' title="bbox 1877 3220 1924 3284">
    <p class='ocr_par' dir='ltr' id='par_1_70' title="bbox 1877 3220 1924 3284">
     <span class='ocr_line' id='line_1_70' title="bbox 1877 3220 1924 3284; baseline 0 0"><span class='ocrx_word' id='word_1_513' title='bbox 1877 3220 1924 3284; x_wconf 86' lang='lat' dir='ltr'><strong><em>C</em></strong></span> 
     </span>
    </p>
   </div>
   <div class='ocr_carea' id='block_1_71' title="bbox 263 3950 1882 4022">
    <p class='ocr_par' dir='ltr' id='par_1_71' title="bbox 263 3950 1882 4022">
     <span class='ocr_line' id='line_1_71' title="bbox 263 3950 1882 4022; baseline 0.006 -20"><span class='ocrx_word' id='word_1_514' title='bbox 263 3964 385 4022; x_wconf 70' lang='lat' dir='ltr'><strong>qua:</strong></span> <span class='ocrx_word' id='word_1_515' title='bbox 410 3950 742 4022; x_wconf 87' lang='lat' dir='ltr'><strong>pullulantur</strong></span> <span class='ocrx_word' id='word_1_516' title='bbox 769 3967 835 4007; x_wconf 82' lang='lat' dir='ltr'><strong>ex</strong></span> <span class='ocrx_word' id='word_1_517' title='bbox 876 3967 963 4018; x_wconf 85' lang='lat' dir='ltr'><strong>ea,</strong></span> <span class='ocrx_word' id='word_1_518' title='bbox 1009 3955 1060 4009; x_wconf 92' lang='lat' dir='ltr'><strong>in</strong></span> <span class='ocrx_word' id='word_1_519' title='bbox 1094 3954 1336 4010; x_wconf 65' lang='lat' dir='ltr'><strong>caecitate</strong></span> <span class='ocrx_word' id='word_1_520' title='bbox 1364 3956 1581 4021; x_wconf 89' lang='lat' dir='ltr'><strong>mentis,</strong></span> <span class='ocrx_word' id='word_1_521' title='bbox 1633 3957 1686 4012; x_wconf 92' lang='lat' dir='ltr'><strong>in</strong></span> <span class='ocrx_word' id='word_1_522' title='bbox 1726 3957 1845 4012; x_wconf 89' lang='lat' dir='ltr'><strong>visu</strong></span> <span class='ocrx_word' id='word_1_523' title='bbox 1879 3984 1882 3986; x_wconf 92' lang='lat'><strong><em>-</em></strong></span> 
     </span>
    </p>
   </div>
   <div class='ocr_carea' id='block_1_72' title="bbox 266 4021 1847 4099">
    <p class='ocr_par' dir='ltr' id='par_1_72' title="bbox 266 4021 1847 4099">
     <span class='ocr_line' id='line_1_72' title="bbox 266 4021 1847 4099; baseline 0.004 -24"><span class='ocrx_word' id='word_1_524' title='bbox 266 4021 490 4099; x_wconf 46' lang='lat' dir='ltr'><strong>tnalo&#39;et</strong></span> <span class='ocrx_word' id='word_1_525' title='bbox 514 4021 695 4099; x_wconf 61' lang='lat' dir='ltr'><strong>nosio,</strong></span> <span class='ocrx_word' id='word_1_526' title='bbox 729 4023 781 4099; x_wconf 87' lang='lat' dir='ltr'><strong>in</strong></span> <span class='ocrx_word' id='word_1_527' title='bbox 809 4024 991 4079; x_wconf 90' lang='lat' dir='ltr'><strong>auditu</strong></span> <span class='ocrx_word' id='word_1_528' title='bbox 1017 4041 1155 4099; x_wconf 78' lang='lat' dir='ltr'><strong>vano</strong></span> <span class='ocrx_word' id='word_1_529' title='bbox 1179 4041 1244 4099; x_wconf 82' lang='lat' dir='ltr'><strong>ac</strong></span> <span class='ocrx_word' id='word_1_530' title='bbox 1275 4027 1440 4096; x_wconf 89' lang='lat' dir='ltr'><strong>turpi,</strong></span> <span class='ocrx_word' id='word_1_531' title='bbox 1472 4027 1525 4080; x_wconf 91' lang='lat' dir='ltr'><strong>in</strong></span> <span class='ocrx_word' id='word_1_532' title='bbox 1553 4037 1714 4099; x_wconf 83' lang='lat' dir='ltr'><strong>gustu</strong></span> <span class='ocrx_word' id='word_1_533' title='bbox 1745 4027 1847 4081; x_wconf 91' lang='lat' dir='ltr'><strong>im-</strong></span> 
     </span>
    </p>
   </div>
   <div class='ocr_carea' id='block_1_73' title="bbox 265 4093 1843 4169">
    <p class='ocr_par' dir='ltr' id='par_1_73' title="bbox 265 4093 1843 4169">
     <span class='ocr_line' id='line_1_73' title="bbox 265 4093 1843 4169; baseline 0.004 -23"><span class='ocrx_word' id='word_1_534' title='bbox 265 4093 568 4169; x_wconf 61' lang='lat' dir='ltr'><strong>moderato,</strong></span> <span class='ocrx_word' id='word_1_535' title='bbox 597 4093 650 4169; x_wconf 82' lang='lat' dir='ltr'><strong>in</strong></span> <span class='ocrx_word' id='word_1_536' title='bbox 679 4095 906 4169; x_wconf 79' lang='lat' dir='ltr'><strong>odoratu</strong></span> <span class='ocrx_word' id='word_1_537' title='bbox 933 4094 1181 4169; x_wconf 79' lang='lat' dir='ltr'><strong>scelesto,</strong></span> <span class='ocrx_word' id='word_1_538' title='bbox 1217 4097 1268 4150; x_wconf 90' lang='lat' dir='ltr'><strong>in</strong></span> <span class='ocrx_word' id='word_1_539' title='bbox 1300 4093 1446 4169; x_wconf 83' lang='lat' dir='ltr'><strong>tactu</strong></span> <span class='ocrx_word' id='word_1_540' title='bbox 1487 4093 1843 4169; x_wconf 67' lang='lat' dir='ltr'><strong>nequissimo,</strong></span> 
     </span>
    </p>
   </div>
   <div class='ocr_carea' id='block_1_74' title="bbox 266 4161 1846 4236">
    <p class='ocr_par' dir='ltr' id='par_1_74' title="bbox 266 4161 1846 4236">
     <span class='ocr_line' id='line_1_74' title="bbox 266 4161 1846 4236; baseline 0.005 -20"><span class='ocrx_word' id='word_1_541' title='bbox 266 4161 320 4216; x_wconf 91' lang='lat' dir='ltr'><strong>in</strong></span> <span class='ocrx_word' id='word_1_542' title='bbox 337 4163 991 4236; x_wconf 83' lang='lat' dir='ltr'><strong>consensudelectationis</strong></span> <span class='ocrx_word' id='word_1_543' title='bbox 1014 4166 1276 4236; x_wconf 68' lang='lat' dir='ltr'><strong>malignte,</strong></span> <span class='ocrx_word' id='word_1_544' title='bbox 1296 4168 1348 4221; x_wconf 93' lang='lat' dir='ltr'><strong>in</strong></span> <span class='ocrx_word' id='word_1_545' title='bbox 1373 4161 1635 4224; x_wconf 76' lang='lat' dir='ltr'><strong>immenso</strong></span> <span class='ocrx_word' id='word_1_546' title='bbox 1661 4161 1846 4224; x_wconf 84' lang='lat' dir='ltr'><strong>amore</strong></span> 
     </span>
    </p>
   </div>
   <div class='ocr_carea' id='block_1_75' title="bbox 263 4234 1846 4305">
    <p class='ocr_par' dir='ltr' id='par_1_75' title="bbox 263 4234 1846 4305">
     <span class='ocr_line' id='line_1_75' title="bbox 263 4234 1846 4305; baseline 0.005 -18"><span class='ocrx_word' id='word_1_547' title='bbox 263 4235 498 4304; x_wconf 69' lang='lat' dir='ltr'><strong>propriae</strong></span> <span class='ocrx_word' id='word_1_548' title='bbox 540 4234 852 4300; x_wconf 79' lang='lat' dir='ltr'><strong>voluntatis,</strong></span> <span class='ocrx_word' id='word_1_549' title='bbox 887 4237 939 4290; x_wconf 92' lang='lat' dir='ltr'><strong>in</strong></span> <span class='ocrx_word' id='word_1_550' title='bbox 985 4234 1226 4305; x_wconf 81' lang='lat' dir='ltr'><strong>periculo</strong></span> <span class='ocrx_word' id='word_1_551' title='bbox 1272 4238 1419 4302; x_wconf 65' lang='lat' dir='ltr'><strong>vitae,</strong></span> <span class='ocrx_word' id='word_1_552' title='bbox 1451 4239 1501 4293; x_wconf 91' lang='lat' dir='ltr'><strong>in</strong></span> <span class='ocrx_word' id='word_1_553' title='bbox 1534 4239 1751 4296; x_wconf 83' lang='lat' dir='ltr'><strong>lascivia</strong></span> <span class='ocrx_word' id='word_1_554' title='bbox 1791 4247 1846 4295; x_wconf 89' lang='lat' dir='ltr'><strong>et</strong></span> 
     </span>
    </p>
   </div>
   <div class='ocr_carea' id='block_1_76' title="bbox 263 4305 1844 4375">
    <p class='ocr_par' dir='ltr' id='par_1_76' title="bbox 263 4305 1844 4375">
     <span class='ocr_line' id='line_1_76' title="bbox 263 4305 1844 4375; baseline 0.007 -18"><span class='ocrx_word' id='word_1_555' title='bbox 263 4305 586 4374; x_wconf 87' lang='lat' dir='ltr'><strong>petulantia,</strong></span> <span class='ocrx_word' id='word_1_556' title='bbox 639 4307 691 4361; x_wconf 89' lang='lat' dir='ltr'><strong>in</strong></span> <span class='ocrx_word' id='word_1_557' title='bbox 735 4307 1120 4361; x_wconf 87' lang='lat' dir='ltr'><strong>incontinentia</strong></span> <span class='ocrx_word' id='word_1_558' title='bbox 1153 4308 1277 4362; x_wconf 90' lang='lat' dir='ltr'><strong>mali</strong></span> <span class='ocrx_word' id='word_1_559' title='bbox 1315 4308 1592 4375; x_wconf 84' lang='lat' dir='ltr'><strong>desiderii,</strong></span> <span class='ocrx_word' id='word_1_560' title='bbox 1617 4310 1844 4367; x_wconf 83' lang='lat' dir='ltr'><strong>consilio</strong></span> 
     </span>
    </p>
   </div>
   <div class='ocr_carea' id='block_1_77' title="bbox 265 4375 1846 4446">
    <p class='ocr_par' dir='ltr' id='par_1_77' title="bbox 265 4375 1846 4446">
     <span class='ocr_line' id='line_1_77' title="bbox 265 4375 1846 4446; baseline 0.006 -18"><span class='ocrx_word' id='word_1_561' title='bbox 265 4375 592 4446; x_wconf 79' lang='lat' dir='ltr'><strong>iniquitatis,</strong></span> <span class='ocrx_word' id='word_1_562' title='bbox 641 4378 694 4431; x_wconf 91' lang='lat' dir='ltr'><strong>in</strong></span> <span class='ocrx_word' id='word_1_563' title='bbox 723 4377 848 4432; x_wconf 89' lang='lat' dir='ltr'><strong>odio</strong></span> <span class='ocrx_word' id='word_1_564' title='bbox 879 4378 1253 4432; x_wconf 86' lang='lat' dir='ltr'><strong>mandatorum</strong></span> <span class='ocrx_word' id='word_1_565' title='bbox 1283 4388 1520 4446; x_wconf 88' lang='lat' dir='ltr'><strong>tuorum,</strong></span> <span class='ocrx_word' id='word_1_566' title='bbox 1568 4393 1623 4437; x_wconf 90' lang='lat' dir='ltr'><strong>et</strong></span> <span class='ocrx_word' id='word_1_567' title='bbox 1653 4384 1705 4436; x_wconf 92' lang='lat' dir='ltr'><strong>in</strong></span> <span class='ocrx_word' id='word_1_568' title='bbox 1756 4398 1846 4437; x_wconf 86' lang='lat' dir='ltr'><strong>ne-</strong></span> 
     </span>
    </p>
   </div>
   <div class='ocr_carea' id='block_1_78' title="bbox 266 4444 1841 4517">
    <p class='ocr_par' dir='ltr' id='par_1_78' title="bbox 266 4444 1841 4517">
     <span class='ocr_line' id='line_1_78' title="bbox 266 4444 1841 4517; baseline 0.006 -19"><span class='ocrx_word' id='word_1_569' title='bbox 266 4444 519 4515; x_wconf 83' lang='lat' dir='ltr'><strong>gligentia</strong></span> <span class='ocrx_word' id='word_1_570' title='bbox 571 4447 810 4517; x_wconf 88' lang='lat' dir='ltr'><strong>atquein</strong></span> <span class='ocrx_word' id='word_1_571' title='bbox 843 4448 1332 4503; x_wconf 90' lang='lat' dir='ltr'><strong>inconsideratione</strong></span> <span class='ocrx_word' id='word_1_572' title='bbox 1381 4444 1514 4505; x_wconf 56' lang='lat' dir='ltr'><strong>vita!</strong></span> <span class='ocrx_word' id='word_1_573' title='bbox 1539 4450 1753 4516; x_wconf 70' lang='lat' dir='ltr'><strong>futnrtc,</strong></span> <span class='ocrx_word' id='word_1_574' title='bbox 1788 4455 1841 4508; x_wconf 92' lang='lat' dir='ltr'><strong>in</strong></span> 
     </span>
    </p>
   </div>
   <div class='ocr_carea' id='block_1_79' title="bbox 267 4518 1843 4588">
    <p class='ocr_par' dir='ltr' id='par_1_79' title="bbox 267 4518 1843 4588">
     <span class='ocr_line' id='line_1_79' title="bbox 267 4518 1843 4588; baseline 0.004 -16"><span class='ocrx_word' id='word_1_575' title='bbox 267 4518 496 4572; x_wconf 81' lang='lat' dir='ltr'><strong>avaritia</strong></span> <span class='ocrx_word' id='word_1_576' title='bbox 543 4533 757 4587; x_wconf 84' lang='lat' dir='ltr'><strong>quoque</strong></span> <span class='ocrx_word' id='word_1_577' title='bbox 805 4519 1305 4588; x_wconf 82' lang='lat' dir='ltr'><strong>superalnnulanter</strong></span> <span class='ocrx_word' id='word_1_578' title='bbox 1333 4537 1418 4574; x_wconf 89' lang='lat' dir='ltr'><strong>me</strong></span> <span class='ocrx_word' id='word_1_579' title='bbox 1454 4537 1577 4576; x_wconf 88' lang='lat' dir='ltr'><strong>reor</strong></span> <span class='ocrx_word' id='word_1_580' title='bbox 1605 4539 1724 4578; x_wconf 86' lang='lat' dir='ltr'><strong>esse.</strong></span> <span class='ocrx_word' id='word_1_581' title='bbox 1751 4525 1843 4578; x_wconf 89' lang='lat' dir='ltr'><strong>de-</strong></span> 
     </span>
    </p>
   </div>
   <div class='ocr_carea' id='block_1_80' title="bbox 1954 1904 3538 1976">
    <p class='ocr_par' dir='ltr' id='par_1_80' title="bbox 1954 1904 3538 1976">
     <span class='ocr_line' id='line_1_80' title="bbox 1954 1904 3538 1976; baseline 0.004 -18"><span class='ocrx_word' id='word_1_582' title='bbox 1954 1904 2210 1960; x_wconf 91' lang='lat' dir='ltr'><strong>oblivioni</strong></span> <span class='ocrx_word' id='word_1_583' title='bbox 2237 1904 2290 1960; x_wconf 85' lang='lat' dir='ltr'><strong>in</strong></span> <span class='ocrx_word' id='word_1_584' title='bbox 2323 1918 2642 1976; x_wconf 87' lang='lat' dir='ltr'><strong>perpetuum</strong></span> <span class='ocrx_word' id='word_1_585' title='bbox 2669 1904 2874 1963; x_wconf 74' lang='lat' dir='ltr'><strong>tradas.</strong></span> <span class='ocrx_word' id='word_1_586' title='bbox 2895 1909 2998 1972; x_wconf 78' lang='lat' dir='ltr'><strong>&#39;l’n,</strong></span> <span class='ocrx_word' id='word_1_587' title='bbox 3024 1909 3164 1965; x_wconf 90' lang='lat' dir='ltr'><strong>Deus</strong></span> <span class='ocrx_word' id='word_1_588' title='bbox 3191 1907 3412 1964; x_wconf 67' lang='lat' dir='ltr'><strong>inﬁnita:</strong></span> <span class='ocrx_word' id='word_1_589' title='bbox 3435 1911 3538 1964; x_wconf 83' lang='lat' dir='ltr'><strong>mi-</strong></span> 
     </span>
    </p>
   </div>
   <div class='ocr_carea' id='block_1_81' title="bbox 1955 1975 3542 2048">
    <p class='ocr_par' dir='ltr' id='par_1_81' title="bbox 1955 1975 3542 2048">
     <span class='ocr_line' id='line_1_81' title="bbox 1955 1975 3542 2048; baseline 0.003 -19"><span class='ocrx_word' id='word_1_590' title='bbox 1955 1975 2284 2048; x_wconf 77' lang='lat' dir='ltr'><strong>sericordize,</strong></span> <span class='ocrx_word' id='word_1_591' title='bbox 2316 1975 2406 2048; x_wconf 83' lang='lat' dir='ltr'><strong>qui</strong></span> <span class='ocrx_word' id='word_1_592' title='bbox 2427 1975 2702 2034; x_wconf 84' lang='lat' dir='ltr'><strong>omnibus</strong></span> <span class='ocrx_word' id='word_1_593' title='bbox 2743 1979 3118 2036; x_wconf 86' lang='lat' dir='ltr'><strong>invocantibus</strong></span> <span class='ocrx_word' id='word_1_594' title='bbox 3149 1991 3202 2034; x_wconf 90' lang='lat' dir='ltr'><strong>te</strong></span> <span class='ocrx_word' id='word_1_595' title='bbox 3230 1981 3281 2034; x_wconf 93' lang='lat' dir='ltr'><strong>in</strong></span> <span class='ocrx_word' id='word_1_596' title='bbox 3311 1982 3542 2036; x_wconf 67' lang='lat' dir='ltr'><strong>veritati:</strong></span> 
     </span>
    </p>
   </div>
   <div class='ocr_carea' id='block_1_82' title="bbox 1953 2046 3536 2122">
    <p class='ocr_par' dir='ltr' id='par_1_82' title="bbox 1953 2046 3536 2122">
     <span class='ocr_line' id='line_1_82' title="bbox 1953 2046 3536 2122; baseline 0.004 -23"><span class='ocrx_word' id='word_1_597' title='bbox 1953 2046 2245 2122; x_wconf 72' lang='lat' dir='ltr'><strong>subvenire</strong></span> <span class='ocrx_word' id='word_1_598' title='bbox 2282 2046 2545 2122; x_wconf 76' lang='lat' dir='ltr'><strong>soles_._te</strong></span> <span class='ocrx_word' id='word_1_599' title='bbox 2588 2051 2832 2122; x_wconf 5' lang='lat' dir='ltr'><strong>supplici,</strong></span> <span class='ocrx_word' id='word_1_600' title='bbox 2863 2059 3042 2106; x_wconf 81' lang='lat' dir='ltr'><strong>mente</strong></span> <span class='ocrx_word' id='word_1_601' title='bbox 3086 2051 3337 2122; x_wconf 82' lang='lat' dir='ltr'><strong>deposco,</strong></span> <span class='ocrx_word' id='word_1_602' title='bbox 3386 2060 3445 2106; x_wconf 93' lang='lat' dir='ltr'><strong>ut</strong></span> <span class='ocrx_word' id='word_1_603' title='bbox 3472 2068 3536 2106; x_wconf 67' lang='lat' dir='ltr'><strong>es</strong></span> 
     </span>
    </p>
   </div>
   <div class='ocr_carea' id='block_1_83' title="bbox 1953 2117 3540 2192">
    <p class='ocr_par' dir='ltr' id='par_1_83' title="bbox 1953 2117 3540 2192">
     <span class='ocr_line' id='line_1_83' title="bbox 1953 2117 3540 2192; baseline 0.003 -21"><span class='ocrx_word' id='word_1_604' title='bbox 1953 2117 2040 2172; x_wconf 87' lang='lat' dir='ltr'><strong>bis</strong></span> <span class='ocrx_word' id='word_1_605' title='bbox 2060 2119 2312 2192; x_wconf 80' lang='lat' dir='ltr'><strong>omnibus</strong></span> <span class='ocrx_word' id='word_1_606' title='bbox 2342 2120 2474 2174; x_wconf 89' lang='lat' dir='ltr'><strong>mibi</strong></span> <span class='ocrx_word' id='word_1_607' title='bbox 2520 2119 2572 2175; x_wconf 92' lang='lat' dir='ltr'><strong>in</strong></span> <span class='ocrx_word' id='word_1_608' title='bbox 2602 2117 2760 2191; x_wconf 71' lang='lat' dir='ltr'><strong>huius</strong></span> <span class='ocrx_word' id='word_1_609' title='bbox 2788 2121 2912 2177; x_wconf 72' lang='lat' dir='ltr'><strong>vita:</strong></span> <span class='ocrx_word' id='word_1_610' title='bbox 2959 2123 3136 2192; x_wconf 90' lang='lat' dir='ltr'><strong>spatio</strong></span> <span class='ocrx_word' id='word_1_611' title='bbox 3154 2117 3540 2192; x_wconf 70' lang='lat' dir='ltr'><strong>compunctio-</strong></span> 
     </span>
    </p>
   </div>
   <div class='ocr_carea' id='block_1_84' title="bbox 1954 2189 3542 2276">
    <p class='ocr_par' dir='ltr' id='par_1_84' title="bbox 1954 2189 3542 2276">
     <span class='ocr_line' id='line_1_84' title="bbox 1954 2189 3542 2276; baseline 0.004 -35"><span class='ocrx_word' id='word_1_612' title='bbox 1954 2203 2086 2276; x_wconf 55' lang='grc' dir='ltr'><strong>ξιριξι⁹</strong></span> <span class='ocrx_word' id='word_1_613' title='bbox 2104 2189 2518 2276; x_wconf 63' lang='lat' dir='ltr'><strong>saluberrimam</strong></span> <span class='ocrx_word' id='word_1_614' title='bbox 2540 2207 2603 2246; x_wconf 78' lang='lat' dir='ltr'><strong>ex</strong></span> <span class='ocrx_word' id='word_1_615' title='bbox 2628 2189 2818 2248; x_wconf 85' lang='lat' dir='ltr'><strong>intimo</strong></span> <span class='ocrx_word' id='word_1_616' title='bbox 2841 2189 3026 2258; x_wconf 79' lang='lat' dir='ltr'><strong>corde,</strong></span> <span class='ocrx_word' id='word_1_617' title='bbox 3051 2189 3343 2276; x_wconf 68' lang='lat' dir='ltr'><strong>veramque</strong></span> <span class='ocrx_word' id='word_1_618' title='bbox 3367 2194 3542 2264; x_wconf 79' lang='lat' dir='ltr'><strong>prrni-</strong></span> 
     </span>
    </p>
   </div>
   <div class='ocr_carea' id='block_1_85' title="bbox 1955 2260 3540 2334">
    <p class='ocr_par' dir='ltr' id='par_1_85' title="bbox 1955 2260 3540 2334">
     <span class='ocr_line' id='line_1_85' title="bbox 1955 2260 3540 2334; baseline 0.003 -21"><span class='ocrx_word' id='word_1_619' title='bbox 1955 2261 2218 2334; x_wconf 70' lang='lat' dir='ltr'><strong>tentiam,</strong></span> <span class='ocrx_word' id='word_1_620' title='bbox 2260 2260 2659 2334; x_wconf 85' lang='lat' dir='ltr'><strong>confessionem</strong></span> <span class='ocrx_word' id='word_1_621' title='bbox 2719 2279 2935 2334; x_wconf 90' lang='lat' dir='ltr'><strong>puram,</strong></span> <span class='ocrx_word' id='word_1_622' title='bbox 2998 2260 3540 2334; x_wconf 73' lang='lat' dir='ltr'><strong>emendationemque</strong></span> 
     </span>
    </p>
   </div>
   <div class='ocr_carea' id='block_1_86' title="bbox 1953 2332 3539 2408">
    <p class='ocr_par' dir='ltr' id='par_1_86' title="bbox 1953 2332 3539 2408">
     <span class='ocr_line' id='line_1_86' title="bbox 1953 2332 3539 2408; baseline 0.003 -24"><span class='ocrx_word' id='word_1_623' title='bbox 1953 2344 2052 2399; x_wconf 88' lang='lat' dir='ltr'><strong>per</strong></span> <span class='ocrx_word' id='word_1_624' title='bbox 2075 2332 2257 2386; x_wconf 90' lang='lat' dir='ltr'><strong>omnia</strong></span> <span class='ocrx_word' id='word_1_625' title='bbox 2279 2332 2544 2408; x_wconf 79' lang='lat' dir='ltr'><strong>_dignam,</strong></span> <span class='ocrx_word' id='word_1_626' title='bbox 2569 2332 2790 2408; x_wconf 79' lang='lat' dir='ltr'><strong>uberem</strong></span> <span class='ocrx_word' id='word_1_627' title='bbox 2819 2335 2982 2389; x_wconf 89' lang='lat' dir='ltr'><strong>etiam</strong></span> <span class='ocrx_word' id='word_1_628' title='bbox 3029 2335 3390 2408; x_wconf 82' lang='lat' dir='ltr'><strong>lacrymarum</strong></span> <span class='ocrx_word' id='word_1_629' title='bbox 3417 2332 3539 2408; x_wconf 79' lang='lat' dir='ltr'><strong>fon-</strong></span> 
     </span>
    </p>
   </div>
   <div class='ocr_carea' id='block_1_87' title="bbox 1955 2402 3542 2476">
    <p class='ocr_par' dir='ltr' id='par_1_87' title="bbox 1955 2402 3542 2476">
     <span class='ocr_line' id='line_1_87' title="bbox 1955 2402 3542 2476; baseline 0.004 -22"><span class='ocrx_word' id='word_1_630' title='bbox 1955 2408 2064 2476; x_wconf 67' lang='lat' dir='ltr'><strong>tem</strong></span> <span class='ocrx_word' id='word_1_631' title='bbox 2107 2417 2216 2476; x_wconf 83' lang='lat' dir='ltr'><strong>quo</strong></span> <span class='ocrx_word' id='word_1_632' title='bbox 2241 2402 2490 2476; x_wconf 77' lang='lat' dir='ltr'><strong>_t_leileam</strong></span> <span class='ocrx_word' id='word_1_633' title='bbox 2535 2403 2678 2460; x_wconf 89' lang='lat' dir='ltr'><strong>mala</strong></span> <span class='ocrx_word' id='word_1_634' title='bbox 2729 2421 2851 2476; x_wconf 78' lang='lat' dir='ltr'><strong>qute</strong></span> <span class='ocrx_word' id='word_1_635' title='bbox 2906 2402 3285 2462; x_wconf 82' lang='lat' dir='ltr'><strong>commiséram</strong></span> <span class='ocrx_word' id='word_1_636' title='bbox 3339 2406 3542 2476; x_wconf 83' lang='lat' dir='ltr'><strong>largire</strong></span> 
     </span>
    </p>
   </div>
   <div class='ocr_carea' id='block_1_88' title="bbox 1953 2469 3542 2549">
    <p class='ocr_par' dir='ltr' id='par_1_88' title="bbox 1953 2469 3542 2549">
     <span class='ocr_line' id='line_1_88' title="bbox 1953 2469 3542 2549; baseline 0.003 -26"><span class='ocrx_word' id='word_1_637' title='bbox 1953 2469 2212 2549; x_wconf 75' lang='lat' dir='ltr'><strong>digneris.</strong></span> <span class='ocrx_word' id='word_1_638' title='bbox 2241 2471 2376 2528; x_wconf 87' lang='lat' dir='ltr'><strong>Nam</strong></span> <span class='ocrx_word' id='word_1_639' title='bbox 2407 2473 2579 2549; x_wconf 84' lang='lat' dir='ltr'><strong>siqua</strong></span> <span class='ocrx_word' id='word_1_640' title='bbox 2612 2469 2834 2531; x_wconf 64' lang='lat' dir='ltr'><strong>sunt&#39;de</strong></span> <span class='ocrx_word' id='word_1_641' title='bbox 2876 2492 3036 2549; x_wconf 73' lang='lat' dir='ltr'><strong>supra</strong></span> <span class='ocrx_word' id='word_1_642' title='bbox 3060 2476 3392 2549; x_wconf 79' lang='lat' dir='ltr'><strong>nominatis,</strong></span> <span class='ocrx_word' id='word_1_643' title='bbox 3422 2469 3542 2549; x_wconf 51' lang='lat' dir='ltr'><strong>(&quot;pti-</strong></span> 
     </span>
    </p>
   </div>
   <div class='ocr_carea' id='block_1_89' title="bbox 1954 2543 3530 2619">
    <p class='ocr_par' dir='ltr' id='par_1_89' title="bbox 1954 2543 3530 2619">
     <span class='ocr_line' id='line_1_89' title="bbox 1954 2543 3530 2619; baseline 0.005 -25"><span class='ocrx_word' id='word_1_644' title='bbox 1954 2543 2056 2619; x_wconf 76' lang='lat' dir='ltr'><strong>l_:us</strong></span> <span class='ocrx_word' id='word_1_645' title='bbox 2079 2559 2190 2619; x_wconf 81' lang='lat' dir='ltr'><strong>non</strong></span> <span class='ocrx_word' id='word_1_646' title='bbox 2217 2559 2334 2619; x_wconf 83' lang='lat' dir='ltr'><strong>sum</strong></span> <span class='ocrx_word' id='word_1_647' title='bbox 2357 2543 2614 2616; x_wconf 88' lang='lat' dir='ltr'><strong>pollutus,</strong></span> <span class='ocrx_word' id='word_1_648' title='bbox 2648 2555 2754 2602; x_wconf 65' lang='lat' dir='ltr'><strong>tua:</strong></span> <span class='ocrx_word' id='word_1_649' title='bbox 2785 2554 2890 2614; x_wconf 89' lang='lat' dir='ltr'><strong>est,</strong></span> <span class='ocrx_word' id='word_1_650' title='bbox 2919 2543 3164 2619; x_wconf 81' lang='lat' dir='ltr'><strong>Domine,</strong></span> <span class='ocrx_word' id='word_1_651' title='bbox 3201 2547 3418 2619; x_wconf 89' lang='lat' dir='ltr'><strong>pietatis</strong></span> <span class='ocrx_word' id='word_1_652' title='bbox 3439 2543 3530 2602; x_wconf 82' lang='lat' dir='ltr'><strong>dc-</strong></span> 
     </span>
    </p>
   </div>
   <div class='ocr_carea' id='block_1_90' title="bbox 1954 2611 3539 2688">
    <p class='ocr_par' dir='ltr' id='par_1_90' title="bbox 1954 2611 3539 2688">
     <span class='ocr_line' id='line_1_90' title="bbox 1954 2611 3539 2688; baseline 0.004 -23"><span class='ocrx_word' id='word_1_653' title='bbox 1954 2611 2151 2688; x_wconf 69' lang='lat' dir='ltr'><strong>iensio,</strong></span> <span class='ocrx_word' id='word_1_654' title='bbox 2200 2611 2402 2670; x_wconf 78' lang='lat' dir='ltr'><strong>malum</strong></span> <span class='ocrx_word' id='word_1_655' title='bbox 2439 2631 2569 2688; x_wconf 88' lang='lat' dir='ltr'><strong>vero</strong></span> <span class='ocrx_word' id='word_1_656' title='bbox 2622 2632 2838 2688; x_wconf 84' lang='lat' dir='ltr'><strong>semper</strong></span> <span class='ocrx_word' id='word_1_657' title='bbox 2876 2611 2907 2670; x_wconf 66' lang='grc' dir='ltr'><strong>ἐι</strong></span> <span class='ocrx_word' id='word_1_658' title='bbox 2937 2633 3024 2673; x_wconf 92' lang='lat' dir='ltr'><strong>me</strong></span> <span class='ocrx_word' id='word_1_659' title='bbox 3069 2611 3269 2674; x_wconf 72' lang='lat' dir='ltr'><strong>factum</strong></span> <span class='ocrx_word' id='word_1_660' title='bbox 3298 2619 3431 2681; x_wconf 88' lang='lat' dir='ltr'><strong>scio,</strong></span> <span class='ocrx_word' id='word_1_661' title='bbox 3470 2620 3539 2672; x_wconf 89' lang='lat' dir='ltr'><strong>ab</strong></span> 
     </span>
    </p>
   </div>
   <div class='ocr_carea' id='block_1_91' title="bbox 1954 2683 3537 2759">
    <p class='ocr_par' dir='ltr' id='par_1_91' title="bbox 1954 2683 3537 2759">
     <span class='ocr_line' id='line_1_91' title="bbox 1954 2683 3537 2759; baseline 0.005 -22"><span class='ocrx_word' id='word_1_662' title='bbox 1954 2683 2410 2759; x_wconf 77' lang='lat' dir='ltr'><strong>incautionemea</strong></span> <span class='ocrx_word' id='word_1_663' title='bbox 2434 2687 2516 2742; x_wconf 88' lang='lat' dir='ltr'><strong>vel</strong></span> <span class='ocrx_word' id='word_1_664' title='bbox 2547 2689 2714 2742; x_wconf 90' lang='lat' dir='ltr'><strong>etiam</strong></span> <span class='ocrx_word' id='word_1_665' title='bbox 2740 2683 3081 2759; x_wconf 68' lang='lat' dir='ltr'><strong>ignorantia.</strong></span> <span class='ocrx_word' id='word_1_666' title='bbox 3121 2689 3294 2746; x_wconf 88' lang='lat' dir='ltr'><strong>Tuum</strong></span> <span class='ocrx_word' id='word_1_667' title='bbox 3335 2698 3537 2754; x_wconf 89' lang='lat' dir='ltr'><strong>tamen,</strong></span> 
     </span>
    </p>
   </div>
   <div class='ocr_carea' id='block_1_92' title="bbox 1955 2754 3538 2829">
    <p class='ocr_par' dir='ltr' id='par_1_92' title="bbox 1955 2754 3538 2829">
     <span class='ocr_line' id='line_1_92' title="bbox 1955 2754 3538 2829; baseline 0.003 -19"><span class='ocrx_word' id='word_1_668' title='bbox 1955 2754 2200 2829; x_wconf 79' lang='lat' dir='ltr'><strong>Domine,</strong></span> <span class='ocrx_word' id='word_1_669' title='bbox 2241 2757 2448 2827; x_wconf 86' lang='lat' dir='ltr'><strong>plasma</strong></span> <span class='ocrx_word' id='word_1_670' title='bbox 2498 2773 2641 2823; x_wconf 89' lang='lat' dir='ltr'><strong>sum,</strong></span> <span class='ocrx_word' id='word_1_671' title='bbox 2687 2754 2881 2828; x_wconf 74' lang='lat' dir='ltr'><strong>meque</strong></span> <span class='ocrx_word' id='word_1_672' title='bbox 2934 2761 3302 2816; x_wconf 83' lang='lat' dir='ltr'><strong>sacratissimo</strong></span> <span class='ocrx_word' id='word_1_673' title='bbox 3329 2768 3383 2815; x_wconf 91' lang='lat' dir='ltr'><strong>ct</strong></span> <span class='ocrx_word' id='word_1_674' title='bbox 3415 2776 3538 2829; x_wconf 53' lang='lat' dir='ltr'><strong>prec</strong></span> 
     </span>
    </p>
   </div>
   <div class='ocr_carea' id='block_1_93' title="bbox 1954 2826 3542 2900">
    <p class='ocr_par' dir='ltr' id='par_1_93' title="bbox 1954 2826 3542 2900">
     <span class='ocr_line' id='line_1_93' title="bbox 1954 2826 3542 2900; baseline 0.004 -21"><span class='ocrx_word' id='word_1_675' title='bbox 1954 2826 2267 2900; x_wconf 13' lang='lat' dir='ltr'><strong>tiosissimog</strong></span> <span class='ocrx_word' id='word_1_676' title='bbox 2291 2829 2552 2900; x_wconf 86' lang='lat' dir='ltr'><strong>sanguine</strong></span> <span class='ocrx_word' id='word_1_677' title='bbox 2583 2837 2674 2884; x_wconf 91' lang='lat' dir='ltr'><strong>tuo</strong></span> <span class='ocrx_word' id='word_1_678' title='bbox 2704 2826 3000 2886; x_wconf 80' lang='lat' dir='ltr'><strong>redemisti.</strong></span> <span class='ocrx_word' id='word_1_679' title='bbox 3033 2831 3288 2887; x_wconf 79' lang='lat' dir='ltr'><strong>Miserere</strong></span> <span class='ocrx_word' id='word_1_680' title='bbox 3330 2826 3459 2886; x_wconf 73' lang='lat' dir='ltr'><strong>milii</strong></span> <span class='ocrx_word' id='word_1_681' title='bbox 3486 2839 3542 2886; x_wconf 79' lang='lat' dir='ltr'><strong>rt</strong></span> 
     </span>
    </p>
   </div>
   <div class='ocr_carea' id='block_1_94' title="bbox 1955 2897 3539 2974">
    <p class='ocr_par' dir='ltr' id='par_1_94' title="bbox 1955 2897 3539 2974">
     <span class='ocr_line' id='line_1_94' title="bbox 1955 2897 3539 2974; baseline 0.004 -24"><span class='ocrx_word' id='word_1_682' title='bbox 1955 2899 2214 2974; x_wconf 77' lang='lat' dir='ltr'><strong>gemitum</strong></span> <span class='ocrx_word' id='word_1_683' title='bbox 2244 2897 2581 2974; x_wconf 53' lang='lat' dir='ltr'><strong>ﬁuctiferum</strong></span> <span class='ocrx_word' id='word_1_684' title='bbox 2607 2901 2807 2974; x_wconf 85' lang='lat' dir='ltr'><strong>tribue,</strong></span> <span class='ocrx_word' id='word_1_685' title='bbox 2831 2916 2898 2957; x_wconf 92' lang='lat' dir='ltr'><strong>ne</strong></span> <span class='ocrx_word' id='word_1_686' title='bbox 2917 2903 3113 2974; x_wconf 82' lang='lat' dir='ltr'><strong>iterum</strong></span> <span class='ocrx_word' id='word_1_687' title='bbox 3136 2901 3361 2974; x_wconf 80' lang='lat' dir='ltr'><strong>lugenda</strong></span> <span class='ocrx_word' id='word_1_688' title='bbox 3389 2919 3539 2956; x_wconf 82' lang='lat' dir='ltr'><strong>com-</strong></span> 
     </span>
    </p>
   </div>
   <div class='ocr_carea' id='block_1_95' title="bbox 1957 2968 3538 3057">
    <p class='ocr_par' dir='ltr' id='par_1_95' title="bbox 1957 2968 3538 3057">
     <span class='ocr_line' id='line_1_95' title="bbox 1957 2968 3538 3057; baseline 0.003 -35"><span class='ocrx_word' id='word_1_689' title='bbox 1957 2968 2188 3024; x_wconf 87' lang='lat' dir='ltr'><strong>mittam.</strong></span> <span class='ocrx_word' id='word_1_690' title='bbox 2216 2970 2344 3057; x_wconf 58' lang='lat' dir='ltr'><strong>_&#39;l:ii,</strong></span> <span class='ocrx_word' id='word_1_691' title='bbox 2375 2971 2600 3057; x_wconf 63' lang='lat' dir='ltr'><strong>Domipe</strong></span> <span class='ocrx_word' id='word_1_692' title='bbox 2629 2971 2892 3057; x_wconf 73' lang='lat' dir='ltr'><strong>piissime,</strong></span> <span class='ocrx_word' id='word_1_693' title='bbox 2913 2973 3164 3057; x_wconf 64' lang='lat' dir='ltr'><strong>omnium</strong></span> <span class='ocrx_word' id='word_1_694' title='bbox 3191 2968 3413 3057; x_wconf 54' lang='lat' dir='ltr'><strong>lingith</strong></span> <span class='ocrx_word' id='word_1_695' title='bbox 3443 2975 3538 3057; x_wconf 69' lang='lat' dir='ltr'><strong>lq-</strong></span> 
     </span>
    </p>
   </div>
   <div class='ocr_carea' id='block_1_96' title="bbox 1955 3041 3534 3115">
    <p class='ocr_par' dir='ltr' id='par_1_96' title="bbox 1955 3041 3534 3115">
     <span class='ocr_line' id='line_1_96' title="bbox 1955 3041 3534 3115; baseline 0.002 -21"><span class='ocrx_word' id='word_1_696' title='bbox 1955 3054 2173 3115; x_wconf 68' lang='lat' dir='ltr'><strong>porum,</strong></span> <span class='ocrx_word' id='word_1_697' title='bbox 2216 3041 2393 3097; x_wconf 87' lang='lat' dir='ltr'><strong>tribue</strong></span> <span class='ocrx_word' id='word_1_698' title='bbox 2417 3042 2548 3098; x_wconf 90' lang='lat' dir='ltr'><strong>mibi</strong></span> <span class='ocrx_word' id='word_1_699' title='bbox 2580 3041 2768 3099; x_wconf 80' lang='lat' dir='ltr'><strong>contra</strong></span> <span class='ocrx_word' id='word_1_700' title='bbox 2797 3043 3046 3115; x_wconf 86' lang='lat' dir='ltr'><strong>spiritum</strong></span> <span class='ocrx_word' id='word_1_701' title='bbox 3072 3041 3338 3115; x_wconf 74' lang='lat' dir='ltr'><strong>superbiae</strong></span> <span class='ocrx_word' id='word_1_702' title='bbox 3361 3043 3534 3098; x_wconf 89' lang='lat' dir='ltr'><strong>humi-</strong></span> 
     </span>
    </p>
   </div>
   <div class='ocr_carea' id='block_1_97' title="bbox 1954 3108 3536 3186">
    <p class='ocr_par' dir='ltr' id='par_1_97' title="bbox 1954 3108 3536 3186">
     <span class='ocr_line' id='line_1_97' title="bbox 1954 3108 3536 3186; baseline 0.004 -23"><span class='ocrx_word' id='word_1_703' title='bbox 1954 3108 2164 3186; x_wconf 79' lang='lat' dir='ltr'><strong>litatem</strong></span> <span class='ocrx_word' id='word_1_704' title='bbox 2206 3127 2414 3186; x_wconf 80' lang='lat' dir='ltr'><strong>veram,</strong></span> <span class='ocrx_word' id='word_1_705' title='bbox 2463 3128 2562 3183; x_wconf 89' lang='lat' dir='ltr'><strong>per</strong></span> <span class='ocrx_word' id='word_1_706' title='bbox 2591 3129 2751 3185; x_wconf 89' lang='lat' dir='ltr'><strong>quam</strong></span> <span class='ocrx_word' id='word_1_707' title='bbox 2779 3108 3032 3186; x_wconf 82' lang='lat' dir='ltr'><strong>universa</strong></span> <span class='ocrx_word' id='word_1_708' title='bbox 3080 3108 3220 3170; x_wconf 79' lang='lat' dir='ltr'><strong>mala</strong></span> <span class='ocrx_word' id='word_1_709' title='bbox 3273 3115 3536 3186; x_wconf 72' lang='lat' dir='ltr'><strong>superbia&#39;</strong></span> 
     </span>
    </p>
   </div>
   <div class='ocr_carea' id='block_1_98' title="bbox 1956 3181 3536 3257">
    <p class='ocr_par' dir='ltr' id='par_1_98' title="bbox 1956 3181 3536 3257">
     <span class='ocr_line' id='line_1_98' title="bbox 1956 3181 3536 3257; baseline 0.005 -25"><span class='ocrx_word' id='word_1_710' title='bbox 1956 3181 2166 3257; x_wconf 81' lang='lat' dir='ltr'><strong>valeam</strong></span> <span class='ocrx_word' id='word_1_711' title='bbox 2206 3181 2678 3257; x_wconf 43' lang='lat' dir='ltr'><strong>vinceret—contra</strong></span> <span class='ocrx_word' id='word_1_712' title='bbox 2713 3184 2894 3256; x_wconf 84' lang='lat' dir='ltr'><strong>gulam</strong></span> <span class='ocrx_word' id='word_1_713' title='bbox 2941 3195 2999 3241; x_wconf 88' lang='lat' dir='ltr'><strong>et</strong></span> <span class='ocrx_word' id='word_1_714' title='bbox 3041 3181 3536 3257; x_wconf 81' lang='lat' dir='ltr'><strong>concupiscentiam</strong></span> 
     </span>
    </p>
   </div>
   <div class='ocr_carea' id='block_1_99' title="bbox 1955 3251 3534 3325">
    <p class='ocr_par' dir='ltr' id='par_1_99' title="bbox 1955 3251 3534 3325">
     <span class='ocr_line' id='line_1_99' title="bbox 1955 3251 3534 3325; baseline 0.003 -18"><span class='ocrx_word' id='word_1_715' title='bbox 1955 3251 2151 3325; x_wconf 78' lang='lat' dir='ltr'><strong>malam</strong></span> <span class='ocrx_word' id='word_1_716' title='bbox 2176 3253 2564 3312; x_wconf 89' lang='lat' dir='ltr'><strong>continentiam</strong></span> <span class='ocrx_word' id='word_1_717' title='bbox 2587 3251 2835 3325; x_wconf 75' lang='lat' dir='ltr'><strong>dignam;</strong></span> <span class='ocrx_word' id='word_1_718' title='bbox 2854 3266 2909 3311; x_wconf 91' lang='lat' dir='ltr'><strong>ct</strong></span> <span class='ocrx_word' id='word_1_719' title='bbox 2927 3265 3116 3312; x_wconf 89' lang='lat' dir='ltr'><strong>contra</strong></span> <span class='ocrx_word' id='word_1_720' title='bbox 3141 3251 3534 3312; x_wconf 80' lang='lat' dir='ltr'><strong>imiminditiam</strong></span> 
     </span>
    </p>
   </div>
   <div class='ocr_carea' id='block_1_100' title="bbox 1954 3321 3535 3395">
    <p class='ocr_par' dir='ltr' id='par_1_100' title="bbox 1954 3321 3535 3395">
     <span class='ocr_line' id='line_1_100' title="bbox 1954 3321 3535 3395; baseline 0.003 -18"><span class='ocrx_word' id='word_1_721' title='bbox 1954 3321 2331 3380; x_wconf 87' lang='lat' dir='ltr'><strong>fornicationis</strong></span> <span class='ocrx_word' id='word_1_722' title='bbox 2358 3326 2539 3383; x_wconf 90' lang='lat' dir='ltr'><strong>cordis</strong></span> <span class='ocrx_word' id='word_1_723' title='bbox 2581 3321 2908 3395; x_wconf 55' lang='lat' dir='ltr'><strong>et&#39;corporis</strong></span> <span class='ocrx_word' id='word_1_724' title='bbox 2938 3329 3265 3390; x_wconf 86' lang='lat' dir='ltr'><strong>castitatem,</strong></span> <span class='ocrx_word' id='word_1_725' title='bbox 3290 3337 3346 3383; x_wconf 89' lang='lat' dir='ltr'><strong>et</strong></span> <span class='ocrx_word' id='word_1_726' title='bbox 3373 3329 3535 3384; x_wconf 74' lang='lat' dir='ltr'><strong>totius</strong></span> 
     </span>
    </p>
   </div>
   <div class='ocr_carea' id='block_1_101' title="bbox 1954 3395 3532 3469">
    <p class='ocr_par' dir='ltr' id='par_1_101' title="bbox 1954 3395 3532 3469">
     <span class='ocr_line' id='line_1_101' title="bbox 1954 3395 3532 3469; baseline 0.003 -21"><span class='ocrx_word' id='word_1_727' title='bbox 1954 3408 2133 3469; x_wconf 68' lang='lat' dir='ltr'><strong>prava:</strong></span> <span class='ocrx_word' id='word_1_728' title='bbox 2156 3395 2530 3469; x_wconf 83' lang='lat' dir='ltr'><strong>delectationis</strong></span> <span class='ocrx_word' id='word_1_729' title='bbox 2569 3398 3061 3466; x_wconf 88' lang='lat' dir='ltr'><strong>mortificationem,</strong></span> <span class='ocrx_word' id='word_1_730' title='bbox 3082 3397 3271 3469; x_wconf 82' lang='lat' dir='ltr'><strong>jejunii</strong></span> <span class='ocrx_word' id='word_1_731' title='bbox 3300 3397 3386 3454; x_wconf 88' lang='lat' dir='ltr'><strong>vel</strong></span> <span class='ocrx_word' id='word_1_732' title='bbox 3411 3414 3532 3454; x_wconf 78' lang='lat' dir='ltr'><strong>ora-</strong></span> 
     </span>
    </p>
   </div>
   <div class='ocr_carea' id='block_1_102' title="bbox 1953 3465 3536 3540">
    <p class='ocr_par' dir='ltr' id='par_1_102' title="bbox 1953 3465 3536 3540">
     <span class='ocr_line' id='line_1_102' title="bbox 1953 3465 3536 3540; baseline 0.003 -22"><span class='ocrx_word' id='word_1_733' title='bbox 1953 3465 2115 3520; x_wconf 90' lang='lat' dir='ltr'><strong>tionis</strong></span> <span class='ocrx_word' id='word_1_734' title='bbox 2160 3467 2498 3540; x_wconf 80' lang='lat' dir='ltr'><strong>instantiam,</strong></span> <span class='ocrx_word' id='word_1_735' title='bbox 2547 3476 2709 3540; x_wconf 88' lang='lat' dir='ltr'><strong>atqnc</strong></span> <span class='ocrx_word' id='word_1_736' title='bbox 2750 3465 3056 3540; x_wconf 82' lang='lat' dir='ltr'><strong>vigiliarum</strong></span> <span class='ocrx_word' id='word_1_737' title='bbox 3084 3465 3536 3526; x_wconf 74' lang='lat' dir='ltr'><strong>consuetudinem</strong></span> 
     </span>
    </p>
   </div>
   <div class='ocr_carea' id='block_1_103' title="bbox 1951 3537 3630 3598">
    <p class='ocr_par' dir='ltr' id='par_1_103' title="bbox 1951 3537 3630 3598">
     <span class='ocr_line' id='line_1_103' title="bbox 1951 3537 3630 3598; baseline 0.005 -8"><span class='ocrx_word' id='word_1_738' title='bbox 1951 3544 2194 3592; x_wconf 87' lang='lat' dir='ltr'><strong>sanctam</strong></span> <span class='ocrx_word' id='word_1_739' title='bbox 2233 3555 2245 3590; x_wconf 89' lang='lat'>:</span> <span class='ocrx_word' id='word_1_740' title='bbox 2295 3537 2368 3593; x_wconf 91' lang='lat' dir='ltr'><strong>ita</strong></span> <span class='ocrx_word' id='word_1_741' title='bbox 2400 3547 2458 3594; x_wconf 91' lang='lat' dir='ltr'><strong>ut</strong></span> <span class='ocrx_word' id='word_1_742' title='bbox 2494 3537 2674 3594; x_wconf 88' lang='lat' dir='ltr'><strong>omnia</strong></span> <span class='ocrx_word' id='word_1_743' title='bbox 2725 3537 2928 3594; x_wconf 79' lang='lat' dir='ltr'><strong>valeam</strong></span> <span class='ocrx_word' id='word_1_744' title='bbox 2976 3549 3306 3596; x_wconf 89' lang='lat' dir='ltr'><strong>tentamenta</strong></span> <span class='ocrx_word' id='word_1_745' title='bbox 3337 3541 3536 3598; x_wconf 80' lang='lat' dir='ltr'><strong>diaboli</strong></span> <span class='ocrx_word' id='word_1_746' title='bbox 3623 3576 3630 3590; x_wconf 59' lang='grc' dir='ltr'><strong>κ</strong></span> 
     </span>
    </p>
   </div>
   <div class='ocr_carea' id='block_1_104' title="bbox 1949 3608 3532 3683">
    <p class='ocr_par' dir='ltr' id='par_1_104' title="bbox 1949 3608 3532 3683">
     <span class='ocr_line' id='line_1_104' title="bbox 1949 3608 3532 3683; baseline 0.004 -22"><span class='ocrx_word' id='word_1_747' title='bbox 1949 3622 2046 3683; x_wconf 78' lang='lat' dir='ltr'><strong>per</strong></span> <span class='ocrx_word' id='word_1_748' title='bbox 2076 3608 2502 3683; x_wconf 74' lang='lat' dir='ltr'><strong>misericordiam</strong></span> <span class='ocrx_word' id='word_1_749' title='bbox 2526 3611 2710 3683; x_wconf 75' lang='lat' dir='ltr'><strong>gratia:</strong></span> <span class='ocrx_word' id='word_1_750' title='bbox 2733 3619 2842 3683; x_wconf 72' lang='lat' dir='ltr'><strong>tute</strong></span> <span class='ocrx_word' id='word_1_751' title='bbox 2870 3627 3166 3683; x_wconf 89' lang='lat' dir='ltr'><strong>superare;</strong></span> <span class='ocrx_word' id='word_1_752' title='bbox 3193 3620 3381 3668; x_wconf 83' lang='lat' dir='ltr'><strong>contra</strong></span> <span class='ocrx_word' id='word_1_753' title='bbox 3406 3628 3532 3667; x_wconf 75' lang='lat' dir='ltr'><strong>ava—</strong></span> 
     </span>
    </p>
   </div>
   <div class='ocr_carea' id='block_1_105' title="bbox 1950 3677 3533 3753">
    <p class='ocr_par' dir='ltr' id='par_1_105' title="bbox 1950 3677 3533 3753">
     <span class='ocr_line' id='line_1_105' title="bbox 1950 3677 3533 3753; baseline 0.004 -22"><span class='ocrx_word' id='word_1_754' title='bbox 1950 3677 2128 3732; x_wconf 87' lang='lat' dir='ltr'><strong>ritiam</strong></span> <span class='ocrx_word' id='word_1_755' title='bbox 2162 3680 2257 3753; x_wconf 79' lang='lat' dir='ltr'><strong>tibi</strong></span> <span class='ocrx_word' id='word_1_756' title='bbox 2305 3677 2561 3753; x_wconf 79' lang='lat' dir='ltr'><strong>placitam</strong></span> <span class='ocrx_word' id='word_1_757' title='bbox 2612 3677 2953 3753; x_wconf 59' lang='lat' dir='ltr'><strong>largitatem;</strong></span> <span class='ocrx_word' id='word_1_758' title='bbox 2987 3677 3223 3739; x_wconf 88' lang='lat' dir='ltr'><strong>vircset</strong></span> <span class='ocrx_word' id='word_1_759' title='bbox 3251 3683 3533 3739; x_wconf 76' lang='lat' dir='ltr'><strong>scientiam</strong></span> 
     </span>
    </p>
   </div>
   <div class='ocr_carea' id='block_1_106' title="bbox 1950 3750 3534 3822">
    <p class='ocr_par' dir='ltr' id='par_1_106' title="bbox 1950 3750 3534 3822">
     <span class='ocr_line' id='line_1_106' title="bbox 1950 3750 3534 3822; baseline 0.003 -21"><span class='ocrx_word' id='word_1_760' title='bbox 1950 3750 2237 3822; x_wconf 80' lang='lat' dir='ltr'><strong>superandi</strong></span> <span class='ocrx_word' id='word_1_761' title='bbox 2285 3750 2465 3806; x_wconf 84' lang='lat' dir='ltr'><strong>omnia</strong></span> <span class='ocrx_word' id='word_1_762' title='bbox 2499 3767 2619 3822; x_wconf 71' lang='lat' dir='ltr'><strong>qum</strong></span> <span class='ocrx_word' id='word_1_763' title='bbox 2646 3750 2942 3808; x_wconf 77' lang='lat' dir='ltr'><strong>nascuntur</strong></span> <span class='ocrx_word' id='word_1_764' title='bbox 2977 3769 3045 3810; x_wconf 79' lang='lat' dir='ltr'><strong>ex</strong></span> <span class='ocrx_word' id='word_1_765' title='bbox 3073 3770 3170 3818; x_wconf 88' lang='lat' dir='ltr'><strong>ea;</strong></span> <span class='ocrx_word' id='word_1_766' title='bbox 3203 3763 3390 3808; x_wconf 89' lang='lat' dir='ltr'><strong>contra</strong></span> <span class='ocrx_word' id='word_1_767' title='bbox 3440 3755 3534 3808; x_wconf 73' lang='lat' dir='ltr'><strong>ira:</strong></span> 
     </span>
    </p>
   </div>
   <div class='ocr_carea' id='block_1_107' title="bbox 1949 3819 3535 3893">
    <p class='ocr_par' dir='ltr' id='par_1_107' title="bbox 1949 3819 3535 3893">
     <span class='ocr_line' id='line_1_107' title="bbox 1949 3819 3535 3893; baseline 0.004 -21"><span class='ocrx_word' id='word_1_768' title='bbox 1949 3819 2206 3893; x_wconf 83' lang='lat' dir='ltr'><strong>impetum</strong></span> <span class='ocrx_word' id='word_1_769' title='bbox 2250 3819 2584 3892; x_wconf 85' lang='lat' dir='ltr'><strong>patientiam,</strong></span> <span class='ocrx_word' id='word_1_770' title='bbox 2640 3825 3052 3893; x_wconf 87' lang='lat' dir='ltr'><strong>temperantiam</strong></span> <span class='ocrx_word' id='word_1_771' title='bbox 3103 3824 3315 3879; x_wconf 89' lang='lat' dir='ltr'><strong>animi:</strong></span> <span class='ocrx_word' id='word_1_772' title='bbox 3350 3824 3422 3878; x_wconf 92' lang='lat' dir='ltr'><strong>ita</strong></span> <span class='ocrx_word' id='word_1_773' title='bbox 3477 3834 3535 3878; x_wconf 88' lang='lat' dir='ltr'><strong>ut</strong></span> 
     </span>
    </p>
   </div>
   <div class='ocr_carea' id='block_1_108' title="bbox 1947 3891 3528 3967">
    <p class='ocr_par' dir='ltr' id='par_1_108' title="bbox 1947 3891 3528 3967">
     <span class='ocr_line' id='line_1_108' title="bbox 1947 3891 3528 3967; baseline 0.003 -23"><span class='ocrx_word' id='word_1_774' title='bbox 1947 3891 2127 3944; x_wconf 88' lang='lat' dir='ltr'><strong>omnia</strong></span> <span class='ocrx_word' id='word_1_775' title='bbox 2168 3891 2586 3967; x_wconf 31' lang='lat' dir='ltr'><strong>quieuprodcunt</strong></span> <span class='ocrx_word' id='word_1_776' title='bbox 2632 3909 2698 3948; x_wconf 77' lang='lat' dir='ltr'><strong>ex</strong></span> <span class='ocrx_word' id='word_1_777' title='bbox 2735 3891 2799 3967; x_wconf 76' lang='lat' dir='ltr'><strong>ea</strong></span> <span class='ocrx_word' id='word_1_778' title='bbox 2841 3897 3259 3967; x_wconf 77' lang='lat' dir='ltr'><strong>exstinguantur</strong></span> <span class='ocrx_word' id='word_1_779' title='bbox 3307 3895 3358 3950; x_wconf 91' lang='lat' dir='ltr'><strong>in</strong></span> <span class='ocrx_word' id='word_1_780' title='bbox 3408 3911 3528 3960; x_wconf 87' lang='lat' dir='ltr'><strong>me;</strong></span> 
     </span>
    </p>
   </div>
   <div class='ocr_carea' id='block_1_109' title="bbox 1948 3963 3532 4035">
    <p class='ocr_par' dir='ltr' id='par_1_109' title="bbox 1948 3963 3532 4035">
     <span class='ocr_line' id='line_1_109' title="bbox 1948 3963 3532 4035; baseline 0.004 -21"><span class='ocrx_word' id='word_1_781' title='bbox 1948 3971 2136 4035; x_wconf 81' lang='lat' dir='ltr'><strong>contra</strong></span> <span class='ocrx_word' id='word_1_782' title='bbox 2176 3963 2416 4035; x_wconf 85' lang='lat' dir='ltr'><strong>acediam</strong></span> <span class='ocrx_word' id='word_1_783' title='bbox 2458 3965 2581 4020; x_wconf 88' lang='lat' dir='ltr'><strong>boni</strong></span> <span class='ocrx_word' id='word_1_784' title='bbox 2611 3965 2812 4034; x_wconf 87' lang='lat' dir='ltr'><strong>operis,</strong></span> <span class='ocrx_word' id='word_1_785' title='bbox 2841 3963 3296 4035; x_wconf 74' lang='lat' dir='ltr'><strong>persevcrantiam</strong></span> <span class='ocrx_word' id='word_1_786' title='bbox 3326 3973 3382 4020; x_wconf 83' lang='lat' dir='ltr'><strong>t-t</strong></span> <span class='ocrx_word' id='word_1_787' title='bbox 3419 3974 3532 4020; x_wconf 86' lang='lat' dir='ltr'><strong>stu-</strong></span> 
     </span>
    </p>
   </div>
   <div class='ocr_carea' id='block_1_110' title="bbox 1948 4033 3534 4106">
    <p class='ocr_par' dir='ltr' id='par_1_110' title="bbox 1948 4033 3534 4106">
     <span class='ocr_line' id='line_1_110' title="bbox 1948 4033 3534 4106; baseline 0.001 -21"><span class='ocrx_word' id='word_1_788' title='bbox 1948 4033 2095 4106; x_wconf 74' lang='lat' dir='ltr'><strong>dium</strong></span> <span class='ocrx_word' id='word_1_789' title='bbox 2126 4034 2299 4088; x_wconf 86' lang='lat' dir='ltr'><strong>sancti</strong></span> <span class='ocrx_word' id='word_1_790' title='bbox 2321 4033 2728 4090; x_wconf 76' lang='lat' dir='ltr'><strong>certaminisad</strong></span> <span class='ocrx_word' id='word_1_791' title='bbox 2757 4033 3078 4106; x_wconf 83' lang='lat' dir='ltr'><strong>implendam</strong></span> <span class='ocrx_word' id='word_1_792' title='bbox 3103 4037 3155 4091; x_wconf 92' lang='lat' dir='ltr'><strong>in</strong></span> <span class='ocrx_word' id='word_1_793' title='bbox 3175 4036 3427 4092; x_wconf 75' lang='lat' dir='ltr'><strong>omnibus</strong></span> <span class='ocrx_word' id='word_1_794' title='bbox 3442 4053 3534 4089; x_wconf 69' lang='lat' dir='ltr'><strong>vn.</strong></span> 
     </span>
    </p>
   </div>
   <div class='ocr_carea' id='block_1_111' title="bbox 1947 4103 3532 4188">
    <p class='ocr_par' dir='ltr' id='par_1_111' title="bbox 1947 4103 3532 4188">
     <span class='ocr_line' id='line_1_111' title="bbox 1947 4103 3532 4188; baseline 0.006 -32"><span class='ocrx_word' id='word_1_795' title='bbox 1947 4103 2222 4188; x_wconf 31' lang='lat' dir='ltr'><strong>luntatem‘</strong></span> <span class='ocrx_word' id='word_1_796' title='bbox 2240 4112 2387 4188; x_wconf 78' lang='lat' dir='ltr'><strong>tuam</strong></span> <span class='ocrx_word' id='word_1_797' title='bbox 2423 4117 2689 4188; x_wconf 75' lang='lat' dir='ltr'><strong>quantum</strong></span> <span class='ocrx_word' id='word_1_798' title='bbox 2721 4103 2926 4188; x_wconf 54' lang='lat' dir='ltr'><strong>tiiaz&#39;sit</strong></span> <span class='ocrx_word' id='word_1_799' title='bbox 2950 4108 3162 4188; x_wconf 40' lang='lat' dir='ltr'><strong>.dontlm</strong></span> <span class='ocrx_word' id='word_1_800' title='bbox 3211 4107 3436 4188; x_wconf 70' lang='lat' dir='ltr'><strong>pietatis</strong></span> <span class='ocrx_word' id='word_1_801' title='bbox 3477 4109 3532 4165; x_wconf 86' lang='lat' dir='ltr'><strong>in</strong></span> 
     </span>
    </p>
   </div>
   <div class='ocr_carea' id='block_1_112' title="bbox 1946 4176 3528 4247">
    <p class='ocr_par' dir='ltr' id='par_1_112' title="bbox 1946 4176 3528 4247">
     <span class='ocr_line' id='line_1_112' title="bbox 1946 4176 3528 4247; baseline -0.001 -19"><span class='ocrx_word' id='word_1_802' title='bbox 1946 4189 2034 4247; x_wconf 83' lang='lat' dir='ltr'><strong>me</strong></span> <span class='ocrx_word' id='word_1_803' title='bbox 2052 4191 2071 4247; x_wconf 10' lang='lat'><strong>:7</strong></span> <span class='ocrx_word' id='word_1_804' title='bbox 2104 4183 2290 4247; x_wconf 86' lang='lat' dir='ltr'><strong>contra</strong></span> <span class='ocrx_word' id='word_1_805' title='bbox 2318 4176 2591 4231; x_wconf 87' lang='lat' dir='ltr'><strong>tristitiam</strong></span> <span class='ocrx_word' id='word_1_806' title='bbox 2616 4177 2868 4247; x_wconf 89' lang='lat' dir='ltr'><strong>gaudium</strong></span> <span class='ocrx_word' id='word_1_807' title='bbox 2893 4178 3046 4238; x_wconf 88' lang='lat' dir='ltr'><strong>mihi.</strong></span> <span class='ocrx_word' id='word_1_808' title='bbox 3081 4177 3326 4242; x_wconf 90' lang='lat' dir='ltr'><strong>Domine,</strong></span> <span class='ocrx_word' id='word_1_809' title='bbox 3351 4179 3528 4234; x_wconf 66' lang='lat' dir='ltr'><strong>ll‘iltllc</strong></span> 
     </span>
    </p>
   </div>
   <div class='ocr_carea' id='block_1_113' title="bbox 1947 4246 3529 4320">
    <p class='ocr_par' dir='ltr' id='par_1_113' title="bbox 1947 4246 3529 4320">
     <span class='ocr_line' id='line_1_113' title="bbox 1947 4246 3529 4320; baseline 0.003 -20"><span class='ocrx_word' id='word_1_810' title='bbox 1947 4246 2265 4320; x_wconf 82' lang='lat' dir='ltr'><strong>spiritalem,</strong></span> <span class='ocrx_word' id='word_1_811' title='bbox 2311 4261 2410 4318; x_wconf 89' lang='lat' dir='ltr'><strong>per</strong></span> <span class='ocrx_word' id='word_1_812' title='bbox 2433 4247 2574 4318; x_wconf 87' lang='lat' dir='ltr'><strong>quod</strong></span> <span class='ocrx_word' id='word_1_813' title='bbox 2615 4246 2797 4303; x_wconf 71' lang='lat' dir='ltr'><strong>Omnia</strong></span> <span class='ocrx_word' id='word_1_814' title='bbox 2830 4248 3084 4305; x_wconf 89' lang='lat' dir='ltr'><strong>vitiorum</strong></span> <span class='ocrx_word' id='word_1_815' title='bbox 3120 4249 3259 4320; x_wconf 87' lang='lat' dir='ltr'><strong>mala</strong></span> <span class='ocrx_word' id='word_1_816' title='bbox 3312 4251 3529 4320; x_wconf 80' lang='lat' dir='ltr'><strong>penitus</strong></span> 
     </span>
    </p>
   </div>
   <div class='ocr_carea' id='block_1_114' title="bbox 1945 4317 3527 4392">
    <p class='ocr_par' dir='ltr' id='par_1_114' title="bbox 1945 4317 3527 4392">
     <span class='ocr_line' id='line_1_114' title="bbox 1945 4317 3527 4392; baseline 0.005 -24"><span class='ocrx_word' id='word_1_817' title='bbox 1945 4317 2275 4392; x_wconf 74' lang='lat' dir='ltr'><strong>evelluntur;</strong></span> <span class='ocrx_word' id='word_1_818' title='bbox 2305 4317 2602 4392; x_wconf 75' lang='lat' dir='ltr'><strong>contraque</strong></span> <span class='ocrx_word' id='word_1_819' title='bbox 2656 4332 2850 4392; x_wconf 81' lang='lat' dir='ltr'><strong>vanam</strong></span> <span class='ocrx_word' id='word_1_820' title='bbox 2881 4320 3106 4392; x_wconf 85' lang='lat' dir='ltr'><strong>gloriam</strong></span> <span class='ocrx_word' id='word_1_821' title='bbox 3149 4317 3527 4392; x_wconf 76' lang='lat' dir='ltr'><strong>plenissimam</strong></span> 
     </span>
    </p>
   </div>
   <div class='ocr_carea' id='block_1_115' title="bbox 1948 4387 3526 4461">
    <p class='ocr_par' dir='ltr' id='par_1_115' title="bbox 1948 4387 3526 4461">
     <span class='ocr_line' id='line_1_115' title="bbox 1948 4387 3526 4461; baseline 0.004 -21"><span class='ocrx_word' id='word_1_822' title='bbox 1948 4388 2130 4452; x_wconf 77' lang='lat' dir='ltr'><strong>fidem,</strong></span> <span class='ocrx_word' id='word_1_823' title='bbox 2157 4404 2306 4461; x_wconf 84' lang='lat' dir='ltr'><strong>spem</strong></span> <span class='ocrx_word' id='word_1_824' title='bbox 2333 4387 2566 4454; x_wconf 79' lang='lat' dir='ltr'><strong>ﬁrmam,</strong></span> <span class='ocrx_word' id='word_1_825' title='bbox 2594 4395 2651 4444; x_wconf 89' lang='lat' dir='ltr'><strong>et</strong></span> <span class='ocrx_word' id='word_1_826' title='bbox 2686 4387 3008 4446; x_wconf 62' lang='lat' dir='ltr'><strong>cliariia&#39;tetn</strong></span> <span class='ocrx_word' id='word_1_827' title='bbox 3036 4405 3068 4461; x_wconf 93' lang='lat' dir='ltr'><strong>p</strong></span> <span class='ocrx_word' id='word_1_828' title='bbox 3106 4387 3357 4455; x_wconf 86' lang='lat' dir='ltr'><strong>rfectam,</strong></span> <span class='ocrx_word' id='word_1_829' title='bbox 3387 4401 3449 4446; x_wconf 94' lang='lat' dir='ltr'><strong>ut</strong></span> <span class='ocrx_word' id='word_1_830' title='bbox 3474 4401 3526 4446; x_wconf 85' lang='lat' dir='ltr'><strong>te</strong></span> 
     </span>
    </p>
   </div>
   <div class='ocr_carea' id='block_1_116' title="bbox 1946 4459 3532 4530">
    <p class='ocr_par' dir='ltr' id='par_1_116' title="bbox 1946 4459 3532 4530">
     <span class='ocr_line' id='line_1_116' title="bbox 1946 4459 3532 4530; baseline 0.004 -20"><span class='ocrx_word' id='word_1_831' title='bbox 1946 4465 2060 4530; x_wconf 82' lang='lat' dir='ltr'><strong>toto</strong></span> <span class='ocrx_word' id='word_1_832' title='bbox 2098 4459 2280 4522; x_wconf 86' lang='lat' dir='ltr'><strong>corde,</strong></span> <span class='ocrx_word' id='word_1_833' title='bbox 2324 4470 2436 4514; x_wconf 87' lang='lat' dir='ltr'><strong>tota</strong></span> <span class='ocrx_word' id='word_1_834' title='bbox 2477 4468 2682 4530; x_wconf 86' lang='lat' dir='ltr'><strong>mente,</strong></span> <span class='ocrx_word' id='word_1_835' title='bbox 2703 4470 2813 4517; x_wconf 87' lang='lat' dir='ltr'><strong>tota</strong></span> <span class='ocrx_word' id='word_1_836' title='bbox 2855 4459 3048 4517; x_wconf 28' lang='lat' dir='ltr'><strong>etiam’</strong></span> <span class='ocrx_word' id='word_1_837' title='bbox 3073 4474 3288 4517; x_wconf 89' lang='lat' dir='ltr'><strong>merear</strong></span> <span class='ocrx_word' id='word_1_838' title='bbox 3333 4465 3532 4518; x_wconf 84' lang='lat' dir='ltr'><strong>virtute</strong></span> 
     </span>
    </p>
   </div>
   <div class='ocr_carea' id='block_1_117' title="bbox 1947 4529 3529 4602">
    <p class='ocr_par' dir='ltr' id='par_1_117' title="bbox 1947 4529 3529 4602">
     <span class='ocr_line' id='line_1_117' title="bbox 1947 4529 3529 4602; baseline 0.003 -19"><span class='ocrx_word' id='word_1_839' title='bbox 1947 4529 2192 4602; x_wconf 79' lang='lat' dir='ltr'><strong>diligere,</strong></span> <span class='ocrx_word' id='word_1_840' title='bbox 2231 4531 2319 4586; x_wconf 87' lang='lat' dir='ltr'><strong>hic</strong></span> <span class='ocrx_word' id='word_1_841' title='bbox 2347 4546 2561 4602; x_wconf 88' lang='lat' dir='ltr'><strong>quoque</strong></span> <span class='ocrx_word' id='word_1_842' title='bbox 2601 4529 2843 4589; x_wconf 90' lang='lat' dir='ltr'><strong>omnium</strong></span> <span class='ocrx_word' id='word_1_843' title='bbox 2873 4541 3218 4602; x_wconf 83' lang='lat' dir='ltr'><strong>peccatorum</strong></span> <span class='ocrx_word' id='word_1_844' title='bbox 3251 4533 3529 4589; x_wconf 80' lang='lat' dir='ltr'><strong>remissio-</strong></span> 
     </span>
    </p>
   </div>
   <div class='ocr_carea' id='block_1_118' title="bbox 267 4588 3528 4671">
    <p class='ocr_par' dir='ltr' id='par_1_118' title="bbox 267 4588 3528 4671">
     <span class='ocr_line' id='line_1_118' title="bbox 267 4588 3528 4671; baseline 0.004 -25"><span class='ocrx_word' id='word_1_845' title='bbox 267 4601 530 4670; x_wconf 74' lang='lat' dir='ltr'><strong>mersum,</strong></span> <span class='ocrx_word' id='word_1_846' title='bbox 555 4591 678 4671; x_wconf 75' lang='lat' dir='ltr'><strong>etin</strong></span> <span class='ocrx_word' id='word_1_847' title='bbox 704 4598 814 4671; x_wconf 77' lang='lat' dir='ltr'><strong>tota</strong></span> <span class='ocrx_word' id='word_1_848' title='bbox 841 4591 979 4671; x_wconf 79' lang='lat' dir='ltr'><strong>serie</strong></span> <span class='ocrx_word' id='word_1_849' title='bbox 1001 4590 1288 4671; x_wconf 67' lang='lat' dir='ltr'><strong>criminum</strong></span> <span class='ocrx_word' id='word_1_850' title='bbox 1311 4607 1432 4671; x_wconf 63' lang='lat' dir='ltr'><strong>qua:</strong></span> <span class='ocrx_word' id='word_1_851' title='bbox 1455 4595 1754 4671; x_wconf 82' lang='lat' dir='ltr'><strong>procedunt</strong></span> <span class='ocrx_word' id='word_1_852' title='bbox 1775 4610 1841 4671; x_wconf 76' lang='lat' dir='ltr'><strong>ex</strong></span> <span class='ocrx_word' id='word_1_853' title='bbox 1872 4588 1920 4647; x_wconf 84' lang='grc' dir='ltr'>υ</span> <span class='ocrx_word' id='word_1_854' title='bbox 1949 4588 2073 4654; x_wconf 66' lang='grc' dir='ltr'><strong>ηεξιῆ</strong></span> <span class='ocrx_word' id='word_1_855' title='bbox 2109 4588 2340 4671; x_wconf 79' lang='lat' dir='ltr'><strong>pleniter</strong></span> <span class='ocrx_word' id='word_1_856' title='bbox 2367 4588 2673 4671; x_wconf 49' lang='lat' dir='ltr'><strong>lpcrcipere,</strong></span> <span class='ocrx_word' id='word_1_857' title='bbox 2695 4610 2750 4657; x_wconf 87' lang='lat' dir='ltr'><strong>et</strong></span> <span class='ocrx_word' id='word_1_858' title='bbox 2782 4588 2835 4657; x_wconf 91' lang='lat' dir='ltr'><strong>in</strong></span> <span class='ocrx_word' id='word_1_859' title='bbox 2873 4588 3062 4659; x_wconf 58' lang='lat' dir='ltr'><strong>&#39;futuro</strong></span> <span class='ocrx_word' id='word_1_860' title='bbox 3091 4588 3348 4658; x_wconf 80' lang='lat' dir='ltr'><strong>:ctcrnam</strong></span> <span class='ocrx_word' id='word_1_861' title='bbox 3394 4605 3528 4660; x_wconf 71' lang='lat' dir='ltr'><strong>lacti-</strong></span> 
     </span>
    </p>
   </div>
   <div class='ocr_carea' id='block_1_119' title="bbox 263 4659 1845 4733">
    <p class='ocr_par' dir='ltr' id='par_1_119' title="bbox 263 4659 1845 4733">
     <span class='ocr_line' id='line_1_119' title="bbox 263 4659 1845 4733; baseline 0.006 -22"><span class='ocrx_word' id='word_1_862' title='bbox 263 4671 350 4721; x_wconf 85' lang='lat' dir='ltr'><strong>ea,</strong></span> <span class='ocrx_word' id='word_1_863' title='bbox 387 4659 441 4712; x_wconf 95' lang='lat' dir='ltr'><strong>in</strong></span> <span class='ocrx_word' id='word_1_864' title='bbox 472 4659 669 4733; x_wconf 86' lang='lat' dir='ltr'><strong>invidia</strong></span> <span class='ocrx_word' id='word_1_865' title='bbox 687 4669 750 4733; x_wconf 79' lang='lat' dir='ltr'><strong>et</strong></span> <span class='ocrx_word' id='word_1_866' title='bbox 779 4662 921 4725; x_wconf 82' lang='lat' dir='ltr'><strong>dolo,</strong></span> <span class='ocrx_word' id='word_1_867' title='bbox 954 4661 1006 4715; x_wconf 91' lang='lat' dir='ltr'><strong>in</strong></span> <span class='ocrx_word' id='word_1_868' title='bbox 1038 4661 1182 4733; x_wconf 84' lang='lat' dir='ltr'><strong>furto</strong></span> <span class='ocrx_word' id='word_1_869' title='bbox 1211 4669 1266 4733; x_wconf 87' lang='lat' dir='ltr'><strong>et</strong></span> <span class='ocrx_word' id='word_1_870' title='bbox 1287 4659 1498 4732; x_wconf 65' lang='lat' dir='ltr'><strong>rapina,</strong></span> <span class='ocrx_word' id='word_1_871' title='bbox 1524 4663 1574 4717; x_wconf 92' lang='lat' dir='ltr'><strong>in</strong></span> <span class='ocrx_word' id='word_1_872' title='bbox 1608 4665 1845 4733; x_wconf 89' lang='lat' dir='ltr'><strong>pcrjurio</strong></span> 
     </span>
    </p>
   </div>
   <div class='ocr_carea' id='block_1_120' title="bbox 265 4731 1843 4810">
    <p class='ocr_par' dir='ltr' id='par_1_120' title="bbox 265 4731 1843 4810">
     <span class='ocr_line' id='line_1_120' title="bbox 265 4731 1843 4810; baseline 0.006 -29"><span class='ocrx_word' id='word_1_873' title='bbox 265 4736 427 4810; x_wconf 84' lang='lat' dir='ltr'><strong>atque</strong></span> <span class='ocrx_word' id='word_1_874' title='bbox 452 4731 883 4810; x_wconf 72' lang='lat' dir='ltr'><strong>mendacio,_nec</strong></span> <span class='ocrx_word' id='word_1_875' title='bbox 924 4748 1028 4810; x_wconf 80' lang='lat' dir='ltr'><strong>non</strong></span> <span class='ocrx_word' id='word_1_876' title='bbox 1056 4740 1106 4785; x_wconf 93' lang='lat' dir='ltr'><strong>ct</strong></span> <span class='ocrx_word' id='word_1_877' title='bbox 1153 4731 1290 4810; x_wconf 76' lang='lat' dir='ltr'><strong>falso</strong></span> <span class='ocrx_word' id='word_1_878' title='bbox 1313 4731 1640 4810; x_wconf 73' lang='lat' dir='ltr'><strong>testimonio,</strong></span> <span class='ocrx_word' id='word_1_879' title='bbox 1666 4731 1728 4810; x_wconf 82' lang='lat' dir='ltr'><strong>in</strong></span> <span class='ocrx_word' id='word_1_880' title='bbox 1757 4737 1843 4810; x_wconf 86' lang='lat' dir='ltr'><strong>in-</strong></span> 
     </span>
    </p>
   </div>
   <div class='ocr_carea' id='block_1_121' title="bbox 263 4801 1839 4873">
    <p class='ocr_par' dir='ltr' id='par_1_121' title="bbox 263 4801 1839 4873">
     <span class='ocr_line' id='line_1_121' title="bbox 263 4801 1839 4873; baseline 0.006 -21"><span class='ocrx_word' id='word_1_881' title='bbox 263 4801 578 4873; x_wconf 83' lang='lat' dir='ltr'><strong>quietudine</strong></span> <span class='ocrx_word' id='word_1_882' title='bbox 609 4802 823 4867; x_wconf 81' lang='lat' dir='ltr'><strong>ruentis,</strong></span> <span class='ocrx_word' id='word_1_883' title='bbox 858 4804 911 4857; x_wconf 93' lang='lat' dir='ltr'><strong>in</strong></span> <span class='ocrx_word' id='word_1_884' title='bbox 957 4803 1154 4873; x_wconf 89' lang='lat' dir='ltr'><strong>injusto</strong></span> <span class='ocrx_word' id='word_1_885' title='bbox 1178 4803 1382 4872; x_wconf 82' lang='lat' dir='ltr'><strong>judicio</strong></span> <span class='ocrx_word' id='word_1_886' title='bbox 1411 4807 1492 4858; x_wconf 87' lang='lat' dir='ltr'><strong>vel</strong></span> <span class='ocrx_word' id='word_1_887' title='bbox 1526 4804 1734 4870; x_wconf 82' lang='lat' dir='ltr'><strong>fraude,</strong></span> <span class='ocrx_word' id='word_1_888' title='bbox 1787 4807 1839 4861; x_wconf 89' lang='lat' dir='ltr'><strong>in</strong></span> 
     </span>
    </p>
   </div>
   <div class='ocr_carea' id='block_1_122' title="bbox 261 4871 1842 4946">
    <p class='ocr_par' dir='ltr' id='par_1_122' title="bbox 261 4871 1842 4946">
     <span class='ocr_line' id='line_1_122' title="bbox 261 4871 1842 4946; baseline 0.004 -22"><span class='ocrx_word' id='word_1_889' title='bbox 261 4871 511 4926; x_wconf 86' lang='lat' dir='ltr'><strong>veritatis</strong></span> <span class='ocrx_word' id='word_1_890' title='bbox 536 4879 869 4946; x_wconf 80' lang='lat' dir='ltr'><strong>contemptu,</strong></span> <span class='ocrx_word' id='word_1_891' title='bbox 896 4874 947 4946; x_wconf 86' lang='lat' dir='ltr'><strong>in</strong></span> <span class='ocrx_word' id='word_1_892' title='bbox 989 4871 1255 4928; x_wconf 85' lang='lat' dir='ltr'><strong>oblivione</strong></span> <span class='ocrx_word' id='word_1_893' title='bbox 1276 4874 1625 4946; x_wconf 80' lang='lat' dir='ltr'><strong>beatitudinis</strong></span> <span class='ocrx_word' id='word_1_894' title='bbox 1646 4878 1842 4946; x_wconf 78' lang='lat' dir='ltr'><strong>scrupi-</strong></span> 
     </span>
    </p>
   </div>
   <div class='ocr_carea' id='block_1_123' title="bbox 261 4943 1839 5003">
    <p class='ocr_par' dir='ltr' id='par_1_123' title="bbox 261 4943 1839 5003">
     <span class='ocr_line' id='line_1_123' title="bbox 261 4943 1839 5003; baseline 0.006 -9"><span class='ocrx_word' id='word_1_895' title='bbox 261 4947 451 5002; x_wconf 72' lang='lat' dir='ltr'><strong>ternm,</strong></span> <span class='ocrx_word' id='word_1_896' title='bbox 484 4952 540 4996; x_wconf 80' lang='lat' dir='ltr'><strong>et</strong></span> <span class='ocrx_word' id='word_1_897' title='bbox 576 4943 629 4997; x_wconf 91' lang='lat' dir='ltr'><strong>in</strong></span> <span class='ocrx_word' id='word_1_898' title='bbox 660 4943 1016 4998; x_wconf 87' lang='lat' dir='ltr'><strong>obduratione</strong></span> <span class='ocrx_word' id='word_1_899' title='bbox 1039 4947 1250 4999; x_wconf 89' lang='lat' dir='ltr'><strong>mortis.</strong></span> <span class='ocrx_word' id='word_1_900' title='bbox 1283 4945 1482 5000; x_wconf 73' lang='lat' dir='ltr'><strong>Deinde</strong></span> <span class='ocrx_word' id='word_1_901' title='bbox 1520 4947 1574 5000; x_wconf 91' lang='lat' dir='ltr'><strong>in</strong></span> <span class='ocrx_word' id='word_1_902' title='bbox 1602 4948 1680 5002; x_wconf 90' lang='lat' dir='ltr'><strong>ira</strong></span> <span class='ocrx_word' id='word_1_903' title='bbox 1707 4943 1839 5003; x_wconf 55' lang='lat' dir='ltr'><strong>et&#39;in</strong></span> 
     </span>
    </p>
   </div>
   <div class='ocr_carea' id='block_1_124' title="bbox 263 5011 1842 5086">
    <p class='ocr_par' dir='ltr' id='par_1_124' title="bbox 263 5011 1842 5086">
     <span class='ocr_line' id='line_1_124' title="bbox 263 5011 1842 5086; baseline 0.007 -23"><span class='ocrx_word' id='word_1_904' title='bbox 263 5011 541 5086; x_wconf 82' lang='lat' dir='ltr'><strong>iracundia</strong></span> <span class='ocrx_word' id='word_1_905' title='bbox 591 5014 815 5086; x_wconf 81' lang='lat' dir='ltr'><strong>nimium</strong></span> <span class='ocrx_word' id='word_1_906' title='bbox 844 5029 930 5086; x_wconf 88' lang='lat' dir='ltr'><strong>me</strong></span> <span class='ocrx_word' id='word_1_907' title='bbox 961 5030 1079 5069; x_wconf 89' lang='lat' dir='ltr'><strong>esse</strong></span> <span class='ocrx_word' id='word_1_908' title='bbox 1108 5016 1344 5070; x_wconf 85' lang='lat' dir='ltr'><strong>arbitror</strong></span> <span class='ocrx_word' id='word_1_909' title='bbox 1386 5017 1755 5086; x_wconf 77' lang='lat' dir='ltr'><strong>depravatum.</strong></span> <span class='ocrx_word' id='word_1_910' title='bbox 1785 5028 1842 5074; x_wconf 88' lang='lat' dir='ltr'><strong>ct</strong></span> 
     </span>
    </p>
   </div>
   <div class='ocr_carea' id='block_1_125' title="bbox 262 5081 1839 5157">
    <p class='ocr_par' dir='ltr' id='par_1_125' title="bbox 262 5081 1839 5157">
     <span class='ocr_line' id='line_1_125' title="bbox 262 5081 1839 5157; baseline 0.006 -24"><span class='ocrx_word' id='word_1_911' title='bbox 262 5081 315 5134; x_wconf 87' lang='lat' dir='ltr'><strong>in</strong></span> <span class='ocrx_word' id='word_1_912' title='bbox 338 5084 814 5157; x_wconf 70' lang='lat' dir='ltr'><strong>omnibusdclictis</strong></span> <span class='ocrx_word' id='word_1_913' title='bbox 836 5085 952 5153; x_wconf 86' lang='lat' dir='ltr'><strong>cjus</strong></span> <span class='ocrx_word' id='word_1_914' title='bbox 968 5087 1147 5141; x_wconf 86' lang='lat' dir='ltr'><strong>radice</strong></span> <span class='ocrx_word' id='word_1_915' title='bbox 1165 5081 1527 5157; x_wconf 81' lang='lat' dir='ltr'><strong>surgentibus,</strong></span> <span class='ocrx_word' id='word_1_916' title='bbox 1552 5088 1604 5142; x_wconf 89' lang='lat' dir='ltr'><strong>in</strong></span> <span class='ocrx_word' id='word_1_917' title='bbox 1632 5096 1839 5144; x_wconf 92' lang='lat' dir='ltr'><strong>tumore</strong></span> 
     </span>
    </p>
   </div>
   <div class='ocr_carea' id='block_1_126' title="bbox 261 5154 1842 5229">
    <p class='ocr_par' dir='ltr' id='par_1_126' title="bbox 261 5154 1842 5229">
     <span class='ocr_line' id='line_1_126' title="bbox 261 5154 1842 5229; baseline 0.008 -27"><span class='ocrx_word' id='word_1_918' title='bbox 261 5154 576 5229; x_wconf 62' lang='lat' dir='ltr'><strong>incntis,_in</strong></span> <span class='ocrx_word' id='word_1_919' title='bbox 599 5155 723 5229; x_wconf 73' lang='lat' dir='ltr'><strong>rixa</strong></span> <span class='ocrx_word' id='word_1_920' title='bbox 745 5163 809 5229; x_wconf 76' lang='lat' dir='ltr'><strong>et</strong></span> <span class='ocrx_word' id='word_1_921' title='bbox 836 5157 1184 5229; x_wconf 82' lang='lat' dir='ltr'><strong>dissentionc,</strong></span> <span class='ocrx_word' id='word_1_922' title='bbox 1223 5154 1278 5210; x_wconf 81' lang='lat' dir='ltr'><strong>in</strong></span> <span class='ocrx_word' id='word_1_923' title='bbox 1307 5159 1650 5224; x_wconf 83' lang='lat' dir='ltr'><strong>contumelia,</strong></span> <span class='ocrx_word' id='word_1_924' title='bbox 1680 5160 1730 5213; x_wconf 92' lang='lat' dir='ltr'><strong>in</strong></span> <span class='ocrx_word' id='word_1_925' title='bbox 1761 5159 1842 5214; x_wconf 87' lang='lat' dir='ltr'><strong>in-</strong></span> 
     </span>
    </p>
   </div>
   <div class='ocr_carea' id='block_1_127' title="bbox 262 5225 1840 5300">
    <p class='ocr_par' dir='ltr' id='par_1_127' title="bbox 262 5225 1840 5300">
     <span class='ocr_line' id='line_1_127' title="bbox 262 5225 1840 5300; baseline 0.004 -24"><span class='ocrx_word' id='word_1_926' title='bbox 262 5225 508 5300; x_wconf 77' lang='lat' dir='ltr'><strong>iurgandi</strong></span> <span class='ocrx_word' id='word_1_927' title='bbox 531 5225 612 5300; x_wconf 75' lang='lat' dir='ltr'><strong>vel</strong></span> <span class='ocrx_word' id='word_1_928' title='bbox 645 5227 944 5300; x_wconf 74' lang='lat' dir='ltr'><strong>ulciscendi</strong></span> <span class='ocrx_word' id='word_1_929' title='bbox 975 5243 1180 5300; x_wconf 80' lang='lat' dir='ltr'><strong>amore,</strong></span> <span class='ocrx_word' id='word_1_930' title='bbox 1213 5229 1264 5281; x_wconf 94' lang='lat' dir='ltr'><strong>in</strong></span> <span class='ocrx_word' id='word_1_931' title='bbox 1295 5245 1328 5280; x_wconf 94' lang='lat' dir='ltr'><strong>o</strong></span> <span class='ocrx_word' id='word_1_932' title='bbox 1351 5231 1438 5291; x_wconf 87' lang='lat' dir='ltr'><strong>lin,</strong></span> <span class='ocrx_word' id='word_1_933' title='bbox 1475 5232 1524 5282; x_wconf 91' lang='lat' dir='ltr'><strong>in</strong></span> <span class='ocrx_word' id='word_1_934' title='bbox 1557 5230 1840 5300; x_wconf 80' lang='lat' dir='ltr'><strong>impatien-</strong></span> 
     </span>
    </p>
   </div>
   <div class='ocr_carea' id='block_1_128' title="bbox 264 5291 1839 5370">
    <p class='ocr_par' dir='ltr' id='par_1_128' title="bbox 264 5291 1839 5370">
     <span class='ocr_line' id='line_1_128' title="bbox 264 5291 1839 5370; baseline 0.006 -25"><span class='ocrx_word' id='word_1_935' title='bbox 264 5291 368 5370; x_wconf 80' lang='lat' dir='ltr'><strong>tia,</strong></span> <span class='ocrx_word' id='word_1_936' title='bbox 389 5295 449 5370; x_wconf 85' lang='lat' dir='ltr'><strong>in_</strong></span> <span class='ocrx_word' id='word_1_937' title='bbox 481 5297 947 5370; x_wconf 76' lang='lat' dir='ltr'><strong>maledictionibus</strong></span> <span class='ocrx_word' id='word_1_938' title='bbox 996 5308 1050 5351; x_wconf 88' lang='lat' dir='ltr'><strong>et</strong></span> <span class='ocrx_word' id='word_1_939' title='bbox 1083 5298 1454 5370; x_wconf 82' lang='lat' dir='ltr'><strong>blasphemiis,</strong></span> <span class='ocrx_word' id='word_1_940' title='bbox 1489 5302 1539 5353; x_wconf 92' lang='lat' dir='ltr'><strong>in</strong></span> <span class='ocrx_word' id='word_1_941' title='bbox 1589 5291 1839 5370; x_wconf 75' lang='lat' dir='ltr'><strong>indigna-</strong></span> 
     </span>
    </p>
   </div>
   <div class='ocr_carea' id='block_1_129' title="bbox 261 5363 1838 5439">
    <p class='ocr_par' dir='ltr' id='par_1_129' title="bbox 261 5363 1838 5439">
     <span class='ocr_line' id='line_1_129' title="bbox 261 5363 1838 5439; baseline 0.006 -23"><span class='ocrx_word' id='word_1_942' title='bbox 261 5363 409 5439; x_wconf 76' lang='lat' dir='ltr'><strong>tione</strong></span> <span class='ocrx_word' id='word_1_943' title='bbox 438 5367 644 5439; x_wconf 77' lang='lat' dir='ltr'><strong>iniqua,</strong></span> <span class='ocrx_word' id='word_1_944' title='bbox 677 5369 728 5423; x_wconf 90' lang='lat' dir='ltr'><strong>in</strong></span> <span class='ocrx_word' id='word_1_945' title='bbox 762 5370 1133 5426; x_wconf 81' lang='lat' dir='ltr'><strong>recordatione</strong></span> <span class='ocrx_word' id='word_1_946' title='bbox 1167 5363 1373 5438; x_wconf 72' lang='lat' dir='ltr'><strong>injuria:</strong></span> <span class='ocrx_word' id='word_1_947' title='bbox 1398 5386 1550 5435; x_wconf 71' lang='lat' dir='ltr'><strong>mem,</strong></span> <span class='ocrx_word' id='word_1_948' title='bbox 1575 5371 1628 5425; x_wconf 92' lang='lat' dir='ltr'><strong>in</strong></span> <span class='ocrx_word' id='word_1_949' title='bbox 1651 5363 1838 5427; x_wconf 64' lang='lat' dir='ltr'><strong>accdia</strong></span> 
     </span>
    </p>
   </div>
   <div class='ocr_carea' id='block_1_130' title="bbox 259 5437 1840 5507">
    <p class='ocr_par' dir='ltr' id='par_1_130' title="bbox 259 5437 1840 5507">
     <span class='ocr_line' id='line_1_130' title="bbox 259 5437 1840 5507; baseline 0.007 -20"><span class='ocrx_word' id='word_1_950' title='bbox 259 5437 426 5507; x_wconf 74' lang='lat' dir='ltr'><strong>etiam</strong></span> <span class='ocrx_word' id='word_1_951' title='bbox 451 5437 710 5494; x_wconf 84' lang='lat' dir='ltr'><strong>immensa</strong></span> <span class='ocrx_word' id='word_1_952' title='bbox 741 5441 903 5494; x_wconf 91' lang='lat' dir='ltr'><strong>timeo</strong></span> <span class='ocrx_word' id='word_1_953' title='bbox 929 5456 1016 5496; x_wconf 88' lang='lat' dir='ltr'><strong>me</strong></span> <span class='ocrx_word' id='word_1_954' title='bbox 1043 5437 1266 5495; x_wconf 85' lang='lat' dir='ltr'><strong>nimium</strong></span> <span class='ocrx_word' id='word_1_955' title='bbox 1297 5441 1590 5496; x_wconf 74' lang='lat' dir='ltr'><strong>obnoxium</strong></span> <span class='ocrx_word' id='word_1_956' title='bbox 1617 5457 1760 5507; x_wconf 84' lang='lat' dir='ltr'><strong>esse,</strong></span> <span class='ocrx_word' id='word_1_957' title='bbox 1784 5450 1840 5498; x_wconf 87' lang='lat' dir='ltr'><strong>et</strong></span> 
     </span>
    </p>
   </div>
   <div class='ocr_carea' id='block_1_131' title="bbox 259 5504 1840 5582">
    <p class='ocr_par' dir='ltr' id='par_1_131' title="bbox 259 5504 1840 5582">
     <span class='ocr_line' id='line_1_131' title="bbox 259 5504 1840 5582; baseline 0.005 -24"><span class='ocrx_word' id='word_1_958' title='bbox 259 5504 314 5582; x_wconf 82' lang='lat' dir='ltr'><strong>in</strong></span> <span class='ocrx_word' id='word_1_959' title='bbox 345 5508 492 5582; x_wconf 87' lang='lat' dir='ltr'><strong>omni</strong></span> <span class='ocrx_word' id='word_1_960' title='bbox 521 5509 643 5564; x_wconf 88' lang='lat' dir='ltr'><strong>labe</strong></span> <span class='ocrx_word' id='word_1_961' title='bbox 687 5509 986 5566; x_wconf 89' lang='lat' dir='ltr'><strong>facinorum</strong></span> <span class='ocrx_word' id='word_1_962' title='bbox 1016 5527 1081 5566; x_wconf 78' lang='lat' dir='ltr'><strong>ex</strong></span> <span class='ocrx_word' id='word_1_963' title='bbox 1131 5512 1248 5582; x_wconf 83' lang='lat' dir='ltr'><strong>ejus</strong></span> <span class='ocrx_word' id='word_1_964' title='bbox 1276 5511 1460 5566; x_wconf 88' lang='lat' dir='ltr'><strong>fomite</strong></span> <span class='ocrx_word' id='word_1_965' title='bbox 1486 5504 1840 5582; x_wconf 84' lang='lat' dir='ltr'><strong>prorumpen-</strong></span> 
     </span>
    </p>
   </div>
   <div class='ocr_carea' id='block_1_132' title="bbox 259 5575 1841 5654">
    <p class='ocr_par' dir='ltr' id='par_1_132' title="bbox 259 5575 1841 5654">
     <span class='ocr_line' id='line_1_132' title="bbox 259 5575 1841 5654; baseline 0.003 -21"><span class='ocrx_word' id='word_1_966' title='bbox 259 5575 422 5641; x_wconf 80' lang='lat' dir='ltr'><strong>sium,</strong></span> <span class='ocrx_word' id='word_1_967' title='bbox 455 5579 895 5654; x_wconf 78' lang='lat' dir='ltr'><strong>insomnolentia</strong></span> <span class='ocrx_word' id='word_1_968' title='bbox 938 5590 996 5654; x_wconf 87' lang='lat' dir='ltr'><strong>ct</strong></span> <span class='ocrx_word' id='word_1_969' title='bbox 1037 5575 1372 5654; x_wconf 62' lang='lat' dir='ltr'><strong>boni&#39;operis</strong></span> <span class='ocrx_word' id='word_1_970' title='bbox 1406 5575 1648 5652; x_wconf 76' lang='lat' dir='ltr'><strong>pigritia,</strong></span> <span class='ocrx_word' id='word_1_971' title='bbox 1673 5575 1724 5638; x_wconf 79' lang='lat' dir='ltr'><strong>in</strong></span> <span class='ocrx_word' id='word_1_972' title='bbox 1761 5584 1841 5637; x_wconf 84' lang='lat' dir='ltr'><strong>in-</strong></span> 
     </span>
    </p>
   </div>
   <div class='ocr_carea' id='block_1_133' title="bbox 258 5651 1842 5722">
    <p class='ocr_par' dir='ltr' id='par_1_133' title="bbox 258 5651 1842 5722">
     <span class='ocr_line' id='line_1_133' title="bbox 258 5651 1842 5722; baseline 0.008 -23"><span class='ocrx_word' id='word_1_973' title='bbox 258 5651 587 5722; x_wconf 70' lang='lat' dir='ltr'><strong>constantia,</strong></span> <span class='ocrx_word' id='word_1_974' title='bbox 630 5651 682 5705; x_wconf 90' lang='lat' dir='ltr'><strong>in</strong></span> <span class='ocrx_word' id='word_1_975' title='bbox 729 5653 1111 5722; x_wconf 86' lang='lat' dir='ltr'><strong>pervagatione</strong></span> <span class='ocrx_word' id='word_1_976' title='bbox 1140 5651 1359 5717; x_wconf 77' lang='lat' dir='ltr'><strong>mentis,</strong></span> <span class='ocrx_word' id='word_1_977' title='bbox 1395 5651 1449 5707; x_wconf 83' lang='lat' dir='ltr'><strong>in</strong></span> <span class='ocrx_word' id='word_1_978' title='bbox 1477 5651 1842 5722; x_wconf 66' lang='lat' dir='ltr'><strong>trepidatione</strong></span> 
     </span>
    </p>
   </div>
   <div class='ocr_carea' id='block_1_134' title="bbox 257 5715 1842 5794">
    <p class='ocr_par' dir='ltr' id='par_1_134' title="bbox 257 5715 1842 5794">
     <span class='ocr_line' id='line_1_134' title="bbox 257 5715 1842 5794; baseline 0.006 -26"><span class='ocrx_word' id='word_1_979' title='bbox 257 5715 566 5794; x_wconf 75' lang='lat' dir='ltr'><strong>laborandi,</strong></span> <span class='ocrx_word' id='word_1_980' title='bbox 589 5722 639 5775; x_wconf 89' lang='lat' dir='ltr'><strong>in</strong></span> <span class='ocrx_word' id='word_1_981' title='bbox 669 5715 826 5794; x_wconf 49' lang='lat' dir='ltr'><strong>tte-dio</strong></span> <span class='ocrx_word' id='word_1_982' title='bbox 852 5715 1051 5794; x_wconf 49' lang='lat' dir='ltr'><strong>oculis,</strong></span> <span class='ocrx_word' id='word_1_983' title='bbox 1080 5725 1132 5779; x_wconf 92' lang='lat' dir='ltr'><strong>in</strong></span> <span class='ocrx_word' id='word_1_984' title='bbox 1166 5715 1464 5779; x_wconf 89' lang='lat' dir='ltr'><strong>moratione</strong></span> <span class='ocrx_word' id='word_1_985' title='bbox 1493 5715 1654 5794; x_wconf 77' lang='lat' dir='ltr'><strong>atque</strong></span> <span class='ocrx_word' id='word_1_986' title='bbox 1698 5725 1842 5780; x_wconf 85' lang='lat' dir='ltr'><strong>dele-</strong></span> 
     </span>
    </p>
   </div>
   <div class='ocr_carea' id='block_1_135' title="bbox 259 5789 1838 5866">
    <p class='ocr_par' dir='ltr' id='par_1_135' title="bbox 259 5789 1838 5866">
     <span class='ocr_line' id='line_1_135' title="bbox 259 5789 1838 5866; baseline 0.006 -26"><span class='ocrx_word' id='word_1_987' title='bbox 259 5789 518 5866; x_wconf 76' lang='lat' dir='ltr'><strong>ctatione,</strong></span> <span class='ocrx_word' id='word_1_988' title='bbox 557 5793 608 5846; x_wconf 90' lang='lat' dir='ltr'><strong>in</strong></span> <span class='ocrx_word' id='word_1_989' title='bbox 642 5793 856 5866; x_wconf 83' lang='lat' dir='ltr'><strong>tristitia</strong></span> <span class='ocrx_word' id='word_1_990' title='bbox 891 5792 1088 5860; x_wconf 85' lang='lat' dir='ltr'><strong>injusta</strong></span> <span class='ocrx_word' id='word_1_991' title='bbox 1116 5794 1183 5849; x_wconf 88' lang='lat' dir='ltr'><strong>ab</strong></span> <span class='ocrx_word' id='word_1_992' title='bbox 1210 5795 1432 5866; x_wconf 90' lang='lat' dir='ltr'><strong>antiquo</strong></span> <span class='ocrx_word' id='word_1_993' title='bbox 1469 5795 1520 5849; x_wconf 91' lang='lat' dir='ltr'><strong>in</strong></span> <span class='ocrx_word' id='word_1_994' title='bbox 1569 5789 1658 5850; x_wconf 77' lang='lat' dir='ltr'><strong>inc</strong></span> <span class='ocrx_word' id='word_1_995' title='bbox 1687 5795 1838 5864; x_wconf 74' lang='lat' dir='ltr'><strong>hoste</strong></span> 
     </span>
    </p>
   </div>
   <div class='ocr_carea' id='block_1_136' title="bbox 261 5862 1839 5940">
    <p class='ocr_par' dir='ltr' id='par_1_136' title="bbox 261 5862 1839 5940">
     <span class='ocr_line' id='line_1_136' title="bbox 261 5862 1839 5940; baseline 0.004 -24"><span class='ocrx_word' id='word_1_996' title='bbox 261 5862 572 5931; x_wconf 76' lang='lat' dir='ltr'><strong>winmissa,</strong></span> <span class='ocrx_word' id='word_1_997' title='bbox 599 5873 647 5918; x_wconf 90' lang='lat' dir='ltr'><strong>ct</strong></span> <span class='ocrx_word' id='word_1_998' title='bbox 681 5863 731 5919; x_wconf 88' lang='lat' dir='ltr'><strong>in</strong></span> <span class='ocrx_word' id='word_1_999' title='bbox 761 5863 874 5934; x_wconf 72' lang='lat' dir='ltr'><strong>eius</strong></span> <span class='ocrx_word' id='word_1_1000' title='bbox 903 5865 1106 5922; x_wconf 86' lang='lat' dir='ltr'><strong>semine</strong></span> <span class='ocrx_word' id='word_1_1001' title='bbox 1136 5862 1467 5940; x_wconf 66' lang='lat' dir='ltr'><strong>nequissimo</strong></span> <span class='ocrx_word' id='word_1_1002' title='bbox 1493 5866 1644 5923; x_wconf 83' lang='lat' dir='ltr'><strong>valde</strong></span> <span class='ocrx_word' id='word_1_1003' title='bbox 1676 5862 1839 5923; x_wconf 83' lang='lat' dir='ltr'><strong>timeo</strong></span> 
     </span>
    </p>
   </div>
   <div class='ocr_carea' id='block_1_137' title="bbox 1948 4671 3524 4743">
    <p class='ocr_par' dir='ltr' id='par_1_137' title="bbox 1948 4671 3524 4743">
     <span class='ocr_line' id='line_1_137' title="bbox 1948 4671 3524 4743; baseline 0.004 -20"><span class='ocrx_word' id='word_1_1004' title='bbox 1948 4673 2077 4726; x_wconf 89' lang='lat' dir='ltr'><strong>tiam</strong></span> <span class='ocrx_word' id='word_1_1005' title='bbox 2125 4673 2399 4742; x_wconf 85' lang='lat' dir='ltr'><strong>possidere</strong></span> <span class='ocrx_word' id='word_1_1006' title='bbox 2446 4671 2590 4743; x_wconf 77' lang='lat' dir='ltr'><strong>qdod</strong></span> <span class='ocrx_word' id='word_1_1007' title='bbox 2631 4671 2744 4742; x_wconf 90' lang='lat' dir='ltr'><strong>ipse</strong></span> <span class='ocrx_word' id='word_1_1008' title='bbox 2770 4675 2925 4729; x_wconf 88' lang='lat' dir='ltr'><strong>nobis</strong></span> <span class='ocrx_word' id='word_1_1009' title='bbox 2950 4685 3165 4743; x_wconf 76' lang='lat' dir='ltr'><strong>przesta,</strong></span> <span class='ocrx_word' id='word_1_1010' title='bbox 3213 4675 3384 4731; x_wconf 85' lang='lat' dir='ltr'><strong>Filius</strong></span> <span class='ocrx_word' id='word_1_1011' title='bbox 3432 4675 3524 4730; x_wconf 85' lang='lat' dir='ltr'><strong>Dei</strong></span> 
     </span>
    </p>
   </div>
   <div class='ocr_carea' id='block_1_138' title="bbox 1947 4743 3532 4824">
    <p class='ocr_par' dir='ltr' id='par_1_138' title="bbox 1947 4743 3532 4824">
     <span class='ocr_line' id='line_1_138' title="bbox 1947 4743 3532 4824; baseline 0.004 -30"><span class='ocrx_word' id='word_1_1012' title='bbox 1947 4757 2171 4824; x_wconf 53' lang='lat' dir='ltr'><strong>[nanctis</strong></span> <span class='ocrx_word' id='word_1_1013' title='bbox 2193 4751 2245 4798; x_wconf 89' lang='lat' dir='ltr'><strong>ct</strong></span> <span class='ocrx_word' id='word_1_1014' title='bbox 2273 4758 2503 4824; x_wconf 77' lang='lat' dir='ltr'><strong>regnans</strong></span> <span class='ocrx_word' id='word_1_1015' title='bbox 2524 4759 2647 4824; x_wconf 66' lang='lat' dir='ltr'><strong>cum</strong></span> <span class='ocrx_word' id='word_1_1016' title='bbox 2675 4743 2835 4824; x_wconf 77' lang='lat' dir='ltr'><strong>Patre</strong></span> <span class='ocrx_word' id='word_1_1017' title='bbox 2859 4754 2912 4800; x_wconf 89' lang='lat' dir='ltr'><strong>et</strong></span> <span class='ocrx_word' id='word_1_1018' title='bbox 2929 4743 3137 4824; x_wconf 65' lang='lat' dir='ltr'><strong>Spiritu</strong></span> <span class='ocrx_word' id='word_1_1019' title='bbox 3155 4755 3366 4824; x_wconf 80' lang='lat' dir='ltr'><strong>sancto,</strong></span> <span class='ocrx_word' id='word_1_1020' title='bbox 3391 4763 3532 4824; x_wconf 75' lang='lat' dir='ltr'><strong>unus</strong></span> 
     </span>
    </p>
   </div>
   <div class='ocr_carea' id='block_1_139' title="bbox 1948 4811 3527 4887">
    <p class='ocr_par' dir='ltr' id='par_1_139' title="bbox 1948 4811 3527 4887">
     <span class='ocr_line' id='line_1_139' title="bbox 1948 4811 3527 4887; baseline 0.004 -21"><span class='ocrx_word' id='word_1_1021' title='bbox 1948 4811 2103 4887; x_wconf 79' lang='lat' dir='ltr'><strong>Deus</strong></span> <span class='ocrx_word' id='word_1_1022' title='bbox 2138 4813 2189 4867; x_wconf 90' lang='lat' dir='ltr'><strong>in</strong></span> <span class='ocrx_word' id='word_1_1023' title='bbox 2229 4811 2469 4887; x_wconf 84' lang='lat' dir='ltr'><strong>trinitate</strong></span> <span class='ocrx_word' id='word_1_1024' title='bbox 2509 4814 2644 4868; x_wconf 86' lang='lat' dir='ltr'><strong>etin</strong></span> <span class='ocrx_word' id='word_1_1025' title='bbox 2683 4817 2890 4870; x_wconf 88' lang='lat' dir='ltr'><strong>unitate</strong></span> <span class='ocrx_word' id='word_1_1026' title='bbox 2921 4811 3166 4887; x_wconf 76' lang='lat' dir='ltr'><strong>perfecta</strong></span> <span class='ocrx_word' id='word_1_1027' title='bbox 3223 4817 3277 4872; x_wconf 89' lang='lat' dir='ltr'><strong>in</strong></span> <span class='ocrx_word' id='word_1_1028' title='bbox 3333 4816 3527 4873; x_wconf 73' lang='lat' dir='ltr'><strong>szccula</strong></span> 
     </span>
    </p>
   </div>
   <div class='ocr_carea' id='block_1_140' title="bbox 1945 4883 2505 4940">
    <p class='ocr_par' dir='ltr' id='par_1_140' title="bbox 1945 4883 2505 4940">
     <span class='ocr_line' id='line_1_140' title="bbox 1945 4883 2505 4940; baseline -0.002 -2"><span class='ocrx_word' id='word_1_1029' title='bbox 1945 4883 2285 4938; x_wconf 68' lang='lat' dir='ltr'><strong>saaculorum.</strong></span> <span class='ocrx_word' id='word_1_1030' title='bbox 2313 4885 2505 4940; x_wconf 88' lang='lat' dir='ltr'><strong>Amen.</strong></span> 
     </span>
    </p>
   </div>
   <div class='ocr_carea' id='block_1_141' title="bbox 2053 4997 3425 5072">
    <p class='ocr_par' dir='ltr' id='par_1_141' title="bbox 2053 4997 3425 5072">
     <span class='ocr_line' id='line_1_141' title="bbox 2053 4997 3425 5072; baseline 0.003 -20"><span class='ocrx_word' id='word_1_1031' title='bbox 2053 4997 2238 5053; x_wconf 83' lang='lat' dir='ltr'><strong>Oratio</strong></span> <span class='ocrx_word' id='word_1_1032' title='bbox 2271 5016 2429 5070; x_wconf 79' lang='lat' dir='ltr'><strong>quam</strong></span> <span class='ocrx_word' id='word_1_1033' title='bbox 2458 4999 2587 5054; x_wconf 83' lang='lat' dir='ltr'><strong>dicit</strong></span> <span class='ocrx_word' id='word_1_1034' title='bbox 2623 5001 2868 5055; x_wconf 74' lang='lat' dir='ltr'><strong>sacerdos</strong></span> <span class='ocrx_word' id='word_1_1035' title='bbox 2895 5018 3048 5071; x_wconf 82' lang='lat' dir='ltr'><strong>super</strong></span> <span class='ocrx_word' id='word_1_1036' title='bbox 3071 5002 3425 5072; x_wconf 68' lang='lat' dir='ltr'><strong>paenitenter&quot;.</strong></span> 
     </span>
    </p>
   </div>
   <div class='ocr_carea' id='block_1_142' title="bbox 2016 5088 3524 5154">
    <p class='ocr_par' dir='ltr' id='par_1_142' title="bbox 2016 5088 3524 5154">
     <span class='ocr_line' id='line_1_142' title="bbox 2016 5088 3524 5154; baseline 0.002 -11"><span class='ocrx_word' id='word_1_1037' title='bbox 2016 5089 2160 5144; x_wconf 85' lang='lat' dir='ltr'><strong>Deus</strong></span> <span class='ocrx_word' id='word_1_1038' title='bbox 2202 5090 2531 5154; x_wconf 72' lang='lat' dir='ltr'><strong>clementiae,</strong></span> <span class='ocrx_word' id='word_1_1039' title='bbox 2568 5091 2709 5147; x_wconf 88' lang='lat' dir='ltr'><strong>Dens</strong></span> <span class='ocrx_word' id='word_1_1040' title='bbox 2747 5092 3149 5154; x_wconf 65' lang='lat' dir='ltr'><strong>misericordim,</strong></span> <span class='ocrx_word' id='word_1_1041' title='bbox 3177 5093 3319 5148; x_wconf 90' lang='lat' dir='ltr'><strong>Deus</strong></span> <span class='ocrx_word' id='word_1_1042' title='bbox 3349 5088 3524 5147; x_wconf 75' lang='lat' dir='ltr'><strong>indul-</strong></span> 
     </span>
    </p>
   </div>
   <div class='ocr_carea' id='block_1_143' title="bbox 1947 5161 3526 5233">
    <p class='ocr_par' dir='ltr' id='par_1_143' title="bbox 1947 5161 3526 5233">
     <span class='ocr_line' id='line_1_143' title="bbox 1947 5161 3526 5233; baseline 0.001 -18"><span class='ocrx_word' id='word_1_1043' title='bbox 1947 5161 2164 5233; x_wconf 66' lang='lat' dir='ltr'><strong>gentiae,</strong></span> <span class='ocrx_word' id='word_1_1044' title='bbox 2195 5162 2490 5232; x_wconf 89' lang='lat' dir='ltr'><strong>propitiare</strong></span> <span class='ocrx_word' id='word_1_1045' title='bbox 2515 5162 2738 5233; x_wconf 86' lang='lat' dir='ltr'><strong>dignare</strong></span> <span class='ocrx_word' id='word_1_1046' title='bbox 2779 5163 3259 5233; x_wconf 87' lang='lat' dir='ltr'><strong>supplicationibus</strong></span> <span class='ocrx_word' id='word_1_1047' title='bbox 3295 5163 3526 5226; x_wconf 76' lang='lat' dir='ltr'><strong>nostris,</strong></span> 
     </span>
    </p>
   </div>
   <div class='ocr_carea' id='block_1_144' title="bbox 1946 5230 3527 5304">
    <p class='ocr_par' dir='ltr' id='par_1_144' title="bbox 1946 5230 3527 5304">
     <span class='ocr_line' id='line_1_144' title="bbox 1946 5230 3527 5304; baseline 0.003 -20"><span class='ocrx_word' id='word_1_1048' title='bbox 1946 5230 2001 5284; x_wconf 82' lang='lat' dir='ltr'><strong>ct</strong></span> <span class='ocrx_word' id='word_1_1049' title='bbox 2044 5230 2337 5286; x_wconf 84' lang='lat' dir='ltr'><strong>clementer</strong></span> <span class='ocrx_word' id='word_1_1050' title='bbox 2391 5230 2603 5302; x_wconf 82' lang='lat' dir='ltr'><strong>suscipe</strong></span> <span class='ocrx_word' id='word_1_1051' title='bbox 2648 5230 2906 5288; x_wconf 75' lang='lat' dir='ltr'><strong>famulum</strong></span> <span class='ocrx_word' id='word_1_1052' title='bbox 2956 5243 3104 5288; x_wconf 91' lang='lat' dir='ltr'><strong>tuum</strong></span> <span class='ocrx_word' id='word_1_1053' title='bbox 3156 5235 3527 5304; x_wconf 72' lang='lat' dir='ltr'><strong>pmnitcntem,</strong></span> 
     </span>
    </p>
   </div>
   <div class='ocr_carea' id='block_1_145' title="bbox 1947 5304 3505 5372">
    <p class='ocr_par' dir='ltr' id='par_1_145' title="bbox 1947 5304 3505 5372">
     <span class='ocr_line' id='line_1_145' title="bbox 1947 5304 3505 5372; baseline 0.006 -17"><span class='ocrx_word' id='word_1_1054' title='bbox 1947 5311 2110 5372; x_wconf 88' lang='lat' dir='ltr'><strong>atque</strong></span> <span class='ocrx_word' id='word_1_1055' title='bbox 2133 5317 2229 5371; x_wconf 80' lang='lat' dir='ltr'><strong>per</strong></span> <span class='ocrx_word' id='word_1_1056' title='bbox 2253 5313 2464 5358; x_wconf 88' lang='lat' dir='ltr'><strong>tuorum</strong></span> <span class='ocrx_word' id='word_1_1057' title='bbox 2486 5304 2725 5358; x_wconf 87' lang='lat' dir='ltr'><strong>omnium</strong></span> <span class='ocrx_word' id='word_1_1058' title='bbox 2749 5313 3060 5360; x_wconf 86' lang='lat' dir='ltr'><strong>sanctorum</strong></span> <span class='ocrx_word' id='word_1_1059' title='bbox 3083 5305 3505 5368; x_wconf 47' lang='lat' dir='ltr'><strong>intercessiones.</strong></span> 
     </span>
    </p>
   </div>
   <div class='ocr_carea' id='block_1_146' title="bbox 1946 5373 3526 5446">
    <p class='ocr_par' dir='ltr' id='par_1_146' title="bbox 1946 5373 3526 5446">
     <span class='ocr_line' id='line_1_146' title="bbox 1946 5373 3526 5446; baseline 0.003 -20"><span class='ocrx_word' id='word_1_1060' title='bbox 1946 5381 2002 5446; x_wconf 85' lang='lat' dir='ltr'><strong>et</strong></span> <span class='ocrx_word' id='word_1_1061' title='bbox 2042 5373 2254 5438; x_wconf 86' lang='lat' dir='ltr'><strong>merita,</strong></span> <span class='ocrx_word' id='word_1_1062' title='bbox 2305 5375 2488 5446; x_wconf 86' lang='lat' dir='ltr'><strong>cordis</strong></span> <span class='ocrx_word' id='word_1_1063' title='bbox 2519 5376 2989 5446; x_wconf 84' lang='lat' dir='ltr'><strong>compunctionem</strong></span> <span class='ocrx_word' id='word_1_1064' title='bbox 3026 5374 3099 5429; x_wconf 90' lang='lat' dir='ltr'><strong>illi</strong></span> <span class='ocrx_word' id='word_1_1065' title='bbox 3147 5384 3391 5431; x_wconf 87' lang='lat' dir='ltr'><strong>sanctam</strong></span> <span class='ocrx_word' id='word_1_1066' title='bbox 3423 5376 3526 5431; x_wconf 83' lang='lat' dir='ltr'><strong>lar-</strong></span> 
     </span>
    </p>
   </div>
   <div class='ocr_carea' id='block_1_147' title="bbox 1987 5443 3526 5516">
    <p class='ocr_par' dir='ltr' id='par_1_147' title="bbox 1987 5443 3526 5516">
     <span class='ocr_line' id='line_1_147' title="bbox 1987 5443 3526 5516; baseline 0.005 -22"><span class='ocrx_word' id='word_1_1067' title='bbox 1987 5443 2064 5498; x_wconf 90' lang='lat' dir='ltr'><strong>irc</strong></span> <span class='ocrx_word' id='word_1_1068' title='bbox 2089 5453 2144 5498; x_wconf 88' lang='lat' dir='ltr'><strong>et</strong></span> <span class='ocrx_word' id='word_1_1069' title='bbox 2172 5443 2778 5516; x_wconf 70' lang='lat' dir='ltr'><strong>limniteiitiaiiiveram,</strong></span> <span class='ocrx_word' id='word_1_1070' title='bbox 2808 5460 3106 5516; x_wconf 88' lang='lat' dir='ltr'><strong>puramque</strong></span> <span class='ocrx_word' id='word_1_1071' title='bbox 3129 5446 3526 5503; x_wconf 83' lang='lat' dir='ltr'><strong>confessionem</strong></span> 
     </span>
    </p>
   </div>
   <div class='ocr_carea' id='block_1_148' title="bbox 1978 5515 3528 5587">
    <p class='ocr_par' dir='ltr' id='par_1_148' title="bbox 1978 5515 3528 5587">
     <span class='ocr_line' id='line_1_148' title="bbox 1978 5515 3528 5587; baseline 0.001 -18"><span class='ocrx_word' id='word_1_1072' title='bbox 1978 5531 2008 5569; x_wconf 90' lang='lat' dir='ltr'><strong>e</strong></span> <span class='ocrx_word' id='word_1_1073' title='bbox 2055 5515 2310 5587; x_wconf 84' lang='lat' dir='ltr'><strong>omnibus</strong></span> <span class='ocrx_word' id='word_1_1074' title='bbox 2363 5515 2601 5587; x_wconf 85' lang='lat' dir='ltr'><strong>peccatis</strong></span> <span class='ocrx_word' id='word_1_1075' title='bbox 2647 5515 2762 5571; x_wconf 89' lang='lat' dir='ltr'><strong>suis</strong></span> <span class='ocrx_word' id='word_1_1076' title='bbox 2812 5515 3119 5586; x_wconf 62' lang='lat' dir='ltr'><strong>praeteritis,</strong></span> <span class='ocrx_word' id='word_1_1077' title='bbox 3171 5519 3528 5587; x_wconf 77' lang='lat' dir='ltr'><strong>prtcsentibns</strong></span> 
     </span>
    </p>
   </div>
   <div class='ocr_carea' id='block_1_149' title="bbox 1940 5583 3522 5657">
    <p class='ocr_par' dir='ltr' id='par_1_149' title="bbox 1940 5583 3522 5657">
     <span class='ocr_line' id='line_1_149' title="bbox 1940 5583 3522 5657; baseline 0.003 -19"><span class='ocrx_word' id='word_1_1078' title='bbox 1940 5583 2374 5657; x_wconf 41' lang='lat' dir='ltr'><strong>atquefuturisg</strong></span> <span class='ocrx_word' id='word_1_1079' title='bbox 2420 5586 2702 5655; x_wconf 89' lang='lat' dir='ltr'><strong>locumque</strong></span> <span class='ocrx_word' id='word_1_1080' title='bbox 2755 5583 3144 5643; x_wconf 74' lang='lat' dir='ltr'><strong>satisfactionis</strong></span> <span class='ocrx_word' id='word_1_1081' title='bbox 3172 5583 3240 5643; x_wconf 75' lang='grc' dir='ltr'><strong>ὀι</strong></span> <span class='ocrx_word' id='word_1_1082' title='bbox 3288 5589 3522 5657; x_wconf 84' lang='lat' dir='ltr'><strong>spatium</strong></span> 
     </span>
    </p>
   </div>
   <div class='ocr_carea' id='block_1_150' title="bbox 1940 5655 3526 5729">
    <p class='ocr_par' dir='ltr' id='par_1_150' title="bbox 1940 5655 3526 5729">
     <span class='ocr_line' id='line_1_150' title="bbox 1940 5655 3526 5729; baseline 0.001 -21"><span class='ocrx_word' id='word_1_1083' title='bbox 1940 5655 2285 5729; x_wconf 76' lang='lat' dir='ltr'><strong>emendandi,</strong></span> <span class='ocrx_word' id='word_1_1084' title='bbox 2347 5655 2552 5711; x_wconf 89' lang='lat' dir='ltr'><strong>fontem</strong></span> <span class='ocrx_word' id='word_1_1085' title='bbox 2597 5671 2811 5727; x_wconf 89' lang='lat' dir='ltr'><strong>quoque</strong></span> <span class='ocrx_word' id='word_1_1086' title='bbox 2872 5659 3093 5714; x_wconf 87' lang='lat' dir='ltr'><strong>uberem</strong></span> <span class='ocrx_word' id='word_1_1087' title='bbox 3165 5655 3526 5729; x_wconf 79' lang='lat' dir='ltr'><strong>lacryinarum</strong></span> 
     </span>
    </p>
   </div>
   <div class='ocr_carea' id='block_1_151' title="bbox 1943 5725 3525 5795">
    <p class='ocr_par' dir='ltr' id='par_1_151' title="bbox 1943 5725 3525 5795">
     <span class='ocr_line' id='line_1_151' title="bbox 1943 5725 3525 5795; baseline 0.001 -15"><span class='ocrx_word' id='word_1_1088' title='bbox 1943 5726 2101 5795; x_wconf 84' lang='lat' dir='ltr'><strong>digne</strong></span> <span class='ocrx_word' id='word_1_1089' title='bbox 2150 5725 2348 5782; x_wconf 81' lang='lat' dir='ltr'><strong>deﬂere</strong></span> <span class='ocrx_word' id='word_1_1090' title='bbox 2387 5725 2627 5781; x_wconf 38' lang='lat' dir='ltr'><strong>suorum&#39;</strong></span> <span class='ocrx_word' id='word_1_1091' title='bbox 2648 5725 2921 5786; x_wconf 86' lang='lat' dir='ltr'><strong>cumulum</strong></span> <span class='ocrx_word' id='word_1_1092' title='bbox 2951 5725 3294 5794; x_wconf 69' lang='lat' dir='ltr'><strong>delictorum,</strong></span> <span class='ocrx_word' id='word_1_1093' title='bbox 3317 5730 3525 5786; x_wconf 81' lang='lat' dir='ltr'><strong>cautio-</strong></span> 
     </span>
    </p>
   </div>
   <div class='ocr_carea' id='block_1_152' title="bbox 1943 5797 3523 5872">
    <p class='ocr_par' dir='ltr' id='par_1_152' title="bbox 1943 5797 3523 5872">
     <span class='ocr_line' id='line_1_152' title="bbox 1943 5797 3523 5872; baseline 0.001 -22"><span class='ocrx_word' id='word_1_1094' title='bbox 1943 5811 2173 5872; x_wconf 69' lang='lat' dir='ltr'><strong>nemque</strong></span> <span class='ocrx_word' id='word_1_1095' title='bbox 2216 5797 2598 5872; x_wconf 49' lang='lat' dir='ltr'><strong>necessariam,</strong></span> <span class='ocrx_word' id='word_1_1096' title='bbox 2625 5814 2692 5872; x_wconf 86' lang='lat' dir='ltr'><strong>ne</strong></span> <span class='ocrx_word' id='word_1_1097' title='bbox 2721 5800 2915 5856; x_wconf 88' lang='lat' dir='ltr'><strong>iterum</strong></span> <span class='ocrx_word' id='word_1_1098' title='bbox 2941 5800 3172 5872; x_wconf 82' lang='lat' dir='ltr'><strong>lugenda</strong></span> <span class='ocrx_word' id='word_1_1099' title='bbox 3194 5801 3523 5872; x_wconf 82' lang='lat' dir='ltr'><strong>committat.</strong></span> 
     </span>
    </p>
   </div>
   <div class='ocr_carea' id='block_1_153' title="bbox 1943 5865 3517 5942">
    <p class='ocr_par' dir='ltr' id='par_1_153' title="bbox 1943 5865 3517 5942">
     <span class='ocr_line' id='line_1_153' title="bbox 1943 5865 3517 5942; baseline 0.003 -22"><span class='ocrx_word' id='word_1_1100' title='bbox 1943 5865 2158 5923; x_wconf 81' lang='lat' dir='ltr'><strong>Dimitte</strong></span> <span class='ocrx_word' id='word_1_1101' title='bbox 2196 5867 2265 5933; x_wconf 85' lang='lat' dir='ltr'><strong>ei,</strong></span> <span class='ocrx_word' id='word_1_1102' title='bbox 2293 5869 2532 5935; x_wconf 84' lang='lat' dir='ltr'><strong>Domine,</strong></span> <span class='ocrx_word' id='word_1_1103' title='bbox 2566 5867 2824 5940; x_wconf 81' lang='lat' dir='ltr'><strong>facinora,</strong></span> <span class='ocrx_word' id='word_1_1104' title='bbox 2851 5865 3061 5928; x_wconf 50' lang='lat' dir='ltr'><strong>dimit&#39;tc</strong></span> <span class='ocrx_word' id='word_1_1105' title='bbox 3083 5881 3301 5942; x_wconf 84' lang='lat' dir='ltr'><strong>peccata</strong></span> <span class='ocrx_word' id='word_1_1106' title='bbox 3331 5871 3517 5929; x_wconf 81' lang='lat' dir='ltr'><strong>omnia</strong></span> 
     </span>
    </p>
   </div>
  </div>
