4086 6540
557 446 691 503 NH

1572 444 1662 504 ΔΙ)
1699 442 1929 503 OPERA
1968 442 2031 501 Bt
2072 443 2353 503 ALCUlNl
2392 442 2841 502 APPENDICES:

3700 440 3824 500 ιιιι

554 562 884 622 instabilitas
919 560 1059 629 loci,
1101 560 1420 633 pet-vagatio
1448 559 1515 615 de
1543 560 1664 616 loco
1699 560 1753 615 in
1782 559 1996 624 locum,
2034 569 2146 616 tre—
2181 569 2223 628 Λ
2252 558 2352 633 fuit
2378 558 2670 633 confiteor,
2705 564 3028 633 cooperante
3075 551 3284 625 Spiritu
3329 560 3518 633 sancto
3547 562 3729 633 natum
3767 571 3827 633 ex

553 638 787 722 adies.
827 632 1381 722 ιρδοι-ξηάῑιημειελξην
1406 632 1609 722 sese
1649 632 2011 722 semermi?
2033 673 2047 722 τ
2067 639 2150 722 εξ

554 695 911 777 inaniloquia.
970 707 1043 761 De
1093 706 1316 759 tristitia
1363 695 1629 777 nascitur_
1655 695 1900 777 malitia,
1953 695 2153 777 rancor

557 780 745 844 animi,
774 769 1215 849 pusillanimitas,
1246 769 1929 849 amaritudo,_desperatio.
1962 775 2037 829 De
2063 789 2154 828 ce-

556 843 812 914 nodoxia,
857 849 909 902 id
955 857 1042 901 est
1084 863 1221 902 vana
1268 845 1460 917 gloria,
1510 845 1634 900 inde
1674 843 1962 913 jactantia,
1993 860 2149 900 arro-

557 920 743 994 gantia
763 962 778 986 ,
825 919 1147 994 indignatio,
1179 916 1475 994 discordia,
1502 917 1694 994 inanis
1723 917 2149 994 glori:e_cup_ido,

556 986 614 1046 ἐι
640 986 968 1063 hypocrisis,
1001 990 1052 1063 id
1083 998 1167 1063 est
1194 987 1472 1063 simulatio
1502 988 1631 1063 boui
1658 986 1872 1063 operis.
1906 986 2011 1041 Per
2037 989 2153 1041 hsce

556 1059 884 1119 ista'omnia
924 1061 1062 1114 mala
1115 1061 1343 1115 Domino
1391 1059 1689 1113 auxiliante
1735 1059 1876 1113 vinci
1926 1066 2155 1128 possunt

556 1132 751 1189 leviter
785 1134 963 1204 primo
1001 1132 1257 1204 superbia
1301 1144 1399 1201 per
1434 1130 1837 1204 humilitatem,
1887 1128 2009 1204 gula
2056 1144 2155 1199 per

557 1200 962 1265 abstinentiam,
998 1200 1283 1257 fornicatio
1304 1200 1412 1273 per
1439 1200 1771 1273 castitatem,
1798 1200 2023 1255 avaritia
2050 1214 2154 1273 per

557 1276 908 1345 sapientiam,
926 1275 1006 1328 ira
1030 1290 1128 1344 per
1148 1273 1489 1344 patientiam,
1508 1272 1696 1345 acedia
1718 1288 1817 1343 per
1840 1272 2153 1345 instantiam

558 1342 687 1402 boni
717 1346 932 1469 operis,
965 1342 1182 1399 tri—stitia
1216 1345 1358 1398 mala
1386 1358 1486 1425 per
1507 1342 1753 1397 ltetitiam
1783 1343 2150 1414 spiritualem,

558 1431 701 1469 una
725 1434 760 1469 ιι
778 1418 896 1469 oria
924 1431 1019 1469 ner
1041 1416 1364 1469 cliaritatem
1393 1416 1508 1469 Det.

557 1431 701 1473 una
725 1414 896 1488 gloria
924 1431 1019 1486 per
1041 1416 1364 1470 charitatem
1393 1414 1508 1469 Dei.

1064 1529 1249 1584 Oratio
1286 1538 1471 1584 contra
1507 1529 1651 1584 vitia.

630 1624 858 1682 Domine
893 1633 1104 1687 sancte,
1150 1622 1316 1677 Pater
1341 1621 1705 1691 omnipotens,
1747 1627 1951 1675 aeterne
1986 1619 2151 1683 Deus,

556 1694 992 1753 misericordiam
1022 1700 1169 1747 tuam
1198 1708 1263 1749 ex
1295 1693 1489 1747 intimo
1515 1693 1677 1748 corde
1703 1691 2069 1761 deposcimus,
2097 1696 2157 1746 ut

558 1783 660 1839 per
683 1767 962 1839 orationes
1002 1773 1057 1822 et
1095 1765 1289 1839 merita
1325 1766 1566 1821 omnium
1595 1771 1909 1839 sanctorum
1938 1772 2155 1839 tuorum

558 1833 769 1894 tribuas
792 1838 947 1889 nobis
969 1833 1354 1891 conscientiam
1380 1842 1598 1906 puram,
1615 1842 1824 1906 terram
1849 1835 2152 1906 despicere,

557 1918 617 1990 et
637 1909 834 1990 emtum
863 1909 1132 1990 aspicere,
1142 1901 1396 1990 peccata
1409 1907 1583 1990 odire,
1607 1902 1876 1990 justitiam
1905 1901 2147 1990 diligere.
2187 1932 2230 1990 θ

559 1978 729 2035 Aufer
765 1995 795 2033 a
832 1975 988 2033 nobis
1035 1975 1457 2033 sollicitudinem
1502 1976 1819 2032 secularem
1845 2017 1861 2042 ,
1912 1985 1968 2031 et
2010 1977 2152 2031 dona

561 2052 718 2105 nobis
768 2059 917 2104 tuum
966 2056 1213 2119 sanetum
1259 2047 1500 2119 perfecte
1541 2048 1814 2102 timorem.
1876 2047 2092 2119 Depelle
2122 2062 2154 2102 a

563 2122 721 2178 nobis
751 2121 1049 2190 appetitum
1080 2118 1218 2191 gulze
1241 2117 1274 2185 ,ί
1299 2127 1361 2191 et
1400 2117 1470 2191 da
1499 2119 1755 2191 virtutem
1787 2117 2150 2191 abstinentite.

559 2193 712 2273 [fuga
745 2189 969 2273 anubis
1003 2189 1255 2273 spiritum
1289 2189 1770 2273 fornicatioliishet
1802 2190 2024 2273 infunde
2067 2205 2154 2273 ar-

559 2261 750 2322 dorem
796 2261 1157 2317 sanctissima:
1204 2261 1493 2318 castitatis.
1557 2261 1855 2322 Exstingue
1903 2262 1955 2316 in
1998 2262 2156 2317 nobis

559 2352 778 2391 omnem
811 2334 1312 2403 concupiscentiam
1342 2332 1539 2388 malam
1560 2374 1576 2399 ,
1608 2343 1664 2388 et
1697 2332 1874 2387 tribue
1910 2333 2158 2389 volunta-

567 2409 705 2463 riam
734 2413 1131 2489 paupertatem.
1438 2419 1469 2459 a
1508 2404 1663 2489 nobis
1695 2403 2031 2489 iracundiam
2050 2445 2075 2489 ,ι
2099 2413 2155 2459 et

563 2475 800 2533 accende.
840 2475 897 2531 in
945 2475 1099 2531 nobis
1135 2476 1512 2531 suavissimam
1550 2476 1645 2531 Dei
1676 2483 1732 2531 et
1757 2475 1991 2545 proximi
2026 2477 2158 2531 cha-

566 2553 803 2605 ritatem.
828 2545 903 2603 Ev
970 2548 1050 2601 .llc
1072 2562 1101 2601 a
1126 2546 1281 2602 nobis
1297 2546 1618 2615 jactantiam
1642 2554 1805 2618 atque
1831 2561 2023 2601 vanam
2046 2547 2159 2617 glo-

569 2624 727 2672 riam.
756 2630 811 2672 et
838 2562 1016 2672 tribue
1042 2618 1198 2672 nobis
1221 2618 1692 2672 comnuuctionem
1718 2617 2156 2672 saluberrimam.

569 2624 727 2680 riam.
756 2630 811 2674 et
838 2617 1016 2673 tribute
1042 2618 1198 2674 nobis
1221 2618 1692 2689 compunctionem
1717 2617 2156 2674 saluberrimam.

567 2695 785 2761 Depone
822 2706 851 2743 a
885 2691 1041 2744 nobis
1075 2690 1383 2759 superbiam
1404 2731 1418 2755 ,
1467 2700 1523 2745 et
1557 2689 1756 2760 perfice
1786 2689 2032 2761 inquobis
2062 2691 2161 2744 lm-

568 2759 857 2818 militatcm
890 2776 1123 2843 veram.
1143 2761 1401 2843 Disperge
1432 2776 1462 2815 a
1494 2759 1994 2843 nobismisericors
2016 2762 2161 2843 Deus

562 2850 755 2889 omnes
788 2832 995 2903 pariter
1018 2830 1251 2887 divitias
1266 2830 1546 2899 vitiorum,
1574 2842 1632 2888 et
1653 2832 1834 2886 tribue
1862 2832 2018 2887 nobis
2043 2841 2161 2887 tuo-

565 2919 689 2961 ram
732 2903 1031 2959 custodiam
1076 2905 1475 2958 mandatorum.
1526 2905 1731 2959 Contra
1765 2903 2161 2972 impatientiam

564 2976 789 3034 infunde
818 2975 1135 3046 patientiam
1174 2974 1411 3046 justam,
1456 2984 1644 3030 contra
1693 2974 1877 3030 odium
1923 2983 1980 3028 et
2023 2975 2162 3046 invi:

566 3049 712 3103 diam
742 3044 1065 3102 charitatem
1094 3044 1416 3111 fraternam,
1443 3055 1631 3102 contra
1657 3046 2050 3102 detractionem
2079 3045 2159 3101 vel

566 3118 1059 3174 murmurationem
1085 3125 1231 3171 tuam
1260 3133 1478 3186 semper
1502 3117 1900 3173 sanctissimam
1924 3116 2158 3182 laudem,

566 3199 868 3260 cornuaque
903 3190 1064 3244 simul
1100 3189 1281 3260 omnia
1315 3189 1446 3243 vitia
1481 3187 1875 3260 benedictionis
1904 3189 2157 3259 gratiam.

570 3258 793 3317 Suscita
822 3261 875 3316 in
906 3260 1060 3315 nobis
1093 3258 1294 3315 fontem
1328 3260 1552 3315 uberem
1580 3258 1963 3330 laerymaium,
1990 3270 2045 3315 et
2066 3275 2162 3315 cor

2257 630 2425 684 Maia
2456 630 2687 701 virgine,
2726 626 2914 701 verum
2951 626 3145 701 Deum,
3180 636 3234 680 et
3264 642 3455 701 verum
3482 626 3747 701 hominem
3779 629 3829 684 in

2256 701 2470 755 duabus
2502 696 2735 766 naturis,
2762 700 2945 754 divina
2980 696 3231 753 videlicet
3263 707 3316 753 et
3352 698 3619 764 humana,
3658 700 3747 754 sed
3780 700 3829 759 in

2256 787 2360 826 una
2394 787 2659 841 persona,
2698 787 2860 827 carne
2894 784 3112 841 passum
3133 810 3148 833 ,
3189 778 3499 841 mortuum,
3538 770 3827 841 sepultum,

2255 840 2600 898 descendisse
2632 842 2700 897 ad
2734 840 2937 897 inferos
2962 854 3067 895 non
3092 855 3341 911 corpore,
3380 840 3474 895 sed
3508 840 3706 907 anima,
3732 856 3829 897 non

2257 915 2453 969 amissa
2482 913 2785 978 divinitate,
2815 923 2873 969 et
2898 912 3055 966 tertia
3082 912 3166 966 die
3194 911 3557 968 resurrexisse
3580 913 3633 967 in
3654 914 3833 970 eadem

2257 1000 2420 1039 carne
2452 1000 2559 1054 qua
2594 995 2837 1040 mortuus
2867 996 2971 1048 εει,
3000 992 3056 1037 et
3086 982 3397 1037 ascendisse
3436 982 3489 1035 in
3522 984 3749 1051 uelum,
3784 993 3834 1039 et

2256 1055 2453 1110 iterum
2476 1066 2765 1110 venturum
2797 1069 2919 1110 cum
2950 1054 3117 1125 gloria
3147 1065 3201 1108 et
3226 1054 3615 1124 judicaturum,
3643 1064 3699 1110 et
3724 1056 3834 1112 rods

2257 1126 2497 1180 diturum
2526 1126 3142 1198 unicuiquesecundum
3170 1140 3334 1198 opera
3372 1141 3489 1181 sua.
3539 1126 3734 1181 Fateor
3758 1144 3837 1182 me

2258 1199 2484 1252 credere
2517 1196 2763 1253 sanctam
2807 1196 3104 1252 Ecclesiam
3141 1197 3465 1252 catholicam
3490 1238 3505 1262 ,
3558 1206 3612 1251 et
3656 1201 3837 1253 remis~

2258 1267 2463 1322 sionem
2500 1278 2849 1340 peccatorum
2884 1269 2999 1324 sive
3034 1283 3128 1337 per
3156 1269 3450 1337 baptisma,
3476 1269 3589 1323 sive
3614 1285 3710 1340 per
3733 1284 3835 1339 pte-

2258 1340 2577 1405 nitentiam,
2625 1349 2680 1394 et
2720 1347 3155 1395 resurrecturum
3205 1340 3261 1410 in
3310 1341 3499 1395 eadem
3534 1356 3697 1395 carne
3739 1356 3838 1410 qua

2258 1425 2403 1466 nunc
2433 1411 2555 1466 vivo
2590 1411 2645 1465 in
2680 1412 2845 1466 vitam
2885 1418 3164 1467 aeternam.
3219 1409 3345 1465 llaxc
3383 1420 3467 1466 est
3509 1411 3640 1467 ﬁdes
3679 1409 3841 1475 vera,

2258 1496 2379 1555 qua;
2416 1483 2606 1555 paucis
2643 1483 2825 1537 verbis
2862 1481 3107 1539 fidelibus
3143 1492 3271 1555 nota
3306 1491 3423 1547 est,
3477 1492 3535 1536 ut
3580 1485 3844 1538 credendo

2258 1553 2530 1625 subjugati
2559 1563 2705 1609 recte
2733 1555 2944 1625 vivant,
2981 1560 3130 1625 recte
3154 1554 3392 1625 iviven-lo
3422 1566 3519 1607 cor
3550 1555 3842 1617 inundant,

2258 1623 2704 1680 Corde—mundata
2724 1624 2870 1695 quod
2891 1623 3121 1680 credunt
3150 1624 3474 1695 intelligant,
3501 1626 3663 1679 vitam
3690 1636 3847 1681 astet“

2259 1710 2385 1750 nam
2416 1697 2670 1751 habeant.

2328 1808 2771 1864 CommemOratio
2811 1809 2875 1863 de
2919 1808 3104 1865 ordine
3138 1799 3462 1881 quoﬁdianw
3502 1813 3776 1866 orationis.

2332 1900 2471 1967 Hoc,
2493 1901 2799 1974 venerabilis
2848 1900 3030 1967 Pater,
3058 1903 3286 1974 primum
3316 1904 3527 1958 verbum
3554 1905 3617 1958 de
3649 1922 3740 1958 ore
3769 1923 3845 1960 vce

2256 1984 2366 2028 stro
2416 1972 2685 2043 procedat,
2741 1972 2805 2027 de
2852 1972 3389 2045 semuo‘isurgeutes,
3438 1975 3681 2041 Domine,
3708 1976 3848 2031 labia

2258 2060 2376 2099 mea
2412 2045 2664 2115 aperies,
2714 2053 2763 2099 et
2806 2043 3031 2115 reliqua.
3071 2043 3277 2103 Deinde
3324 2062 3344 2101 :
3381 2044 3555 2102 Verba
3596 2064 3714 2102 mea
3758 2065 3845 2102 au-

2256 2116 2411 2171 ribus
2434 2114 2677 2187 percipe,
2724 2114 2970 2180 Domine,
3020 2114 3260 2187 intellige
3306 2118 3598 2172 clamorem
3630 2134 3848 2183 meum,

2258 2186 2480 2243 intende
2503 2188 2622 2242 voci
2649 2188 2915 2242 orationis
2940 2202 3096 2253 mae,
3114 2203 3212 2245 rex
3244 2204 3398 2244 meus
3424 2198 3479 2244 et
3503 2190 3645 2246 Deus
3674 2206 3846 2255 meus,

2258 2259 2517 2329 quoniam
2539 2258 2607 2315 ad
2633 2267 2683 2312 te
2706 2259 2906 2323 orabo;
2935 2258 3183 2326 Domine,
3209 2275 3369 2315 mane
3390 2262 3648 2316 exaudies
3666 2277 3850 2319 vocent

2260 2345 2460 2391 meam,
2492 2344 2652 2385 mane
2674 2330 2864 2385 astabo
2897 2330 2990 2385 tibi
3022 2340 3078 2385 et
3100 2331 3297 2386 videbo
3328 2339 3396 2396 te,
3418 2332 3665 2387 Domine.
3699 2332 3857 2388 Poste

2259 2419 2322 2456 ea
2354 2415 2372 2451 ε
2404 2399 2588 2455 Gloria
2618 2400 2673 2473 in
2704 2402 2937 2459 excelsis
2974 2402 3085 2458 Deo
3110 2412 3166 2457 et
3201 2402 3255 2457 in
3300 2411 3446 2458 terra
3490 2420 3595 2473 pax
3622 2406 3856 2459 homini-

2259 2473 2362 2528 bus
2388 2474 2543 2528 home
2572 2471 2885 2528 voluntatis.
2916 2473 3226 2531 Laudamus
3255 2489 3329 2542 te,
3374 2471 3746 2531 benedicimus
3773 2487 3850 2541 te,

2263 2545 2553 2598 adoramus
2606 2552 2691 2608 te,
2732 2544 3102 2618 gloriﬁcamus
3142 2556 3217 2611 te,
3246 2547 3451 2618 gratias
3504 2549 3715 2618 agimus
3756 2549 3852 2603 tibi

2262 2624 2484 2687 propter
2512 2614 2763 2687 magnam
2795 2615 3022 2684 gloriam
3071 2614 3267 2680 tuamf
3298 2614 3711 2673 Domine'Dens
3758 2635 3856 2675 rex

2262 2685 2522 2758 cmlestis,
2555 2685 2696 2742 Deus
2728 2685 2892 2742 Pater
2930 2687 3296 2758 omnipotens,
3346 2690 3572 2743 Domine
3604 2690 3703 2745 Fili
3735 2692 3858 2744 uni-

2299 2759 2444 2831 euitc
2464 2755 2855 2831 Jesquriste,
2886 2755 3131 2824 Domine,
3157 2760 3320 2825 Deus,
3346 2777 3516 2831 agnus
3546 2763 3657 2823 Dei,
3686 2762 3723 2817 F
3731 2764 3857 2817 ilius

2299 2774 2444 2811 eunte
2464 2774 2592 2812 Jesu
2616 2774 2855 2822 curtsw,
2888 2774 3131 2824 nomine,
3158 2774 3320 2825 Deus,
3346 2777 3516 2831 agnus
3546 2774 3657 2823 net,
3686 2774 3857 2817 unus

2262 2774 2475 2892 ﬁatris;
2516 2830 2607 2897 qui
2634 2828 2775 2885 tollis
2797 2838 3019 2903 peccata
3046 2832 3254 2903 mundi,
3279 2835 3493 2903 suscipe
3518 2834 3863 2903 deprecatio-

2264 2916 2387 2955 nem
2414 2910 2658 2956 nostram
2689 2914 2704 2954 :
2737 2901 2832 2970 qui
2863 2900 3018 2957 sedes
3055 2902 3125 2957 ad
3154 2900 3441 2958 dexteram
3469 2900 3663 2967 Patris,
3694 2907 3861 2960 mise-

2265 2986 2387 3027 rere
2416 2972 2571 3025 nohis
2599 2985 2614 3024 :
2639 2973 2896 3039 quoniam
2931 2983 2985 3028 tu
3024 2971 3171 3028 solus
3206 2986 3448 3039 sanctus,
3482 2985 3537 3028 tu
3571 2976 3716 3030 solus
3752 2976 3863 3031 Do—

2265 3044 2466 3105 minus,
2502 3052 2557 3095 tu
2598 3042 2748 3099 solus
2784 3042 3100 3108 altissimus,
3138 3042 3265 3100 Jesu
3314 3044 3550 3111 Christe,
3581 3063 3705 3103 cum
3733 3064 3864 3102 sau-

2264 3123 2355 3189 cto
2385 3114 2591 3189 Spiritu
2647 3114 2711 3189 in
2748 3114 2919 3189 gloria
2974 3114 3069 3170 Dei
3113 3114 3313 3171 Patris.
3358 3118 3556 3172 Amen.
3600 3118 3860 3189 Dignare,

2250 3184 2512 3258 .Domine,
2540 3184 2893 3258 dieisto‘sine
2908 3195 3131 3258 peccato
3160 3203 3260 3243 nos
3292 3190 3586 3244 custodire.
3605 3184 3861 3244 Ειίιιηει

2267 3257 2410 3312 Deus
2432 3258 2485 3311 iu
2518 3256 2845 3329 adjutorium
2872 3256 3052 3329 nicum
3070 3259 3307 3321 intende,
3338 3259 3587 3327 Domine,
3611 3263 3678 3315 ad
3706 3263 3869 3329 adju-

567 3333 766 3387 durutn
810 3330 1064 3387 mollilica
1095 3346 1193 3403 per
1224 3332 1599 3403 pmnitentiam
1627 3326 1811 3386 veram
1831 3371 1844 3395 ,
1893 3340 1947 3385 et
1978 3332 2160 3385 omnia
2190 3326 2236 3387 C
2268 3329 2509 3403 randum
2531 3326 2617 3403 me
2648 3326 2884 3403 festina:
2918 3328 3108 3403 [ribus
3137 3330 3332 3385 vicibus
3373 3332 3590 3402 genibus
3616 3326 3786 3403 ﬂexis
3808 3342 3869 3388 et

567 3418 909 3474 quatcunque
944 3403 998 3458 in
1032 3402 1188 3458 nobis
1224 3402 1361 3457 bona
1407 3412 1723 3472 perpetuam
1756 3405 1987 3473 gratiam
2027 3417 2161 3473 ope—

569 3476 711 3530 reris
740 3475 807 3529 ad
842 3483 990 3528 tuam
1026 3487 1125 3545 per
1156 3474 1341 3528 omnia
1375 3475 1603 3544 gloriam
1641 3475 1936 3543 deputare,
1973 3485 2027 3530 et
2064 3490 2165 3529 nos

570 3561 786 3615 semper
810 3555 1129 3669 peccatores
1155 3558 1275 3601 esse
1305 3556 1647 3617 cognoscere,
1679 3560 1778 3600 nec
1810 3553 1990 3601 tamen
2016 3563 2044 3599 ιι
2073 3555 2164 3600 tua

570 3617 729 3669 laude
754 3630 819 3669 ve
866 3631 1031 3669 onere
1063 3615 1352 3669 aliquando
1384 3632 1630 3669 cessare.
1667 3618 1762 3669 sed
1790 3617 2163 3669 perseveranti

567 3617 729 3671 laude
754 3615 838 3670 vel
866 3631 1031 3686 opere
1063 3615 1352 3686 aliquando
1376 3615 1630 3678 'cessare,
1667 3618 1762 3670 sed
1790 3617 2163 3685 perseveranti

572 3689 683 3743 line
713 3697 859 3743 tuam
892 3703 1107 3759 semper
1131 3687 1393 3758 perlicere
1420 3689 1771 3743 voluntatem.
1810 3687 1930 3742 l‘er.

1188 3804 1319 3860 Item
1354 3822 1548 3877 preces.

646 3894 723 3969 De
750 3896 1297 3969 εΙιαι-ξιηιεκῡὶιὶεειιιι
1336 3906 1407 3961 te,
1445 3899 1692 3963 Domine,
1729 3899 1989 3956 fortitudo
2019 3916 2161 3955 mea.

570 3967 654 4025 De
682 3968 839 4022 laude
872 3968 987 4022 Dei.
1037 3967 1358 4024 Benedtcam
1408 3970 1694 4024 Dominum
1744 3972 1794 4025 in
1837 3972 1984 4027 omni
2029 3981 2167 4027 tem-

648 4038 857 4113 re.__Dc
888 4038 1016 4113 ﬁde:
1061 4040 1305 4113 Domine,
1345 4055 1481 4113 auge
1516 4043 1670 4096 nobis
1704 4042 1885 4097 fidem.
1937 4042 2015 4098 De
2053 4060 2161 4113 spe.

648 4056 727 4095 re.
786 4054 857 4093 uc
888 4054 1012 4107 nae.
1064 4054 1305 4101 nomine,
1345 4055 1481 4109 auge
1516 4054 1670 4096 notus
1704 4054 1885 4097 tidem.
1937 4054 2015 4098 De
2053 4060 2161 4113 spe.

570 4054 783 4167 mandi
819 4126 939 4174 nos,
990 4111 1132 4182 Deus
1183 4112 1437 4166 salutaris
1488 4122 1691 4177 noster,
1751 4129 1874 4182 spes
1918 4116 2165 4169 omnium

574 4182 763 4238 finium
793 4192 973 4236 tcrne.
1016 4181 1089 4233 De
1117 4183 1355 4237 custodia
1383 4183 1498 4237 Dei.
1532 4184 1752 4238 Custodi
1782 4181 1885 4249 me,
1913 4184 2163 4250 Domine,

574 4263 633 4307 ut
673 4253 931 4327 pupillam
962 4254 1101 4306 oculi
1126 4296 1139 4313 ,
1185 4255 1285 4327 sub
1316 4254 1507 4309 umbra
1544 4255 1752 4309 alarum
1782 4264 1997 4310 tuarum
2036 4272 2165 4327 pro-

574 4334 699 4408 tege1
729 4340 834 4377 me.
896 4322 977 4405 De.
1019 4325 1371 4408 conversione.
1425 4328 1648 4381 Domine
1676 4368 1690 4387 ,
1737 4327 1957 4408 ‘dimitte
1991 4322 2075 4382 me
2110 4336 2167 4381 ut

574 4395 865 4479 rp‘iigerer
887 4395 1213 4479 priusquam
1244 4395 1431 4479 abeam
1455 4438 1469 4462 ,
1514 4406 1569 4451 et
1609 4398 1841 4479 amplius
1890 4414 2163 4479 nonuero.

578 4466 655 4520 De
679 4465 1010 4535 fortimdinc.
1041 4465 1433 4522 Fortitudinem
1462 4484 1639 4522 meam
1663 4465 1728 4522 ad
1760 4477 1808 4524 te
1835 4470 2165 4535 custodiam,

573 4536 702 4606 quia
734 4536 877 4591 Deus
906 4547 1186 4606 suscepzor
1218 4553 1391 4605 meus,
1421 4539 1562 4593 Deus
1595 4555 1765 4603 incus,
1794 4541 2167 4595 misericordia

574 4606 693 4675 ejus
722 4608 1014 4677 prmveniet
1045 4623 1150 4663 me.
1209 4608 1282 4662 De
1310 4613 1483 4679 gratia
1518 4610 1631 4665 Dei.
1669 4609 2036 4665 Misericordia
2075 4622 2167 4667 tua

573 4679 869 4752 ptmveniet
903 4694 1024 4752 me,
1056 4689 1111 4735 ct
1142 4681 1513 4752 misericordia
1542 4691 1630 4736 tua
1664 4683 2026 4752 subsequetur
2060 4699 2163 4738 me.

576 4748 654 4821 De
693 4759 924 4804 extremo
974 4750 1075 4804 die.
1132 4748 1397 4817 Quoniam
1454 4759 1509 4807 tu
1559 4768 1619 4807 es
1671 4748 1945 4821 protector
1990 4770 2167 4819 meus,

574 4820 823 4893 Domine,
866 4821 916 4875 in
958 4837 1151 4893 manus
1178 4824 1654 4893 tuascommcndo
1672 4820 1927 4893 spiritum
1963 4840 2163 4880 meum.

575 4891 733 4947 Item.
775 4891 936 4958 Erue,
968 4891 1213 4957 Domine,
1240 4908 1270 4946 a
1299 4892 1506 4947 framea
1533 4891 1767 4948 animum
1798 4911 1995 4959 meam,
2024 4896 2169 4951 etde

580 4979 743 5020 manu
772 4964 927 5017 canis
960 4965 1173 5018 unicam
1214 4978 1412 5019 meam.
1454 4964 1609 5019 Item.
1652 4964 1697 5019 0
1730 4964 1970 5030 Domine,
2001 4966 2168 5022 libera

575 5035 815 5089 animam
845 5075 859 5098 ,
908 5036 1219 5090 misericors
1251 5035 1543 5098 Dominus,
1592 5047 1648 5092 et
1690 5035 1895 5105 justus,
1934 5050 1988 5093 et
2028 5039 2169 5094 Deus

576 5116 763 5179 noster
794 5107 1098 5179 miseretur.
1155 5105 1233 5161 De
1265 5107 1461 5179 visione
1486 5107 1604 5179 Dei.
1644 5107 1817 5164 Unam
1850 5111 1975 5179 petii
2008 5126 2035 5163 a
2068 5111 2170 5164 Do-

578 5176 1219 5248 mino‘hancireqniram,
1254 5186 1313 5233 ut
1352 5178 1648 5235 inhabitem
1689 5180 1738 5233 in
1770 5176 1931 5236 domo
1955 5182 2167 5235 Domini

578 5246 832 5300 omnibus
860 5246 1050 5303 diebus
1080 5248 1202 5302 vitre
1233 5263 1385 5303 mem.
1441 5248 1594 5303 Item.
1634 5249 1701 5305 Ut
1726 5250 1937 5306 videam
1982 5253 2170 5307 volun-

579 5326 747 5390 tatem
777 5316 1012 5390 Domini,
1045 5326 1102 5373 et
1130 5316 1342 5375 visitem
1377 5320 1632 5390 templum
1664 5321 1801 5390 ejus.
1837 5322 1991 5376 Item.
2022 5323 2167 5377 Beati

580 5388 672 5455 qui
709 5388 959 5443 habitant
988 5390 1040 5443 in
1068 5390 1228 5444 domo
1258 5398 1365 5453 tua,
1398 5388 1643 5452 Domine,
1680 5388 1735 5446 in
1768 5394 1964 5448 sa:cula
1998 5410 2169 5449 saecu-

576 5456 754 5530 lorum
786 5458 1079 5530 laudalnmt
1112 5468 1183 5515 te.
1244 5460 1320 5514 De
1350 5462 1473 5530 ﬁde.
1508 5462 1785 5518 Confiteor
1815 5479 1900 5517 me
1944 5467 2168 5519 credere

579 5528 865 5603 minutum
893 5529 1132 5603 Patrem,
1165 5530 1257 5603 qui
1305 5528 1512 5587 ereavit
1550 5534 1765 5601 omnia;
1797 5543 1853 5590 et
1880 5534 2167 5590 Dominum

578 5596 775 5673 Filium
797 5599 951 5673 ,‘qui
972 5601 1042 5655 ab
1073 5616 1138 5656 eo
1167 5596 1379 5673 g'enitus
1423 5612 1509 5658 est
1541 5613 1666 5659 ante
1703 5596 1933 5671 saecula;
1981 5615 2035 5661 et
2068 5606 2172 5662 Do-

582 5670 785 5749 minum
811 5670 1346 5749 Spiritum_san_ctum
1378 5676 1445 5728 ab
1473 5676 1735 5731 ambobus
1761 5670 2169 5749 procedentem,

583 5740 637 5811 id
674 5750 759 5795 est
789 5752 1027 5796 sanctam
1058 5744 1398 5811 Trinitatem,
1426 5761 1589 5799 unum
1629 5740 1813 5801 verum
1852 5740 2174 5804 naturaliter

582 5809 895 5888 Dominum,
927 5829 1030 5888 non
1059 5825 1170 5869 tres
1208 5816 1363 5882 Deos,
1387 5809 1489 5871 vseql
1529 5825 1639 5871 tres
1683 5835 1945 5888 personas
1980 5821 2031 5873 in
2065 5836 2170 5874 una

584 5880 887 5938 substantia
920 5894 973 5939 et
1001 5887 1282 5958 divinitate
1313 5880 1375 5942 ac
1403 5880 1822 5958 majestate-sine
1853 5892 2007 5945 initio
2034 5908 2172 5945 sem-

586 5967 684 6024 per
704 5969 843 6022 esse,
869 5956 1226 6029 eumdemque
1251 5959 1470 6026 Filium,
1492 5956 1589 6029 qui
1621 5976 1834 6031 semper
1863 5978 1985 6017 cum
2015 5962 2175 6020 Patre

2200 4709 2250 4769 ο
2277 4680 2458 4769 luntaS
2500 4681 2619 4769 fjus

2268 3401 2423 3475 t_ertio
2448 3398 2653 3454 Gloria.
2687 3399 2905 3475 Deinde,
2935 3402 3102 3475 Pater
3130 3412 3335 3475 noster.
3373 3398 3587 3467 'Deiud.’
3616 3398 3867 3475 'signuto

2268 3471 2441 3541 fronte
2486 3481 2533 3526 et
2584 3471 2769 3545 oculis,
2802 3473 3141 3544 omnibusque
3182 3474 3427 3529 membris
3464 3476 3613 3545 signa
3663 3471 3867 3540 crucis,

2269 3553 2393 3596 tunc
2421 3541 2687 3616 evangelio
2727 3543 2785 3616 in
2822 3561 2985 3616 manu
3022 3541 3254 3616 accepto,
3275 3555 3323 3599 et
3349 3545 3484 3615 facie
3512 3541 3581 3600 ad
3609 3547 3872 3602 orientem

2270 3629 2519 3668 conversa
2545 3614 2827 3669 dicendum
2855 3629 2872 3667 :
2911 3614 3193 3671 Matthaaus
3225 3624 3278 3671 et
3321 3616 3490 3673 Isaias
3521 3618 3875 3675 intercedant

2269 3699 2497 3755 prome.
2538 3682 2607 3738 Et
2648 3694 2773 3739 tunc
2817 3684 2953 3754 facie
3004 3686 3074 3739 ad
3118 3698 3355 3742 austrum
3399 3705 3647 3743 conversa
3677 3690 3875 3743 dicen;

2268 3756 2396 3831 dum
2427 3770 2445 3807 :
2479 3755 2689 3831 Marcus
2713 3766 2774 3831 et
2799 3755 3064 3813 Jeremias
3091 3758 3427 3831 intercedant
3450 3776 3550 3831 pro
3581 3776 3684 3815 me.
3714 3759 3878 3816 Tunc

2270 3826 2406 3954 Etcic
2452 3828 2522 3881 ad
2575 3828 2892 3882 occidentem
2948 3845 3197 3885 conversa
3247 3826 3527 3886 dicendum
3554 3846 3572 3883 :
3600 3832 3778 3888 Lucas
3815 3838 3883 3887 et

2318 3898 2522 3953 zcchiel
2565 3898 2857 3954 defendant
2902 3914 3006 3954 me.
3063 3899 3131 3954 Et
3160 3903 3215 3954 in
3263 3904 3533 3954 sinistram
3563 3904 3697 3954 facie
3745 3912 3883 3954 con-

2318 3898 2525 3974 zcchiel
2565 3898 2857 3974 defendant
2902 3914 3006 3956 me.
3063 3899 3131 3954 Et
3160 3903 3215 3955 in
3263 3904 3533 3957 sinistram
3561 3904 3697 3974 facie
3745 3912 3885 3957 con-

2268 3987 2418 4024 versa
2468 3970 2787 4025 dicendum:
2812 3969 3050 4026 Joannes
3086 3982 3142 4026 et
3194 3974 3379 4028 Daniel
3420 3969 3733 4030 custodiant
3757 3992 3882 4031 me..-

2272 4040 2339 4095 Et
2390 4050 2568 4115 postea
2599 4040 2785 4097 dicetis
2815 4056 2833 4094 .'
2860 4042 3005 4115 Crux
3038 4045 3166 4098 mihi
3216 4044 3501 4115 refugium.
3538 4062 3672 4101 crux
3728 4047 3884 4102 mihi

2269 4121 2419 4168 certa
2456 4112 2635 4187 salus,
2666 4128 2797 4187 cru!
2845 4114 3063 4187 Domini
3116 4112 3358 4177 merum.
3384 4133 3515 4171 crux
3566 4128 3649 4171 est
3701 4133 3890 4187 quam

2271 4199 2486 4259 semper
2523 4186 2710 4259 adoro.
2758 4184 2980 4259 Deinde,
3027 4184 3189 4259 Pater
3217 4195 3420 4242 uoster.
3478 4188 3544 4241 Et
3576 4184 3761 4259 postea
3790 4190 3896 4242 di-

2271 4256 2492 4309 cendum
2525 4270 2541 4306 :
2572 4257 2649 4310 Da
2683 4256 2857 4320 nobis,
2886 4257 3131 4321 Domine,
3167 4259 3521 4323 intellectum,
3548 4256 3604 4313 ut
3627 4261 3896 4317 sciamus

2271 4326 2581 4381 testimonia
2615 4337 2725 4381 tua.
2754 4326 2915 4397 Aperi
2959 4328 3114 4383 nobis
3151 4344 3341 4384 sensus
3368 4340 3422 4384 et
3452 4331 3638 4385 oculos
3660 4330 3894 4397 cordis,

2272 4398 2414 4471 sicut
2444 4398 2706 4467 aperuisti
2746 4413 2939 4471 sensus
2972 4401 3360 4468 apostolorum,
3387 4410 3449 4455 ut
3474 4404 3753 4471 possimus
3802 4403 3905 4457 ln-

2274 4470 2532 4544 telligerc_
2564 4479 2785 4544 sanctas
2830 4468 3160 4544 Scriptores.
3210 4472 3280 4526 Et
3317 4468 3500 4543 aperto
3529 4473 3845 4544 cvangelio
3877 4516 3894 4537 ,

2271 4540 2720 4612 rina_pagina_rel
2743 4539 2865 4593 dua:
2889 4541 2953 4612 de
2992 4559 3051 4595 eo
3096 4544 3295 4597 intenta
3321 4539 3492 4598 ruente
3519 4539 3789 4612 legtrnt'ur,
3824 4557 3900 4599 ut

2274 4609 2559 4685 impleatur
2584 4609 2720 4665 illud
2738 4612 2878 4685 quod
2900 4611 3097 4685 dictum
3121 4623 3196 4666 est
3233 4630 3252 4667 :
3285 4614 3341 4669 ln
3369 4616 3487 4685 lege
3528 4609 3749 4670 Domini
3779 4631 3904 4671 vo.

2672 4700 2683 4734 :
2733 4692 2803 4746 et,
2848 4684 2902 4768 in
2945 4683 3063 4768 lege
3113 4686 3231 4768 ejus
3274 4683 3629 4768 meditabitur
3666 4688 3766 4768 die
3822 4704 3906 4768 ac

2274 4761 2453 4825 nocte.
2488 4751 2557 4805 Et
2588 4754 2776 4825 iterum
2813 4769 2830 4805 :
2862 4751 3024 4808 Beati
3061 4751 3156 4825 qui
3202 4766 3518 4812 scrutantur
3557 4758 3907 4814 testimonia

2273 4823 2407 4891 ejus,
2431 4824 2482 4878 in
2504 4832 2619 4879 toto
2639 4824 2801 4878 corde
2820 4823 3114 4891 exquirunt
3138 4843 3283 4883 eum.
3308 4825 3505 4882 Postea
3532 4827 3612 4884 vel
3641 4845 3753 4883 una
3782 4847 3910 4891 pa-

2273 4896 2397 4963 gina
2426 4894 2744 4970 de‘epistolis
2776 4893 2940 4970 Pauli
2957 4895 3186 4967 legatur,
3216 4907 3274 4952 ut
3296 4899 3587 4953 secundum
3627 4893 3907 4970 regulam

2274 4966 2628 5042 evangelicum
2649 4967 3064 5042 et_apostoli_cam_
3092 4969 3236 5042 sciat
3272 4971 3493 5042 quisque
3519 4972 3647 5042 quid
3673 4966 3745 5025 de
3780 4971 3906 5042 Dei

2276 5039 2487 5111 servitio
2508 5053 2662 5111 agere
2683 5037 2849 5099 debet,
2870 5037 2950 5091 vel
2974 5039 3101 5109 quid
3125 5039 3246 5094 aliis
3271 5037 3583 5111 pra-dicare.
3614 5039 3850 5097 Deinde
3886 5050 3908 5095 ."

2276 5107 2491 5182 Christe
2513 5108 2637 5182 a_udi
2662 5123 2781 5173 nos,
2810 5118 2858 5162 et
2884 5107 3073 5182 autem
3100 5128 3218 5181 qua:
3247 5107 3540 5182 sequuntur
3559 5113 3624 5167 de
3652 5112 3905 5167 litania.

2274 5178 2497 5252 Deinde,
2524 5178 2685 5252 Pater
2716 5188 2920 5252 noster.
2941 5178 3026 5252 Et
3056 5178 3180 5235 tunc
3208 5183 3263 5236 in
3290 5178 3509 5252 privatis
3538 5184 3910 5239 orationibus

2276 5247 2341 5326 ρ
2366 5250 2577 5319 psalmi,
2604 5249 2660 5326 id
2680 5260 2779 5326 est,
2798 5250 3046 5326 Domine,
3078 5269 3145 5307 ne
3173 5254 3225 5308 in
3252 5247 3435 5308 furore
3467 5263 3560 5309 tuo
3580 5268 3819 5326 arguas.
3845 5255 3906 5309 l.

2276 5320 2591 5392 Usquequo,
2621 5321 2868 5377 Domine.
2897 5322 2951 5376 2.
2981 5320 3251 5379 Dominus
3287 5326 3425 5392 regit
3457 5340 3562 5379 me.
3591 5320 3771 5380 δ.Ἀά
3812 5333 3909 5391 te,

2274 5392 2521 5456 Domine,
2551 5392 2723 5445 levavi
2750 5393 2987 5447 animam
3035 5409 3231 5449 meam.
3265 5396 3318 5449 4.
3354 5392 3633 5451 Dominus
3667 5396 3914 5451 illumi-

2274 5464 2421 5517 natio
2476 5478 2613 5517 mea.
2672 5462 2722 5515 5.
2767 5463 3023 5519 Miserere
3072 5467 3198 5531 mei,
3251 5468 3415 5530 Deus,
3444 5467 3775 5522 secundum.
3838 5465 3922 5523 6.—

2274 5534 2451 5599 Deos,
2503 5534 2559 5588 in
2608 5535 2827 5588 nomine
2870 5544 2981 5589 tuo.
3032 5536 3082 5589 7.
3131 5537 3273 5591 Deus
3313 5539 3641 5593 misereatur
3691 5536 3920 5593 nobis.

2275 5608 2327 5660 8.
2365 5607 2537 5669 Deus,
2581 5606 2633 5659 in
2666 5604 2992 5672 adjutorium
3031 5623 3230 5662 meum.
3261 5609 3313 5663 9.
3349 5609 3718 5666 Benedixisti.
3777 5609 3923 5664 Do-

2277 5678 2439 5730 mine.
2466 5678 2550 5730 lo.
2576 5676 2799 5740 luclina,
2826 5678 3070 5742 Domine,
3088 5694 3277 5734 aurem
3308 5688 3475 5733 tuam.
3494 5680 3580 5735 ll.
3610 5680 3693 5735 Ad
3719 5689 3785 5735 te
3822 5679 3875 5735 li;
3895 5702 3935 5723 -ι

2275 5750 2393 5802 vavi
2446 5748 2631 5803 oculos
2680 5764 2850 5803 meos.
2898 5747 2983 5803 12.
3016 5749 3092 5804 De
3138 5749 3437 5820 profundis.
3480 5752 3567 5807 15.
3616 5752 3929 5819 Domine,

2278 5822 2527 5893 probasti
2571 5835 2677 5893 me,
2709 5828 2763 5893 et
2808 5821 3129 5893 cognovisti”
3155 5836 3261 5876 me.
3308 5820 3393 5875 Η.
3425 5822 3590 5893 Eripe
3618 5838 3731 5883 me.
3772 5823 3882 5878 Do

2282 5893 2447 5953 mine,
2484 5892 2551 5945 ab
2597 5891 2814 5945 homine
2863 5890 3021 5945 malo.
3069 5890 3152 5946 lii.
3210 5893 3455 5957 Domine,
3505 5890 3727 5948 exaudi.
3802 5894 3933 5946 ιιι

2283 5962 2481 6016 Itrimlc
2530 5978 2546 6015 :
2597 5961 2837 6021 Laudato
2904 5964 3192 6019 Dominum
3249 5964 3301 6020 in
3359 5966 3564 6021 sanctis
3613 5964 3761 6036 ejus.
3837 5963 3940 6019 Et
