4086 6484
296 432 445 488 1-Ηὸ

295 554 477 616 postea
502 558 520 597 :
545 542 625 596 Ab
647 538 870 596 occultis
899 540 1257 616 meis_munda
1283 557 1386 616 me,
1424 540 1670 616 Domine,
1708 546 1765 593 et
1802 536 1872 591 ab
1903 543 1948 597 Α

298 608 489 670 alienis
516 626 679 683 parce
702 625 860 666 servo
880 619 1000 683 tuo.
1032 610 1231 683 Deinde
1258 610 1575 683 dicendum
1606 608 1874 683 Ego_ve_ro

293 677 597 740 orationem
630 698 805 737 meam
828 682 894 735 ad
924 690 995 742 te.
1042 681 1287 745 Domine,
1312 690 1523 750 tempus
1548 677 1870 749 beneplaciti
1918 688 1921 689 '

294 752 457 811 Deus.
503 754 559 807 In
590 751 931 807 multitudine
980 751 1364 806 misericordia:
1407 749 1508 804 tua:
1535 749 1729 804 exaudi
1760 764 1866 813 me,

295 823 350 879 in
380 824 612 879 veritate
647 822 833 877 salutis
858 833 980 877 ture.
1011 822 1172 892 Eripe
1202 839 1286 877 me
1312 823 1377 876 de
1404 821 1518 876 luto
1556 830 1616 875 ut
1641 834 1750 875 non
1782 818 1867 872 in-

295 895 449 965 (igar,
484 894 653 949 libera
681 908 766 947 me
814 892 881 965 ab
920 894 1005 947 his
1035 894 1125 962 qui
1162 893 1392 947 oderunt
1420 908 1525 955 me,
1557 901 1611 946 et
1643 892 1708 946 de
1737 903 1867 959 pro-

293 961 471 1019 fundis
495 979 777 1035 aquarum.
813 963 928 1017 Non
957 979 1042 1035 me
1062 961 1347 1032 'demergat
1380 971 1669 1031 tempestas
1690 976 1865 1029 aqum,

290 1050 466 1105 neque
487 1034 778 1089 absorbeat
803 1050 886 1088 me
910 1034 1257 1105 profundum,
1290 1049 1465 1105 neque
1495 1042 1684 1104 urgeat
1705 1044 1867 1105 super

292 1102 393 1187 μισ
400 1114 603 1187 puteus
627 1120 688 1161 os
718 1120 893 1186 suum.
914 1102 1130 1187 ’Eataudi
1164 1120 1268 1168 mc,
1320 1102 1582 1187 Domine,
1607 1102 1865 1187 quioniath

291 1170 521 1247 benigna
551 1184 635 1231 est
682 1174 1053 1230 misericordia
1095 1183 1209 1239 tua,
1247 1177 1543 1247 secundum
1574 1170 1869 1227 multitudi-

290 1245 869 1303 nem'miserationum
918 1252 1129 1299 tuarum
1184 1245 1391 1314 respice
1439 1245 1492 1299 in
1535 1258 1661 1307 me,
1693 1250 1866 1314 Aetne

287 1324 504 1372 avertas
528 1314 719 1371 faciem
750 1326 895 1370 tuam
926 1331 961 1385 a_
982 1329 1152 1385 puero
1181 1312 1295 1379 tuo,
1334 1315 1588 1384 quoniam
1634 1312 1864 1385 tributor-

286 1386 545 1443 velociter
581 1387 774 1443 exaudi
825 1402 929 1440 me.
952 1382 1175 1440 Intende
1222 1382 1415 1441 aninize
1442 1400 1578 1439 mea:
1607 1393 1663 1439 et
1690 1383 1862 1439 libera

282 1471 426 1520 earn,
456 1466 679 1529 propter
706 1457 957 1517 inimicos
985 1472 1136 1511 meos
1160 1458 1309 1526 eripe
1338 1472 1421 1510 me
1443 1496 1459 1522 ,
1510 1455 1754 1511 Domine.
1787 1454 1862 1507 Ac

283 1527 486 1599 postea,
512 1527 750 1593 Christe,
764 1529 1032 1599 audires
1060 1536 1160 1592 ter,
1186 1538 1234 1581 et
1275 1537 1463 1599 cetera
1490 1542 1608 1599 qua;
1637 1541 1864 1599 sequun-

285 1596 395 1669 tur,
409 1599 544 1652 sicut
569 1599 737 1669 prius.
760 1597 903 1652 Tum:
918 1597 1078 1654 Pater
1096 1606 1298 1669 noster,
1314 1608 1363 1651 et
1391 1596 1567 1669 Credo
1592 1596 1646 1650 in
1668 1597 1858 1669 Deum.

286 1664 416 1739 Hm:
444 1664 583 1723 enini
610 1669 788 1739 omnia
811 1670 985 1739 prima
1024 1669 1127 1722 diei
1148 1668 1280 1722 hora
1300 1668 1511 1739 agenda
1533 1676 1658 1722 sunt
1684 1666 1862 1739 priva-

286 1737 353 1811 tis
375 1738 722 1811 orationibus,
751 1734 821 1793 (ιε’
841 1749 1022 1811 postea
1061 1739 1325 1811 orationes
1336 1734 1709 1811 peculiares‘e't
1737 1734 1862 1790 lita-

282 1809 374 1891 nie
414 1806 970 1891 pienituiperagatur.
1001 1840 1075 1850 —
1098 1806 1393 1891 Diligenter
1415 1806 1749 1891 pensandum
1775 1813 1860 1891 est

279 1877 575 1950 unicuique
607 1877 942 1950 Christiano,
992 1896 1056 1935 ac
1111 1877 1340 1935 sollicite
1381 1877 1751 1950 cugitandum,

279 1948 525 2030 sanetam
551 1951 611 2030 in_
633 1965 692 2006 se
721 1948 1005 2005 Trinitatis
1019 1950 1235 2030 _divin:c_
1264 1948 1555 2030 imaginem
1590 1948 1856 2030 condigne

279 2028 571 2077 veneretur
594 2021 803 2099 honore
829 2035 855 2099 :_
874 2038 1000 2099 quae
1017 2023 1194 2099 imago
1222 2021 1275 2074 in
1304 2021 1483 2099 anima
1508 2027 1740 2099 con_stat_
1758 2021 1857 2099 hu-

279 2105 475 2162 mana,
521 2092 663 2162 quod
712 2100 799 2146 est
843 2090 1070 2147 interior
1116 2090 1278 2147 liomo
1325 2091 1548 2161 spiritus
1598 2090 1851 2162 hominis.

282 2159 418 2242 Nam
441 2159 599 2242 sicuti
621 2162 921 2242 Deusnuuus
943 2176 1160 2233 semper
1189 2159 1387 2242 ubique
1414 2170 1561 2242 totus
1588 2168 1643 2214 et
1663 2161 1856 2242 plenus

277 2241 383 2304 est,
412 2232 595 2304 omnia
643 2234 942 2304 viviﬁcaris,
988 2232 1230 2295 movens,
1266 2240 1319 2288 et
1349 2234 1677 2304 gubernans,
1715 2232 1858 2286 sicut

277 2299 567 2384 Apostolus
610 2303 709 2384 ait,
737 2303 880 2384 quod
899 2304 972 2384 .in
998 2320 1058 2384 ep
1087 2304 1328 2367 vivimus,
1354 2299 1639 2384 'moveuiur
1667 2310 1728 2384 et.
1764 2317 1855 2356 sua

278 2389 424 2437 mus,
457 2375 537 2429 sic
563 2372 1001 2431 anima'hominis
1023 2373 1077 2429 in
1105 2387 1331 2443 corpore
1359 2387 1459 2429 suo
1488 2372 1686 2442 ubique
1714 2372 1769 2426 in
1791 2386 1855 2427 eo

280 2451 392 2498 tota
422 2444 587 2514 viget,
640 2444 922 2500 vivificans
966 2460 1089 2500 cum
1114 2486 1130 2510 ,
1174 2453 1229 2500 et
1276 2451 1616 2514 movenspet
1658 2443 1854 2514 guber-

277 2530 442 2595 nans:
474 2513 745 2595 nec_enim
775 2516 828 2569 in
846 2514 1173 2595 __majoribus
1201 2515 1445 2595 corporis
1472 2513 1564 2595 sui
1598 2513 1854 2595 membris

277 2584 469 2657 major,
500 2584 635 2657 etin
666 2586 964 2642 minoribus
1002 2587 1206 2652 minor;
1241 2587 1335 2642 sed
1355 2586 1410 2641 in
1437 2584 1675 2657 minimis
1716 2593 1850 2657 tota,

276 2654 333 2708 in
369 2654 621 2712 maximis
652 2664 798 2723 tota;
846 2666 902 2712 et
934 2657 1049 2712 haec
1070 2665 1155 2712 est
1193 2658 1369 2727 imago
1419 2656 1641 2727 unitatis
1679 2656 1852 2710 omni-

275 2727 512 2798 potentis
568 2726 702 2790 Dei,
737 2743 913 2798 quam
977 2728 1139 2784 habet
1187 2725 1391 2798 animai
1426 2725 1479 2780 in
1503 2796 1511 2798 Α
1535 2740 1595 2781 se
1631 2741 1850 2798 _magna

276 2794 469 2854 hatura
514 2806 569 2852 et
606 2794 818 2854 nobilis.
870 2797 1125 2854 Fortasse
1175 2798 1305 2854 dicit
1349 2796 1589 2866 aliquis:
1625 2794 1683 2851 Si
1720 2794 1852 2868 ergo

276 2868 443 2951 unius
605 2870 818 2951 _imagq
854 2878 959 2951 est,
1009 2870 1279 2951 quomodo
1331 2882 1460 2951 ergo
1511 2874 1607 2951 est
1647 2876 1851 2949 santh

276 2938 557 3012 Trinitatis
604 2938 819 3012 imagu?
861 2939 960 2997 Cui
998 2938 1283 3012 dicendum
1336 2938 1424 3012 est
1461 2955 1476 2995 :
1519 2938 1702 3012 Primo
1737 2940 1847 3012 sic-

276 3017 336 3065 ut
371 3010 524 3081 Deus
558 3018 664 3075 est,
702 3010 840 3065 vivit
880 3019 936 3066 et
981 3010 1141 3080 sapit.
1194 3010 1399 3067 Deinde
1439 3010 1687 3081 quamvis
1731 3010 1848 3081 ipsa

273 3081 459 3136 sancta
483 3078 723 3136 Trinitas
752 3081 911 3136 unius
941 3082 1012 3137 sit
1044 3078 1279 3144 naturae,
1311 3097 1419 3136 non
1444 3078 1559 3136 tres
1587 3078 1768 3135 tamen
1791 3080 1846 3136 in

273 3165 334 3205 se
383 3150 673 3222 dignitates
700 3151 883 3216 habet,
927 3151 979 3206 id
1009 3161 1093 3208 est
1135 3152 1484 3213 intellectum,
1514 3151 1845 3206 voluntatem

270 3231 329 3277 et
358 3222 717 3277 memoriam:
748 3222 996 3277 similiter
1045 3224 1225 3277 anima
1272 3224 1506 3278 hominis
1536 3238 1643 3276 una
1694 3236 1846 3277 mens

270 3300 377 3356 est,
403 3308 508 3347 una
557 3292 689 3356 vita,
720 3308 826 3347 una
857 3293 1179 3358 substantia,
1232 3294 1372 3349 sicut
1425 3308 1565 3347 unus
1598 3293 1743 3348 Deus
1790 3294 1844 3347 in

271 3362 446 3433 tribus
470 3364 735 3433 personis,
770 3363 823 3418 in
850 3380 955 3417 una
995 3372 1176 3420 tamen
1212 3365 1548 3430 substantia;
1582 3363 1678 3419 sed
1729 3363 1845 3421 hare

272 3432 378 3488 tria
426 3432 546 3503 quze
581 3435 743 3490 habet
791 3435 972 3489 anima
1012 3436 1066 3489 in
1121 3449 1206 3496 se,
1244 3452 1348 3489 non
1393 3443 1520 3488 sunt
1558 3443 1666 3488 tres
1698 3434 1841 3501 vitae,

270 3503 412 3559 sicut
434 3520 539 3559 non
567 3511 677 3561 tres
704 3505 810 3570 Dii,
842 3505 935 3561 sed
964 3521 1069 3560 una
1116 3516 1199 3561 est
1244 3507 1375 3569 vita,
1417 3507 1559 3560 sicut
1581 3520 1722 3559 unus
1762 3514 1846 3562 est

272 3575 447 3646 Deus;
490 3590 591 3631 nec
619 3584 727 3631 tres
754 3585 982 3640 mentes,
1013 3576 1107 3631 sed
1134 3593 1240 3631 una
1272 3591 1424 3633 mens
1451 3586 1845 3646 consequenter

273 3645 477 3726 utique,
511 3662 615 3726 n_on
647 3656 763 3726 tres
782 3649 1116 3712 substantizr,
1145 3647 1372 3726 seduua
1396 3645 1697 3726 substantia
1719 3656 1840 3712 est;

269 3717 495 3785 proinde
544 3718 657 3772 hzec
695 3717 797 3772 tria
844 3734 1008 3773 unum
1063 3727 1209 3783 sunt,
1239 3718 1291 3773 id
1324 3728 1406 3773 est
1440 3734 1545 3773 una
1573 3718 1706 3783 vita,
1738 3735 1841 3773 una

270 3802 442 3852 meus,
497 3803 603 3841 una
658 3789 957 3843 substantia
1014 3789 1192 3844 anima
1220 3789 1476 3853 hominis,
1517 3789 1658 3844 sicut
1704 3805 1844 3844 unus

269 3855 411 3931 Deus
464 3857 624 3931 Pater
666 3870 721 3931 et
754 3859 923 3914 Filius
967 3868 1023 3914 et
1067 3860 1302 3931 Spiritus
1351 3869 1572 3931 sanctus
1610 3878 1623 3913 :
1675 3859 1839 3915 habet

267 3929 411 3981 enim
436 3938 491 3981 et
515 3928 616 3982 alia
642 3929 743 3982 tria
774 3931 955 3985 anima
986 3931 1038 3984 in
1065 3928 1143 3994 se,
1168 3930 1221 3986 id
1252 3938 1335 3985 est
1371 3930 1719 3994 intellectum,
1750 3946 1845 3985 vo-

268 3997 553 4063 luntatem,
592 4007 754 4069 atque
798 4002 1161 4056 memoriam:
1210 4000 1304 4056 sed
1352 4011 1529 4056 tamen
1575 4002 1690 4055 hanc
1739 4002 1840 4056 tria

270 4084 372 4122 una
405 4070 589 4140 anima
607 4079 691 4123 est
720 4092 731 4121 ;
761 4074 887 4140 quia
929 4072 1234 4127 intellectus
1260 4073 1377 4127 sine
1425 4072 1702 4127 voluntate
1734 4087 1841 4127 non

267 4148 367 4200 est,
392 4140 532 4194 sicut
572 4139 732 4194 Pater
768 4139 884 4195 sine
910 4142 1063 4207 Filio,
1096 4159 1369 4207 nunquam
1397 4142 1497 4198 fuit
1538 4158 1638 4198 nec
1655 4142 1841 4198 volun-

270 4219 353 4264 tas
382 4212 498 4265 sine
528 4209 818 4278 intellectu,
847 4212 987 4267 sicut
1020 4228 1119 4267 nec
1162 4209 1330 4268 Filius
1357 4214 1473 4269 sine
1521 4213 1713 4278 Patre;
1754 4230 1839 4268 nev

265 4296 370 4350 que
394 4280 915 4353 intellectusLneque
951 4282 1197 4337 voluntas
1222 4285 1337 4339 sine
1383 4284 1665 4347 memoria,
1694 4286 1839 4340 sicut

268 4366 368 4426 nec
394 4350 556 4405 Pater
580 4367 681 4426 nec
705 4350 873 4426 Filius
898 4354 1016 4407 sine
1043 4353 1246 4426 Spiritu
1271 4364 1477 4419 sancto,
1507 4355 1598 4426 qui
1631 4370 1696 4410 ex
1724 4371 1840 4409 am-

270 4421 440 4477 bobus
462 4424 722 4492 procedit.
754 4423 846 4479 Sic
872 4432 927 4477 et
961 4421 1222 4481 memoria
1250 4441 1315 4480 ex
1344 4421 1617 4481 intellectu
1656 4434 1710 4479 et
1748 4442 1841 4479 vo-

266 4492 475 4547 luntate
524 4494 786 4562 procedit,
816 4495 940 4562 quia
988 4496 1035 4550 si
1082 4494 1385 4551 intellectus
1415 4512 1520 4552 non
1548 4505 1717 4561 esset,
1748 4511 1843 4551 vo-

268 4562 449 4618 luntas
474 4564 659 4633 utique
688 4580 793 4621 non
823 4562 1034 4633 fuisset,
1065 4582 1129 4620 ac
1159 4566 1203 4621 si
1235 4567 1536 4623 intellectus
1573 4578 1628 4622 et
1653 4566 1841 4621 volun-

267 4641 353 4708 tas
378 4650 483 4689 non
514 4646 720 4708 essent,
750 4636 1010 4708 memoria
1039 4637 1193 4708 cujus
1227 4635 1457 4692 fuisset?
1486 4638 1616 4706 Qua:
1658 4646 1836 4708 tamen

268 4703 369 4757 tria
394 4719 499 4759 una
528 4715 611 4760 est
637 4707 850 4773 anima;
884 4706 965 4762 sic
989 4703 1129 4763 unus
1160 4717 1245 4763 est
1281 4709 1421 4763 Deus
1451 4703 1614 4764 Pater
1640 4718 1697 4763 et
1744 4706 1837 4762 Fi-

265 4773 369 4829 lius
389 4784 443 4831 et
469 4774 703 4850 Spiritus
727 4785 967 4850 sanctus,
1005 4778 1149 4850 quod
1186 4778 1240 4833 in
1264 4779 1554 4850 Evangelio
1572 4780 1713 4850 bene
1739 4778 1834 4833 de-

266 4854 621 4919 monstratur,
658 4847 784 4902 dum
813 4848 945 4903 dicit
973 4866 985 4902 :
1011 4847 1209 4919 Diiiges
1251 4847 1533 4904 Domitium
1562 4849 1727 4903 Deum
1773 4865 1838 4903 ea:

263 4925 373 4969 toto
407 4915 562 4969 corde
607 4926 716 4979 tuo,
748 4919 803 4970 id
848 4929 922 4972 est
965 4936 1030 4973 ea:
1075 4915 1183 4973 toto
1227 4919 1508 4983 intellectu,
1541 4929 1590 4972 ct
1634 4934 1700 4973 ea:
1726 4928 1836 4973 tota

265 4985 443 5039 anima
466 4996 577 5050 tua,
602 4986 658 5040 id
678 4999 751 5041 est
771 4998 819 5043 et
840 5004 905 5041 ea:
923 4998 1032 5043 tota
1060 4988 1323 5043 uoluntate
1346 5002 1363 5040 .'
1386 4999 1433 5043 et
1454 5005 1518 5044 ea:
1539 4998 1647 5042 tota
1671 4999 1838 5044 mente

264 5065 381 5121 tua,
410 5055 467 5108 id
504 5066 601 5121 est,
628 5073 693 5111 ea:
739 5059 881 5111 omni
925 5059 1196 5113 memoria.
1229 5058 1339 5115 Nec
1373 5060 1519 5114 enim
1548 5068 1633 5114 est
1652 5059 1834 5113 anima

263 5126 381 5181 sine
412 5126 497 5180 his
523 5128 711 5191 tribus,
745 5129 838 5183 sed
877 5127 1054 5183 anima
1091 5128 1415 5193 intellectus,
1438 5131 1615 5184 anima
1647 5129 1838 5183 volun-

266 5204 347 5250 tas
382 5206 484 5260 est,
504 5198 681 5252 anima
712 5199 967 5253 memoria
998 5208 1100 5263 est,
1140 5214 1245 5254 non
1276 5209 1454 5256 tamen
1486 5209 1597 5255 tres
1621 5202 1834 5263 animae,

264 5268 500 5341 seduua
524 5269 703 5341 anima
733 5267 863 5323 istas
888 5277 998 5323 tres
1024 5270 1076 5323 in
1104 5284 1164 5341 se
1207 5270 1497 5341 dignitates
1530 5270 1756 5336 habens,
1783 5270 1836 5324 in

265 5338 461 5406 quibus
488 5338 778 5411 imaginem
801 5341 895 5393 Dei
925 5342 1083 5409 gerit.
1125 5338 1462 5411 Quapropter
1489 5340 1715 5397 sollicite
1754 5350 1840 5396 est

264 5407 723 5480 perpendendum,
748 5417 827 5480 fut
856 5407 1223 5480 unusquisque
1243 5407 1305 5465 in
1331 5407 1388 5465 se
1432 5412 1620 5480 prima:
1648 5411 1835 5467 condi-

267 5477 430 5551 tionis
452 5479 986 5551 surepxeellentiam,
1014 5477 1073 5535 et
1092 5477 1449 5551 venerandam
1478 5482 1531 5536 in
1551 5497 1610 5537 se
1634 5490 1835 5538 sancta:

267 5546 547 5603 Trinitatis
571 5546 857 5619 imaginem
883 5562 1251 5621 recognoscat,
1275 5559 1329 5606 et
1356 5550 1612 5607 honorem
1635 5552 1752 5618 Dei,
1770 5552 1838 5608 ad

267 5633 427 5687 quem
454 5622 671 5674 creatus
699 5631 800 5681 est,
834 5620 1113 5676 nobilitate
1164 5636 1371 5677 morum
1392 5664 1406 5687 ,
1454 5623 1714 5677 exercitio
1743 5624 1838 5679 bo-

268 5702 459 5744 norum
488 5705 735 5759 operum,
761 5691 1021 5761 dignitate
1052 5693 1387 5757 meritorum,
1419 5708 1632 5749 summo
1660 5695 1837 5748 studio

266 5770 539 5836 venerare
561 5759 869 5836 contendat,
897 5771 955 5815 ut
979 5762 1042 5816 ad
1076 5772 1331 5836 reternam
1360 5780 1541 5818 coram
1590 5763 1697 5820 Deo
1722 5764 1839 5836 glo-

268 5829 406 5885 t'iatn
444 5839 498 5885 et
530 5831 911 5887 beatitudinem
952 5834 1231 5901 pervenire
1266 5844 1555 5889 mercatur.

1289 426 1631 484 APPENDIX
1668 426 1754 482 IV.
1797 454 1870 468 —-
1908 423 2239 483 “BELLI'S
2276 423 2576 480 PIIECUM.

3420 426 3557 480 NII

2188 533 2350 589 Fida
2387 535 2588 589 Aurelii
2634 534 2908 603 Augustini
2941 535 3004 589 de
3038 534 3181 590 Filio
3228 536 3340 593 Dei.

2048 630 2172 708 ilmc
2198 630 2819 708 est-iidcslnqumpaueis
2847 632 3025 687 verbis
3060 635 3290 688 tenenda
3323 637 3374 689 in
3408 652 3554 708 sym-

1974 700 2110 774 bolo
2147 701 2373 755 novellis
2418 700 2742 758 Christianis
2785 705 2969 765 datur;
2997 719 3117 774 quia:
3164 720 3337 774 pauca
3387 700 3552 763 verba

1973 771 2219 826 ﬁdelibus
2260 781 2383 826 nota
2415 782 2561 838 sunt,
2594 780 2653 825 ut
2682 776 2950 829 credendo
2977 771 3269 842 subjugati,
3302 786 3447 831 recte
3474 780 3556 832 vi-

1972 853 2121 907 vant,
2152 852 2299 897 recte
2326 843 2557 897 vivendo
2604 859 2698 897 cor
2740 846 3035 908 mnndent,
3074 846 3239 899 corde
3290 849 3553 904 mundata

1971 913 2113 984 quod
2154 914 2379 968 credunt
2407 913 2726 984 intelligant.
2755 916 2903 971 Unus
2931 916 3071 970 Deus
3106 914 3265 970 Pater
3292 928 3345 971 et
3384 919 3553 975 Filius

1970 992 2024 1057 et
2054 983 2291 1057 Spiritus
2329 994 2548 1057 sanctus
2590 983 2882 1040 invisibilis
2906 1027 2920 1050 ,
2970 987 3550 1057 incomprehensibilis,

1970 1054 2326 1118 inviolabilis,
2377 1054 2877 1123 ineoinquinabilis,
2927 1058 3017 1124 qui
3068 1054 3212 1112 solus
3258 1058 3419 1115 habet
3452 1054 3553 1116 im;

1968 1125 2353 1202 mortalitatem
2373 1165 2387 1187 ,
2414 1134 2485 1202 et_
2505 1125 2676 1181 lucem
2710 1127 2938 1202 habitat
2956 1127 3406 1185 inacccssihilem.
3431 1130 3551 1202 Ipse

1965 1194 2146 1249 lumen
2179 1211 2396 1268 verum,
2437 1196 2544 1268 vita
2570 1210 2624 1250 et
2655 1200 2875 1260 veritas,
2926 1199 3100 1251 lsouus
3125 1208 3182 1252 et
3207 1194 3469 1268 summus,
3492 1213 3550 1258 et

1965 1281 2301 1339 quaecunque
2346 1267 2411 1319 de
2454 1266 2545 1320 illo
2596 1268 2861 1323 humanus
2919 1283 3099 1322 sermo
3137 1272 3337 1339 poterit
3377 1266 3548 1328 enun—

1967 1339 2125 1413 tiare.
2167 1338 2297 1413 Quae
2344 1346 2521 1391 tamen
2579 1340 2646 1392 ah
2692 1355 2758 1392 eo
2800 1341 3017 1413 dantur,
3057 1349 3117 1394 ut
3168 1341 3349 1413 aliquo
3389 1346 3548 1400 modo

1965 1407 2071 1480 diei
2128 1408 2491 1480 po_ssiut;iex
2536 1423 2655 1480 quo
2699 1411 2879 1464 omnia
2906 1450 2922 1474 ,
2964 1425 3066 1479 per
3112 1407 3275 1480 queui
3327 1416 3542 1480 omnia,

1964 1478 2079 1554 sive
2115 1478 2309 1543 sedes,
2356 1478 2470 1532 sive
2516 1479 2946 1554 dominationes,
2974 1478 3113 1535 sive
3132 1478 3148 1554 ί
3164 1478 3545 1554 principatus,

1963 1548 2077 1604 sive
2103 1557 2420 1624 potestates,
2444 1557 2498 1601 et
2522 1550 2701 1604 omnia
2726 1567 2821 1620 per
2853 1553 3027 1624 ipsum
3049 1560 3104 1606 et
3138 1548 3543 1624 ipso-creata

1963 1629 2108 1683 sunt,
2150 1619 2289 1698 sicut
2316 1620 2368 1673 in
2395 1627 2624 1698 utroque
2648 1619 2969 1698 testameulo
3016 1619 3329 1698 humilibus,
3363 1636 3429 1698 _et
3457 1628 3545 1698 pie

1961 1690 2328 1764 quaerentibus
2355 1687 2748 1746 manifestatur.
2778 1692 2881 1764 Ipsi
2920 1692 3088 1764 gloria
3122 1692 3175 1747 in
3215 1687 3408 1751 sarcula
3441 1687 3541 1754 ste-

1961 1760 2231 1816 culorum.
2260 1760 2451 1815 Amen.

2033 1832 2175 1886 Deus
2210 1831 2262 1885 in
2302 1830 2625 1899 adiutorium
2675 1847 2853 1888 meum
2885 1833 3104 1889 intende
3141 1834 3309 1890 tribus
3343 1838 3543 1895 vicibus

1797 1884 1857 1978 ξιξ
1889 1896 1932 1958 n
1961 1884 2299 1978 εωῑίοίιστιε.
2323 1884 3309 1978 gisuaseras;ptissana};22
3338 1884 3537 1978 ῥῑ-ῐερῐ

1957 1972 2026 2045 Et
2044 1988 2114 2028 nc
2143 1988 2240 2028 nos
2268 1972 2510 2045 inducas.
2537 1972 2649 2045 Ego
2670 1976 2803 2041 dixi,
2833 1976 3077 2045 Domine,
3110 1972 3371 2033 miserere
3411 1983 3538 2037 mei.

1955 2041 2306 2106 Convertere,
2336 2041 2607 2109 Domine,
2622 2060 2918 2170 usryrequo.
2953 2044 3106 2101 Oculi
3140 2047 3369 2104 Domini.
3396 2049 3541 2107 Con-

1956 2113 2213 2169 ﬁteantur
2243 2114 2375 2170 tibi.
2413 2115 2659 2170 Domine.
2725 2116 2769 2170 'e
2816 2116 3164 2170 derelinquas
3199 2133 3317 2170 me.
3358 2120 3541 2170 Domi-

1956 2113 2213 2188 fitea_ntur
2243 2114 2375 2188 tibi,
2413 2115 2659 2188 Domine.
2694 2113 2769 2171 Ne
2811 2113 3164 2188 derelinquas
3199 2133 3317 2183 me,
3358 2120 3541 2179 Domi-

1957 2200 2041 2239 ne.
2073 2185 2295 2241 Intende
2321 2186 2373 2240 in
2421 2184 2750 2254 adiutorium
2794 2201 2993 2252 meum,
3030 2184 3253 2245 Domine
3278 2191 3420 2248 Deus
3450 2208 3539 2249 sa-

1956 2254 2084 2312 lutis
2120 2271 2272 2312 meat.
2328 2255 2675 2326 Complaceat
2704 2258 2836 2322 tibi,
2875 2259 3122 2315 Domine.
3170 2258 3254 2314 Ab
3306 2266 3539 2321 occultis

1954 2327 2093 2383 meis
2122 2327 2319 2382 munda
2345 2343 2452 2392 me,
2485 2327 2729 2383 Domine.
2760 2329 2925 2393 Pone,
2960 2330 3205 2393 Domine,
3233 2334 3537 2392 custodiam

1954 2397 2206 2477 orimeo.
2231 2397 2360 2477 -ῌοιι
2388 2397 2628 2454 declines
2667 2416 2763 2454 cor
2788 2415 2988 2477 meum.
3026 2400 3147 2477 i\'on
3169 2402 3338 2459 intres
3367 2403 3419 2459 in
3443 2406 3538 2477 ju-

1954 2468 2174 2541 dicium.
2230 2467 2523 2541 Repleatur
2562 2485 2661 2541 os_
2690 2486 2867 2525 meum
2922 2471 3107 2535 laude,
3138 2467 3405 2530 'attamen
3428 2467 3464 2541 ,⁷
3503 2494 3538 2533 o

1952 2537 2208 2613 Domine,
2236 2539 2755 2613 >salvum_meyfae;
2804 2542 3013 2613 respice
3059 2543 3111 2598 in
3160 2559 3345 2601 servos
3390 2537 3534 2613 tuos,

1952 2617 2008 2684 et
2054 2610 2126 2665 sit
2144 2610 2683 2684 _splendor_Domini
2735 2613 2827 2668 Dei
2869 2610 3040 2684 nostri
3096 2628 3259 2684 super
3303 2632 3424 2681 nos,
3455 2610 3553 2675 dié'

1953 2680 2067 2750 rige
2090 2722 2103 2745 ,
2144 2680 2401 2746 Domine,
2446 2682 2605 2738 hodie
2653 2685 2839 2739 corda.
2878 2682 3067 2739 Postea
3090 2726 3104 2750 ,
3150 2680 3415 2743 Dominus
3446 2706 3537 2748 vo-

1950 2750 2183 2807 hiscum.

2558 2822 2696 2879 ltem
2733 2825 2922 2879 oratio.

2021 2913 2247 2990 Domine
2283 2922 2489 2979 sancte,
2524 2912 2687 2968 Pater
2734 2914 3103 2990 omnipotens,
3124 2926 3325 2973 :eterne
3369 2920 3536 2990 Deus,

1949 2985 2043 3054 qui
2079 2985 2372 3058 csudoctor
2398 2995 2730 3058 sanctorum,
2776 2995 2832 3041 et
2859 2985 3048 3058 dirigis
3090 2988 3284 3044 itinera
3311 2985 3534 3049 sancto-1

1951 3055 2301 3130 rum,_dirige
2328 3055 2575 3130 angelum
2628 3058 2776 3130 pacis
2832 3055 3147 3130 nobiscum,
3196 3062 3419 3130 quinos
3463 3065 3534 3120 ad

1950 3125 2067 3203 loca
2096 3125 2363 3203 destinata
2392 3125 2674 3203 perducat.
2705 3126 2789 3183 Sit
2817 3128 2986 3203 nobis
3024 3125 3315 3203 comitatus
3336 3132 3535 3203 jucun-

1951 3197 2070 3261 dus,
2095 3206 2154 3251 ut
2189 3197 2368 3269 nullus
2391 3199 2491 3269 via:
2518 3207 2718 3254 nostra:
2748 3200 3016 3269 subripiat
3039 3201 3311 3258 inimicus.
3337 3197 3531 3261 i'roeui

1871 3253 1920 3318 C
1949 3282 1992 3340 a_
2020 3253 2177 3323 nubis
2208 3268 2280 3324 sit
2326 3253 2706 3340 malignorum
2737 3253 3011 3337 necessus,
3040 3253 3353 3332 ἑέῐῖὲδῖῐιὲζ

1944 3338 2196 3409 dignetur
2216 3354 2338 3396 esse
2366 3338 2581 3410 semper
2608 3350 2846 3397 sanctus.
2873 3341 2979 3395 Per
3004 3344 3309 3401 Dominum.

2325 3431 2508 3487 Oratio
2555 3450 2649 3505 pro
2691 3435 2791 3488 iter
2835 3435 3129 3505 agentibus.

2011 3522 2257 3597 Domine,
2279 3532 2477 3597 sancte
2496 3566 2509 3589 ,
2556 3523 2716 3581 Pater
2743 3527 3108 3597 omnipotens,
3136 3539 3334 3585 :eternc
3363 3531 3523 3595 Deus.

1941 3594 2235 3667 propitiare
2262 3594 2500 3666 digneris
2524 3594 3003 3667 supplicationi—bus
3042 3601 3264 3667 nostris,
3288 3610 3343 3656 et
3373 3594 3528 3659 mitte

1942 3664 2193 3753 angelum
2221 3664 2382 3753 tuum
2407 3664 2653 3753 sanctum
2674 3669 2983 3752 nobiscum,
3001 3672 3092 3753 qui
3121 3687 3219 3726 nos
3242 3664 3271 3753 ξι
3310 3676 3522 3753 cunctis
3568 3705 3572 3709 -

1943 3735 2361 3808 adversitatihus
2394 3746 2663 3808 protegat,
2689 3749 2745 3793 et
2764 3739 2816 3793 in
2844 3735 3066 3797 servitio
3089 3744 3261 3798 sancti
3288 3744 3524 3801 nominis

1942 3806 2020 3876 tui
2049 3806 2250 3876 ubique
2272 3806 2649 3873 custodiat,'ut
2676 3810 2853 3865 nullus
2893 3826 2993 3866 nos
3024 3815 3075 3867 in
3106 3814 3248 3868 viam
3277 3823 3521 3872 nostram

1942 3875 2175 3945 decipiat
2219 3878 2505 3945 inimicus,
2558 3879 2652 3935 sed
2696 3896 3003 3937 mereamur
3056 3884 3124 3939 ab
3174 3886 3322 3940 omni
3367 3887 3524 3944 hoste

1942 3946 2295 4018 triumphum,
2337 3958 2394 4020 et
2422 3960 2525 4005 tuae
2550 3964 2762 4020 semper
2788 3952 3152 4009 miserationis
3178 3956 3474 4014 subsidium
3505 3978 3518 4014 :

1942 4017 2209 4098 quatenus
2241 4028 2328 4072 tua
2375 4017 2906 4098 jussa‘com—plentes,
2938 4026 3171 4098 sospites
3198 4028 3264 4081 ad
3302 4030 3519 4098 propria

1942 4088 2242 4166 redeamus,
2273 4104 2371 4160 per
2399 4088 2725 4166 te,_Christe
2771 4092 2922 4159 Jesu,
2973 4088 3066 4166 qui
3095 4113 3214 4151 cum
3265 4088 3423 4155 Puiré
3467 4111 3524 4157 et

1943 4157 2147 4229 Spiritu
2177 4157 2368 4215 sancto
2390 4163 2548 4217 vivis.

2010 4228 2363 4311 Omnipotens
2388 4241 2443 4287 et
2485 4233 2794 4311 misericors
2818 4235 2983 4303 Deus,
3030 4244 3181 4311 tuum
3230 4254 3394 4311 super
3421 4257 3520 4298 nos

1893 4356 1903 4359 _
1940 4316 2137 4380 nomen
2172 4302 2448 4380 supplices
2496 4303 2825 4380 invocemus,
2881 4318 2939 4362 ut
2987 4316 3071 4363 tua
3109 4302 3371 4380 largiente
3405 4314 3517 4370 cle-

1942 4372 2143 4427 mentia
2158 4373 2309 4448 bene
2335 4374 2692 4448 ambulemus
2709 4375 2761 4430 in
2787 4447 2792 4448 ί
2809 4380 3080 4448 prosperis
3095 4420 3110 4445 ,
3141 4372 3219 4435 et"
3236 4389 3295 4436 ut
3321 4397 3517 4441 nomen

1944 4452 2105 4517 tuum
2127 4444 2197 4497 sit
2236 4458 2451 4517 semper
2478 4445 2531 4500 in
2579 4444 3018 4517 cogitationibus,
3046 4450 3099 4505 in
3131 4452 3331 4517 verbis,
3377 4464 3434 4510 et
3460 4456 3518 4511 in

1939 4513 2195 4588 operibus
2234 4516 2455 4588 nostris,
2494 4513 2670 4588 angeli
2715 4518 2790 4572 tui
2843 4513 3014 4575 sancti
3049 4513 3375 4578 comitentur
3414 4540 3514 4581 no-

1869 4619 1916 4679 D
1942 4584 2148 4679 hiscum
2162 4584 2669 4679 ircliangeloruui
2692 4630 2707 4649 ,
2738 4590 3183 4679 patriarcharum
3233 4595 3518 4666 propheta-

1942 4670 2102 4730 rum_,
2160 4656 2566 4725 apostolorum,
2616 4656 2952 4730 martyrum,
2994 4656 3400 4729 confessorum,
3460 4678 3516 4722 et

1938 4727 2178 4780 omnium
2211 4735 2519 4783 sanctorum
2574 4727 2785 4784 tuorum
2820 4732 3147 4790 auxilientur
3196 4735 3350 4790 nobis
3389 4727 3517 4794 ora-
3573 4751 3577 4756 '

1940 4798 2130 4875 tiones.
2165 4795 2385 4875 Emitte,
2413 4799 2657 4875 Domine,
2689 4816 2850 4875 super
2876 4805 3245 4875 nosispiritum
3291 4809 3511 4865 castita-

1938 4866 2031 4948 tis,
2060 4868 2424 4943 benignitatis,
2453 4879 2508 4925 et
2529 4866 2791 4949 veritatis,
2817 4866 3196 4949 misericordize
3221 4886 3273 4930 et
3298 4877 3516 4949 largita-

1942 4938 2030 5000 tis,
2064 4947 2273 5020 tumque
2311 4938 2581 5020 perpetua:
2631 4942 2934 5020 charitatis,
2974 4943 3110 5020 lucis
3138 4956 3193 5020 ct
3219 4938 3511 5020 pacisrqui

1939 5022 2039 5088 nos
2070 5019 2239 5088 regat,
2271 5019 2535 5088 protegat,
2563 5020 2725 5082 atque
2769 5014 2838 5067 ab
2860 5016 3193 5088 omniman
3223 5014 3512 5088 defendat,

1940 5086 1998 5131 ut
2029 5093 2123 5148 per
2149 5079 2259 5133 vias
2278 5079 2462 5149 planas
2477 5091 2531 5136 et
2544 5079 2719 5138 rectas
2740 5098 2863 5137 eum
2890 5086 3038 5140 omni
3069 5087 3259 5145 fiducia
3285 5089 3401 5147 sine
3418 5079 3514 5145 im;

1937 5150 2244 5227 pauimento
2271 5152 2336 5204 ad
2367 5151 2811 5208 Ioca‘desiderata
2833 5155 3099 5227 possimus
3124 5160 3431 5227 pervenire,
3458 5172 3512 5217 et

1940 5219 2242 5300 inhorniue
2273 5229 2571 5302 tuo_sa_ncto
2597 5238 2718 5302 cum
2748 5219 3060 5302 sanitate_et
3084 5219 3267 5302 laltitia
3290 5232 3356 5285 ad
3389 5219 3512 5302 pro-

1938 5288 2053 5359 pria
2082 5291 2348 5358 possimus
2369 5292 2671 5349 habitacula
2692 5309 2953 5351 remeare.
2977 5296 3082 5354 Per
3104 5288 3513 5359 Dominum'no-

1939 5369 2111 5413 strtnn
2137 5360 2341 5415 Jesum.

2010 5431 2234 5511 Domine
2260 5430 2389 5487 Jesu
2425 5433 2660 5511 Christe,
2691 5436 2973 5494 mitissime
3006 5439 3168 5504 Deus,
3196 5440 3288 5510 qui
3327 5442 3517 5499 dixisti
3562 5478 3577 5498 ν.

1945 5502 2335 5580 paenitentiam
2366 5512 2417 5559 te
2463 5505 2618 5580 malle
2653 5516 3020 5580 peccatorum,
3058 5502 3226 5578 quam
3261 5520 3511 5579 mortem,

1947 5572 2261 5651 immensam
2290 5572 2808 5651 clementiamutuam
2828 5572 3121 5651 humillime
3138 5581 3417 5651 deprecor,
3446 5572 3513 5640 de

1946 5641 2197 5719 omnibus
2218 5645 2453 5712 peccatis
2484 5653 2538 5700 et
2560 5646 2768 5719 delictis
2798 5648 2931 5719 meis
2950 5641 3270 5719 capitalibus
3298 5652 3377 5709 vel
3404 5641 3499 5708 ἰιιὶ-

1948 5712 2113 5775 nutis,
2148 5728 2468 5840 quocunque
2510 5718 2670 5773 modo
2706 5718 2757 5773 in
2796 5712 3033 5788 quolibet
3061 5737 3246 5776 eorum
3279 5723 3512 5794 pollutus

1948 5781 2189 5840 fuissem.
2221 5793 2314 5838 aut
2334 5801 2363 5839 a
2406 5785 2509 5840 huc
2533 5790 2656 5840 sim.
2682 5789 2766 5840 vel
2786 5791 2978 5840 noxius
3003 5805 3184 5840 coram
3212 5803 3279 5840 te-
3313 5795 3426 5840 sive.
3455 5797 3511 5840 in

1947 5781 2189 5863 fuissem,
2221 5793 2314 5863 aut
2334 5781 2509 5863 adhuc
2533 5790 2656 5863 sim,
2682 5789 2766 5863 vel
2786 5781 2978 5863 noxius
3003 5805 3184 5846 coram
3212 5781 3293 5853 te:
3313 5795 3426 5849 sive
3455 5781 3511 5851 it:

1947 5855 2204 5931 cogitatu,
2234 5855 2346 5911 sive
2374 5855 2426 5908 in
2459 5860 2648 5923 verbo,
2674 5860 2787 5915 sive
2830 5861 2883 5914 in
2914 5875 3095 5931 opere.
3145 5864 3377 5917 scienter
3422 5874 3513 5919 aut

1948 5929 2283 5991 ignoranter,
2321 5936 2509 5996 sponte
2540 5930 2620 5985 vel
2650 5931 2868 5999 invitus,
2916 5929 3188 5988 dormiens
3240 5946 3332 5991 aut
3382 5935 3576 6000 viui-"
