4228 6254
385 292 448 347 l3
845 353 847 355 ,
1035 299 1451 359 ΒΟΟΜΑΤΙΕΑ.
1480 334 1553 344 -
1584 304 1675 360 DE
1708 303 1865 360 FIDE
1900 309 1959 361 S.
2000 308 2055 361 TI

1949 346 1959 360 .
2000 306 2386 362 TRINITATIS
2422 308 2599 363 unm
2636 312 2720 364 Ill.
2760 313 2898 366 lJll.’
2929 316 2966 367 Ι.
3553 330 3619 383 η

383 405 611 468 devotio,
662 406 793 475 quid
830 407 1052 464 liberius
1089 410 1329 478 aﬂerret,
1374 428 1475 467 nec
1528 416 1659 483 quid
1707 415 1939 485 legalem
2042 433 2171 471 num
2214 433 2384 487 genus
2418 422 2530 471 sola
2560 419 2817 481 viviﬁcat.
2848 423 2959 476 sola
2990 426 3310 493 sanctiﬁcat,
3349 435 3621 491 veraciter

378 493 803 551 benevolentiam
836 498 1042 566 gratius
1071 501 1345 570 accepisse
1377 511 1649 572 putarem.
1681 503 1821 570 Quid
1848 520 1944 559 ex-

334 586 335 589 “
379 579 504 636 inde
525 581 740 637 edicere
777 584 851 638 sit
874 593 1052 640 ratum
1084 586 1240 659 [ινα.
1272 589 1413 657 Quid
1437 591 1632 647 exinde
1653 591 1939 659 edicerem,

376 672 569 725 οιιὶεω
592 673 663 727 sit
682 674 909 747 ratum],
930 686 1127 733 vestra:
1144 681 1480 748 probationis
1496 691 1773 751 exspectat
1787 682 1941 755 [Hs.,

374 759 603 833 spectat]
643 762 930 832 judicium,
960 766 1005 821 si
1031 767 1192 838 digne
1213 785 1368 825 meus
1386 770 1487 825 iste
1506 771 1661 826 labor
1690 772 1945 827 in‘sacer-

373 850 582 907 dotales
607 854 899 922 procedere
931 856 1109 911 valeat
1142 873 1323 915 aures.
1364 860 1509 932 Ergo
1543 870 1738 917 vestra:
1763 863 1940 933 digni—

373 940 505 995 tatis
545 941 768 996 dextera
809 944 971 999 dante
994 946 1065 1001 ad
1092 947 1398 1019 legendum,
1446 966 1607 1007 nemo
1637 948 1784 1020 juste
1821 969 1941 1007 mea

325 1050 333 1054 ·
374 1030 518 1086 dicta
537 1046 791 1101 spernere
820 1037 1036 1105 poterit,
1063 1038 1191 1107 quia
1207 1041 1487 1108 probantis
1507 1041 1802 1095 auctoritas
1822 1042 1942 1110 plc-

373 1120 450 1174 ris
491 1121 791 1177 aestimatur
826 1140 991 1194 quam
1034 1128 1323 1185 scribentis
1365 1130 1599 1197 devotio.
1647 1130 1813 1185 Ilulta
1856 1140 1943 1185 est

284 1206 293 1213 ’
360 1210 624 1267 omnibus
664 1210 910 1270 ﬁdelibus
928 1215 1004 1271 ~in
1046 1226 1227 1272 vestra
1262 1219 1462 1288 pietate
1485 1220 1746 1291 gloriandi
1773 1220 1935 1275 facul-

246 5962 283 5989 1.

348 5990 457 6013 ον,’
496 6004 515 6011 ,ι

350 6016 445 6047 ,ξιαν

348 5998 445 6047 τὲᾶν
496 6004 515 6011 ⁸

156 5998 487 6113 ὦῶ.
546 6100 565 6113 ,κ
634 6088 659 6109 .

373 1305 477 1363 tas,
500 1299 629 1354 dum
654 1301 955 1360 clementia:
984 1315 1180 1362 vestra:
1201 1308 1503 1365 sollicitudo
1526 1310 1938 1378 sacerdotalem,
1968 1375 1980 1383 _

371 1395 433 1441 ut
469 1389 645 1455 decet,
676 1391 915 1447 babetin
938 1396 1318 1462 pradicaﬁone
1354 1397 1504 1453 verbi
1542 1398 1638 1454 Dei
1677 1400 1936 1469 vigorem.

371 1486 427 1533 et
452 1478 745 1550 perlectam
771 1484 828 1536 in
851 1485 1116 1541 catholica
1137 1487 1242 1543 ﬁde
1263 1489 1567 1556 scientiam,
1592 1499 1651 1545 et
1667 1491 1939 1547 sanctissi-

371 1585 515 1625 mam
524 1586 625 1640 pro
638 1572 915 1629 hominum
928 1574 1105 1647 [.lss.,
1119 1579 1383 1652 omnium]
1396 1581 1569 1635 salute
1578 1572 1934 1637 devotionem.

369 1659 710 1731 Quapropter
749 1666 1123 1722 universorum
1161 1672 1413 1741 precibus
1457 1673 1697 1729 ﬁdelium
1744 1686 1936 1744 optan-

368 1840 685 1909 imperium;
729 1853 792 1899 ut
834 1846 1042 1903 scilicet
1077 1850 1343 1906 catholica
1386 1851 1541 1918 ﬁdes,
1579 1868 1701 1929 qua:
1744 1854 1935 1909 huma-

2045 508 2101 561 in
2140 524 2246 561 una
2285 508 2622 563 confessione
2657 522 2984 567 citnctorum
3029 518 3284 571 cordibus
3324 520 3611 592 inligatur:

2042 607 2309 666 quatenus
2334 600 2529 654 summi
2564 600 2726 671 Regis
2749 604 2981 660 donante
3015 609 3235 676 pietate,
3266 614 3457 669 eadem
3484 632 3607 673 san-

2040 698 2143 743 cta:
2164 691 2313 758 pacis
2335 697 2392 743 et
2416 690 2665 759 perfecta:
2693 694 2995 759 charitatis,
3018 714 3209 754 omnes
3232 703 3433 773 ubique
3457 715 3614 775 regat

2039 786 2097 833 et
2137 781 2411 835 custodiat
2449 782 2649 837 unitas.
2685 783 2795 838 Nec
2817 786 2961 839 aliud
2983 790 3337 858 omnipotenti
3364 794 3475 850 Deo
3494 813 3611 851 mu-

2040 882 2143 919 nus
2166 868 2451 922 amabilius
2475 884 2597 924 esse
2622 872 2899 939 probatur,
2930 891 3091 944 quam
3123 879 3175 931 in
3210 882 3476 940 catholica
3505 886 3613 941 ﬁde

2040 954 2235 1011 divina:
2260 959 2562 1012 concordia:
2594 960 2832 1015 Charitas
2871 963 3026 1034 [.lls.,
3062 970 3352 1025 concordia
3376 974 3616 1029 charita-

2041 1042 2155 1114 tis],
2192 1054 2252 1099 ut
2272 1061 2462 1101 omnes
2506 1064 2672 1102 unum
2698 1051 2807 1104 sint
2835 1051 2890 1105 in
2912 1053 3152 1120 Christo,
3182 1060 3275 1127 qui
3306 1078 3413 1131 pro
3429 1065 3609 1120 omni-

2036 1132 2138 1187 bus
2166 1144 2408 1189 mortuus
2431 1147 2516 1191 est
2538 1156 2552 1190 :
2579 1153 2677 1207 per
2702 1157 2860 1210 quent
2887 1146 3066 1198 cuncti
3095 1151 3379 1207 caedentes
3410 1154 3465 1207 in
3486 1170 3611 1210 eum

2036 1221 2335 1295 cﬂiciantnr
2359 1225 2453 1279 ﬁlii
2475 1235 2691 1283 :ctcrna‘.
2704 1220 3075 1288 beatitudinis.

2106 1351 2153 1407 0
2180 1352 2294 1407 Rex
2324 1366 2551 1423 augusto
2575 1356 2874 1415 clarissime
2898 1362 3090 1432 dignus
3123 1365 3349 1431 honore,

2177 1443 2244 1497 Et
2271 1444 2398 1509 dus,
2421 1455 2472 1499 et
2500 1447 2709 1512 doctor,
2740 1458 2797 1503 et
2820 1451 2983 1506 decus
3005 1454 3236 1522 imperii.

2107 1534 2185 1593 Te
2204 1535 2366 1591 Pater
2415 1546 2575 1607 atque
2597 1540 2776 1596 Patris
2800 1542 3007 1610 Proles,
3034 1555 3087 1601 te
3108 1547 3342 1617 Spiritus
3366 1551 3540 1610 almus

2179 1625 2453 1697 Protegat,
2488 1630 2709 1696 exaltct,
2736 1633 2929 1700 salvet,
2959 1636 3203 1703 honoret,
3230 1650 3393 1695 amet.

310 1716 507 1804 ·‹ῖηω·
532 1716 638 1817 esi.
666 1761 727 1808 ιιι
753 1716 1939 1830 ίηιάίιιέιῐξιοῖεῖξέειιτηῖῑῑιεξελιξτ
1967 1754 2013 1813 ιι
2108 1716 3603 1830 Q".‘i'f'_f"i'!‘_’."_°£“l‘1‘3.“?f"sr"°'"summa

2179 1805 2331 1862 lens
2351 1807 2440 1877 pia
2465 1810 2783 1877 permandct
2811 1828 3027 1884 semper
3049 1830 3233 1872 amare
3258 1818 3448 1874 Deum.

384 1984 3595 2034 -—————______.______________________

1507 2107 1863 2181 705-7”
1915 2108 2151 2169 LIBER
2192 2111 2506 2175 PRIMUS.

710 2287 1078 2346 PREFATIO
1115 2289 1193 2362 (ts
1210 2306 1359 2347 utr.
1383 2306 1503 2347 cu.
1534 2293 1599 2365 ι).
1662 2333 1666 2336 .

434 2395 494 2449 In
514 2388 733 2451 nomine
758 2405 958 2452 saneta:
982 2397 1283 2453 Trinitatis.
1298 2397 1556 2465 Quamvis
1580 2401 1725 2454 enim
1744 2401 1799 2454 in
1827 2402 1931 2455 hu-

360 2482 450 2553 ius
467 2484 641 2540 exsilii
666 2501 1025 2543 :erumnosam
1044 2489 1344 2545 caecitatem
1380 2505 1479 2561 pro
1502 2492 1780 2560 originalis
1807 2507 1935 2562 pec-

363 2578 471 2633 cati
511 2576 811 2646 justissima
844 2592 1047 2649 pmna,’
1068 2578 1262 2648 gaudio
1286 2579 1417 2653 [Αι.,
1443 2596 1476 2635 a
1513 2580 1732 2655 gaudio]
1758 2583 1932 2639 beata:

365 2667 635 2725 felicitatis
661 2668 851 2737 dejecti
900 2671 1089 2738 simus,
1118 2687 1227 2726 non
1257 2680 1434 2727 tamen
1462 2673 1539 2726 ita
1567 2673 1692 2727 inde
1717 2674 1931 2744 prascisi

364 2758 525 2827 atque
552 2759 765 2828 abrupti
792 2773 977 2814 sumus
1002 2798 1019 2823 ,
1063 2767 1126 2813 ut
1152 2760 1316 2814 etiam
1344 2762 1399 2815 in
1428 2762 1547 2817 istis
1584 2763 1934 2819 mutabilibus

363 2854 418 2902 et
444 2846 1211 2917 temporalibusieternitatem,
1229 2850 1533 2916 veritatem,
1545 2851 1930 2907 beatitudinem

363 2951 604 3006 quareve
630 2936 713 2992 vel
746 2936 1061 2993 desiderare
1085 2938 1412 3010 ignoremus.
1436 2938 1589 3006 Quod
1608 2955 1676 2994 es
1699 2954 1766 2995 eo
1804 2956 1930 3011 per-

362 3027 606 3097 spicuum
631 3035 735 3094 est,
755 3030 897 3099 quod
946 3044 1049 3085 nec
1088 3030 1223 3085 mori
1244 3072 1263 3097 ,
1308 3046 1409 3087 nec
1433 3030 1543 3086 falli
1567 3072 1585 3096 ,
1614 3047 1716 3088 nec
1743 3034 1926 3089 miseri

361 3130 483 3170 esse
503 3115 833 3171 voluntatem
852 3117 1131 3175 habemus.
1162 3120 1315 3175 Unde
1338 3135 1407 3176 ex
1436 3122 1540 3177 hoc
1565 3123 1798 3177 naturali
1845 3124 1930 3179 in-

363 3205 561 3259 stinctu
582 3205 770 3260 beatos
799 3220 918 3261 esse
941 3207 1079 3263 velle
1099 3206 1391 3281 [omnibus]
1416 3225 1701 3267 commune
1724 3220 1811 3268 est
1830 3214 1929 3270 ho-

362 3295 627 3361 minibus;
678 3294 806 3351 licet
838 3296 1051 3352 diverso
1076 3294 1237 3367 modo
1276 3298 1331 3353 in
1355 3300 1552 3356 animis
1599 3301 1928 3371 singulorum

291 3439 295 3443 .
361 3387 707 3443 beatitudinis
725 3388 992 3458 appetitus
1009 3388 1123 3443 ﬁat.
1146 3386 1376 3456 Quidam
1396 3407 1527 3446 vero
1544 3392 1761 3447 beatum
1783 3394 1929 3447 :esti-

362 3479 584 3533 mabant
604 3478 738 3550 [Αι.,
773 3466 1061 3553 aestimant]
1089 3478 1209 3537 esse
1258 3497 1424 3553 regno
1466 3485 1628 3552 potiri
1669 3492 1924 3551 terreno;

362 3566 453 3620 alii
473 3567 673 3622 divitiis
696 3568 1002 3635 abundare;
1032 3570 1123 3625 alii
1179 3572 1472 3628 honoribus
1500 3574 1758 3640 exaltari;
1808 3577 1929 3645 qui-

364 3654 484 3708 dam
510 3670 641 3709 vero
674 3655 923 3713 laudibus
942 3657 1187 3714 celebres
1231 3673 1357 3727 esse,
1374 3661 1634 3731 gaudent;
1660 3661 1751 3715 alii
1776 3662 1927 3716 volu—

361 3744 599 3813 ptatibus
626 3746 834 3802 inhiant
866 3730 1207 3814 carnalibus;
1262 3752 1356 3805 sed
1383 3730 1720 3820 nequaquam
1747 3751 1803 3805 in
1828 3752 1929 3806 hu-

357 3832 446 3901 jus
468 3838 594 3890 vita:
616 3836 948 3893 volubilitate
982 3854 1110 3895 vera
1137 3839 1364 3895 inveniri
1403 3841 1601 3911 poterit
1629 3840 1925 3897 beatitudo.

364 3923 627 3989 Quocirca
651 3935 768 3983 tota
797 3937 1109 3985 sanctarum
1127 3932 1296 3987 series
1325 3932 1732 4002 Scripturarum
1768 3949 1869 3989 nos
1894 3949 1927 3987 a

364 4014 595 4070 terrenis
619 4008 959 4072 ad'cmlestia
1009 4018 1144 4086 erigi
1170 4021 1524 4085 adhortatur,
1572 4021 1663 4075 ubi
1711 4037 1838 4075 vera
1874 4031 1931 4075 et

363 4108 684 4177 sempiterna
709 4117 791 4168 est
830 4110 1135 4176 beatitudo;
1178 4111 1245 4165 ad
1278 4126 1439 4180 quam
1468 4111 1570 4166 nisi
1620 4126 1718 4182 per
1766 4113 1926 4166 ﬁdem

361 4198 638 4256 catholicae
656 4200 824 4269 pacis,
852 4208 1172 4269 cooperante
1192 4200 1454 4255 charitate
1482 4200 1577 4254 Dei
1603 4208 1658 4255 et
1673 4201 1927 4271 proximi,

363 4292 628 4347 neminem
656 4292 938 4360 penesire
960 4307 1117 4361 posse
1150 4292 1511 4348 certissimum
1535 4301 1640 4348 est.

515 4424 670 4494 707
696 4422 923 4478 CAPUT
957 4422 1226 4480 PRIMUM
1250 4423 1333 4496 (tu
1357 4442 1503 4481 sntr.
1525 4443 1643 4481 car.
1668 4427 1752 4498 ll).

364 4536 516 4602 Quod
546 4537 615 4590 ad
636 4553 804 4591 veram
837 4537 1205 4611 beatitudinem
1230 4542 1331 4594 nisi
1364 4558 1458 4611 per
1493 4542 1651 4611 ﬁdem
1695 4542 1917 4598 catholi-

496 4618 505 4625 °
732 4622 848 4659 cans
872 4610 1135 4675 pervenire
1157 4625 1305 4663 nemo
1323 4610 1528 4680 poterit.

430 4714 666 4788 Denique
686 4718 753 4772 ad
782 4732 965 4772 veram
1010 4718 1398 4777 beatitudinem
1424 4725 1707 4790 pervenire
1736 4726 1918 4780 volen-

362 4805 507 4861 tibus
535 4807 708 4875 primo
742 4807 983 4863 omnium
1006 4806 1137 4862 ﬁdes
1179 4812 1483 4865 necessaria
1511 4822 1613 4877 est,
1634 4816 1773 4869 sicut
1797 4832 1923 4887 apo-

360 4895 549 4950 stolica
574 4898 725 4952 docet
750 4899 1066 4963 auctoritas,
1095 4899 1315 4953 dicens:
1337 4899 1449 4954 sine
1480 4901 1586 4969 ﬁde
1608 4904 1924 4973 impossibile

360 4995 437 5038 est
463 4983 568 5039 Deo
589 4986 791 5055 placere
823 4987 1009 5059 (Hebr.
1038 5005 1117 5054 ιι,
1149 4982 1224 5060 6).
1254 4989 1478 5045 Constat
1500 5007 1628 5062 ergo
1654 4995 1922 5051 neminem

360 5077 431 5132 ad
464 5090 649 5131 veram
674 5081 958 5147 pervenire
999 5097 1158 5157 posse
1202 5082 1587 5137 beatitudinem
1614 5124 1630 5149 ,
1682 5085 1785 5141 nisi
1815 5087 1924 5142 Deo

358 5166 594 5237 placeat;
622 5174 678 5221 et
703 5167 815 5221 Deo
840 5171 1107 5225 neminem
1154 5171 1369 5241 placere
1395 5190 1575 5244 posse,
1605 5175 1707 5229 nisi
1744 5189 1843 5244 per
1863 5176 1925 5230 ﬁ-

358 5255 505 5313 deut.
542 5253 696 5309 Fides
721 5269 951 5324 namque
986 5258 1115 5331 [est]
1155 5260 1419 5316 bonorum
1447 5263 1687 5317 omnium
1728 5262 1920 5319 funda-

312 5394 331 5407 .
358 5348 621 5401 Mum.
656 5343 818 5400 Fides
842 5345 1188 5405 esthumanm
1210 5351 1399 5405 salutis
1416 5351 1656 5416 initium;
1684 5352 1799 5406 sine
1819 5352 1922 5409 hac

356 5430 862 5489 uetnoad'ﬁliorum
889 5434 983 5491 Dei
1030 5447 1209 5508 potest
1234 5444 1560 5497 consortium
1604 5444 1918 5511 pervenire;

1954 2994 2002 3057 C

1952 4342 2002 4401 D

2034 2295 2161 2365 quia
2181 2294 2297 2350 sine
2337 2296 2453 2365 ipsa
2475 2312 2576 2352 nec
2610 2299 2665 2353 in
2696 2300 2800 2355 hoc
2823 2304 3020 2358 seculo
3040 2306 3322 2376 quisquam
3344 2310 3604 2381 justitica-

2031 2383 2194 2437 tionis
2220 2386 2570 2455 consequitur
2595 2390 2846 2457 gratiam,
2870 2408 2970 2447 nec
2992 2394 3044 2447 in
3072 2395 3257 2452 futuro
3282 2402 3445 2457 vitam
3483 2422 3607 2474 ῃοδρ

2030 2470 2227 2533 sidebit
2248 2481 2526 2527 aeternam.
2557 2474 2626 2529 Et
2649 2478 2694 2531 si
2718 2481 2839 2547 quis
2875 2481 2965 2535 hic
2992 2498 3098 2537 non
3130 2470 3605 2563 ambulaverit-per

2031 2562 2213 2634 ﬁdem,
2237 2580 2347 2619 non
2373 2568 2651 2636 perveniet
2679 2571 2746 2624 ad
2770 2573 3001 2640 speciem
3029 2576 3201 2636 beata:
3250 2582 3471 2639 visionis
3501 2562 3606 2639 Do-

2031 2654 2164 2708 mini
2192 2646 2362 2710 nmtri
2381 2655 2508 2711 .lesu
2528 2657 2748 2713 Christi.
2772 2660 3003 2718 Proinde
3028 2668 3204 2723 omnis
3231 2671 3410 2727 anima
3440 2677 3601 2732 ratio-

2032 2744 2174 2802 nalis
2217 2755 2376 2802 attate
2401 2764 2639 2818 congrua
2667 2743 2839 2806 discat
2880 2753 3037 2809 ﬁdem
3084 2760 3403 2816 catholicam
3424 2805 3439 2828 ,
3481 2782 3602 2819 ma-

2030 2837 2176 2891 xime
2202 2838 2382 2907 populi
2417 2839 2803 2908 prmdicatores
2824 2844 3138 2914 Christiani,
3177 2860 3233 2905 et
3252 2854 3603 2913 ecclesiarum

2030 2925 2126 2980 Dei
2147 2926 2414 2993 doctores,
2443 2938 2505 2983 ut
2530 2932 2737 3000 possint
2756 2934 2969 2990 veritati
2992 2941 3485 3002 contradicentibus
3508 2963 3598 3003 re-

2028 3016 2243 3095 sistere,
2286 3025 2345 3073 et
2390 3020 2709 3076 catholicam
2753 3026 3057 3081 amantibus
3102 3045 3290 3099 pacem
3324 3038 3600 3104 prodesse.

2028 3092 2311 3171 Quomodo
2331 3109 2544 3165 docebit
2570 3112 2692 3180 quis
2728 3114 2869 3182 quod
2896 3131 3002 3169 non
3029 3092 3256 3175 didicit?
3296 3092 3390 3178 vet
3419 3128 3598 3197 quali-

2031 3203 2112 3251 ter
2152 3208 2338 3273 pastor
2370 3215 2490 3256 esse
2524 3205 2748 3271 poterit,
2799 3206 2843 3261 si
2878 3223 3016 3277 pane
3063 3211 3187 3267 vita:
3234 3230 3449 3286 gregem
3496 3220 3600 3274 sibi

2028 3289 2372 3344 commissum
2396 3305 2619 3358 pascere
2648 3293 2895 3362 ignorat?
2922 3296 3032 3351 Nec
3045 3302 3332 3357 erubescat
3349 3308 3597 3361 nesciens

2026 3376 2233 3432 discere
2259 3380 2401 3448 quod
2444 3382 2672 3450 ignorat,
2719 3399 2821 3439 nec
2866 3388 3042 3442 sciens
3068 3393 3253 3446 tardus
3303 3395 3375 3447 sit
3406 3397 3601 3453 docere.

2026 3466 2167 3533 quod
2195 3466 2361 3553 novit.
2395 3469 2542 3524 Sciat
2579 3481 2811 3543 uterque
2858 3490 2919 3530 se
2951 3493 3049 3531 suo
3090 3480 3317 3538 Domino
3368 3498 3601 3557 acceptas

2024 3548 2265 3625 pecunite
2307 3560 2567 3615 rationem
2599 3564 2953 3620 redditurum.
2983 3569 3133 3625 Tunc
3183 3548 3595 3632 desiderabilem

2026 3644 2199 3699 ﬁdelis
2221 3661 2411 3702 servus
2450 3651 2631 3705 audiet
2659 3669 2848 3709 vocem
2897 3657 3108 3714 Domini
3157 3652 3419 3720 dicentis:
3450 3667 3599 3735 Euge

2024 3752 2169 3790 serue
2205 3736 2335 3792 bone
2362 3750 2413 3793 et
2440 3741 2633 3809 ﬁdelis,
2661 3746 2785 3814 quia
2807 3764 2962 3817 super
2984 3768 3151 3818 postea
3198 3753 3348 3819 fuisti
3386 3755 3557 3823 ﬁdelis
3582 3799 3601 3821 ,

2025 3841 2185 3894 supra
2213 3827 2379 3881 multa
2404 3838 2454 3883 te
2480 3834 2815 3897 constituam,
2836 3836 2977 3896 intra
3018 3837 3073 3890 in
3115 3841 3365 3908 gaudium
3389 3844 3600 3900 Domini

2025 3913 2126 3967 Dei
2147 3916 2226 3967 tui
2255 3914 2469 3985 (Natta.
2503 3934 2628 3982 xxv,
2650 3920 2763 3988 2|).

2379 4042 2604 4100 CAPUT
2641 4046 2683 4100 ll
2715 4047 2790 4117 (Ix
2816 4067 2963 4106 son.
2988 4069 3104 4109 car.
3133 4059 3238 4128 Ill).

2167 4165 2195 4195 ι
2222 4155 2302 4209 De
2330 4159 2528 4212 unitate
2552 4160 2824 4218 Trinitatis
2851 4176 2899 4220 et
2931 4168 3185 4225 Trinitate
3214 4175 3447 4229 unitatis.

2097 4267 2286 4325 Omnis
2344 4272 2527 4343 itaque
2553 4274 2829 4346 Scriptura
2856 4280 3069 4337 Veteris
3125 4301 3187 4339 ac
3233 4286 3367 4343 Novi
3414 4282 3598 4345 Testa-

2025 4359 2190 4412 menti
2216 4360 2469 4417 divinitus
2483 4364 2761 4433 inspirata,
2785 4368 2829 4422 si
2856 4371 3119 4427 catholico
3141 4376 3475 4448 intelligitur,
3496 4382 3600 4437 hoc

2023 4449 2262 4504 insinuat
2307 4452 2449 4520 quod
2500 4454 2662 4510 Pater
2706 4465 2761 4511 et
2797 4459 2965 4535 Filius
3009 4474 3064 4519 et
3104 4466 3334 4536 Spiritus
3381 4482 3601 4530 sanctus

2024 4553 2165 4593 unus
2188 4540 2259 4594 sit
2283 4540 2423 4598 Deus
2438 4543 2676 4612 ejusdem
2703 4548 3036 4619 substantiae,
3063 4557 3328 4626 uniusque
3349 4562 3599 4616 essentia:

2025 4640 2186 4701 atque
2203 4634 2577 4705 inseparabilis
2597 4638 2651 4693 in
2673 4639 2953 4696 divinitate
2972 4644 3212 4700 unitatis.
3238 4647 3467 4719 Ideoque
3488 4666 3595 4711 non

2024 4731 2150 4776 sunt
2172 4731 2282 4779 tres
2309 4725 2403 4787 dii,
2432 4726 2525 4779 sed
2552 4742 2693 4782 unus
2720 4728 2861 4785 Deus
2887 4731 3049 4788 Pater
3067 4744 3122 4789 et
3145 4736 3315 4790 Filius
3341 4745 3395 4792 et
3421 4724 3595 4807 Spiri-

2024 4820 2110 4866 tus
2138 4824 2377 4879 sanctus,
2405 4817 2650 4883 quamvis
2686 4818 2847 4875 Pater
2871 4822 3063 4877 Filium
3093 4826 3351 4894 genuerit,
3380 4834 3434 4880 et
3471 4827 3593 4884 ideo

2024 4902 2191 4959 Filius
2210 4921 2316 4961 non
2344 4909 2413 4961 sit
2432 4908 2524 4975 qui
2547 4908 2708 4964 Pater
2734 4920 2817 4967 est
2834 4930 2847 4976 ;
2864 4913 3137 4983 Piliusque
3156 4930 3185 4968 a
3215 4916 3379 4972 Patre
3403 4918 3473 4973 sit
3502 4934 3593 4991 ge-

2024 4994 2189 5058 nitus,
2211 5004 2266 5050 et
2291 4996 2411 5051 ideo
2436 4997 2596 5053 Pater
2617 5015 2723 5055 non
2752 5005 2822 5056 sit
2862 5006 2951 5073 qui
2994 5005 3159 5059 Filius
3186 5015 3304 5069 est;
3360 5006 3594 5076 Spiritus

2024 5094 2242 5142 sanctus
2277 5104 2376 5143 nec
2404 5088 2565 5143 Pater
2582 5093 2666 5155 sit,
2694 5109 2795 5149 nec
2827 5095 3012 5157 Filius,
3050 5096 3142 5150 sed
3182 5107 3389 5153 tantum
3418 5099 3593 5157 Patris

2025 5182 2080 5227 et
2103 5174 2223 5229 Filii
2249 5173 2505 5246 Spiritus,
2534 5179 2681 5235 Patri
2706 5192 2759 5235 et
2780 5183 2917 5237 Filio
2946 5187 3109 5240 etiam
3144 5189 3260 5257 ipse
3281 5189 3589 5259 cozequalis.

2023 5271 2076 5317 et
2102 5265 2169 5317 ad
2195 5265 2472 5321 Trinitatis
2494 5269 2767 5336 pertinens
2805 5274 3088 5330 unitatem.
3129 5277 3201 5348 Et
3218 5279 3330 5332 hmc
3358 5277 3595 5333 Trinitas

2023 5368 2163 5408 unus
2179 5364 2267 5408 est
2285 5356 2445 5420 Deus,
2466 5372 2532 5410 ex
2561 5372 2667 5427 quo
2699 5361 2878 5415 omnia
2907 5362 3027 5434 [per
3069 5379 3226 5431 quem
3273 5365 3451 5419 omnia
3477 5404 3493 5430 ,
3534 5368 3589 5420 in

2023 5458 2132 5513 quo
2169 5444 2373 5516 omnia]
2396 5485 2413 5509 ,
2458 5447 2615 5501 beato
2647 5449 2810 5505 Paulo
2854 5450 3092 5519 apostolo
3134 5455 3422 5507 'attestante
3446 5492 3462 5518 ,
3498 5454 3588 5507 ubi

346 5590 387 5626 ,ε
430 5558 459 5587 ι
494 5543 604 5609 AL,
621 5543 753 5611 Cum
776 5546 845 5601 sit
870 5563 987 5626 sera
1014 5549 1141 5613 ﬁdes
1158 5552 1181 5605 .9
1198 5552 1303 5619 AL,
1323 5552 1473 5618 Quod
1489 5556 1556 5607 sit
1584 5570 1742 5626 ταῖςιτέ
1758 5553 1920 5623 Deus,
1957 5555 2117 5610 Pater
2144 5565 2191 5608 et
2223 5554 2269 5607 Γ
2271 5556 2393 5611 ilius
2417 5566 2465 5611 et
2523 5548 2748 5626 Spiritus
2776 5570 3007 5623 sanctus,
3045 5570 3094 5612 et
3121 5571 3294 5615 tamen
3329 5562 3587 5617 distimtx

356 5613 501 5669 bur
517 5629 826 5676 “me
852 5616 1037 5672 divina:
1065 5613 1406 5677 θοίνην-κέντει
1445 5624 1815 5680 coessentiales.
