4228 6246
553 312 641 368 is

551 516 739 581 omnia,
756 518 851 587 ipsi
879 516 1045 587 gloria
1072 519 1125 568 in
1154 516 1344 570 swcula
1368 519 1675 573 saeculorum
1697 519 1872 590 (Rom.
1901 537 1977 586 ιι,
1996 523 2105 592 56).

554 609 632 682 [In
662 624 791 663 mss.
817 609 904 663 bic
942 616 1024 662 est
1072 608 1277 661 initium
1308 624 1427 677 cap.
1480 610 1557 681 5.]
1600 611 1895 666 Tene-amas
1948 612 2111 682 igitur

514 700 854 754 'ﬂrmissime
883 698 1092 752 Patrem
1141 707 1193 752 et
1232 698 1426 752 Filium
1454 710 1508 752 et
1556 699 1811 768 Spiritum
1864 711 2111 756 sanctum

552 804 715 843 unum
741 803 858 843 esse
898 787 1216 841 naturaliter
1263 787 1467 841 Deum:
1500 803 1672 859 neque
1710 799 1888 844 tamen
1935 791 2110 859 ipsum

550 880 763 933 Patrem
802 894 922 934 esse
956 878 1045 947 qui
1084 878 1249 932 Filius
1270 887 1372 943 est,
1403 894 1503 935 nec
1541 879 1735 934 Filium
1777 881 1949 950 ipsum
1993 896 2112 935 esse

551 972 643 1040 qui
665 971 828 1025 Pater
852 977 951 1033 est,
981 984 1076 1022 nec
1108 968 1365 1037 Spiritum
1385 979 1629 1025 sanetum
1659 970 1833 1040 ipsum
1868 985 1985 1026 esse
2019 973 2112 1040 qui

549 1059 711 1115 Pater
743 1061 1016 1114 autFilius
1045 1069 1145 1114 est.
1178 1060 1293 1115 Una
1323 1067 1407 1115 est
1443 1060 1585 1114 enim
1612 1060 1787 1115 Patris
1812 1070 1866 1114 et
1890 1061 2017 1115 Filii
2054 1070 2109 1116 et

555 1149 783 1217 Spiritus
812 1149 978 1203 sancti
1004 1149 1254 1203 essentia.
1277 1147 1336 1201 In
1382 1163 1485 1217 qua
1508 1164 1611 1202 non
1636 1157 1719 1203 est
1737 1149 1880 1204 aliud
1907 1150 2069 1204 Pater
2092 1190 2108 1215 ,

554 1242 694 1295 aliud
725 1241 907 1302 Filius;
932 1240 1073 1294 aliud
1098 1239 1329 1307 Spiritus
1356 1247 1604 1304 sanctus;
1654 1241 1898 1310 quamvis
1922 1255 2110 1308 perso-

552 1332 743 1389 naliter
768 1331 837 1384 sit
857 1330 989 1383 alius
1008 1329 1184 1392 Pater,
1212 1329 1346 1383 alius
1370 1329 1555 1392 Filius,
1578 1329 1715 1383 alius
1740 1327 1971 1398 Spiritus
1991 1345 2113 1382 san-

552 1436 686 1478 ctus.
717 1422 871 1489 Quod
895 1421 1046 1474 nobis
1077 1422 1306 1474 maxime
1332 1420 1385 1473 in
1409 1421 1525 1487 ipso
1546 1428 1848 1475 sanctarum
1863 1419 2108 1489 Scriptu-

552 1529 730 1569 rarum
781 1514 1176 1567 demonstratur
1205 1511 1388 1573 initio,
1434 1509 1520 1563 ubi
1559 1510 1699 1564 Deus
1726 1510 1892 1565 dicit:
1920 1509 2112 1566 Facia-

552 1622 666 1658 mus
702 1604 954 1656 hominem
985 1602 1052 1653 ad
1082 1601 1354 1670 imaginem
1384 1611 1430 1653 et
1458 1599 1849 1655 similitudinem
1885 1610 2110 1655 nostram

492 1708 497 1711 ‘
555 1692 703 1765 (Gen.
737 1710 773 1757 ι,
800 1678 907 1759 26).
933 1692 1064 1747 Cum
1094 1692 1233 1745 enim
1280 1691 1537 1761 singulari
1579 1706 1803 1747 numero
1827 1693 2112 1748 dixitima—

553 1784 742 1852 ginem,
763 1781 994 1836 ostendit
1014 1796 1172 1833 unam
1207 1788 1453 1833 naturam
1476 1795 1616 1843 esse,
1638 1781 1705 1855 ad
1730 1781 1880 1850 cujus
1925 1782 2113 1852 imagi-
2143 1773 2189 1831 Β

555 1888 676 1926 nem
703 1873 861 1925 homo
882 1871 1056 1935 ﬁeret;
1089 1886 1209 1924 cum
1228 1883 1353 1925 vero
1380 1870 1511 1924 dicit
1534 1870 1815 1940 pluraliter
1862 1882 2110 1938 nostram,

555 1963 787 2019 ostendit
813 1962 998 2027 Deum,
1031 1963 1097 2016 ad
1118 1960 1269 2029 cujus
1303 1963 1590 2032 imaginem
1615 1962 1773 2017 homo
1802 1963 1981 2028 ﬁebat,
2008 1982 2110 2020 non

554 2069 717 2107 unam
741 2068 857 2107 esse
900 2068 1200 2122 personam.
1255 2053 1309 2106 Si
1333 2053 1472 2106 enim
1513 2053 1600 2107 illa
1626 2068 1730 2106 una
1756 2057 1987 2108 essentia
2014 2056 2116 2109 Pa-

557 2145 656 2197 tris
680 2151 733 2196 ct
755 2142 875 2196 Filii
910 2152 966 2197 et
992 2142 1220 2211 Spiritus
1246 2146 1415 2199 sancti
1438 2160 1543 2198 una
1564 2156 1705 2199 esset
1731 2161 1976 2214 persona,
2007 2162 2111 2200 non

561 2234 828 2286 diceretur
852 2232 919 2284 ad
974 2234 1249 2301 imaginem
1299 2242 1555 2297 nostram,
1612 2235 1703 2289 sed
1728 2234 1795 2287 ad
1838 2236 2112 2305 imaginem

565 2340 765 2387 meam;
800 2339 897 2378 nec
923 2323 1142 2377 dixisset
1171 2324 1456 2392 faciamus;
1510 2326 1625 2389 sed,
1659 2325 1870 2394 faciam.
1901 2325 1956 2378 Si
1986 2312 2114 2379 vero

559 2412 610 2465 in
647 2414 747 2467 illis
784 2413 950 2468 tribus
979 2412 1220 2481 personis
1252 2421 1564 2467 trcS'csscnt
1593 2414 1976 2483 intelligendm,
2031 2412 2115 2467 vcl

561 2507 834 2560 credendae
863 2504 1169 2559 substantiae
1191 2543 1206 2566 ,
1238 2520 1343 2557 non
1386 2504 1652 2558 diceretur
1678 2544 1692 2567 ,
1738 2504 1805 2555 ad
1837 2504 2114 2571 imaginem

560 2608 807 2657 nostram,
835 2594 947 2657 sed,
970 2594 1038 2646 ad
1058 2595 1307 2662 imagines
1336 2605 1554 2647 nostras.
1586 2593 1690 2647 Sed
1715 2595 1779 2647 ad
1809 2608 1966 2647 unam
1984 2594 2117 2646 ima-

561 2689 733 2754 ginem
758 2686 915 2737 unius
944 2684 1058 2747 Dei,
1083 2685 1241 2738 homo
1265 2682 1435 2738 factus
1459 2685 1672 2747 dicitur,
1703 2692 1760 2736 ut
1784 2700 1888 2737 una
1920 2692 2116 2739 sancta:

542 2758 851 2831 Trinitatis
892 2776 1242 2831 essentialitcr
1303 2776 1550 2830 divinitas
1616 2777 1905 2830 intimetur.
1967 2774 2117 2828 Hanc

562 2881 771 2936 quoque
796 2867 1106 2921 Trinitatem
1152 2867 1313 2935 708
1337 2878 1713 2935 personarum,
1744 2875 1901 2934 atque
1944 2867 2117 2917 unita—

563 2968 668 3009 tem
694 2964 911 3021 naturae,
930 2957 1181 3025 propheta
1197 2957 1357 3010 Isaias
1378 2956 1665 3010 revelatam
1688 2956 1784 3009 sibi
1812 2970 1914 3008 non
1933 2955 2116 3017 tacuit,

563 3066 682 3106 cum
728 3064 784 3103 se
818 3049 941 3103 dicit
967 3047 1244 3116 Seraphin]
1274 3047 1469 3099 vidisse
1504 3046 1787 3100 clamantia
1818 3064 1828 3097 :
1860 3044 2079 3099 Sanctus
2102 3086 2115 3108 ,

565 3138 804 3199 Sanctus,
830 3138 1073 3201 Sanctus,
1104 3137 1352 3189 Dominus
1388 3136 1525 3190 Deus
1558 3135 1781 3190 Sabaoth
1821 3135 1970 3207 (Isai.
1998 3136 2071 3207 vn)
2102 3157 2112 3190 :

564 3231 654 3287 ubi
675 3244 892 3299 prorsus
922 3230 1086 3291 in‘eo,
1142 3228 1279 3296 quod
1309 3228 1503 3283 dicitur
1532 3229 1707 3293 tertio,
1732 3226 1971 3293 Sanctus,
2002 3244 2120 3296 per-

565 3334 816 3377 SOuarum
837 3318 1180 3383 Trinitatem;
1212 3318 1263 3371 in
1286 3331 1351 3371 eo
1372 3332 1518 3382 vero,
1541 3318 1682 3386 quod
1713 3317 1874 3371 semel
1901 3318 2117 3382 dicitur,

562 3410 816 3465 Dominus
839 3410 978 3463 Deus
1019 3408 1268 3472 Sabaoth,
1299 3408 1491 3462 divina:
1524 3414 1727 3461 natura:
1755 3410 2123 3477 cognoscimus

570 3502 824 3557 unitatem
854 3510 901 3551 α.
938 3484 1100 3552 Plane
1137 3482 1338 3566 absque
1366 3498 1511 3553 omni
1549 3497 1879 3567 dubitatione
1902 3499 2124 3553 creden-

568 3592 695 3646 dum
737 3597 820 3642 est
874 3587 1085 3656 Patrem
1130 3598 1183 3642 et
1234 3587 1425 3643 Filium
1479 3597 1532 3642 et
1570 3588 1829 3658 Spiritum
1879 3599 2124 3644 sanctum

570 3698 730 3737 unum
759 3696 876 3735 esse
918 3680 1195 3735 Dominum
1227 3680 1358 3750 [ΑΙ.,
1396 3680 1624 3753 Deum],
1669 3684 2085 3751 omnipotentem
2106 3725 2120 3749 ,

569 3769 1363 3835 aternum,incommutabilem.
1392 3769 1457 3823 Et
1478 3769 1716 3838 singulus
1740 3772 1928 3825 horum
1955 3773 2121 3835 Deus;

574 3872 627 3914 et
656 3860 809 3915 simul
830 3876 1014 3914 omnes
1062 3876 1199 3913 unus
1224 3859 1386 3920 Detts,
1417 3865 1470 3913 et
1515 3858 1753 3927 singulas
1781 3860 2002 3928 quisque
2032 3862 2126 3915 h0-

578 3968 691 4007 rum
714 3951 886 4021 plena,
919 3960 969 4002 et
1003 3948 1255 4017 perfecta,
1286 3957 1339 4004 et
1358 3957 1557 4004 aeterna
1610 3949 1908 4004 substantia
1941 3950 2017 4022 [et
2055 3953 2128 4007 si-

580 4041 685 4094 mul
710 4055 892 4093 omnes
918 4056 1018 4092 una
1066 4037 1401 4109 substantia].
1429 4032 1560 4104 Quia
1587 4040 1839 4109 quidquid
1863 4050 1943 4095 est
1970 4042 2127 4095 Pater

578 4146 680 4198 quo
716 4128 847 4200 [Al.,
877 4128 1034 4196 quod,
1070 4136 1115 4178 ct
1147 4127 1219 4178 ita
1254 4125 1428 4196 porro]
1455 4126 1593 4179 Deus
1630 4135 1727 4187 est,
1758 4144 1863 4197 quo
1885 4128 2127 4186 substan-

578 4220 646 4272 tia
671 4227 773 4281 est,
802 4231 905 4286 quo
931 4216 1201 4268 aeternitas
1239 4224 1342 4279 est,
1369 4215 1469 4269 hoc
1496 4214 1664 4270 Filius
1689 4256 1703 4279 ,
1754 4217 1853 4271 hoc
1901 4217 2129 4288 Spiritus

579 4318 791 4365 sanctus
828 4317 927 4363 est.
954 4308 1221 4362 ltaretiam
1253 4316 1309 4362 et
1340 4300 1523 4374 Filius,
1552 4326 1616 4365 eo
1661 4313 1799 4379 quod
1828 4313 1964 4368 Deus
2012 4323 2124 4379 est,

581 4413 686 4469 quo
710 4399 998 4454 substantia
1045 4387 1156 4462 est,
1202 4412 1307 4465 quo
1349 4399 1618 4454 aeternitas
1662 4410 1763 4465 est,
1792 4401 1917 4473 [hoc
1968 4404 2127 4459 Pater

584 4489 706 4559 est],
736 4490 835 4543 hoc
888 4488 1116 4557 Spiritus
1175 4495 1391 4542 sanctus
1436 4498 1536 4543 est.
1586 4490 1653 4543 Et
1700 4492 1955 4561 quidquid
2002 4493 2124 4562 Spi-

588 4576 717 4629 ritus
765 4585 977 4631 sanctus
1020 4585 1133 4640 est,
1181 4591 1246 4631 co
1286 4592 1390 4645 quo
1413 4577 1552 4632 Deus
1576 4586 1676 4642 est,
1702 4594 1806 4647 quo
1832 4581 2127 4634 substantia

583 4672 683 4728 est,
716 4680 819 4734 quo
843 4667 1109 4721 mternitas
1136 4677 1239 4730 est,
1268 4668 1370 4721 hoc
1401 4655 1573 4721 Pater
1593 4678 1673 4721 est
1706 4677 1759 4720 et
1790 4668 1977 4734 Filius,
2024 4686 2129 4722 una

590 4756 644 4806 in
673 4755 842 4809 tribus
879 4756 1154 4819 divinitas,
1198 4774 1301 4810 una
1321 4759 1571 4819 essentia,
1601 4775 1703 4811 una
1725 4761 2129 4828 omnipotehtia,

587 4854 639 4896 et
677 4846 925 4914 quidquid
970 4845 1385 4900 substantialiter
1428 4847 1491 4900 de
1547 4847 1654 4902 Deo
1695 4848 1795 4902 dici
1840 4856 2033 4916 potest.
2076 4850 2133 4901 Si

516 4974 519 4975 ν
592 4934 724 4988 forte
746 4934 807 4987 de
835 4934 944 4987 solo
962 4933 1121 4985 Patre
1136 4933 1491 5000 interrogatus
1513 4934 1696 4997 fueris,
1719 4936 1843 5002 quid
1866 4936 2133 4991 sitPater?

594 5020 865 5090 responde,
904 5020 1060 5074 Deus.
1124 5010 1482 5087 Interrogatus
1531 5023 1596 5077 de
1642 5023 1804 5087 Filio,
1841 5027 2134 5096 responde,

594 5112 745 5164 Deus.
797 5110 1147 5177 Interrogatus
1196 5111 1259 5163 de
1308 5109 1507 5177 Spiritu
1565 5121 1781 5175 sancto,
1836 5117 2135 5185 responde,

592 5200 746 5255 Deus.
778 5199 833 5253 Si
862 5200 1215 5268 interrogatus
1244 5200 1406 5254 fueris
1434 5202 1588 5255 simul
1615 5204 1678 5256 de
1699 5204 1879 5275 Patre,
1904 5217 1958 5260 et
1980 5208 2136 5274 Filio,

516 5304 517 5307 ‘
595 5298 646 5340 et
688 5289 887 5357 Spiritu
918 5296 1120 5348 sancto,
1158 5301 1261 5339 non
1305 5289 1465 5349 deos,
1515 5291 1605 5345 sed
1638 5292 1802 5345 Deum
1851 5298 2134 5367 responde,
2198 5295 2212 5307 ’

598 5390 774 5435 unum,
802 5375 1233 5451 omnipotentem,
1259 5375 1758 5434 incommutabilem.

732 5506 787 5557 ln
823 5519 956 5577 m_ss_._
986 5507 1073 5561 hic
1102 5508 1284 5577 incipit
1330 5524 1441 5577 cap.
1467 5509 1498 5560 4
1526 5530 1537 5563 :
1576 5513 1725 5576 Quod
1752 5515 1817 5565 sit
1849 5532 1975 5570 unus
2008 5517 2143 5571 Deus

602 5571 829 5647 Pateret
852 5572 1022 5647 ilius
1055 5587 1096 5629 et
1125 5571 1345 5647 Spiritus
1374 5571 1597 5632 sanctus.

671 5644 697 5684 δ
738 5640 898 5701 Uncis
924 5645 1121 5700 inclusa
1150 5640 1463 5703 omittuntur
1491 5651 1540 5703 in
1570 5666 1696 5704 mss.

1380 315 1437 369 B.
1478 314 1538 371 Γ.
1580 316 1800 373 ALBINI
1840 317 1969 374 SEU
2007 319 2278 376 ALCUlNl
2318 321 2599 401 OPERUBl
2640 320 2816 376 PARS
2851 318 2936 389 Ill.
3707 325 3773 381 l6

550 428 621 480 ait
650 443 660 477 :
694 424 946 491 Quoniam
976 440 1037 477 ea:
1074 425 1203 492 ipso,
1232 435 1276 479 et
1321 442 1411 493 per
1432 429 1627 496 ipsum,
1679 439 1731 481 et
1759 427 1811 483 in
1842 431 1949 500 ipso
1991 442 2109 485 sunt
2142 437 2186 493 Α

2376 430 2598 488 CAPUT
2634 432 2699 487 lll
2735 433 2809 504 (IN
2835 450 2982 488 amr.
3034 447 3147 486 car.
3177 447 3259 500 tv;
3303 448 3355 488 IN
3383 449 3492 491 uss.
3523 435 3599 506 ν).

2210 541 2362 608 Quod
2406 547 2644 615 quadam
2676 548 2738 601 dc
2763 538 2870 621 Deo
2898 548 3334 621 substantialitcr,
3376 551 3614 621 quadam
3635 553 3775 609 rela-

2522 640 2525 643 λ
2790 619 2887 671 tive
2922 618 3184 671 dicuntur.

2280 722 2564 779 Sciendum
2585 736 2667 781 est
2685 729 2827 796 quod
2860 729 3102 797 quaedam
3126 730 3191 785 de
3213 731 3323 785 Deo
3352 734 3776 791 substantialitcr

2208 814 2477 880 dicuntur,
2492 825 2551 870 ut
2569 827 2673 880 est,
2694 817 2833 872 Deus
2862 821 3477 891 magnus,omnipotens,
3502 821 3599 896 [et]
3623 827 3780 897 quid-

2209 907 2336 977 quid
2360 907 2429 961 ad
2452 925 2506 962 se
2526 909 2741 973 dicitur,
2769 910 2820 963 id
2856 919 2959 975 est,
2988 901 3338 966 substantiam
3368 915 3662 971 divinitatis
3698 916 3777 973 si-

2208 996 2487 1066 gnificans.
2512 998 2766 1068 Quaedam
2797 1000 2974 1069 itaque
3006 1000 3227 1057 relative
3267 1003 3537 1070 dicuntur,
3568 1015 3629 1059 ut
3667 1006 3769 1060 Pa-

2210 1096 2292 1141 ter
2332 1088 2398 1142 ad
2424 1087 2641 1152 Filium,
2668 1098 2723 1143 et
2742 1089 2906 1146 Filius
2935 1091 2999 1144 ad
3026 1090 3262 1157 Patrem,
3292 1102 3347 1148 et
3372 1092 3603 1163 Spiritus
3650 1111 3775 1149 san-

2210 1183 2327 1230 ctus
2342 1178 2562 1231 relative
2584 1179 2650 1231 ad
2670 1170 2883 1233 Patrem
2920 1189 2970 1234 et
3002 1180 3213 1235 Filium.
3243 1181 3324 1238 Ad
3351 1198 3409 1238 se
3451 1192 3627 1239 autem
3664 1187 3776 1242 sive

2209 1264 2391 1330 Pater,
2412 1267 2524 1320 sive
2561 1266 2745 1331 Filius,
2776 1270 2887 1326 sive
2913 1270 3144 1339 Spiritus
3174 1281 3391 1328 sanctus
3437 1273 3578 1328 Deus
3622 1275 3773 1346 [sub-

2210 1354 2551 1426 stantialiter]
2580 1356 2794 1410 dicitur.
2817 1358 2999 1427 Itaque
3020 1359 3177 1414 Pater
3205 1376 3290 1426 eo,
3308 1377 3415 1431 quo
3443 1361 3577 1433 [ΑΙ.,
3601 1363 3768 1434 quod]

2210 1444 2351 1499 Deus
2371 1454 2471 1508 est,
2499 1445 2598 1500 hoc
2623 1442 2735 1513 ipso
2762 1448 3060 1502 substantia
3091 1457 3190 1503 est.
3223 1448 3357 1515 Quia
3386 1450 3622 1518 ejusdem
3650 1454 3777 1507 sub-

2210 1535 2416 1590 stantiae
2442 1536 2607 1589 Filius
2636 1535 2712 1613 [et
2735 1536 2967 1606 Spiritus
3010 1538 3272 1611 sanctus],
3302 1541 3483 1609 procul
3515 1541 3695 1603 dubio,
3722 1552 3777 1596 et

2211 1623 2375 1680 Filius
2396 1626 2552 1692 Deus,
2576 1639 2629 1683 et
2660 1627 2890 1697 Spiritus
2929 1639 3148 1684 sanctus
3178 1630 3336 1689 Deus.
3380 1632 3451 1686 At
3477 1647 3607 1687 vero
3637 1634 3778 1688 Deus

2212 1730 2276 1768 eo
2304 1732 2410 1785 quo
2459 1716 2588 1788 [Al.,
2617 1717 2781 1789 quod]
2810 1718 2969 1772 Pater
2996 1729 3109 1783 est,
3152 1720 3373 1774 relative
3400 1721 3619 1787 dicitur,
3653 1725 3776 1792 quia

2216 1821 2319 1859 non
2347 1806 2658 1861 substantiae
2686 1824 2880 1862 nomen
2908 1816 2990 1863 est
3017 1848 3032 1873 ,
3081 1809 3173 1863 sed
3198 1809 3431 1864 refertur
3466 1813 3530 1867 ad
3560 1812 3772 1868 Filium.

2216 1895 2331 1950 Non
2359 1898 2436 1952 sic
2458 1899 2684 1953 dicimus
2708 1899 2900 1954 Filium
2929 1899 3141 1955 Patrem
3184 1915 3324 1966 esse,
3347 1904 3614 1972 quomodo
3646 1903 3779 1959 dici.

2213 2002 2333 2041 mus
2356 1987 2550 2041 Filium
2576 1989 2742 2043 Deum
2788 2005 2935 2055 esse;
2978 2006 3078 2046 nec
3098 1991 3173 2044 ita
3201 1992 3429 2048 dicimus
3449 1993 3662 2048 Patrem
3694 1994 3780 2047 Fi-

2213 2077 2343 2131 lium
2367 2094 2506 2143 esse,
2534 2080 2672 2133 sicut
2711 2082 2935 2134 dicimus
2956 2081 3124 2134 Deum
3146 2068 3288 2145 esse,
3321 2083 3446 2150 quia
3478 2084 3619 2138 Deus
3653 2086 3777 2139 sub-

2214 2166 2535 2221 stantialiter
2557 2169 2779 2235 dicitur;
2804 2170 2981 2226 Pater.
3002 2178 3057 2223 et
3084 2170 3269 2235 Filius,
3293 2170 3351 2227 et
3376 2172 3610 2249 Spiritus
3649 2189 3775 2229 sum

2214 2266 2333 2314 etus
2369 2259 2590 2316 relative
2620 2261 2885 2315 dicuntur.

2390 2390 2613 2447 CAPUT
2649 2392 2717 2447 IV
2744 2394 2819 2460 (IN
2853 2410 2996 2448 sun.
3028 2409 3144 2449 car.
3169 2372 3237 2460 v;
3278 2411 3330 2449 ut
3364 2411 3475 2451 uss.
3503 2395 3599 2466 η).

2218 2500 2372 2572 Quod
2395 2500 2620 2572 Spiritus
2645 2512 2853 2557 sanctus
2902 2503 3109 2559 relative
3136 2506 3329 2559 dicitur
3367 2507 3437 2559 ad
3479 2506 3691 2561 Patrem
3726 2517 3774 2561 et

2287 2569 2483 2644 Filium
2505 2572 2587 2644 :_b
2615 2572 2725 2643 [sed
2753 2589 2855 2626 non
2879 2575 3053 2626 eodem
3075 2576 3248 2639 modo,
3276 2591 3377 2644 quo
3396 2576 3533 2629 inter
3552 2593 3604 2630 se
3620 2574 3782 2631 Pater

2285 2648 2335 2692 et
2362 2638 2577 2712 Filius].

2287 2750 2515 2827 Prorsus
2538 2762 2591 2808 ct
2617 2753 2844 2823 Spiritus
2866 2770 3083 2811 sanetus
3110 2757 3330 2811 relative
3356 2758 3553 2812 dicitur
3582 2759 3650 2813 ad
3675 2757 3778 2812 Pa-

2219 2846 2355 2895 trem
2382 2850 2437 2897 et
2472 2843 2683 2909 Filium,
2706 2846 2799 2899 sed
2828 2862 2931 2900 non
2972 2846 3157 2919 eodem
3188 2850 3361 2903 -modo
3388 2864 3493 2919 quo
3539 2849 3677 2906 inter
3720 2865 3779 2905 se

2218 2932 2382 2987 Pater
2400 2944 2455 2988 et
2477 2934 2663 2989 Filius.
2695 2935 2845 2991 Sicut
2886 2936 3029 2992 enim
3075 2938 3298 2993 relative
3315 2939 3475 2994 Pater
3519 2951 3576 2995 et
3610 2941 3779 2996 Fitius

2221 3022 2489 3088 dicuntur,
2522 3026 2591 3079 ita
2612 3033 2667 3079 et
2691 3024 2922 3095 Spiritus
2942 3037 3157 3082 sanctus
3181 3030 3247 3082 ad
3276 3029 3485 3084 Patrem
3511 3038 3563 3085 et
3587 3030 3780 3086 Filium

2141 3098 2190 3160 C
2221 3113 2608 3182 quodammodo
2664 3115 2879 3169 relative
2924 3115 3150 3181 dicitur,
3197 3119 3319 3186 quia
3350 3117 3525 3175 Patris
3568 3130 3621 3175 et
3663 3120 3784 3174 Filii

2224 3202 2451 3273 Spiritus
2472 3212 2571 3258 est.
2596 3203 2699 3258 Sed
2732 3205 2841 3274 ipsa
2881 3206 3069 3259 relatio
3104 3206 3333 3277 Spiritus
3354 3210 3520 3263 sancti
3566 3224 3670 3264 non
3710 3209 3784 3262 itt

2222 3295 2492 3363 reciproca
2523 3294 2726 3349 ratione
2756 3297 2990 3350 converti
3034 3298 3248 3365 poterit,
3274 3298 3412 3353 sicut
3430 3296 3591 3353 Pater
3618 3307 3672 3351 et
3698 3297 3786 3351 Fi-

2223 3383 2345 3437 lius.
2374 3383 2507 3437 Nam
2537 3384 2696 3437 Pater
2722 3384 2843 3439 Filii
2888 3394 3039 3454 pater
3062 3386 3280 3454 dicitur,
3310 3395 3364 3443 et
3405 3388 3572 3441 Filius
3609 3385 3786 3440 Patris

2226 3472 2363 3527 ﬁlius
2394 3473 2607 3527 dicitur.
2637 3472 2867 3543 Spiritus
2892 3490 3019 3529 vero
3053 3484 3270 3531 sanctus
3290 3475 3628 3530 uniformiter
3655 3475 3784 3531 dici-

2207 3569 2314 3614 tur
2339 3561 2404 3615 ad
2429 3561 2641 3616 Patrem
2668 3571 2722 3617 et
2741 3563 2953 3629 Filium,
2984 3565 3107 3635 quia
3128 3565 3305 3643 Patris
3325 3575 3381 3620 et
3399 3566 3519 3621 Filii
3553 3564 3788 3635 Spiritus

2226 3659 2325 3707 est.
2357 3654 2591 3707 Dicimus
2620 3654 2763 3708 enim
2797 3654 3053 3725 Spiritum
3100 3666 3359 3721 sanctum,
3395 3657 3653 3728 Spiritum
3685 3657 3785 3708 Pa-

2226 3745 2363 3797 tris:
2411 3746 2503 3798 sed
2552 3759 2657 3799 non
2703 3747 2932 3801 vicissim
2981 3748 3241 3811 dicimus,
3287 3748 3500 3801 Patrem
3554 3746 3784 3814 Spiritus

2226 3834 2412 3896 sancti,
2457 3849 2524 3888 ne
2571 3835 2709 3888 (ilius
2746 3835 2860 3902 ejus
2894 3837 3221 3905 intelligatur
3273 3836 3504 3903 Spiritus
3544 3842 3780 3887 sanctus.

2226 3924 2357 3979 Item
2382 3925 2606 3980 dicimus
2640 3926 2896 3994 Spiritum
2922 3934 3187 3988 sanctum,
3220 3924 3475 3992 Spiritum
3504 3923 3624 3977 Filii
3650 3940 3662 3977 :
3694 3924 3787 3977 sed

2226 4030 2333 4068 non
2350 4015 2599 4076 dicimus,
2621 4013 2814 4067 Filium
2864 4013 3091 4081 Spiritus
3128 4013 3319 4076 sancti,
3352 4027 3418 4065 ne
3467 4012 3625 4066 Pater
3665 4012 3789 4080 .ejus

2229 4104 2553 4173 intelligatur
2578 4102 2807 4171 Spiritus
2826 4111 3058 4157 sanctus.
3090 4103 3295 4155 Dicitur
3315 4108 3369 4154 et
3392 4101 3531 4155 idem
3558 4101 3790 4172 Spiritus

2231 4191 2492 4265 [sanctus]
2517 4193 2712 4244 donum
2739 4192 2871 4255 Dei,
2925 4191 3047 4259 quia
3076 4192 3218 4245 Deus
3260 4192 3485 4247 donator
3529 4194 3651 4247 doni
3707 4195 3789 4247 sui

2228 4288 2326 4333 est.
2358 4280 2413 4333 ln
2441 4280 2631 4349 quibus
2652 4281 2952 4335 nominibus
2981 4280 3310 4336 circumferri
3347 4292 3525 4351 potest
3552 4284 3788 4338 vicissim

2230 4370 2505 4423 relationis
2557 4356 2875 4438 regulapnt
2898 4372 2941 4425 si
2974 4373 3249 4427 dicamus:
3282 4373 3509 4427 donator
3564 4375 3685 4429 doni
3737 4385 3792 4430 et

2231 4467 2429 4520 donum
2454 4466 2742 4519 donatoris.
2772 4466 2906 4532 Quia
2951 4468 3001 4531 in
3031 4468 3115 4520 his
3146 4467 3418 4521 vocabulis
3444 4470 3614 4537 potuit
3644 4469 3791 4521 inve-

2231 4555 2333 4606 niri
2360 4555 2553 4607 usitata
2574 4554 2699 4608 huic
2737 4557 3034 4624 categorias,
3065 4570 3181 4623 qua:
3204 4555 3417 4619 dicitur,
3446 4557 3514 4609 ad
3558 4556 3787 4627 aliquid,

2233 4643 2585 4697 circumlatio.

2339 4754 2498 4823 709
2535 4766 2555 4789 π
2582 4754 2803 4811 CAPUT
2844 4757 2883 4810 ν
2916 4756 3079 4827 (εοιτ.
3106 4773 3220 4811 CAP.
3248 4775 3328 4822 vt;
3363 4776 3415 4811 tv
3441 4774 3551 4814 uss.
3576 4758 3695 4829 vn).

2242 4865 2390 4929 Quod
2431 4865 2653 4935 Spiritus
2691 4878 2899 4921 sanctus
2926 4870 3207 4922 communis
3248 4880 3321 4922 est
3359 4868 3532 4923 Patris
3579 4882 3624 4923 et
3666 4868 3789 4922 1ῖί.ϊὶ

2891 4937 3136 5007 Spiritus.
3512 4950 3515 4953 ’

2310 5044 2448 5114 Ergo
2476 5045 2578 5099 hoc
2606 5045 2798 5121 donum
2826 5045 2939 5108 Dei,
2967 5045 3019 5098 id
3049 5054 3147 5105 est,
3179 5044 3409 5114 Spiritus
3439 5056 3673 5107 sanctus,
3700 5047 3788 5112 qui

2241 5132 2306 5185 de.
2335 5132 2493 5185 Patre
2521 5141 2575 5185 et
2596 5132 2729 5185 Filio
2755 5133 3028 5201 mqualitcr
3057 5135 3312 5202 procedit,
3345 5135 3623 5191 inell‘abilis
3648 5150 3793 5203 quae-

2243 5222 2363 5273 dam
2394 5220 2567 5273 Patris
2591 5220 2812 5289 Filiique
2842 5223 3141 5277 communio
3166 5230 3264 5276 est.
3315 5224 3381 5277 Et
3419 5225 3539 5277 ideo
3568 5224 3792 5278 fortasse

2242 5308 2319 5360 sic
2347 5308 2657 5375 appellatur,
2690 5312 2823 5377 quia
2857 5310 2997 5371 Patri
3030 5321 3082 5363 et
3110 5312 3243 5366 Filio
3275 5320 3450 5379 potest
3484 5315 3668 5367 eadem
3700 5326 3793 5381 ap-

2245 5398 2455 5464 pellatio
2502 5400 2810 5461 convenire;
2865 5414 2987 5453 nam
3034 5402 3135 5455 hoc
3180 5403 3291 5469 ipse
3333 5405 3545 5470 proprie
3581 5404 3787 5461 dicitur,

2319 5538 2337 5563 ο
2368 5526 2479 5581 Hoc
2522 5529 2807 5595 capitulum
2852 5532 2979 5583 citat
3021 5531 3215 5585 .Eneas
3254 5532 3447 5593 Paris,
3478 5536 3511 5585 l.
3542 5536 3793 5587 adversus
3844 5556 3851 5563 ν

2249 5595 2482 5659 Graecos,
2512 5612 2627 5664 cap.
2665 5598 2748 5651 79.
