  <div class='ocr_page' id='page_1' title='image "/cluster/home/n/w/nwhite01/storage/ocr_20150623/101/uva.x000834944/016.png"; bbox 0 0 4192 6182; ppageno 0'>
   <div class='ocr_carea' id='block_1_1' title="bbox 323 229 3542 318">
    <p class='ocr_par' dir='ltr' id='par_1_1' title="bbox 323 229 3542 318">
     <span class='ocr_line' id='line_1_1' title="bbox 323 229 3542 318; baseline -0.003 -1"><span class='ocrx_word' id='word_1_1' title='bbox 323 265 397 318; x_wconf 73' lang='lat' dir='ltr'><strong>l7</strong></span> <span class='ocrx_word' id='word_1_2' title='bbox 440 229 450 236; x_wconf 26' lang='grc' dir='ltr'>ν</span> <span class='ocrx_word' id='word_1_3' title='bbox 968 257 1377 317; x_wconf 79' lang='lat' dir='ltr'><strong>DOCMATICA.</strong></span> <span class='ocrx_word' id='word_1_4' title='bbox 1415 287 1484 297; x_wconf 88' lang='lat'><strong><em>—</em></strong></span> <span class='ocrx_word' id='word_1_5' title='bbox 1521 257 1610 313; x_wconf 83' lang='lat' dir='ltr'><strong>DE</strong></span> <span class='ocrx_word' id='word_1_6' title='bbox 1646 255 1800 311; x_wconf 85' lang='lat' dir='ltr'><strong>FIDE</strong></span> <span class='ocrx_word' id='word_1_7' title='bbox 1838 253 1893 308; x_wconf 85' lang='lat' dir='ltr'><strong>S.</strong></span> <span class='ocrx_word' id='word_1_8' title='bbox 1937 251 2325 308; x_wconf 68' lang='lat' dir='ltr'><strong>TRIMTATIS</strong></span> <span class='ocrx_word' id='word_1_9' title='bbox 2362 252 2541 308; x_wconf 80' lang='lat' dir='ltr'><strong>LlBlll</strong></span> <span class='ocrx_word' id='word_1_10' title='bbox 2579 253 2663 306; x_wconf 91' lang='grc'><strong>111.</strong></span> <span class='ocrx_word' id='word_1_11' title='bbox 2704 253 2829 308; x_wconf 88' lang='lat' dir='ltr'><strong>LlB.</strong></span> <span class='ocrx_word' id='word_1_12' title='bbox 2871 253 2911 308; x_wconf 90' lang='lat' dir='ltr'><strong>l.</strong></span> <span class='ocrx_word' id='word_1_13' title='bbox 3483 251 3542 307; x_wconf 89' lang='grc'><strong>18</strong></span> 
     </span>
    </p>
   </div>
   <div class='ocr_carea' id='block_1_2' title="bbox 311 355 3540 457">
    <p class='ocr_par' dir='ltr' id='par_1_2' title="bbox 311 355 3540 457">
     <span class='ocr_line' id='line_1_2' title="bbox 311 355 3540 457; baseline -0.007 -15"><span class='ocrx_word' id='word_1_14' title='bbox 311 383 468 457; x_wconf 79' lang='lat' dir='ltr'><strong>quod</strong></span> <span class='ocrx_word' id='word_1_15' title='bbox 495 381 573 448; x_wconf 80' lang='lat' dir='ltr'><strong>illi</strong></span> <span class='ocrx_word' id='word_1_16' title='bbox 602 381 956 438; x_wconf 85' lang='lat' dir='ltr'><strong>communiter</strong></span> <span class='ocrx_word' id='word_1_17' title='bbox 977 381 1245 442; x_wconf 84' lang='lat' dir='ltr'><strong>dicuntur,</strong></span> <span class='ocrx_word' id='word_1_18' title='bbox 1274 393 1397 447; x_wconf 74' lang='lat' dir='ltr'><strong>quia</strong></span> <span class='ocrx_word' id='word_1_19' title='bbox 1433 387 1487 431; x_wconf 93' lang='lat' dir='ltr'><strong>et</strong></span> <span class='ocrx_word' id='word_1_20' title='bbox 1522 377 1682 431; x_wconf 89' lang='lat' dir='ltr'><strong>Pater</strong></span> <span class='ocrx_word' id='word_1_21' title='bbox 1712 372 1881 442; x_wconf 85' lang='lat' dir='ltr'><strong>Spiri-</strong></span> <span class='ocrx_word' id='word_1_22' title='bbox 1908 373 1956 428; x_wconf 78' lang='grc' dir='ltr'>Α</span> <span class='ocrx_word' id='word_1_23' title='bbox 1981 378 2084 432; x_wconf 90' lang='lat' dir='ltr'><strong>est,</strong></span> <span class='ocrx_word' id='word_1_24' title='bbox 2103 368 2244 431; x_wconf 81' lang='lat' dir='ltr'><strong>quod</strong></span> <span class='ocrx_word' id='word_1_25' title='bbox 2265 367 2433 422; x_wconf 79' lang='lat' dir='ltr'><strong>Filius</strong></span> <span class='ocrx_word' id='word_1_26' title='bbox 2453 355 2758 439; x_wconf 79' lang='lat' dir='ltr'><strong>ell‘ulgeutia</strong></span> <span class='ocrx_word' id='word_1_27' title='bbox 2775 377 2974 423; x_wconf 68' lang='lat' dir='ltr'><strong>aeterna</strong></span> <span class='ocrx_word' id='word_1_28' title='bbox 3000 367 3214 422; x_wconf 77' lang='lat' dir='ltr'><strong>luminis</strong></span> <span class='ocrx_word' id='word_1_29' title='bbox 3235 376 3313 420; x_wconf 81' lang='lat' dir='ltr'><strong>est</strong></span> <span class='ocrx_word' id='word_1_30' title='bbox 3333 369 3540 429; x_wconf 68' lang='lat' dir='ltr'><strong>etcrni,</strong></span> 
     </span>
    </p>
   </div>
   <div class='ocr_carea' id='block_1_3' title="bbox 317 463 1886 539">
    <p class='ocr_par' dir='ltr' id='par_1_3' title="bbox 317 463 1886 539">
     <span class='ocr_line' id='line_1_3' title="bbox 317 463 1886 539; baseline -0.007 -9"><span class='ocrx_word' id='word_1_31' title='bbox 317 485 441 539; x_wconf 83' lang='lat' dir='ltr'><strong>tus,</strong></span> <span class='ocrx_word' id='word_1_32' title='bbox 486 482 544 528; x_wconf 88' lang='lat' dir='ltr'><strong>et</strong></span> <span class='ocrx_word' id='word_1_33' title='bbox 570 472 737 528; x_wconf 77' lang='lat' dir='ltr'><strong>Filius</strong></span> <span class='ocrx_word' id='word_1_34' title='bbox 764 471 1017 539; x_wconf 73' lang='lat' dir='ltr'><strong>Spiritus;</strong></span> <span class='ocrx_word' id='word_1_35' title='bbox 1057 477 1111 523; x_wconf 87' lang='lat' dir='ltr'><strong>et</strong></span> <span class='ocrx_word' id='word_1_36' title='bbox 1135 468 1297 522; x_wconf 90' lang='lat' dir='ltr'><strong>Pater</strong></span> <span class='ocrx_word' id='word_1_37' title='bbox 1323 475 1568 528; x_wconf 91' lang='lat' dir='ltr'><strong>sanctus,</strong></span> <span class='ocrx_word' id='word_1_38' title='bbox 1592 514 1596 520; x_wconf 93' lang='lat'><strong>.</strong></span> <span class='ocrx_word' id='word_1_39' title='bbox 1616 475 1671 519; x_wconf 89' lang='lat' dir='ltr'><strong>et</strong></span> <span class='ocrx_word' id='word_1_40' title='bbox 1718 463 1886 519; x_wconf 85' lang='lat' dir='ltr'><strong>Filius</strong></span> 
     </span>
    </p>
   </div>
   <div class='ocr_carea' id='block_1_4' title="bbox 318 555 1880 629">
    <p class='ocr_par' dir='ltr' id='par_1_4' title="bbox 318 555 1880 629">
     <span class='ocr_line' id='line_1_4' title="bbox 318 555 1880 629; baseline -0.007 -11"><span class='ocrx_word' id='word_1_41' title='bbox 318 573 574 628; x_wconf 86' lang='lat' dir='ltr'><strong>sanctus,</strong></span> <span class='ocrx_word' id='word_1_42' title='bbox 622 568 769 616; x_wconf 87' lang='lat' dir='ltr'><strong>recte</strong></span> <span class='ocrx_word' id='word_1_43' title='bbox 806 561 1020 614; x_wconf 89' lang='lat' dir='ltr'><strong>dicitur.</strong></span> <span class='ocrx_word' id='word_1_44' title='bbox 1067 559 1208 629; x_wconf 86' lang='lat' dir='ltr'><strong>Ergo</strong></span> <span class='ocrx_word' id='word_1_45' title='bbox 1242 567 1302 612; x_wconf 91' lang='lat' dir='ltr'><strong>ut</strong></span> <span class='ocrx_word' id='word_1_46' title='bbox 1331 556 1634 611; x_wconf 83' lang='lat' dir='ltr'><strong>nominibus</strong></span> <span class='ocrx_word' id='word_1_47' title='bbox 1663 555 1880 624; x_wconf 80' lang='lat' dir='ltr'><strong>junctis,</strong></span> 
     </span>
    </p>
   </div>
   <div class='ocr_carea' id='block_1_5' title="bbox 317 647 1888 725">
    <p class='ocr_par' dir='ltr' id='par_1_5' title="bbox 317 647 1888 725">
     <span class='ocr_line' id='line_1_5' title="bbox 317 647 1888 725; baseline -0.006 -16"><span class='ocrx_word' id='word_1_48' title='bbox 317 670 446 725; x_wconf 66' lang='lat' dir='ltr'><strong>quae</strong></span> <span class='ocrx_word' id='word_1_49' title='bbox 469 654 760 723; x_wconf 88' lang='lat' dir='ltr'><strong>separatim</strong></span> <span class='ocrx_word' id='word_1_50' title='bbox 786 651 998 720; x_wconf 91' lang='lat' dir='ltr'><strong>utrique</strong></span> <span class='ocrx_word' id='word_1_51' title='bbox 1021 663 1264 719; x_wconf 63' lang='lat' dir='ltr'><strong>personae</strong></span> <span class='ocrx_word' id='word_1_52' title='bbox 1287 647 1608 702; x_wconf 88' lang='lat' dir='ltr'><strong>conveniunt</strong></span> <span class='ocrx_word' id='word_1_53' title='bbox 1631 687 1646 712; x_wconf 91' lang='lat'><strong>,</strong></span> <span class='ocrx_word' id='word_1_54' title='bbox 1687 647 1888 700; x_wconf 88' lang='lat' dir='ltr'><strong>utrius-</strong></span> 
     </span>
    </p>
   </div>
   <div class='ocr_carea' id='block_1_6' title="bbox 315 736 1887 815">
    <p class='ocr_par' dir='ltr' id='par_1_6' title="bbox 315 736 1887 815">
     <span class='ocr_line' id='line_1_6' title="bbox 315 736 1887 815; baseline -0.006 -13"><span class='ocrx_word' id='word_1_55' title='bbox 315 761 431 815; x_wconf 86' lang='lat' dir='ltr'><strong>que</strong></span> <span class='ocrx_word' id='word_1_56' title='bbox 455 744 765 801; x_wconf 85' lang='lat' dir='ltr'><strong>commuuio</strong></span> <span class='ocrx_word' id='word_1_57' title='bbox 789 742 1004 813; x_wconf 81' lang='lat' dir='ltr'><strong>preprie</strong></span> <span class='ocrx_word' id='word_1_58' title='bbox 1032 741 1379 810; x_wconf 82' lang='lat' dir='ltr'><strong>signiﬁcetur,</strong></span> <span class='ocrx_word' id='word_1_59' title='bbox 1406 749 1629 794; x_wconf 91' lang='lat' dir='ltr'><strong>vocatur</strong></span> <span class='ocrx_word' id='word_1_60' title='bbox 1656 736 1887 806; x_wconf 86' lang='lat' dir='ltr'><strong>Spiritus</strong></span> 
     </span>
    </p>
   </div>
   <div class='ocr_carea' id='block_1_7' title="bbox 315 829 1884 905">
    <p class='ocr_par' dir='ltr' id='par_1_7' title="bbox 315 829 1884 905">
     <span class='ocr_line' id='line_1_7' title="bbox 315 829 1884 905; baseline -0.007 -13"><span class='ocrx_word' id='word_1_61' title='bbox 315 846 564 901; x_wconf 82' lang='lat' dir='ltr'><strong>sanctus,</strong></span> <span class='ocrx_word' id='word_1_62' title='bbox 601 837 690 905; x_wconf 85' lang='lat' dir='ltr'><strong>qui</strong></span> <span class='ocrx_word' id='word_1_63' title='bbox 729 843 812 891; x_wconf 87' lang='lat' dir='ltr'><strong>est</strong></span> <span class='ocrx_word' id='word_1_64' title='bbox 847 834 1005 888; x_wconf 87' lang='lat' dir='ltr'><strong>tertia</strong></span> <span class='ocrx_word' id='word_1_65' title='bbox 1047 833 1100 887; x_wconf 89' lang='lat' dir='ltr'><strong>iu</strong></span> <span class='ocrx_word' id='word_1_66' title='bbox 1129 839 1313 885; x_wconf 90' lang='lat' dir='ltr'><strong>sancta</strong></span> <span class='ocrx_word' id='word_1_67' title='bbox 1344 829 1606 884; x_wconf 90' lang='lat' dir='ltr'><strong>Trinitate</strong></span> <span class='ocrx_word' id='word_1_68' title='bbox 1632 843 1884 898; x_wconf 80' lang='lat' dir='ltr'><strong>persona,</strong></span> 
     </span>
    </p>
   </div>
   <div class='ocr_carea' id='block_1_8' title="bbox 315 922 1888 996">
    <p class='ocr_par' dir='ltr' id='par_1_8' title="bbox 315 922 1888 996">
     <span class='ocr_line' id='line_1_8' title="bbox 315 922 1888 996; baseline -0.006 -14"><span class='ocrx_word' id='word_1_69' title='bbox 315 927 472 983; x_wconf 70' lang='lat' dir='ltr'><strong>Patri</strong></span> <span class='ocrx_word' id='word_1_70' title='bbox 497 937 553 982; x_wconf 87' lang='lat' dir='ltr'><strong>et</strong></span> <span class='ocrx_word' id='word_1_71' title='bbox 580 927 714 982; x_wconf 81' lang='lat' dir='ltr'><strong>Filio</strong></span> <span class='ocrx_word' id='word_1_72' title='bbox 736 941 835 996; x_wconf 86' lang='lat' dir='ltr'><strong>per</strong></span> <span class='ocrx_word' id='word_1_73' title='bbox 858 925 1035 980; x_wconf 84' lang='lat' dir='ltr'><strong>omnia</strong></span> <span class='ocrx_word' id='word_1_74' title='bbox 1063 922 1301 991; x_wconf 73' lang='lat' dir='ltr'><strong>mqualis,</strong></span> <span class='ocrx_word' id='word_1_75' title='bbox 1331 927 1628 976; x_wconf 66' lang='lat' dir='ltr'><strong>coaeternus</strong></span> <span class='ocrx_word' id='word_1_76' title='bbox 1667 927 1722 973; x_wconf 87' lang='lat' dir='ltr'><strong>et</strong></span> <span class='ocrx_word' id='word_1_77' title='bbox 1761 934 1888 973; x_wconf 89' lang='lat' dir='ltr'><strong>con-</strong></span> 
     </span>
    </p>
   </div>
   <div class='ocr_carea' id='block_1_9' title="bbox 316 1010 1884 1076">
    <p class='ocr_par' dir='ltr' id='par_1_9' title="bbox 316 1010 1884 1076">
     <span class='ocr_line' id='line_1_9' title="bbox 316 1010 1884 1076; baseline -0.005 -3"><span class='ocrx_word' id='word_1_78' title='bbox 316 1018 711 1073; x_wconf 87' lang='lat' dir='ltr'><strong>substantialis.</strong></span> <span class='ocrx_word' id='word_1_79' title='bbox 756 1017 824 1072; x_wconf 81' lang='lat' dir='ltr'><strong>Et</strong></span> <span class='ocrx_word' id='word_1_80' title='bbox 847 1016 962 1071; x_wconf 55' lang='lat' dir='ltr'><strong>haec</strong></span> <span class='ocrx_word' id='word_1_81' title='bbox 989 1014 1224 1069; x_wconf 83' lang='lat' dir='ltr'><strong>Trinitas</strong></span> <span class='ocrx_word' id='word_1_82' title='bbox 1252 1027 1389 1066; x_wconf 88' lang='lat' dir='ltr'><strong>unus</strong></span> <span class='ocrx_word' id='word_1_83' title='bbox 1420 1019 1504 1074; x_wconf 84' lang='lat' dir='ltr'><strong>est</strong></span> <span class='ocrx_word' id='word_1_84' title='bbox 1530 1012 1688 1074; x_wconf 89' lang='lat' dir='ltr'><strong>Deus,</strong></span> <span class='ocrx_word' id='word_1_85' title='bbox 1721 1010 1884 1076; x_wconf 90' lang='lat' dir='ltr'><strong>solus,</strong></span> 
     </span>
    </p>
   </div>
   <div class='ocr_carea' id='block_1_10' title="bbox 315 1100 1887 1177">
    <p class='ocr_par' dir='ltr' id='par_1_10' title="bbox 315 1100 1887 1177">
     <span class='ocr_line' id='line_1_10' title="bbox 315 1100 1887 1177; baseline -0.005 -15"><span class='ocrx_word' id='word_1_86' title='bbox 315 1109 520 1172; x_wconf 83' lang='lat' dir='ltr'><strong>bonus,</strong></span> <span class='ocrx_word' id='word_1_87' title='bbox 547 1121 789 1177; x_wconf 81' lang='lat' dir='ltr'><strong>magnus,</strong></span> <span class='ocrx_word' id='word_1_88' title='bbox 817 1113 1070 1170; x_wconf 67' lang='lat' dir='ltr'><strong>aeternus,</strong></span> <span class='ocrx_word' id='word_1_89' title='bbox 1097 1103 1451 1170; x_wconf 79' lang='lat' dir='ltr'><strong>omnipotens.</strong></span> <span class='ocrx_word' id='word_1_90' title='bbox 1488 1100 1607 1171; x_wconf 90' lang='lat' dir='ltr'><strong>lpse</strong></span> <span class='ocrx_word' id='word_1_91' title='bbox 1636 1100 1738 1155; x_wconf 88' lang='lat' dir='ltr'><strong>sibi</strong></span> <span class='ocrx_word' id='word_1_92' title='bbox 1765 1102 1887 1155; x_wconf 79' lang='lat' dir='ltr'><strong>uni-</strong></span> 
     </span>
    </p>
   </div>
   <div class='ocr_carea' id='block_1_11' title="bbox 317 1191 1888 1268">
    <p class='ocr_par' dir='ltr' id='par_1_11' title="bbox 317 1191 1888 1268">
     <span class='ocr_line' id='line_1_11' title="bbox 317 1191 1888 1268; baseline -0.006 -13"><span class='ocrx_word' id='word_1_93' title='bbox 317 1209 439 1263; x_wconf 87' lang='lat' dir='ltr'><strong>tas,</strong></span> <span class='ocrx_word' id='word_1_94' title='bbox 482 1201 686 1261; x_wconf 87' lang='lat' dir='ltr'><strong>deitas,</strong></span> <span class='ocrx_word' id='word_1_95' title='bbox 725 1197 1065 1268; x_wconf 78' lang='lat' dir='ltr'><strong>magnitudo,</strong></span> <span class='ocrx_word' id='word_1_96' title='bbox 1103 1194 1342 1256; x_wconf 80' lang='lat' dir='ltr'><strong>bonitas,</strong></span> <span class='ocrx_word' id='word_1_97' title='bbox 1372 1191 1790 1262; x_wconf 87' lang='lat' dir='ltr'><strong>omnipotentia,</strong></span> <span class='ocrx_word' id='word_1_98' title='bbox 1833 1200 1888 1246; x_wconf 87' lang='lat' dir='ltr'><strong>et</strong></span> 
     </span>
    </p>
   </div>
   <div class='ocr_carea' id='block_1_12' title="bbox 315 1278 1888 1357">
    <p class='ocr_par' dir='ltr' id='par_1_12' title="bbox 315 1278 1888 1357">
     <span class='ocr_line' id='line_1_12' title="bbox 315 1278 1888 1357; baseline -0.006 -15"><span class='ocrx_word' id='word_1_99' title='bbox 315 1287 585 1357; x_wconf 77' lang='lat' dir='ltr'><strong>quidquid</strong></span> <span class='ocrx_word' id='word_1_100' title='bbox 630 1286 699 1340; x_wconf 89' lang='lat' dir='ltr'><strong>ad</strong></span> <span class='ocrx_word' id='word_1_101' title='bbox 742 1301 802 1341; x_wconf 89' lang='lat' dir='ltr'><strong>se</strong></span> <span class='ocrx_word' id='word_1_102' title='bbox 845 1282 1268 1352; x_wconf 83' lang='lat' dir='ltr'><strong>substantialiter</strong></span> <span class='ocrx_word' id='word_1_103' title='bbox 1293 1280 1506 1336; x_wconf 90' lang='lat' dir='ltr'><strong>dicitur.</strong></span> <span class='ocrx_word' id='word_1_104' title='bbox 1555 1278 1672 1334; x_wconf 81' lang='lat' dir='ltr'><strong>Non</strong></span> <span class='ocrx_word' id='word_1_105' title='bbox 1712 1279 1802 1333; x_wconf 82' lang='lat' dir='ltr'><strong>ita&#39;</strong></span> <span class='ocrx_word' id='word_1_106' title='bbox 1834 1279 1888 1334; x_wconf 91' lang='lat' dir='ltr'><strong>in</strong></span> 
     </span>
    </p>
   </div>
   <div class='ocr_carea' id='block_1_13' title="bbox 265 1364 1882 1443">
    <p class='ocr_par' dir='ltr' id='par_1_13' title="bbox 265 1364 1882 1443">
     <span class='ocr_line' id='line_1_13' title="bbox 265 1364 1882 1443; baseline -0.006 -12"><span class='ocrx_word' id='word_1_107' title='bbox 265 1413 276 1419; x_wconf 65' lang='grc' dir='ltr'><em>ς</em></span> <span class='ocrx_word' id='word_1_108' title='bbox 319 1376 567 1431; x_wconf 80' lang='lat' dir='ltr'><strong>relativis</strong></span> <span class='ocrx_word' id='word_1_109' title='bbox 591 1374 864 1430; x_wconf 75' lang='lat' dir='ltr'><strong>vocabulis</strong></span> <span class='ocrx_word' id='word_1_110' title='bbox 891 1364 1291 1443; x_wconf 68' lang='lat' dir='ltr'><strong>intelligendum</strong></span> <span class='ocrx_word' id='word_1_111' title='bbox 1334 1379 1418 1427; x_wconf 88' lang='lat' dir='ltr'><strong>est</strong></span> <span class='ocrx_word' id='word_1_112' title='bbox 1451 1369 1536 1425; x_wconf 87' lang='lat' dir='ltr'><strong>vel</strong></span> <span class='ocrx_word' id='word_1_113' title='bbox 1563 1369 1882 1434; x_wconf 88' lang='lat' dir='ltr'><strong>dicendum;</strong></span> 
     </span>
    </p>
   </div>
   <div class='ocr_carea' id='block_1_14' title="bbox 317 1457 1889 1535">
    <p class='ocr_par' dir='ltr' id='par_1_14' title="bbox 317 1457 1889 1535">
     <span class='ocr_line' id='line_1_14' title="bbox 317 1457 1889 1535; baseline -0.005 -16"><span class='ocrx_word' id='word_1_114' title='bbox 317 1465 452 1535; x_wconf 82' lang='lat' dir='ltr'><strong>quia</strong></span> <span class='ocrx_word' id='word_1_115' title='bbox 480 1464 585 1521; x_wconf 86' lang='lat' dir='ltr'><strong>dici</strong></span> <span class='ocrx_word' id='word_1_116' title='bbox 615 1479 720 1531; x_wconf 86' lang='lat' dir='ltr'><strong>non</strong></span> <span class='ocrx_word' id='word_1_117' title='bbox 745 1470 940 1532; x_wconf 80' lang='lat' dir='ltr'><strong>potest,</strong></span> <span class='ocrx_word' id='word_1_118' title='bbox 964 1461 1124 1516; x_wconf 89' lang='lat' dir='ltr'><strong>Pater</strong></span> <span class='ocrx_word' id='word_1_119' title='bbox 1151 1460 1250 1516; x_wconf 90' lang='lat' dir='ltr'><strong>sibi</strong></span> <span class='ocrx_word' id='word_1_120' title='bbox 1278 1458 1456 1525; x_wconf 88' lang='lat' dir='ltr'><strong>Pater,</strong></span> <span class='ocrx_word' id='word_1_121' title='bbox 1485 1458 1569 1513; x_wconf 87' lang='lat' dir='ltr'><strong>vel</strong></span> <span class='ocrx_word' id='word_1_122' title='bbox 1594 1458 1760 1513; x_wconf 84' lang='lat' dir='ltr'><strong>Filius</strong></span> <span class='ocrx_word' id='word_1_123' title='bbox 1786 1457 1889 1512; x_wconf 84' lang='lat' dir='ltr'><strong>sibi</strong></span> 
     </span>
    </p>
   </div>
   <div class='ocr_carea' id='block_1_15' title="bbox 318 1550 1890 1624">
    <p class='ocr_par' dir='ltr' id='par_1_15' title="bbox 318 1550 1890 1624">
     <span class='ocr_line' id='line_1_15' title="bbox 318 1550 1890 1624; baseline -0.006 -11"><span class='ocrx_word' id='word_1_124' title='bbox 318 1554 516 1618; x_wconf 75' lang='lat' dir='ltr'><strong>Filius,</strong></span> <span class='ocrx_word' id='word_1_125' title='bbox 537 1555 622 1609; x_wconf 72' lang='lat' dir='ltr'><strong>rel</strong></span> <span class='ocrx_word' id='word_1_126' title='bbox 644 1554 876 1624; x_wconf 87' lang='lat' dir='ltr'><strong>Spiritus</strong></span> <span class='ocrx_word' id='word_1_127' title='bbox 897 1562 1114 1608; x_wconf 90' lang='lat' dir='ltr'><strong>sanctus</strong></span> <span class='ocrx_word' id='word_1_128' title='bbox 1139 1551 1241 1606; x_wconf 87' lang='lat' dir='ltr'><strong>sibi</strong></span> <span class='ocrx_word' id='word_1_129' title='bbox 1265 1550 1495 1619; x_wconf 86' lang='lat' dir='ltr'><strong>Spiritus</strong></span> <span class='ocrx_word' id='word_1_130' title='bbox 1519 1558 1766 1613; x_wconf 90' lang='lat' dir='ltr'><strong>sanctus;</strong></span> <span class='ocrx_word' id='word_1_131' title='bbox 1795 1551 1890 1604; x_wconf 86' lang='lat' dir='ltr'><strong>sed</strong></span> 
     </span>
    </p>
   </div>
   <div class='ocr_carea' id='block_1_16' title="bbox 317 1638 1890 1710">
    <p class='ocr_par' dir='ltr' id='par_1_16' title="bbox 317 1638 1890 1710">
     <span class='ocr_line' id='line_1_16' title="bbox 317 1638 1890 1710; baseline -0.004 -10"><span class='ocrx_word' id='word_1_132' title='bbox 317 1643 444 1700; x_wconf 71' lang='lat' dir='ltr'><strong>hmc</strong></span> <span class='ocrx_word' id='word_1_133' title='bbox 467 1643 694 1698; x_wconf 80' lang='lat' dir='ltr'><strong>relativa</strong></span> <span class='ocrx_word' id='word_1_134' title='bbox 721 1642 979 1698; x_wconf 81' lang='lat' dir='ltr'><strong>vocabula</strong></span> <span class='ocrx_word' id='word_1_135' title='bbox 1007 1642 1073 1696; x_wconf 90' lang='lat' dir='ltr'><strong>ad</strong></span> <span class='ocrx_word' id='word_1_136' title='bbox 1099 1640 1256 1694; x_wconf 89' lang='lat' dir='ltr'><strong>aliam</strong></span> <span class='ocrx_word' id='word_1_137' title='bbox 1292 1639 1475 1710; x_wconf 85' lang='lat' dir='ltr'><strong>procul</strong></span> <span class='ocrx_word' id='word_1_138' title='bbox 1510 1638 1670 1694; x_wconf 90' lang='lat' dir='ltr'><strong>dubio</strong></span> <span class='ocrx_word' id='word_1_139' title='bbox 1705 1652 1890 1707; x_wconf 88' lang='lat' dir='ltr'><strong>perso-</strong></span> 
     </span>
    </p>
   </div>
   <div class='ocr_carea' id='block_1_17' title="bbox 319 1734 1073 1791">
    <p class='ocr_par' dir='ltr' id='par_1_17' title="bbox 319 1734 1073 1791">
     <span class='ocr_line' id='line_1_17' title="bbox 319 1734 1073 1791; baseline -0.007 0"><span class='ocrx_word' id='word_1_140' title='bbox 319 1751 454 1791; x_wconf 85' lang='lat' dir='ltr'><strong>nam</strong></span> <span class='ocrx_word' id='word_1_141' title='bbox 483 1734 674 1791; x_wconf 79' lang='lat' dir='ltr'><strong>rel‘erri</strong></span> <span class='ocrx_word' id='word_1_142' title='bbox 702 1735 914 1789; x_wconf 78' lang='lat' dir='ltr'><strong>debent.</strong></span> <span class='ocrx_word' id='word_1_143' title='bbox 1068 1741 1073 1747; x_wconf 92' lang='lat'>&#39;</span> 
     </span>
    </p>
   </div>
   <div class='ocr_carea' id='block_1_18' title="bbox 523 1865 1690 1940">
    <p class='ocr_par' dir='ltr' id='par_1_18' title="bbox 523 1865 1690 1940">
     <span class='ocr_line' id='line_1_18' title="bbox 523 1865 1690 1940; baseline -0.009 -13"><span class='ocrx_word' id='word_1_144' title='bbox 523 1869 746 1927; x_wconf 77' lang='lat' dir='ltr'><strong>CAPUT</strong></span> <span class='ocrx_word' id='word_1_145' title='bbox 784 1868 853 1924; x_wconf 82' lang='lat' dir='ltr'><strong>Vl</strong></span> <span class='ocrx_word' id='word_1_146' title='bbox 881 1867 1048 1940; x_wconf 69' lang='lat' dir='ltr'><strong>(sorr.</strong></span> <span class='ocrx_word' id='word_1_147' title='bbox 1073 1883 1190 1923; x_wconf 61' lang='lat' dir='ltr'><strong>car.</strong></span> <span class='ocrx_word' id='word_1_148' title='bbox 1212 1883 1323 1930; x_wconf 84' lang='lat' dir='ltr'><strong>vn;</strong></span> <span class='ocrx_word' id='word_1_149' title='bbox 1356 1883 1410 1921; x_wconf 71' lang='lat' dir='ltr'><strong>tu</strong></span> <span class='ocrx_word' id='word_1_150' title='bbox 1439 1882 1522 1922; x_wconf 79' lang='lat' dir='ltr'><strong>us.</strong></span> <span class='ocrx_word' id='word_1_151' title='bbox 1548 1865 1690 1936; x_wconf 77' lang='lat' dir='ltr'><strong>vui).</strong></span> 
     </span>
    </p>
   </div>
   <div class='ocr_carea' id='block_1_19' title="bbox 320 1976 1893 2052">
    <p class='ocr_par' dir='ltr' id='par_1_19' title="bbox 320 1976 1893 2052">
     <span class='ocr_line' id='line_1_19' title="bbox 320 1976 1893 2052; baseline -0.005 -13"><span class='ocrx_word' id='word_1_152' title='bbox 320 1997 347 2026; x_wconf 77' lang='grc' dir='ltr'><strong>ι</strong></span> <span class='ocrx_word' id='word_1_153' title='bbox 371 1983 520 2052; x_wconf 67' lang='lat' dir='ltr'><strong>Quid</strong></span> <span class='ocrx_word' id='word_1_154' title='bbox 546 1983 796 2038; x_wconf 80' lang='lat' dir='ltr'><strong>de-Patrc</strong></span> <span class='ocrx_word' id='word_1_155' title='bbox 829 1992 876 2036; x_wconf 86' lang='lat' dir='ltr'><strong>et</strong></span> <span class='ocrx_word' id='word_1_156' title='bbox 906 1980 1046 2052; x_wconf 74' lang='lat' dir='ltr'><strong>Filio</strong></span> <span class='ocrx_word' id='word_1_157' title='bbox 1081 1980 1361 2052; x_wconf 80' lang='lat' dir='ltr'><strong>secundum</strong></span> <span class='ocrx_word' id='word_1_158' title='bbox 1393 1980 1768 2052; x_wconf 73' lang='lat' dir='ltr'><strong>substantiam,</strong></span> <span class='ocrx_word' id='word_1_159' title='bbox 1814 1976 1893 2032; x_wconf 74' lang='lat' dir='ltr'><strong>uel</strong></span> 
     </span>
    </p>
   </div>
   <div class='ocr_carea' id='block_1_20' title="bbox 606 2049 1600 2108">
    <p class='ocr_par' dir='ltr' id='par_1_20' title="bbox 606 2049 1600 2108">
     <span class='ocr_line' id='line_1_20' title="bbox 606 2049 1600 2108; baseline -0.007 0"><span class='ocrx_word' id='word_1_160' title='bbox 606 2053 887 2108; x_wconf 77' lang='lat' dir='ltr'><strong>secundum</strong></span> <span class='ocrx_word' id='word_1_161' title='bbox 916 2050 1217 2106; x_wconf 80' lang='lat' dir='ltr'><strong>relationem</strong></span> <span class='ocrx_word' id='word_1_162' title='bbox 1245 2051 1348 2103; x_wconf 81' lang='lat' dir='ltr'><strong>dici</strong></span> <span class='ocrx_word' id='word_1_163' title='bbox 1373 2050 1552 2102; x_wconf 78' lang='lat' dir='ltr'><strong>debeat</strong></span> <span class='ocrx_word' id='word_1_164' title='bbox 1575 2049 1600 2101; x_wconf 88' lang='lat'><strong><em>?</em></strong></span> 
     </span>
    </p>
   </div>
   <div class='ocr_carea' id='block_1_21' title="bbox 388 2178 1890 2259">
    <p class='ocr_par' dir='ltr' id='par_1_21' title="bbox 388 2178 1890 2259">
     <span class='ocr_line' id='line_1_21' title="bbox 388 2178 1890 2259; baseline -0.009 -14"><span class='ocrx_word' id='word_1_165' title='bbox 388 2187 666 2259; x_wconf 81' lang='lat' dir='ltr'><strong>Quidquid</strong></span> <span class='ocrx_word' id='word_1_166' title='bbox 692 2203 821 2258; x_wconf 79' lang='lat' dir='ltr'><strong>ergo</strong></span> <span class='ocrx_word' id='word_1_167' title='bbox 849 2186 914 2240; x_wconf 88' lang='lat' dir='ltr'><strong>ad</strong></span> <span class='ocrx_word' id='word_1_168' title='bbox 943 2199 1002 2240; x_wconf 88' lang='lat' dir='ltr'><strong>se</strong></span> <span class='ocrx_word' id='word_1_169' title='bbox 1029 2185 1281 2240; x_wconf 89' lang='lat' dir='ltr'><strong>dicuntur</strong></span> <span class='ocrx_word' id='word_1_170' title='bbox 1307 2180 1468 2235; x_wconf 89' lang='lat' dir='ltr'><strong>Pater</strong></span> <span class='ocrx_word' id='word_1_171' title='bbox 1494 2187 1549 2235; x_wconf 90' lang='lat' dir='ltr'><strong>et</strong></span> <span class='ocrx_word' id='word_1_172' title='bbox 1570 2178 1759 2243; x_wconf 88' lang='lat' dir='ltr'><strong>Filius,</strong></span> <span class='ocrx_word' id='word_1_173' title='bbox 1784 2193 1890 2233; x_wconf 88' lang='lat' dir='ltr'><strong>non</strong></span> 
     </span>
    </p>
   </div>
   <div class='ocr_carea' id='block_1_22' title="bbox 319 2271 1894 2342">
    <p class='ocr_par' dir='ltr' id='par_1_22' title="bbox 319 2271 1894 2342">
     <span class='ocr_line' id='line_1_22' title="bbox 319 2271 1894 2342; baseline -0.01 -5"><span class='ocrx_word' id='word_1_174' title='bbox 319 2281 522 2337; x_wconf 86' lang='lat' dir='ltr'><strong>dicitur</strong></span> <span class='ocrx_word' id='word_1_175' title='bbox 549 2277 686 2333; x_wconf 84' lang='lat' dir='ltr'><strong>alter</strong></span> <span class='ocrx_word' id='word_1_176' title='bbox 707 2278 824 2333; x_wconf 89' lang='lat' dir='ltr'><strong>sine</strong></span> <span class='ocrx_word' id='word_1_177' title='bbox 848 2275 1040 2341; x_wconf 81' lang='lat' dir='ltr'><strong>altero,</strong></span> <span class='ocrx_word' id='word_1_178' title='bbox 1087 2275 1139 2329; x_wconf 77' lang='lat' dir='ltr'><strong>i-.l</strong></span> <span class='ocrx_word' id='word_1_179' title='bbox 1181 2282 1262 2328; x_wconf 90' lang='lat' dir='ltr'><strong>est</strong></span> <span class='ocrx_word' id='word_1_180' title='bbox 1285 2313 1299 2337; x_wconf 93' lang='lat'><strong>,</strong></span> <span class='ocrx_word' id='word_1_181' title='bbox 1351 2271 1609 2342; x_wconf 82' lang='lat' dir='ltr'><strong>quidquid</strong></span> <span class='ocrx_word' id='word_1_182' title='bbox 1643 2271 1894 2325; x_wconf 86' lang='lat' dir='ltr'><strong>dicuntur</strong></span> 
     </span>
    </p>
   </div>
   <div class='ocr_carea' id='block_1_23' title="bbox 317 2359 1896 2442">
    <p class='ocr_par' dir='ltr' id='par_1_23' title="bbox 317 2359 1896 2442">
     <span class='ocr_line' id='line_1_23' title="bbox 317 2359 1896 2442; baseline -0.009 -16"><span class='ocrx_word' id='word_1_183' title='bbox 317 2373 464 2442; x_wconf 79' lang='lat' dir='ltr'><strong>quod</strong></span> <span class='ocrx_word' id='word_1_184' title='bbox 497 2369 858 2425; x_wconf 84' lang='lat' dir='ltr'><strong>substantiam</strong></span> <span class='ocrx_word' id='word_1_185' title='bbox 886 2381 1071 2420; x_wconf 87' lang='lat' dir='ltr'><strong>eorum</strong></span> <span class='ocrx_word' id='word_1_186' title='bbox 1106 2363 1388 2425; x_wconf 88' lang='lat' dir='ltr'><strong>ostendat,</strong></span> <span class='ocrx_word' id='word_1_187' title='bbox 1436 2362 1592 2415; x_wconf 84' lang='lat' dir='ltr'><strong>ambo</strong></span> <span class='ocrx_word' id='word_1_188' title='bbox 1623 2359 1780 2414; x_wconf 83' lang='lat' dir='ltr'><strong>simul</strong></span> <span class='ocrx_word' id='word_1_189' title='bbox 1815 2359 1896 2412; x_wconf 89' lang='lat' dir='ltr'><strong>di-</strong></span> 
     </span>
    </p>
   </div>
   <div class='ocr_carea' id='block_1_24' title="bbox 318 2443 1892 2523">
    <p class='ocr_par' dir='ltr' id='par_1_24' title="bbox 318 2443 1892 2523">
     <span class='ocr_line' id='line_1_24' title="bbox 318 2443 1892 2523; baseline -0.01 -6"><span class='ocrx_word' id='word_1_190' title='bbox 318 2471 544 2517; x_wconf 87' lang='lat' dir='ltr'><strong>cuntur.</strong></span> <span class='ocrx_word' id='word_1_191' title='bbox 573 2459 630 2514; x_wconf 90' lang='lat' dir='ltr'><strong>Si</strong></span> <span class='ocrx_word' id='word_1_192' title='bbox 654 2460 769 2513; x_wconf 67' lang='lat' dir='ltr'><strong>haec</strong></span> <span class='ocrx_word' id='word_1_193' title='bbox 795 2459 867 2511; x_wconf 89' lang='lat' dir='ltr'><strong>ita</strong></span> <span class='ocrx_word' id='word_1_194' title='bbox 893 2465 1038 2520; x_wconf 89' lang='lat' dir='ltr'><strong>sunt,</strong></span> <span class='ocrx_word' id='word_1_195' title='bbox 1055 2455 1166 2523; x_wconf 84' lang='lat' dir='ltr'><strong>jam</strong></span> <span class='ocrx_word' id='word_1_196' title='bbox 1193 2443 1320 2523; x_wconf 76' lang='lat' dir='ltr'><strong>ergo</strong></span> <span class='ocrx_word' id='word_1_197' title='bbox 1345 2467 1441 2506; x_wconf 83' lang='lat' dir='ltr'><strong>nec</strong></span> <span class='ocrx_word' id='word_1_198' title='bbox 1462 2451 1618 2506; x_wconf 87' lang='lat' dir='ltr'><strong>Pater</strong></span> <span class='ocrx_word' id='word_1_199' title='bbox 1643 2459 1726 2505; x_wconf 90' lang='lat' dir='ltr'><strong>est</strong></span> <span class='ocrx_word' id='word_1_200' title='bbox 1753 2450 1892 2503; x_wconf 87' lang='lat' dir='ltr'><strong>Deus</strong></span> 
     </span>
    </p>
   </div>
   <div class='ocr_carea' id='block_1_25' title="bbox 319 2542 1890 2616">
    <p class='ocr_par' dir='ltr' id='par_1_25' title="bbox 319 2542 1890 2616">
     <span class='ocr_line' id='line_1_25' title="bbox 319 2542 1890 2616; baseline -0.009 -10"><span class='ocrx_word' id='word_1_201' title='bbox 319 2555 437 2608; x_wconf 83' lang='lat' dir='ltr'><strong>sine</strong></span> <span class='ocrx_word' id='word_1_202' title='bbox 465 2553 626 2616; x_wconf 87' lang='lat' dir='ltr'><strong>Filio,</strong></span> <span class='ocrx_word' id='word_1_203' title='bbox 669 2543 778 2605; x_wconf 85' lang='lat' dir='ltr'><strong>nec</strong></span> <span class='ocrx_word' id='word_1_204' title='bbox 819 2548 988 2602; x_wconf 81' lang='lat' dir='ltr'><strong>Filius</strong></span> <span class='ocrx_word' id='word_1_205' title='bbox 1019 2548 1159 2600; x_wconf 91' lang='lat' dir='ltr'><strong>Deus</strong></span> <span class='ocrx_word' id='word_1_206' title='bbox 1188 2546 1302 2599; x_wconf 91' lang='lat' dir='ltr'><strong>sine</strong></span> <span class='ocrx_word' id='word_1_207' title='bbox 1331 2544 1512 2603; x_wconf 84' lang='lat' dir='ltr'><strong>Patre,</strong></span> <span class='ocrx_word' id='word_1_208' title='bbox 1545 2542 1596 2596; x_wconf 90' lang='lat' dir='ltr'><strong>id</strong></span> <span class='ocrx_word' id='word_1_209' title='bbox 1621 2548 1703 2594; x_wconf 85' lang='lat' dir='ltr'><strong>est</strong></span> <span class='ocrx_word' id='word_1_210' title='bbox 1723 2580 1736 2602; x_wconf 91' lang='lat'><strong>,</strong></span> <span class='ocrx_word' id='word_1_211' title='bbox 1785 2555 1890 2593; x_wconf 89' lang='lat' dir='ltr'><strong>non</strong></span> 
     </span>
    </p>
   </div>
   <div class='ocr_carea' id='block_1_26' title="bbox 320 2629 1887 2706">
    <p class='ocr_par' dir='ltr' id='par_1_26' title="bbox 320 2629 1887 2706">
     <span class='ocr_line' id='line_1_26' title="bbox 320 2629 1887 2706; baseline -0.01 -8"><span class='ocrx_word' id='word_1_212' title='bbox 320 2645 394 2698; x_wconf 90' lang='lat' dir='ltr'><strong>ita</strong></span> <span class='ocrx_word' id='word_1_213' title='bbox 425 2644 630 2699; x_wconf 86' lang='lat' dir='ltr'><strong>dicitur</strong></span> <span class='ocrx_word' id='word_1_214' title='bbox 654 2640 814 2694; x_wconf 89' lang='lat' dir='ltr'><strong>Pater</strong></span> <span class='ocrx_word' id='word_1_215' title='bbox 838 2639 1014 2702; x_wconf 83' lang='lat' dir='ltr'><strong>Deus,</strong></span> <span class='ocrx_word' id='word_1_216' title='bbox 1061 2635 1214 2706; x_wconf 89' lang='lat' dir='ltr'><strong>quasi</strong></span> <span class='ocrx_word' id='word_1_217' title='bbox 1244 2633 1412 2687; x_wconf 87' lang='lat' dir='ltr'><strong>Filius</strong></span> <span class='ocrx_word' id='word_1_218' title='bbox 1448 2647 1552 2684; x_wconf 89' lang='lat' dir='ltr'><strong>non</strong></span> <span class='ocrx_word' id='word_1_219' title='bbox 1599 2629 1668 2683; x_wconf 85' lang='lat' dir='ltr'><strong>sit</strong></span> <span class='ocrx_word' id='word_1_220' title='bbox 1712 2629 1887 2693; x_wconf 81' lang='lat' dir='ltr'><strong>Deus;</strong></span> 
     </span>
    </p>
   </div>
   <div class='ocr_carea' id='block_1_27' title="bbox 323 2720 1889 2795">
    <p class='ocr_par' dir='ltr' id='par_1_27' title="bbox 323 2720 1889 2795">
     <span class='ocr_line' id='line_1_27' title="bbox 323 2720 1889 2795; baseline -0.01 -5"><span class='ocrx_word' id='word_1_221' title='bbox 323 2735 614 2791; x_wconf 74' lang='lat' dir='ltr'><strong>uec‘Filius</strong></span> <span class='ocrx_word' id='word_1_222' title='bbox 639 2735 714 2788; x_wconf 89' lang='lat' dir='ltr'><strong>ita</strong></span> <span class='ocrx_word' id='word_1_223' title='bbox 739 2733 933 2785; x_wconf 84' lang='lat' dir='ltr'><strong>dicitur</strong></span> <span class='ocrx_word' id='word_1_224' title='bbox 951 2730 1110 2791; x_wconf 86' lang='lat' dir='ltr'><strong>Deus,</strong></span> <span class='ocrx_word' id='word_1_225' title='bbox 1137 2726 1290 2795; x_wconf 87' lang='lat' dir='ltr'><strong>quasi</strong></span> <span class='ocrx_word' id='word_1_226' title='bbox 1315 2723 1472 2776; x_wconf 90' lang='lat' dir='ltr'><strong>Pater</strong></span> <span class='ocrx_word' id='word_1_227' title='bbox 1496 2737 1598 2775; x_wconf 87' lang='lat' dir='ltr'><strong>non</strong></span> <span class='ocrx_word' id='word_1_228' title='bbox 1627 2721 1697 2774; x_wconf 87' lang='lat' dir='ltr'><strong>sit</strong></span> <span class='ocrx_word' id='word_1_229' title='bbox 1718 2720 1889 2783; x_wconf 87' lang='lat' dir='ltr'><strong>Deus;</strong></span> 
     </span>
    </p>
   </div>
   <div class='ocr_carea' id='block_1_28' title="bbox 322 2811 1891 2883">
    <p class='ocr_par' dir='ltr' id='par_1_28' title="bbox 322 2811 1891 2883">
     <span class='ocr_line' id='line_1_28' title="bbox 322 2811 1891 2883; baseline -0.011 -1"><span class='ocrx_word' id='word_1_230' title='bbox 322 2830 416 2883; x_wconf 78' lang='lat' dir='ltr'><strong>sed</strong></span> <span class='ocrx_word' id='word_1_231' title='bbox 446 2827 608 2880; x_wconf 87' lang='lat' dir='ltr'><strong>ambo</strong></span> <span class='ocrx_word' id='word_1_232' title='bbox 632 2822 791 2878; x_wconf 86' lang='lat' dir='ltr'><strong>simul</strong></span> <span class='ocrx_word' id='word_1_233' title='bbox 819 2822 974 2881; x_wconf 88' lang='lat' dir='ltr'><strong>Deus,</strong></span> <span class='ocrx_word' id='word_1_234' title='bbox 1005 2819 1167 2872; x_wconf 87' lang='lat' dir='ltr'><strong>etiam</strong></span> <span class='ocrx_word' id='word_1_235' title='bbox 1194 2824 1247 2869; x_wconf 91' lang='lat' dir='ltr'><strong>et</strong></span> <span class='ocrx_word' id='word_1_236' title='bbox 1276 2829 1411 2868; x_wconf 85' lang='lat' dir='ltr'><strong>unus</strong></span> <span class='ocrx_word' id='word_1_237' title='bbox 1438 2814 1598 2866; x_wconf 88' lang='lat' dir='ltr'><strong>Deus.</strong></span> <span class='ocrx_word' id='word_1_238' title='bbox 1631 2811 1891 2879; x_wconf 86' lang='lat' dir='ltr'><strong>Quocirca</strong></span> 
     </span>
    </p>
   </div>
   <div class='ocr_carea' id='block_1_29' title="bbox 319 2899 1890 2989">
    <p class='ocr_par' dir='ltr' id='par_1_29' title="bbox 319 2899 1890 2989">
     <span class='ocr_line' id='line_1_29' title="bbox 319 2899 1890 2989; baseline -0.015 -15"><span class='ocrx_word' id='word_1_239' title='bbox 319 2917 581 2989; x_wconf 86' lang='lat' dir='ltr'><strong>quidquid</strong></span> <span class='ocrx_word' id='word_1_240' title='bbox 607 2912 898 2968; x_wconf 90' lang='lat' dir='ltr'><strong>secundum</strong></span> <span class='ocrx_word' id='word_1_241' title='bbox 928 2906 1278 2963; x_wconf 85' lang='lat' dir='ltr'><strong>substantiam</strong></span> <span class='ocrx_word' id='word_1_242' title='bbox 1299 2945 1313 2968; x_wconf 89' lang='lat'><strong>,</strong></span> <span class='ocrx_word' id='word_1_243' title='bbox 1339 2904 1421 2956; x_wconf 82' lang='lat' dir='ltr'><strong>vel</strong></span> <span class='ocrx_word' id='word_1_244' title='bbox 1449 2902 1798 2956; x_wconf 75' lang='lat' dir='ltr'><strong>mternitatem</strong></span> <span class='ocrx_word' id='word_1_245' title='bbox 1825 2899 1890 2952; x_wconf 90' lang='lat' dir='ltr'><strong>de</strong></span> 
     </span>
    </p>
   </div>
   <div class='ocr_carea' id='block_1_30' title="bbox 319 2990 1890 3077">
    <p class='ocr_par' dir='ltr' id='par_1_30' title="bbox 319 2990 1890 3077">
     <span class='ocr_line' id='line_1_30' title="bbox 319 2990 1890 3077; baseline -0.013 -13"><span class='ocrx_word' id='word_1_246' title='bbox 319 3011 400 3064; x_wconf 92' lang='lat' dir='ltr'><strong>eis</strong></span> <span class='ocrx_word' id='word_1_247' title='bbox 427 3007 534 3077; x_wconf 86' lang='lat' dir='ltr'><strong>dici</strong></span> <span class='ocrx_word' id='word_1_248' title='bbox 564 3012 769 3075; x_wconf 85' lang='lat' dir='ltr'><strong>potest,</strong></span> <span class='ocrx_word' id='word_1_249' title='bbox 812 3001 968 3055; x_wconf 88' lang='lat' dir='ltr'><strong>ambo</strong></span> <span class='ocrx_word' id='word_1_250' title='bbox 999 2997 1160 3052; x_wconf 82' lang='lat' dir='ltr'><strong>&#39;simul</strong></span> <span class='ocrx_word' id='word_1_251' title='bbox 1197 3002 1350 3060; x_wconf 90' lang='lat' dir='ltr'><strong>sunt;</strong></span> <span class='ocrx_word' id='word_1_252' title='bbox 1389 2993 1630 3062; x_wconf 76' lang='lat' dir='ltr'><strong>quamvis</strong></span> <span class='ocrx_word' id='word_1_253' title='bbox 1659 2992 1724 3046; x_wconf 90' lang='lat' dir='ltr'><strong>de</strong></span> <span class='ocrx_word' id='word_1_254' title='bbox 1751 2990 1890 3052; x_wconf 82' lang='lat' dir='ltr'><strong>Filio</strong></span> 
     </span>
    </p>
   </div>
   <div class='ocr_carea' id='block_1_31' title="bbox 321 3175 1897 3254">
    <p class='ocr_par' dir='ltr' id='par_1_31' title="bbox 321 3175 1897 3254">
     <span class='ocr_line' id='line_1_31' title="bbox 321 3175 1897 3254; baseline -0.008 -9"><span class='ocrx_word' id='word_1_255' title='bbox 321 3191 482 3254; x_wconf 85' lang='lat' dir='ltr'><strong>Deus,</strong></span> <span class='ocrx_word' id='word_1_256' title='bbox 529 3188 690 3242; x_wconf 92' lang='lat' dir='ltr'><strong>ambo</strong></span> <span class='ocrx_word' id='word_1_257' title='bbox 730 3184 888 3241; x_wconf 91' lang='lat' dir='ltr'><strong>simul</strong></span> <span class='ocrx_word' id='word_1_258' title='bbox 925 3184 1142 3238; x_wconf 87' lang='lat' dir='ltr'><strong>lumen:</strong></span> <span class='ocrx_word' id='word_1_259' title='bbox 1181 3180 1275 3235; x_wconf 86' lang='lat' dir='ltr'><strong>sed</strong></span> <span class='ocrx_word' id='word_1_260' title='bbox 1319 3193 1426 3233; x_wconf 92' lang='lat' dir='ltr'><strong>non</strong></span> <span class='ocrx_word' id='word_1_261' title='bbox 1465 3176 1624 3232; x_wconf 87' lang='lat' dir='ltr'><strong>Pater</strong></span> <span class='ocrx_word' id='word_1_262' title='bbox 1651 3176 1794 3230; x_wconf 87' lang='lat' dir='ltr'><strong>Deus</strong></span> <span class='ocrx_word' id='word_1_263' title='bbox 1829 3175 1897 3232; x_wconf 87' lang='lat' dir='ltr'><strong>de</strong></span> 
     </span>
    </p>
   </div>
   <div class='ocr_carea' id='block_1_32' title="bbox 323 3265 1892 3343">
    <p class='ocr_par' dir='ltr' id='par_1_32' title="bbox 323 3265 1892 3343">
     <span class='ocr_line' id='line_1_32' title="bbox 323 3265 1892 3343; baseline -0.01 -9"><span class='ocrx_word' id='word_1_264' title='bbox 323 3280 451 3343; x_wconf 91' lang='lat' dir='ltr'><strong>Deo,</strong></span> <span class='ocrx_word' id='word_1_265' title='bbox 499 3291 601 3331; x_wconf 92' lang='lat' dir='ltr'><strong>nec</strong></span> <span class='ocrx_word' id='word_1_266' title='bbox 634 3276 811 3328; x_wconf 86' lang='lat' dir='ltr'><strong>lumen</strong></span> <span class='ocrx_word' id='word_1_267' title='bbox 839 3274 904 3326; x_wconf 89' lang='lat' dir='ltr'><strong>de</strong></span> <span class='ocrx_word' id='word_1_268' title='bbox 929 3271 1150 3335; x_wconf 90' lang='lat' dir='ltr'><strong>lumine,</strong></span> <span class='ocrx_word' id='word_1_269' title='bbox 1181 3269 1272 3323; x_wconf 90' lang='lat' dir='ltr'><strong>sed</strong></span> <span class='ocrx_word' id='word_1_270' title='bbox 1297 3267 1462 3321; x_wconf 86' lang='lat' dir='ltr'><strong>Filius</strong></span> <span class='ocrx_word' id='word_1_271' title='bbox 1489 3267 1631 3321; x_wconf 88' lang='lat' dir='ltr'><strong>Deus</strong></span> <span class='ocrx_word' id='word_1_272' title='bbox 1666 3267 1731 3320; x_wconf 92' lang='lat' dir='ltr'><strong>de</strong></span> <span class='ocrx_word' id='word_1_273' title='bbox 1762 3265 1892 3330; x_wconf 90' lang='lat' dir='ltr'><strong>Deo,</strong></span> 
     </span>
    </p>
   </div>
   <div class='ocr_carea' id='block_1_33' title="bbox 325 3353 1896 3424">
    <p class='ocr_par' dir='ltr' id='par_1_33' title="bbox 325 3353 1896 3424">
     <span class='ocr_line' id='line_1_33' title="bbox 325 3353 1896 3424; baseline -0.011 0"><span class='ocrx_word' id='word_1_274' title='bbox 325 3377 376 3424; x_wconf 79' lang='lat' dir='ltr'><strong>et</strong></span> <span class='ocrx_word' id='word_1_275' title='bbox 405 3368 586 3422; x_wconf 89' lang='lat' dir='ltr'><strong>lumen</strong></span> <span class='ocrx_word' id='word_1_276' title='bbox 617 3365 682 3418; x_wconf 90' lang='lat' dir='ltr'><strong>de</strong></span> <span class='ocrx_word' id='word_1_277' title='bbox 712 3362 930 3415; x_wconf 90' lang='lat' dir='ltr'><strong>lumine.</strong></span> <span class='ocrx_word' id='word_1_278' title='bbox 968 3359 1138 3413; x_wconf 84' lang='lat' dir='ltr'><strong>Ambo</strong></span> <span class='ocrx_word' id='word_1_279' title='bbox 1165 3365 1340 3410; x_wconf 91' lang='lat' dir='ltr'><strong>tamen</strong></span> <span class='ocrx_word' id='word_1_280' title='bbox 1368 3353 1558 3418; x_wconf 90' lang='lat' dir='ltr'><strong>simul,</strong></span> <span class='ocrx_word' id='word_1_281' title='bbox 1599 3362 1654 3407; x_wconf 86' lang='lat' dir='ltr'><strong>et</strong></span> <span class='ocrx_word' id='word_1_282' title='bbox 1685 3368 1896 3420; x_wconf 86' lang='lat' dir='ltr'><strong>semper</strong></span> 
     </span>
    </p>
   </div>
   <div class='ocr_carea' id='block_1_34' title="bbox 324 3441 1894 3528">
    <p class='ocr_par' dir='ltr' id='par_1_34' title="bbox 324 3441 1894 3528">
     <span class='ocr_line' id='line_1_34' title="bbox 324 3441 1894 3528; baseline -0.011 -16"><span class='ocrx_word' id='word_1_283' title='bbox 324 3458 482 3513; x_wconf 86' lang='lat' dir='ltr'><strong>simul</strong></span> <span class='ocrx_word' id='word_1_284' title='bbox 522 3455 656 3528; x_wconf 75' lang='lat' dir='ltr'><strong>[.4l.,</strong></span> <span class='ocrx_word' id='word_1_285' title='bbox 695 3450 842 3524; x_wconf 91' lang='lat' dir='ltr'><strong>sunt]</strong></span> <span class='ocrx_word' id='word_1_286' title='bbox 887 3465 1025 3504; x_wconf 92' lang='lat' dir='ltr'><strong>unus</strong></span> <span class='ocrx_word' id='word_1_287' title='bbox 1070 3450 1210 3502; x_wconf 82' lang='lat' dir='ltr'><strong>Deus</strong></span> <span class='ocrx_word' id='word_1_288' title='bbox 1255 3453 1310 3502; x_wconf 91' lang='lat' dir='ltr'><strong>et</strong></span> <span class='ocrx_word' id='word_1_289' title='bbox 1348 3459 1513 3499; x_wconf 91' lang='lat' dir='ltr'><strong>unum</strong></span> <span class='ocrx_word' id='word_1_290' title='bbox 1549 3442 1749 3497; x_wconf 89' lang='lat' dir='ltr'><strong>lumen.</strong></span> <span class='ocrx_word' id='word_1_291' title='bbox 1805 3441 1894 3495; x_wconf 91' lang='lat' dir='ltr'><strong>Sic</strong></span> 
     </span>
    </p>
   </div>
   <div class='ocr_carea' id='block_1_35' title="bbox 325 3530 1893 3612">
    <p class='ocr_par' dir='ltr' id='par_1_35' title="bbox 325 3530 1893 3612">
     <span class='ocr_line' id='line_1_35' title="bbox 325 3530 1893 3612; baseline -0.011 -9"><span class='ocrx_word' id='word_1_292' title='bbox 325 3550 486 3604; x_wconf 85' lang='lat' dir='ltr'><strong>etiam</strong></span> <span class='ocrx_word' id='word_1_293' title='bbox 515 3554 574 3601; x_wconf 92' lang='lat' dir='ltr'><strong>et</strong></span> <span class='ocrx_word' id='word_1_294' title='bbox 599 3544 665 3600; x_wconf 88' lang='lat' dir='ltr'><strong>de</strong></span> <span class='ocrx_word' id='word_1_295' title='bbox 692 3543 812 3596; x_wconf 88' lang='lat' dir='ltr'><strong>aliis</strong></span> <span class='ocrx_word' id='word_1_296' title='bbox 839 3538 1280 3612; x_wconf 87' lang='lat' dir='ltr'><strong>appellationibus</strong></span> <span class='ocrx_word' id='word_1_297' title='bbox 1307 3551 1423 3606; x_wconf 76' lang='lat' dir='ltr'><strong>qua:</strong></span> <span class='ocrx_word' id='word_1_298' title='bbox 1455 3534 1745 3589; x_wconf 83' lang='lat' dir='ltr'><strong>secundum</strong></span> <span class='ocrx_word' id='word_1_299' title='bbox 1771 3530 1893 3586; x_wconf 86' lang='lat' dir='ltr'><strong>sub-</strong></span> 
     </span>
    </p>
   </div>
   <div class='ocr_carea' id='block_1_36' title="bbox 325 3625 1888 3698">
    <p class='ocr_par' dir='ltr' id='par_1_36' title="bbox 325 3625 1888 3698">
     <span class='ocr_line' id='line_1_36' title="bbox 325 3625 1888 3698; baseline -0.012 -3"><span class='ocrx_word' id='word_1_300' title='bbox 325 3639 582 3698; x_wconf 85' lang='lat' dir='ltr'><strong>stantiam</strong></span> <span class='ocrx_word' id='word_1_301' title='bbox 612 3635 882 3697; x_wconf 86' lang='lat' dir='ltr'><strong>dicuutur,</strong></span> <span class='ocrx_word' id='word_1_302' title='bbox 931 3631 985 3684; x_wconf 90' lang='lat' dir='ltr'><strong>id</strong></span> <span class='ocrx_word' id='word_1_303' title='bbox 1026 3639 1141 3694; x_wconf 89' lang='lat' dir='ltr'><strong>est,</strong></span> <span class='ocrx_word' id='word_1_304' title='bbox 1187 3629 1328 3698; x_wconf 92' lang='lat' dir='ltr'><strong>quod</strong></span> <span class='ocrx_word' id='word_1_305' title='bbox 1365 3627 1523 3682; x_wconf 88' lang='lat' dir='ltr'><strong>simul</strong></span> <span class='ocrx_word' id='word_1_306' title='bbox 1550 3625 1707 3679; x_wconf 88' lang='lat' dir='ltr'><strong>ambo</strong></span> <span class='ocrx_word' id='word_1_307' title='bbox 1734 3631 1888 3686; x_wconf 90' lang='lat' dir='ltr'><strong>sunt,</strong></span> 
     </span>
    </p>
   </div>
   <div class='ocr_carea' id='block_1_37' title="bbox 324 3717 1892 3792">
    <p class='ocr_par' dir='ltr' id='par_1_37' title="bbox 324 3717 1892 3792">
     <span class='ocr_line' id='line_1_37' title="bbox 324 3717 1892 3792; baseline -0.011 -8"><span class='ocrx_word' id='word_1_308' title='bbox 324 3731 424 3784; x_wconf 89' lang='lat' dir='ltr'><strong>dici</strong></span> <span class='ocrx_word' id='word_1_309' title='bbox 456 3730 639 3792; x_wconf 83' lang='lat' dir='ltr'><strong>debet,</strong></span> <span class='ocrx_word' id='word_1_310' title='bbox 667 3731 725 3780; x_wconf 94' lang='lat' dir='ltr'><strong>ut</strong></span> <span class='ocrx_word' id='word_1_311' title='bbox 752 3723 1108 3792; x_wconf 88' lang='lat' dir='ltr'><strong>omnipotens,</strong></span> <span class='ocrx_word' id='word_1_312' title='bbox 1139 3726 1384 3788; x_wconf 85' lang='lat' dir='ltr'><strong>magnus,</strong></span> <span class='ocrx_word' id='word_1_313' title='bbox 1433 3717 1624 3778; x_wconf 89' lang='lat' dir='ltr'><strong>bonus,</strong></span> <span class='ocrx_word' id='word_1_314' title='bbox 1658 3723 1892 3769; x_wconf 83' lang='lat' dir='ltr'><strong>:eternus</strong></span> 
     </span>
    </p>
   </div>
   <div class='ocr_carea' id='block_1_38' title="bbox 326 3805 1894 3888">
    <p class='ocr_par' dir='ltr' id='par_1_38' title="bbox 326 3805 1894 3888">
     <span class='ocr_line' id='line_1_38' title="bbox 326 3805 1894 3888; baseline -0.01 -13"><span class='ocrx_word' id='word_1_315' title='bbox 326 3830 375 3875; x_wconf 82' lang='lat' dir='ltr'><strong>et</strong></span> <span class='ocrx_word' id='word_1_316' title='bbox 400 3830 598 3876; x_wconf 67' lang='lat' dir='ltr'><strong>cetera</strong></span> <span class='ocrx_word' id='word_1_317' title='bbox 625 3831 745 3888; x_wconf 64' lang='lat' dir='ltr'><strong>qua:</strong></span> <span class='ocrx_word' id='word_1_318' title='bbox 774 3815 838 3869; x_wconf 87' lang='lat' dir='ltr'><strong>ad</strong></span> <span class='ocrx_word' id='word_1_319' title='bbox 868 3829 924 3869; x_wconf 89' lang='lat' dir='ltr'><strong>se</strong></span> <span class='ocrx_word' id='word_1_320' title='bbox 955 3813 1224 3868; x_wconf 87' lang='lat' dir='ltr'><strong>dicuntur.</strong></span> <span class='ocrx_word' id='word_1_321' title='bbox 1263 3807 1413 3875; x_wconf 85' lang='lat' dir='ltr'><strong>Quod</strong></span> <span class='ocrx_word' id='word_1_322' title='bbox 1448 3809 1493 3862; x_wconf 88' lang='lat' dir='ltr'><strong>si</strong></span> <span class='ocrx_word' id='word_1_323' title='bbox 1521 3808 1602 3861; x_wconf 87' lang='lat' dir='ltr'><strong>.ita</strong></span> <span class='ocrx_word' id='word_1_324' title='bbox 1635 3814 1750 3871; x_wconf 88' lang='lat' dir='ltr'><strong>est,</strong></span> <span class='ocrx_word' id='word_1_325' title='bbox 1793 3805 1894 3860; x_wconf 86' lang='lat' dir='ltr'><strong>hoc</strong></span> 
     </span>
    </p>
   </div>
   <div class='ocr_carea' id='block_1_39' title="bbox 327 3896 1896 3972">
    <p class='ocr_par' dir='ltr' id='par_1_39' title="bbox 327 3896 1896 3972">
     <span class='ocr_line' id='line_1_39' title="bbox 327 3896 1896 3972; baseline -0.009 -7"><span class='ocrx_word' id='word_1_326' title='bbox 327 3911 494 3966; x_wconf 81' lang='lat' dir='ltr'><strong>solum</strong></span> <span class='ocrx_word' id='word_1_327' title='bbox 525 3897 612 3964; x_wconf 9' lang='lat' dir='ltr'><strong>ide</strong></span> <span class='ocrx_word' id='word_1_328' title='bbox 656 3909 737 3962; x_wconf 88' lang='lat' dir='ltr'><strong>eis</strong></span> <span class='ocrx_word' id='word_1_329' title='bbox 783 3907 887 3962; x_wconf 89' lang='lat' dir='ltr'><strong>dici</strong></span> <span class='ocrx_word' id='word_1_330' title='bbox 933 3920 1037 3959; x_wconf 89' lang='lat' dir='ltr'><strong>non</strong></span> <span class='ocrx_word' id='word_1_331' title='bbox 1067 3908 1284 3972; x_wconf 87' lang='lat' dir='ltr'><strong>potest:</strong></span> <span class='ocrx_word' id='word_1_332' title='bbox 1323 3899 1456 3953; x_wconf 79' lang='lat' dir='ltr'><strong>illud</strong></span> <span class='ocrx_word' id='word_1_333' title='bbox 1490 3899 1552 3952; x_wconf 84' lang='lat' dir='ltr'><strong>de</strong></span> <span class='ocrx_word' id='word_1_334' title='bbox 1587 3897 1699 3961; x_wconf 82' lang='lat' dir='ltr'><strong>illo,</strong></span> <span class='ocrx_word' id='word_1_335' title='bbox 1749 3896 1896 3968; x_wconf 86' lang='lat' dir='ltr'><strong>quod</strong></span> 
     </span>
    </p>
   </div>
   <div class='ocr_carea' id='block_1_40' title="bbox 327 3989 1895 4059">
    <p class='ocr_par' dir='ltr' id='par_1_40' title="bbox 327 3989 1895 4059">
     <span class='ocr_line' id='line_1_40' title="bbox 327 3989 1895 4059; baseline -0.008 -5"><span class='ocrx_word' id='word_1_336' title='bbox 327 4001 480 4055; x_wconf 87' lang='lat' dir='ltr'><strong>simul</strong></span> <span class='ocrx_word' id='word_1_337' title='bbox 518 4001 681 4053; x_wconf 88' lang='lat' dir='ltr'><strong>ambo</strong></span> <span class='ocrx_word' id='word_1_338' title='bbox 708 4006 860 4059; x_wconf 86' lang='lat' dir='ltr'><strong>sunt;</strong></span> <span class='ocrx_word' id='word_1_339' title='bbox 913 3996 1051 4049; x_wconf 89' lang='lat' dir='ltr'><strong>sicut</strong></span> <span class='ocrx_word' id='word_1_340' title='bbox 1081 3993 1313 4049; x_wconf 75' lang='lat' dir='ltr'><strong>Verbum</strong></span> <span class='ocrx_word' id='word_1_341' title='bbox 1355 3992 1421 4045; x_wconf 90' lang='lat' dir='ltr'><strong>de</strong></span> <span class='ocrx_word' id='word_1_342' title='bbox 1449 3990 1623 4045; x_wconf 79' lang='lat' dir='ltr'><strong>Verbo</strong></span> <span class='ocrx_word' id='word_1_343' title='bbox 1653 3989 1758 4044; x_wconf 88' lang='lat' dir='ltr'><strong>dici</strong></span> <span class='ocrx_word' id='word_1_344' title='bbox 1789 4005 1895 4043; x_wconf 88' lang='lat' dir='ltr'><strong>non</strong></span> 
     </span>
    </p>
   </div>
   <div class='ocr_carea' id='block_1_41' title="bbox 327 4077 1896 4160">
    <p class='ocr_par' dir='ltr' id='par_1_41' title="bbox 327 4077 1896 4160">
     <span class='ocr_line' id='line_1_41' title="bbox 327 4077 1896 4160; baseline -0.01 -15"><span class='ocrx_word' id='word_1_345' title='bbox 327 4097 539 4160; x_wconf 78' lang='lat' dir='ltr'><strong>potest,</strong></span> <span class='ocrx_word' id='word_1_346' title='bbox 589 4087 714 4156; x_wconf 88' lang='lat' dir='ltr'><strong>quia</strong></span> <span class='ocrx_word' id='word_1_347' title='bbox 760 4100 864 4138; x_wconf 91' lang='lat' dir='ltr'><strong>non</strong></span> <span class='ocrx_word' id='word_1_348' title='bbox 909 4083 1068 4138; x_wconf 91' lang='lat' dir='ltr'><strong>simul</strong></span> <span class='ocrx_word' id='word_1_349' title='bbox 1108 4082 1266 4135; x_wconf 89' lang='lat' dir='ltr'><strong>ambo</strong></span> <span class='ocrx_word' id='word_1_350' title='bbox 1296 4081 1527 4139; x_wconf 79' lang='lat' dir='ltr'><strong>Verbum</strong></span> <span class='ocrx_word' id='word_1_351' title='bbox 1553 4118 1568 4142; x_wconf 91' lang='lat'><strong>,</strong></span> <span class='ocrx_word' id='word_1_352' title='bbox 1615 4079 1708 4132; x_wconf 90' lang='lat' dir='ltr'><strong>sed</strong></span> <span class='ocrx_word' id='word_1_353' title='bbox 1750 4077 1896 4131; x_wconf 91' lang='lat' dir='ltr'><strong>solus</strong></span> 
     </span>
    </p>
   </div>
   <div class='ocr_carea' id='block_1_42' title="bbox 329 4166 1894 4246">
    <p class='ocr_par' dir='ltr' id='par_1_42' title="bbox 329 4166 1894 4246">
     <span class='ocr_line' id='line_1_42' title="bbox 329 4166 1894 4246; baseline -0.011 -9"><span class='ocrx_word' id='word_1_354' title='bbox 329 4181 524 4246; x_wconf 70' lang='lat' dir='ltr'><strong>Filius;</strong></span> <span class='ocrx_word' id='word_1_355' title='bbox 564 4193 664 4233; x_wconf 88' lang='lat' dir='ltr'><strong>nec</strong></span> <span class='ocrx_word' id='word_1_356' title='bbox 692 4177 866 4246; x_wconf 89' lang='lat' dir='ltr'><strong>imago</strong></span> <span class='ocrx_word' id='word_1_357' title='bbox 895 4174 959 4227; x_wconf 87' lang='lat' dir='ltr'><strong>de</strong></span> <span class='ocrx_word' id='word_1_358' title='bbox 986 4167 1236 4240; x_wconf 78' lang='lat' dir='ltr'><strong>imagine,</strong></span> <span class='ocrx_word' id='word_1_359' title='bbox 1267 4169 1392 4238; x_wconf 88' lang='lat' dir='ltr'><strong>quia</strong></span> <span class='ocrx_word' id='word_1_360' title='bbox 1415 4184 1521 4222; x_wconf 87' lang='lat' dir='ltr'><strong>non</strong></span> <span class='ocrx_word' id='word_1_361' title='bbox 1548 4166 1706 4222; x_wconf 90' lang='lat' dir='ltr'><strong>simul</strong></span> <span class='ocrx_word' id='word_1_362' title='bbox 1735 4166 1894 4222; x_wconf 89' lang='lat' dir='ltr'><strong>ambo</strong></span> 
     </span>
    </p>
   </div>
   <div class='ocr_carea' id='block_1_43' title="bbox 328 4258 1892 4344">
    <p class='ocr_par' dir='ltr' id='par_1_43' title="bbox 328 4258 1892 4344">
     <span class='ocr_line' id='line_1_43' title="bbox 328 4258 1892 4344; baseline -0.009 -16"><span class='ocrx_word' id='word_1_363' title='bbox 328 4273 520 4344; x_wconf 81' lang='lat' dir='ltr'><strong>imago,</strong></span> <span class='ocrx_word' id='word_1_364' title='bbox 567 4269 662 4324; x_wconf 86' lang='lat' dir='ltr'><strong>sed</strong></span> <span class='ocrx_word' id='word_1_365' title='bbox 704 4269 850 4325; x_wconf 89' lang='lat' dir='ltr'><strong>solus</strong></span> <span class='ocrx_word' id='word_1_366' title='bbox 877 4266 1046 4322; x_wconf 86' lang='lat' dir='ltr'><strong>Filius</strong></span> <span class='ocrx_word' id='word_1_367' title='bbox 1080 4266 1286 4336; x_wconf 88' lang='lat' dir='ltr'><strong>imago;</strong></span> <span class='ocrx_word' id='word_1_368' title='bbox 1323 4276 1424 4316; x_wconf 88' lang='lat' dir='ltr'><strong>nec</strong></span> <span class='ocrx_word' id='word_1_369' title='bbox 1451 4260 1620 4316; x_wconf 87' lang='lat' dir='ltr'><strong>Filius</strong></span> <span class='ocrx_word' id='word_1_370' title='bbox 1644 4259 1710 4314; x_wconf 86' lang='lat' dir='ltr'><strong>de</strong></span> <span class='ocrx_word' id='word_1_371' title='bbox 1733 4258 1892 4324; x_wconf 85' lang='lat' dir='ltr'><strong>Filio,</strong></span> 
     </span>
    </p>
   </div>
   <div class='ocr_carea' id='block_1_44' title="bbox 1985 459 3540 530">
    <p class='ocr_par' dir='ltr' id='par_1_44' title="bbox 1985 459 3540 530">
     <span class='ocr_line' id='line_1_44' title="bbox 1985 459 3540 530; baseline 0.001 -19"><span class='ocrx_word' id='word_1_372' title='bbox 1985 459 2127 512; x_wconf 87' lang='lat' dir='ltr'><strong>sicut</strong></span> <span class='ocrx_word' id='word_1_373' title='bbox 2169 459 2342 530; x_wconf 80' lang='lat' dir='ltr'><strong>imago</strong></span> <span class='ocrx_word' id='word_1_374' title='bbox 2379 462 2717 528; x_wconf 81' lang='lat' dir='ltr'><strong>sempiterna:</strong></span> <span class='ocrx_word' id='word_1_375' title='bbox 2750 460 3061 516; x_wconf 75' lang='lat' dir='ltr'><strong>substantia:</strong></span> <span class='ocrx_word' id='word_1_376' title='bbox 3103 460 3421 528; x_wconf 81' lang='lat' dir='ltr'><strong>sempiterna</strong></span> <span class='ocrx_word' id='word_1_377' title='bbox 3461 469 3540 513; x_wconf 85' lang='lat' dir='ltr'><strong>est</strong></span> 
     </span>
    </p>
   </div>
   <div class='ocr_carea' id='block_1_45' title="bbox 1987 565 2183 618">
    <p class='ocr_par' dir='ltr' id='par_1_45' title="bbox 1987 565 2183 618">
     <span class='ocr_line' id='line_1_45' title="bbox 1987 565 2183 618; baseline -0.005 -14"><span class='ocrx_word' id='word_1_378' title='bbox 1987 565 2183 618; x_wconf 79' lang='lat' dir='ltr'><strong>imago.</strong></span> 
     </span>
    </p>
   </div>
   <div class='ocr_carea' id='block_1_46' title="bbox 2183 660 3338 734">
    <p class='ocr_par' dir='ltr' id='par_1_46' title="bbox 2183 660 3338 734">
     <span class='ocr_line' id='line_1_46' title="bbox 2183 660 3338 734; baseline -0.003 -18"><span class='ocrx_word' id='word_1_379' title='bbox 2183 660 2408 717; x_wconf 83' lang='lat' dir='ltr'><strong>CAPUT</strong></span> <span class='ocrx_word' id='word_1_380' title='bbox 2449 661 2535 717; x_wconf 71' lang='lat' dir='ltr'><strong>VII</strong></span> <span class='ocrx_word' id='word_1_381' title='bbox 2565 662 2734 734; x_wconf 75' lang='grc' dir='ltr'><strong>(εωτ.</strong></span> <span class='ocrx_word' id='word_1_382' title='bbox 2757 679 2874 717; x_wconf 65' lang='grc' dir='ltr'>(ιλιι.</span> <span class='ocrx_word' id='word_1_383' title='bbox 2897 679 3024 728; x_wconf 76' lang='lat' dir='ltr'><strong>vui;</strong></span> <span class='ocrx_word' id='word_1_384' title='bbox 3054 679 3106 716; x_wconf 74' lang='lat' dir='ltr'><strong>IN</strong></span> <span class='ocrx_word' id='word_1_385' title='bbox 3132 676 3216 716; x_wconf 73' lang='lat' dir='ltr'><strong>ns.</strong></span> <span class='ocrx_word' id='word_1_386' title='bbox 3242 661 3338 729; x_wconf 51' lang='lat' dir='ltr'><strong>xx)».</strong></span> 
     </span>
    </p>
   </div>
   <div class='ocr_carea' id='block_1_47' title="bbox 1986 769 3543 844">
    <p class='ocr_par' dir='ltr' id='par_1_47' title="bbox 1986 769 3543 844">
     <span class='ocr_line' id='line_1_47' title="bbox 1986 769 3543 844; baseline 0 -19"><span class='ocrx_word' id='word_1_387' title='bbox 1986 771 2140 837; x_wconf 84' lang='lat' dir='ltr'><strong>Quod</strong></span> <span class='ocrx_word' id='word_1_388' title='bbox 2174 789 2460 844; x_wconf 62' lang='lat' dir='ltr'><strong>necessario</strong></span> <span class='ocrx_word' id='word_1_389' title='bbox 2497 769 2887 844; x_wconf 67' lang='lat' dir='ltr'><strong>discernendum</strong></span> <span class='ocrx_word' id='word_1_390' title='bbox 2915 775 3007 838; x_wconf 84' lang='lat' dir='ltr'><strong>sit,</strong></span> <span class='ocrx_word' id='word_1_391' title='bbox 3045 774 3170 844; x_wconf 80' lang='lat' dir='ltr'><strong>quid</strong></span> <span class='ocrx_word' id='word_1_392' title='bbox 3199 774 3262 826; x_wconf 85' lang='lat' dir='ltr'><strong>de</strong></span> <span class='ocrx_word' id='word_1_393' title='bbox 3288 773 3394 826; x_wconf 89' lang='lat' dir='ltr'><strong>Deo</strong></span> <span class='ocrx_word' id='word_1_394' title='bbox 3420 773 3543 826; x_wconf 75' lang='lat' dir='ltr'><strong>sub-</strong></span> 
     </span>
    </p>
   </div>
   <div class='ocr_carea' id='block_1_48' title="bbox 2240 842 3284 911">
    <p class='ocr_par' dir='ltr' id='par_1_48' title="bbox 2240 842 3284 911">
     <span class='ocr_line' id='line_1_48' title="bbox 2240 842 3284 911; baseline 0.001 -17"><span class='ocrx_word' id='word_1_395' title='bbox 2240 842 2553 896; x_wconf 77' lang='lat' dir='ltr'><strong>stantialiter</strong></span> <span class='ocrx_word' id='word_1_396' title='bbox 2577 843 2652 898; x_wconf 83' lang='lat' dir='ltr'><strong>vel</strong></span> <span class='ocrx_word' id='word_1_397' title='bbox 2677 845 2799 911; x_wconf 82' lang='lat' dir='ltr'><strong>quid</strong></span> <span class='ocrx_word' id='word_1_398' title='bbox 2831 844 3036 898; x_wconf 78' lang='lat' dir='ltr'><strong>relative</strong></span> <span class='ocrx_word' id='word_1_399' title='bbox 3059 842 3284 897; x_wconf 73' lang='lat' dir='ltr'><strong>dicatur.</strong></span> 
     </span>
    </p>
   </div>
   <div class='ocr_carea' id='block_1_49' title="bbox 2054 949 3546 1022">
    <p class='ocr_par' dir='ltr' id='par_1_49' title="bbox 2054 949 3546 1022">
     <span class='ocr_line' id='line_1_49' title="bbox 2054 949 3546 1022; baseline 0.001 -20"><span class='ocrx_word' id='word_1_400' title='bbox 2054 949 2293 1019; x_wconf 75' lang='lat' dir='ltr'><strong>Exempli</strong></span> <span class='ocrx_word' id='word_1_401' title='bbox 2324 951 2525 1022; x_wconf 82' lang='lat' dir='ltr'><strong>gratia,</strong></span> <span class='ocrx_word' id='word_1_402' title='bbox 2554 951 2599 1004; x_wconf 88' lang='lat' dir='ltr'><strong>si</strong></span> <span class='ocrx_word' id='word_1_403' title='bbox 2631 953 2826 1020; x_wconf 75' lang='lat' dir='ltr'><strong>quaeris</strong></span> <span class='ocrx_word' id='word_1_404' title='bbox 2850 953 2978 1020; x_wconf 91' lang='lat' dir='ltr'><strong>quid</strong></span> <span class='ocrx_word' id='word_1_405' title='bbox 3008 953 3079 1008; x_wconf 90' lang='lat' dir='ltr'><strong>sit</strong></span> <span class='ocrx_word' id='word_1_406' title='bbox 3106 951 3373 1006; x_wconf 84' lang='lat' dir='ltr'><strong>Abraham</strong></span> <span class='ocrx_word' id='word_1_407' title='bbox 3393 949 3546 1018; x_wconf 81' lang='lat' dir='ltr'><strong>juxta</strong></span> 
     </span>
    </p>
   </div>
   <div class='ocr_carea' id='block_1_50' title="bbox 1987 1038 3546 1112">
    <p class='ocr_par' dir='ltr' id='par_1_50' title="bbox 1987 1038 3546 1112">
     <span class='ocr_line' id='line_1_50' title="bbox 1987 1038 3546 1112; baseline 0.001 -20"><span class='ocrx_word' id='word_1_408' title='bbox 1987 1038 2362 1104; x_wconf 88' lang='lat' dir='ltr'><strong>substantiam,</strong></span> <span class='ocrx_word' id='word_1_409' title='bbox 2385 1042 2754 1109; x_wconf 85' lang='lat' dir='ltr'><strong>respondetur,</strong></span> <span class='ocrx_word' id='word_1_410' title='bbox 2779 1043 2956 1096; x_wconf 90' lang='lat' dir='ltr'><strong>homo.</strong></span> <span class='ocrx_word' id='word_1_411' title='bbox 2989 1041 3046 1097; x_wconf 88' lang='lat' dir='ltr'><strong>Si</strong></span> <span class='ocrx_word' id='word_1_412' title='bbox 3071 1044 3266 1112; x_wconf 66' lang='lat' dir='ltr'><strong>quaeris</strong></span> <span class='ocrx_word' id='word_1_413' title='bbox 3290 1042 3354 1096; x_wconf 88' lang='lat' dir='ltr'><strong>de</strong></span> <span class='ocrx_word' id='word_1_414' title='bbox 3377 1042 3546 1095; x_wconf 73' lang='lat' dir='ltr'><strong>Abra-</strong></span> 
     </span>
    </p>
   </div>
   <div class='ocr_carea' id='block_1_51' title="bbox 1986 1128 3546 1202">
    <p class='ocr_par' dir='ltr' id='par_1_51' title="bbox 1986 1128 3546 1202">
     <span class='ocr_line' id='line_1_51' title="bbox 1986 1128 3546 1202; baseline 0.003 -21"><span class='ocrx_word' id='word_1_415' title='bbox 1986 1128 2134 1192; x_wconf 90' lang='lat' dir='ltr'><strong>ham,</strong></span> <span class='ocrx_word' id='word_1_416' title='bbox 2158 1143 2254 1182; x_wconf 90' lang='lat' dir='ltr'><strong>cur</strong></span> <span class='ocrx_word' id='word_1_417' title='bbox 2288 1136 2441 1198; x_wconf 90' lang='lat' dir='ltr'><strong>pater</strong></span> <span class='ocrx_word' id='word_1_418' title='bbox 2468 1131 2558 1196; x_wconf 90' lang='lat' dir='ltr'><strong>sit,</strong></span> <span class='ocrx_word' id='word_1_419' title='bbox 2584 1131 2804 1185; x_wconf 81' lang='lat' dir='ltr'><strong>relative</strong></span> <span class='ocrx_word' id='word_1_420' title='bbox 2830 1131 3199 1202; x_wconf 88' lang='lat' dir='ltr'><strong>respondetur,</strong></span> <span class='ocrx_word' id='word_1_421' title='bbox 3230 1132 3353 1200; x_wconf 89' lang='lat' dir='ltr'><strong>quia</strong></span> <span class='ocrx_word' id='word_1_422' title='bbox 3381 1131 3546 1185; x_wconf 88' lang='lat' dir='ltr'><strong>lilium</strong></span> 
     </span>
    </p>
   </div>
   <div class='ocr_carea' id='block_1_52' title="bbox 1986 1217 3547 1288">
    <p class='ocr_par' dir='ltr' id='par_1_52' title="bbox 1986 1217 3547 1288">
     <span class='ocr_line' id='line_1_52' title="bbox 1986 1217 3547 1288; baseline 0.002 -16"><span class='ocrx_word' id='word_1_423' title='bbox 1986 1217 2149 1272; x_wconf 88' lang='lat' dir='ltr'><strong>habet</strong></span> <span class='ocrx_word' id='word_1_424' title='bbox 2173 1217 2339 1272; x_wconf 90' lang='lat' dir='ltr'><strong>lsaac.</strong></span> <span class='ocrx_word' id='word_1_425' title='bbox 2387 1218 2442 1274; x_wconf 90' lang='lat' dir='ltr'><strong>Si</strong></span> <span class='ocrx_word' id='word_1_426' title='bbox 2468 1222 2666 1288; x_wconf 65' lang='lat' dir='ltr'><strong>quaeris</strong></span> <span class='ocrx_word' id='word_1_427' title='bbox 2694 1222 2759 1276; x_wconf 89' lang='lat' dir='ltr'><strong>de</strong></span> <span class='ocrx_word' id='word_1_428' title='bbox 2784 1222 2950 1286; x_wconf 88' lang='lat' dir='ltr'><strong>lsaac,</strong></span> <span class='ocrx_word' id='word_1_429' title='bbox 2989 1237 3086 1276; x_wconf 90' lang='lat' dir='ltr'><strong>cur</strong></span> <span class='ocrx_word' id='word_1_430' title='bbox 3110 1223 3178 1277; x_wconf 89' lang='lat' dir='ltr'><strong>sit</strong></span> <span class='ocrx_word' id='word_1_431' title='bbox 3206 1222 3368 1284; x_wconf 81' lang='lat' dir='ltr'><strong>ﬁlius.</strong></span> <span class='ocrx_word' id='word_1_432' title='bbox 3406 1221 3547 1276; x_wconf 76' lang='lat' dir='ltr'><strong>rela~</strong></span> 
     </span>
    </p>
   </div>
   <div class='ocr_carea' id='block_1_53' title="bbox 1986 1307 3547 1383">
    <p class='ocr_par' dir='ltr' id='par_1_53' title="bbox 1986 1307 3547 1383">
     <span class='ocr_line' id='line_1_53' title="bbox 1986 1307 3547 1383; baseline 0.003 -24"><span class='ocrx_word' id='word_1_433' title='bbox 1986 1307 2095 1362; x_wconf 88' lang='lat' dir='ltr'><strong>tive</strong></span> <span class='ocrx_word' id='word_1_434' title='bbox 2107 1309 2267 1378; x_wconf 77' lang='lat'><strong>710</strong></span> <span class='ocrx_word' id='word_1_435' title='bbox 2284 1309 2652 1379; x_wconf 83' lang='lat' dir='ltr'><strong>respondetur,</strong></span> <span class='ocrx_word' id='word_1_436' title='bbox 2669 1312 2794 1380; x_wconf 88' lang='lat' dir='ltr'><strong>quia</strong></span> <span class='ocrx_word' id='word_1_437' title='bbox 2811 1321 3016 1382; x_wconf 87' lang='lat' dir='ltr'><strong>patrem</strong></span> <span class='ocrx_word' id='word_1_438' title='bbox 3033 1313 3192 1367; x_wconf 87' lang='lat' dir='ltr'><strong>habet</strong></span> <span class='ocrx_word' id='word_1_439' title='bbox 3208 1310 3547 1383; x_wconf 82' lang='lat' dir='ltr'><strong>[Abraham].</strong></span> 
     </span>
    </p>
   </div>
   <div class='ocr_carea' id='block_1_54' title="bbox 1987 1394 3553 1471">
    <p class='ocr_par' dir='ltr' id='par_1_54' title="bbox 1987 1394 3553 1471">
     <span class='ocr_line' id='line_1_54' title="bbox 1987 1394 3553 1471; baseline 0.002 -20"><span class='ocrx_word' id='word_1_440' title='bbox 1987 1394 2174 1452; x_wconf 90' lang='lat' dir='ltr'><strong>Omnis</strong></span> <span class='ocrx_word' id='word_1_441' title='bbox 2200 1413 2328 1453; x_wconf 85' lang='lat' dir='ltr'><strong>vero</strong></span> <span class='ocrx_word' id='word_1_442' title='bbox 2355 1399 2545 1454; x_wconf 86' lang='lat' dir='ltr'><strong>relatio</strong></span> <span class='ocrx_word' id='word_1_443' title='bbox 2573 1400 2641 1454; x_wconf 88' lang='lat' dir='ltr'><strong>ad</strong></span> <span class='ocrx_word' id='word_1_444' title='bbox 2667 1401 2810 1454; x_wconf 86' lang='lat' dir='ltr'><strong>aliud</strong></span> <span class='ocrx_word' id='word_1_445' title='bbox 2835 1401 3032 1471; x_wconf 86' lang='lat' dir='ltr'><strong>aliquid</strong></span> <span class='ocrx_word' id='word_1_446' title='bbox 3061 1401 3308 1456; x_wconf 74' lang='lat' dir='ltr'><strong>refertur.</strong></span> <span class='ocrx_word' id='word_1_447' title='bbox 3349 1399 3414 1454; x_wconf 88' lang='lat' dir='ltr'><strong>Et</strong></span> <span class='ocrx_word' id='word_1_448' title='bbox 3437 1399 3553 1454; x_wconf 60' lang='lat' dir='ltr'><strong>haec</strong></span> 
     </span>
    </p>
   </div>
   <div class='ocr_carea' id='block_1_55' title="bbox 1987 1491 3553 1565">
    <p class='ocr_par' dir='ltr' id='par_1_55' title="bbox 1987 1491 3553 1565">
     <span class='ocr_line' id='line_1_55' title="bbox 1987 1491 3553 1565; baseline 0.002 -21"><span class='ocrx_word' id='word_1_449' title='bbox 1987 1491 2171 1562; x_wconf 80' lang='lat' dir='ltr'><strong>regula</strong></span> <span class='ocrx_word' id='word_1_450' title='bbox 2199 1492 2474 1548; x_wconf 84' lang='lat' dir='ltr'><strong>relationis</strong></span> <span class='ocrx_word' id='word_1_451' title='bbox 2503 1493 2555 1548; x_wconf 91' lang='lat' dir='ltr'><strong>in</strong></span> <span class='ocrx_word' id='word_1_452' title='bbox 2583 1495 2824 1565; x_wconf 85' lang='lat' dir='ltr'><strong>personis</strong></span> <span class='ocrx_word' id='word_1_453' title='bbox 2859 1505 3058 1550; x_wconf 68' lang='lat' dir='ltr'><strong>sancta:</strong></span> <span class='ocrx_word' id='word_1_454' title='bbox 3084 1495 3360 1550; x_wconf 84' lang='lat' dir='ltr'><strong>Trinitatis</strong></span> <span class='ocrx_word' id='word_1_455' title='bbox 3399 1495 3553 1548; x_wconf 81' lang='lat' dir='ltr'><strong>intel-</strong></span> 
     </span>
    </p>
   </div>
   <div class='ocr_carea' id='block_1_56' title="bbox 1987 1580 3554 1654">
    <p class='ocr_par' dir='ltr' id='par_1_56' title="bbox 1987 1580 3554 1654">
     <span class='ocr_line' id='line_1_56' title="bbox 1987 1580 3554 1654; baseline 0.001 -20"><span class='ocrx_word' id='word_1_456' title='bbox 1987 1580 2200 1651; x_wconf 87' lang='lat' dir='ltr'><strong>ligenda</strong></span> <span class='ocrx_word' id='word_1_457' title='bbox 2223 1590 2325 1636; x_wconf 90' lang='lat' dir='ltr'><strong>est.</strong></span> <span class='ocrx_word' id='word_1_458' title='bbox 2379 1581 2435 1636; x_wconf 85' lang='lat' dir='ltr'><strong>Si</strong></span> <span class='ocrx_word' id='word_1_459' title='bbox 2465 1598 2596 1652; x_wconf 80' lang='lat' dir='ltr'><strong>ergo</strong></span> <span class='ocrx_word' id='word_1_460' title='bbox 2622 1585 2982 1654; x_wconf 82' lang='lat' dir='ltr'><strong>interrogatus</strong></span> <span class='ocrx_word' id='word_1_461' title='bbox 3014 1582 3177 1638; x_wconf 82' lang='lat' dir='ltr'><strong>fueris</strong></span> <span class='ocrx_word' id='word_1_462' title='bbox 3203 1582 3268 1637; x_wconf 89' lang='lat' dir='ltr'><strong>de</strong></span> <span class='ocrx_word' id='word_1_463' title='bbox 3299 1585 3424 1645; x_wconf 87' lang='lat' dir='ltr'><strong>Deo,</strong></span> <span class='ocrx_word' id='word_1_464' title='bbox 3457 1598 3554 1637; x_wconf 89' lang='lat' dir='ltr'><strong>cur</strong></span> 
     </span>
    </p>
   </div>
   <div class='ocr_carea' id='block_1_57' title="bbox 1915 1669 3550 1768">
    <p class='ocr_par' dir='ltr' id='par_1_57' title="bbox 1915 1669 3550 1768">
     <span class='ocr_line' id='line_1_57' title="bbox 1915 1669 3550 1768; baseline -0.001 -44"><span class='ocrx_word' id='word_1_465' title='bbox 1915 1707 1964 1768; x_wconf 69' lang='grc' dir='ltr'><strong>Β</strong></span> <span class='ocrx_word' id='word_1_466' title='bbox 1987 1669 2198 1768; x_wconf 74' lang='lat' dir='ltr'><strong>dicatur</strong></span> <span class='ocrx_word' id='word_1_467' title='bbox 2222 1670 2400 1737; x_wconf 88' lang='lat' dir='ltr'><strong>Pater,</strong></span> <span class='ocrx_word' id='word_1_468' title='bbox 2443 1672 2662 1727; x_wconf 80' lang='lat' dir='ltr'><strong>relative</strong></span> <span class='ocrx_word' id='word_1_469' title='bbox 2689 1674 2972 1743; x_wconf 86' lang='lat' dir='ltr'><strong>responde,</strong></span> <span class='ocrx_word' id='word_1_470' title='bbox 2999 1675 3123 1743; x_wconf 88' lang='lat' dir='ltr'><strong>quia</strong></span> <span class='ocrx_word' id='word_1_471' title='bbox 3151 1673 3342 1727; x_wconf 84' lang='lat' dir='ltr'><strong>Filium</strong></span> <span class='ocrx_word' id='word_1_472' title='bbox 3370 1673 3550 1726; x_wconf 84' lang='lat' dir='ltr'><strong>habet.</strong></span> 
     </span>
    </p>
   </div>
   <div class='ocr_carea' id='block_1_58' title="bbox 1987 1762 3556 1832">
    <p class='ocr_par' dir='ltr' id='par_1_58' title="bbox 1987 1762 3556 1832">
     <span class='ocr_line' id='line_1_58' title="bbox 1987 1762 3556 1832; baseline -0.001 -16"><span class='ocrx_word' id='word_1_473' title='bbox 1987 1762 2065 1816; x_wconf 86' lang='lat' dir='ltr'><strong>Ita</strong></span> <span class='ocrx_word' id='word_1_474' title='bbox 2108 1764 2268 1817; x_wconf 87' lang='lat' dir='ltr'><strong>etiam</strong></span> <span class='ocrx_word' id='word_1_475' title='bbox 2312 1771 2368 1817; x_wconf 89' lang='lat' dir='ltr'><strong>et</strong></span> <span class='ocrx_word' id='word_1_476' title='bbox 2405 1764 2470 1818; x_wconf 89' lang='lat' dir='ltr'><strong>de</strong></span> <span class='ocrx_word' id='word_1_477' title='bbox 2499 1763 2636 1818; x_wconf 83' lang='lat' dir='ltr'><strong>Filio</strong></span> <span class='ocrx_word' id='word_1_478' title='bbox 2678 1764 2900 1818; x_wconf 86' lang='lat' dir='ltr'><strong>relative</strong></span> <span class='ocrx_word' id='word_1_479' title='bbox 2942 1764 3234 1832; x_wconf 78' lang='lat' dir='ltr'><strong>responde,</strong></span> <span class='ocrx_word' id='word_1_480' title='bbox 3277 1762 3395 1816; x_wconf 88' lang='lat' dir='ltr'><strong>ideo</strong></span> <span class='ocrx_word' id='word_1_481' title='bbox 3436 1777 3556 1816; x_wconf 84' lang='lat' dir='ltr'><strong>esse</strong></span> 
     </span>
    </p>
   </div>
   <div class='ocr_carea' id='block_1_59' title="bbox 1986 1852 3556 1924">
    <p class='ocr_par' dir='ltr' id='par_1_59' title="bbox 1986 1852 3556 1924">
     <span class='ocr_line' id='line_1_59' title="bbox 1986 1852 3556 1924; baseline -0.001 -17"><span class='ocrx_word' id='word_1_482' title='bbox 1986 1853 2184 1908; x_wconf 87' lang='lat' dir='ltr'><strong>Filium</strong></span> <span class='ocrx_word' id='word_1_483' title='bbox 2210 1854 2340 1924; x_wconf 77' lang='lat' dir='ltr'><strong>quia’</strong></span> <span class='ocrx_word' id='word_1_484' title='bbox 2365 1854 2560 1908; x_wconf 84' lang='lat' dir='ltr'><strong>habeat</strong></span> <span class='ocrx_word' id='word_1_485' title='bbox 2585 1855 2819 1909; x_wconf 87' lang='lat' dir='ltr'><strong>Patrem.</strong></span> <span class='ocrx_word' id='word_1_486' title='bbox 2872 1853 2930 1908; x_wconf 86' lang='lat' dir='ltr'><strong>Si</strong></span> <span class='ocrx_word' id='word_1_487' title='bbox 2963 1871 3091 1924; x_wconf 86' lang='lat' dir='ltr'><strong>ergo</strong></span> <span class='ocrx_word' id='word_1_488' title='bbox 3123 1854 3323 1908; x_wconf 90' lang='lat' dir='ltr'><strong>dictum</strong></span> <span class='ocrx_word' id='word_1_489' title='bbox 3352 1853 3416 1906; x_wconf 91' lang='lat' dir='ltr'><strong>de</strong></span> <span class='ocrx_word' id='word_1_490' title='bbox 3448 1852 3556 1906; x_wconf 90' lang='lat' dir='ltr'><strong>Deo</strong></span> 
     </span>
    </p>
   </div>
   <div class='ocr_carea' id='block_1_60' title="bbox 1988 1944 3558 2027">
    <p class='ocr_par' dir='ltr' id='par_1_60' title="bbox 1988 1944 3558 2027">
     <span class='ocr_line' id='line_1_60' title="bbox 1988 1944 3558 2027; baseline -0.001 -29"><span class='ocrx_word' id='word_1_491' title='bbox 1988 1945 2085 1998; x_wconf 89' lang='lat' dir='ltr'><strong>tibi</strong></span> <span class='ocrx_word' id='word_1_492' title='bbox 2116 1944 2311 2027; x_wconf 77' lang='lat' dir='ltr'><strong>fuerit,</strong></span> <span class='ocrx_word' id='word_1_493' title='bbox 2347 1946 2614 2015; x_wconf 90' lang='lat' dir='ltr'><strong>quomodo</strong></span> <span class='ocrx_word' id='word_1_494' title='bbox 2649 1945 2812 2000; x_wconf 89' lang='lat' dir='ltr'><strong>Pater</strong></span> <span class='ocrx_word' id='word_1_495' title='bbox 2837 1947 2937 2000; x_wconf 90' lang='lat' dir='ltr'><strong>hoc</strong></span> <span class='ocrx_word' id='word_1_496' title='bbox 2967 1955 3048 2000; x_wconf 89' lang='lat' dir='ltr'><strong>est</strong></span> <span class='ocrx_word' id='word_1_497' title='bbox 3077 1945 3218 2014; x_wconf 88' lang='lat' dir='ltr'><strong>quod</strong></span> <span class='ocrx_word' id='word_1_498' title='bbox 3246 1945 3433 2009; x_wconf 84' lang='lat' dir='ltr'><strong>Filius,</strong></span> <span class='ocrx_word' id='word_1_499' title='bbox 3467 1954 3558 1998; x_wconf 86' lang='lat' dir='ltr'><strong>aut</strong></span> 
     </span>
    </p>
   </div>
   <div class='ocr_carea' id='block_1_61' title="bbox 1986 2034 3610 2104">
    <p class='ocr_par' dir='ltr' id='par_1_61' title="bbox 1986 2034 3610 2104">
     <span class='ocr_line' id='line_1_61' title="bbox 1986 2034 3610 2104; baseline -0.001 -16"><span class='ocrx_word' id='word_1_500' title='bbox 1986 2034 2154 2089; x_wconf 85' lang='lat' dir='ltr'><strong>Filius</strong></span> <span class='ocrx_word' id='word_1_501' title='bbox 2182 2036 2283 2090; x_wconf 84' lang='lat' dir='ltr'><strong>hoc</strong></span> <span class='ocrx_word' id='word_1_502' title='bbox 2312 2045 2394 2090; x_wconf 91' lang='lat' dir='ltr'><strong>est</strong></span> <span class='ocrx_word' id='word_1_503' title='bbox 2421 2036 2562 2104; x_wconf 83' lang='lat' dir='ltr'><strong>quod</strong></span> <span class='ocrx_word' id='word_1_504' title='bbox 2590 2037 2779 2090; x_wconf 84' lang='lat' dir='ltr'><strong>Pater:</strong></span> <span class='ocrx_word' id='word_1_505' title='bbox 2813 2035 3094 2104; x_wconf 84' lang='lat' dir='ltr'><strong>responde,</strong></span> <span class='ocrx_word' id='word_1_506' title='bbox 3117 2037 3406 2090; x_wconf 91' lang='lat' dir='ltr'><strong>secundum</strong></span> <span class='ocrx_word' id='word_1_507' title='bbox 3433 2036 3558 2088; x_wconf 89' lang='lat' dir='ltr'><strong>sub-</strong></span> <span class='ocrx_word' id='word_1_508' title='bbox 3605 2037 3610 2041; x_wconf 85' lang='grc'><em>’</em></span> 
     </span>
    </p>
   </div>
   <div class='ocr_carea' id='block_1_62' title="bbox 1988 2124 3559 2195">
    <p class='ocr_par' dir='ltr' id='par_1_62' title="bbox 1988 2124 3559 2195">
     <span class='ocr_line' id='line_1_62' title="bbox 1988 2124 3559 2195; baseline -0.001 -17"><span class='ocrx_word' id='word_1_509' title='bbox 1988 2126 2244 2179; x_wconf 88' lang='lat' dir='ltr'><strong>stantiam</strong></span> <span class='ocrx_word' id='word_1_510' title='bbox 2275 2126 2378 2180; x_wconf 89' lang='lat' dir='ltr'><strong>hoc</strong></span> <span class='ocrx_word' id='word_1_511' title='bbox 2416 2136 2500 2180; x_wconf 90' lang='lat' dir='ltr'><strong>est</strong></span> <span class='ocrx_word' id='word_1_512' title='bbox 2539 2125 2707 2179; x_wconf 86' lang='lat' dir='ltr'><strong>Filius</strong></span> <span class='ocrx_word' id='word_1_513' title='bbox 2749 2125 2890 2195; x_wconf 90' lang='lat' dir='ltr'><strong>quod</strong></span> <span class='ocrx_word' id='word_1_514' title='bbox 2918 2125 3108 2190; x_wconf 83' lang='lat' dir='ltr'><strong>Pater;</strong></span> <span class='ocrx_word' id='word_1_515' title='bbox 3145 2133 3198 2178; x_wconf 92' lang='lat' dir='ltr'><strong>et</strong></span> <span class='ocrx_word' id='word_1_516' title='bbox 3228 2124 3386 2178; x_wconf 89' lang='lat' dir='ltr'><strong>Pater</strong></span> <span class='ocrx_word' id='word_1_517' title='bbox 3415 2125 3559 2194; x_wconf 76' lang='lat' dir='ltr'><strong>quod</strong></span> 
     </span>
    </p>
   </div>
   <div class='ocr_carea' id='block_1_63' title="bbox 1990 2197 3554 2287">
    <p class='ocr_par' dir='ltr' id='par_1_63' title="bbox 1990 2197 3554 2287">
     <span class='ocr_line' id='line_1_63' title="bbox 1990 2197 3554 2287; baseline -0.001 -17"><span class='ocrx_word' id='word_1_518' title='bbox 1990 2217 2177 2281; x_wconf 88' lang='lat' dir='ltr'><strong>Filius,</strong></span> <span class='ocrx_word' id='word_1_519' title='bbox 2209 2207 2333 2287; x_wconf 63' lang='lat' dir='ltr'><strong>quid</strong></span> <span class='ocrx_word' id='word_1_520' title='bbox 2364 2232 2504 2272; x_wconf 89' lang='lat' dir='ltr'><strong>unus</strong></span> <span class='ocrx_word' id='word_1_521' title='bbox 2537 2228 2621 2271; x_wconf 89' lang='lat' dir='ltr'><strong>est</strong></span> <span class='ocrx_word' id='word_1_522' title='bbox 2650 2217 2816 2281; x_wconf 90' lang='lat' dir='ltr'><strong>Deus,</strong></span> <span class='ocrx_word' id='word_1_523' title='bbox 2857 2225 2912 2270; x_wconf 91' lang='lat' dir='ltr'><strong>et</strong></span> <span class='ocrx_word' id='word_1_524' title='bbox 2940 2233 3041 2270; x_wconf 91' lang='lat' dir='ltr'><strong>uua</strong></span> <span class='ocrx_word' id='word_1_525' title='bbox 3074 2216 3369 2270; x_wconf 90' lang='lat' dir='ltr'><strong>substantia</strong></span> <span class='ocrx_word' id='word_1_526' title='bbox 3395 2197 3554 2269; x_wconf 84' lang='lat' dir='ltr'><strong>Pater</strong></span> 
     </span>
    </p>
   </div>
   <div class='ocr_carea' id='block_1_64' title="bbox 1991 2304 3548 2379">
    <p class='ocr_par' dir='ltr' id='par_1_64' title="bbox 1991 2304 3548 2379">
     <span class='ocr_line' id='line_1_64' title="bbox 1991 2304 3548 2379; baseline -0.003 -16"><span class='ocrx_word' id='word_1_527' title='bbox 1991 2317 2044 2363; x_wconf 92' lang='lat' dir='ltr'><strong>et</strong></span> <span class='ocrx_word' id='word_1_528' title='bbox 2071 2308 2256 2362; x_wconf 86' lang='lat' dir='ltr'><strong>Filius.</strong></span> <span class='ocrx_word' id='word_1_529' title='bbox 2306 2307 2387 2363; x_wconf 75' lang='lat' dir='ltr'><strong>Ad</strong></span> <span class='ocrx_word' id='word_1_530' title='bbox 2418 2323 2475 2363; x_wconf 91' lang='lat' dir='ltr'><strong>se</strong></span> <span class='ocrx_word' id='word_1_531' title='bbox 2511 2304 2654 2362; x_wconf 86' lang='lat' dir='ltr'><strong>enim</strong></span> <span class='ocrx_word' id='word_1_532' title='bbox 2686 2308 2828 2362; x_wconf 89' lang='lat' dir='ltr'><strong>Deus</strong></span> <span class='ocrx_word' id='word_1_533' title='bbox 2870 2308 3292 2379; x_wconf 84' lang='lat' dir='ltr'><strong>substantialiter</strong></span> <span class='ocrx_word' id='word_1_534' title='bbox 3317 2307 3548 2360; x_wconf 90' lang='lat' dir='ltr'><strong>dicitur:</strong></span> 
     </span>
    </p>
   </div>
   <div class='ocr_carea' id='block_1_65' title="bbox 1989 2378 3554 2462">
    <p class='ocr_par' dir='ltr' id='par_1_65' title="bbox 1989 2378 3554 2462">
     <span class='ocr_line' id='line_1_65' title="bbox 1989 2378 3554 2462; baseline -0.002 -8"><span class='ocrx_word' id='word_1_535' title='bbox 1989 2401 2149 2454; x_wconf 84' lang='lat' dir='ltr'><strong>Pater</strong></span> <span class='ocrx_word' id='word_1_536' title='bbox 2177 2400 2243 2454; x_wconf 87' lang='lat' dir='ltr'><strong>ad</strong></span> <span class='ocrx_word' id='word_1_537' title='bbox 2268 2399 2492 2462; x_wconf 85' lang='lat' dir='ltr'><strong>Filium,</strong></span> <span class='ocrx_word' id='word_1_538' title='bbox 2522 2400 2607 2454; x_wconf 91' lang='lat' dir='ltr'><strong>vel</strong></span> <span class='ocrx_word' id='word_1_539' title='bbox 2635 2400 2805 2454; x_wconf 87' lang='lat' dir='ltr'><strong>Filius</strong></span> <span class='ocrx_word' id='word_1_540' title='bbox 2831 2401 2897 2454; x_wconf 90' lang='lat' dir='ltr'><strong>ad</strong></span> <span class='ocrx_word' id='word_1_541' title='bbox 2923 2378 3137 2454; x_wconf 88' lang='lat' dir='ltr'><strong>Patrem</strong></span> <span class='ocrx_word' id='word_1_542' title='bbox 3171 2394 3390 2453; x_wconf 84' lang='lat' dir='ltr'><strong>relative</strong></span> <span class='ocrx_word' id='word_1_543' title='bbox 3420 2378 3554 2452; x_wconf 81' lang='lat' dir='ltr'><strong>dici-</strong></span> 
     </span>
    </p>
   </div>
   <div class='ocr_carea' id='block_1_66' title="bbox 1909 2493 3554 2565">
    <p class='ocr_par' dir='ltr' id='par_1_66' title="bbox 1909 2493 3554 2565">
     <span class='ocr_line' id='line_1_66' title="bbox 1909 2493 3554 2565; baseline -0.002 -17"><span class='ocrx_word' id='word_1_544' title='bbox 1909 2525 1917 2533; x_wconf 70' lang='grc' dir='ltr'><strong>ι</strong></span> <span class='ocrx_word' id='word_1_545' title='bbox 1993 2503 2098 2549; x_wconf 87' lang='lat' dir='ltr'><strong>tur.</strong></span> <span class='ocrx_word' id='word_1_546' title='bbox 2145 2493 2302 2549; x_wconf 79' lang='lat' dir='ltr'><strong>Juxta</strong></span> <span class='ocrx_word' id='word_1_547' title='bbox 2329 2509 2573 2565; x_wconf 62' lang='lat' dir='ltr'><strong>personae</strong></span> <span class='ocrx_word' id='word_1_548' title='bbox 2601 2495 2980 2563; x_wconf 74' lang='lat' dir='ltr'><strong>proprietatem</strong></span> <span class='ocrx_word' id='word_1_549' title='bbox 3013 2509 3117 2547; x_wconf 91' lang='lat' dir='ltr'><strong>non</strong></span> <span class='ocrx_word' id='word_1_550' title='bbox 3147 2503 3229 2546; x_wconf 87' lang='lat' dir='ltr'><strong>est</strong></span> <span class='ocrx_word' id='word_1_551' title='bbox 3253 2493 3432 2556; x_wconf 84' lang='lat' dir='ltr'><strong>Pater,</strong></span> <span class='ocrx_word' id='word_1_552' title='bbox 3465 2494 3554 2560; x_wconf 88' lang='lat' dir='ltr'><strong>qui</strong></span> 
     </span>
    </p>
   </div>
   <div class='ocr_carea' id='block_1_67' title="bbox 1992 2579 3554 2652">
    <p class='ocr_par' dir='ltr' id='par_1_67' title="bbox 1992 2579 3554 2652">
     <span class='ocr_line' id='line_1_67' title="bbox 1992 2579 3554 2652; baseline -0.004 -13"><span class='ocrx_word' id='word_1_553' title='bbox 1992 2584 2192 2651; x_wconf 86' lang='lat' dir='ltr'><strong>Filius;</strong></span> <span class='ocrx_word' id='word_1_554' title='bbox 2225 2583 2544 2647; x_wconf 87' lang='lat' dir='ltr'><strong>necFilius,</strong></span> <span class='ocrx_word' id='word_1_555' title='bbox 2575 2583 2668 2652; x_wconf 84' lang='lat' dir='ltr'><strong>qui</strong></span> <span class='ocrx_word' id='word_1_556' title='bbox 2699 2581 2877 2635; x_wconf 86' lang='lat' dir='ltr'><strong>Pater.</strong></span> <span class='ocrx_word' id='word_1_557' title='bbox 2908 2580 3062 2635; x_wconf 81' lang='lat' dir='ltr'><strong>Juxta</strong></span> <span class='ocrx_word' id='word_1_558' title='bbox 3092 2581 3402 2634; x_wconf 65' lang='lat' dir='ltr'><strong>substantiae</strong></span> <span class='ocrx_word' id='word_1_559' title='bbox 3432 2579 3554 2634; x_wconf 88' lang='lat' dir='ltr'><strong>uui-</strong></span> 
     </span>
    </p>
   </div>
   <div class='ocr_carea' id='block_1_68' title="bbox 1993 2667 3562 2741">
    <p class='ocr_par' dir='ltr' id='par_1_68' title="bbox 1993 2667 3562 2741">
     <span class='ocr_line' id='line_1_68' title="bbox 1993 2667 3562 2741; baseline -0.003 -14"><span class='ocrx_word' id='word_1_560' title='bbox 1993 2683 2182 2739; x_wconf 82' lang='lat' dir='ltr'><strong>tatem,</strong></span> <span class='ocrx_word' id='word_1_561' title='bbox 2212 2674 2314 2729; x_wconf 90' lang='lat' dir='ltr'><strong>hoc</strong></span> <span class='ocrx_word' id='word_1_562' title='bbox 2337 2681 2419 2727; x_wconf 91' lang='lat' dir='ltr'><strong>est</strong></span> <span class='ocrx_word' id='word_1_563' title='bbox 2447 2672 2610 2726; x_wconf 86' lang='lat' dir='ltr'><strong>Pater</strong></span> <span class='ocrx_word' id='word_1_564' title='bbox 2634 2671 2777 2741; x_wconf 89' lang='lat' dir='ltr'><strong>quod</strong></span> <span class='ocrx_word' id='word_1_565' title='bbox 2805 2671 2996 2735; x_wconf 87' lang='lat' dir='ltr'><strong>Filius,</strong></span> <span class='ocrx_word' id='word_1_566' title='bbox 3040 2671 3090 2723; x_wconf 92' lang='lat' dir='ltr'><strong>id</strong></span> <span class='ocrx_word' id='word_1_567' title='bbox 3119 2678 3220 2730; x_wconf 88' lang='lat' dir='ltr'><strong>est,</strong></span> <span class='ocrx_word' id='word_1_568' title='bbox 3253 2685 3392 2722; x_wconf 88' lang='lat' dir='ltr'><strong>unus</strong></span> <span class='ocrx_word' id='word_1_569' title='bbox 3419 2667 3562 2722; x_wconf 88' lang='lat' dir='ltr'><strong>Deus</strong></span> 
     </span>
    </p>
   </div>
   <div class='ocr_carea' id='block_1_69' title="bbox 1992 2760 3560 2832">
    <p class='ocr_par' dir='ltr' id='par_1_69' title="bbox 1992 2760 3560 2832">
     <span class='ocr_line' id='line_1_69' title="bbox 1992 2760 3560 2832; baseline -0.002 -15"><span class='ocrx_word' id='word_1_570' title='bbox 1992 2764 2349 2832; x_wconf 85' lang='lat' dir='ltr'><strong>oumipotens.</strong></span> <span class='ocrx_word' id='word_1_571' title='bbox 2381 2763 2649 2832; x_wconf 83' lang='lat' dir='ltr'><strong>Quidquid</strong></span> <span class='ocrx_word' id='word_1_572' title='bbox 2674 2777 2802 2832; x_wconf 82' lang='lat' dir='ltr'><strong>ergo</strong></span> <span class='ocrx_word' id='word_1_573' title='bbox 2827 2761 2892 2816; x_wconf 86' lang='lat' dir='ltr'><strong>ad</strong></span> <span class='ocrx_word' id='word_1_574' title='bbox 2921 2762 3152 2830; x_wconf 88' lang='lat' dir='ltr'><strong>seipsum</strong></span> <span class='ocrx_word' id='word_1_575' title='bbox 3180 2761 3372 2815; x_wconf 87' lang='lat' dir='ltr'><strong>dicitur</strong></span> <span class='ocrx_word' id='word_1_576' title='bbox 3397 2760 3560 2824; x_wconf 89' lang='lat' dir='ltr'><strong>Deus,</strong></span> 
     </span>
    </p>
   </div>
   <div class='ocr_carea' id='block_1_70' title="bbox 1991 2849 3562 2922">
    <p class='ocr_par' dir='ltr' id='par_1_70' title="bbox 1991 2849 3562 2922">
     <span class='ocr_line' id='line_1_70' title="bbox 1991 2849 3562 2922; baseline -0.003 -14"><span class='ocrx_word' id='word_1_577' title='bbox 1991 2863 2045 2908; x_wconf 88' lang='lat' dir='ltr'><strong>et</strong></span> <span class='ocrx_word' id='word_1_578' title='bbox 2069 2852 2136 2906; x_wconf 90' lang='lat' dir='ltr'><strong>de</strong></span> <span class='ocrx_word' id='word_1_579' title='bbox 2162 2852 2388 2922; x_wconf 83' lang='lat' dir='ltr'><strong>singulis</strong></span> <span class='ocrx_word' id='word_1_580' title='bbox 2413 2853 2660 2920; x_wconf 88' lang='lat' dir='ltr'><strong>personis</strong></span> <span class='ocrx_word' id='word_1_581' title='bbox 2690 2853 2905 2916; x_wconf 89' lang='lat' dir='ltr'><strong>dicitur,</strong></span> <span class='ocrx_word' id='word_1_582' title='bbox 2938 2851 3100 2905; x_wconf 86' lang='lat' dir='ltr'><strong>Patre</strong></span> <span class='ocrx_word' id='word_1_583' title='bbox 3127 2861 3178 2905; x_wconf 87' lang='lat' dir='ltr'><strong>et</strong></span> <span class='ocrx_word' id='word_1_584' title='bbox 3207 2851 3341 2905; x_wconf 87' lang='lat' dir='ltr'><strong>Filio</strong></span> <span class='ocrx_word' id='word_1_585' title='bbox 3367 2859 3419 2906; x_wconf 90' lang='lat' dir='ltr'><strong>et</strong></span> <span class='ocrx_word' id='word_1_586' title='bbox 3443 2849 3562 2920; x_wconf 88' lang='lat' dir='ltr'><strong>Spi-</strong></span> 
     </span>
    </p>
   </div>
   <div class='ocr_carea' id='block_1_71' title="bbox 1991 2943 3562 3019">
    <p class='ocr_par' dir='ltr' id='par_1_71' title="bbox 1991 2943 3562 3019">
     <span class='ocr_line' id='line_1_71' title="bbox 1991 2943 3562 3019; baseline -0.002 -21"><span class='ocrx_word' id='word_1_587' title='bbox 1991 2945 2098 2998; x_wconf 79' lang='lat' dir='ltr'><strong>ritu</strong></span> <span class='ocrx_word' id='word_1_588' title='bbox 2129 2953 2348 3010; x_wconf 85' lang='lat' dir='ltr'><strong>sancto;</strong></span> <span class='ocrx_word' id='word_1_589' title='bbox 2388 2952 2442 3019; x_wconf 83' lang='lat' dir='ltr'><strong>et</strong></span> <span class='ocrx_word' id='word_1_590' title='bbox 2470 2943 2626 2997; x_wconf 85' lang='lat' dir='ltr'><strong>simul</strong></span> <span class='ocrx_word' id='word_1_591' title='bbox 2655 2944 2719 2996; x_wconf 87' lang='lat' dir='ltr'><strong>de</strong></span> <span class='ocrx_word' id='word_1_592' title='bbox 2748 2945 2860 3012; x_wconf 90' lang='lat' dir='ltr'><strong>ipsa</strong></span> <span class='ocrx_word' id='word_1_593' title='bbox 2893 2945 3176 3007; x_wconf 89' lang='lat' dir='ltr'><strong>Trinitate,</strong></span> <span class='ocrx_word' id='word_1_594' title='bbox 3206 2959 3311 2997; x_wconf 90' lang='lat' dir='ltr'><strong>non</strong></span> <span class='ocrx_word' id='word_1_595' title='bbox 3342 2943 3562 3011; x_wconf 87' lang='lat' dir='ltr'><strong>plurali-</strong></span> 
     </span>
    </p>
   </div>
   <div class='ocr_carea' id='block_1_72' title="bbox 321 3021 3560 3154">
    <p class='ocr_par' dir='ltr' id='par_1_72' title="bbox 321 3021 3560 3154">
     <span class='ocr_line' id='line_1_72' title="bbox 321 3021 3540 3075; baseline -0.011 -11"><span class='ocrx_word' id='word_1_596' title='bbox 321 3025 400 3064; x_wconf 70' lang='lat' dir='ltr'><strong>CIS</strong></span> <span class='ocrx_word' id='word_1_597' title='bbox 427 3021 534 3062; x_wconf 75' lang='lat' dir='ltr'><strong>OICI</strong></span> <span class='ocrx_word' id='word_1_598' title='bbox 564 3021 769 3075; x_wconf 73' lang='grc' dir='ltr'><strong>νοιεει,</strong></span> <span class='ocrx_word' id='word_1_599' title='bbox 812 3021 968 3055; x_wconf 65' lang='grc' dir='ltr'><strong>8111υο</strong></span> <span class='ocrx_word' id='word_1_600' title='bbox 1003 3021 1160 3052; x_wconf 73' lang='grc'><strong>51111111</strong></span> <span class='ocrx_word' id='word_1_601' title='bbox 1197 3021 1350 3060; x_wconf 66' lang='lat' dir='ltr'><strong>sunt,</strong></span> <span class='ocrx_word' id='word_1_602' title='bbox 1389 3021 1630 3062; x_wconf 60' lang='lat' dir='ltr'><strong>tumulus</strong></span> <span class='ocrx_word' id='word_1_603' title='bbox 1659 3021 1724 3046; x_wconf 77' lang='lat' dir='ltr'><strong>uc</strong></span> <span class='ocrx_word' id='word_1_604' title='bbox 1751 3021 1890 3052; x_wconf 63' lang='grc' dir='ltr'>[ιιιυ</span> <span class='ocrx_word' id='word_1_605' title='bbox 2279 3039 2291 3050; x_wconf 78' lang='grc'>,</span> <span class='ocrx_word' id='word_1_606' title='bbox 2431 3037 2433 3040; x_wconf 10' lang='grc'><strong>1</strong></span> <span class='ocrx_word' id='word_1_607' title='bbox 2490 3037 2500 3048; x_wconf 77' lang='grc'><em>,</em></span> <span class='ocrx_word' id='word_1_608' title='bbox 2651 3037 2662 3048; x_wconf 71' lang='grc'><em>,</em></span> <span class='ocrx_word' id='word_1_609' title='bbox 3235 3035 3246 3046; x_wconf 50' lang='grc'><strong><em>³</em></strong></span> <span class='ocrx_word' id='word_1_610' title='bbox 3442 3035 3452 3045; x_wconf 47' lang='grc' dir='ltr'>ι</span> <span class='ocrx_word' id='word_1_611' title='bbox 3537 3021 3540 3029; x_wconf 86' lang='grc'>.</span> 
     </span>
     <span class='ocr_line' id='line_1_73' title="bbox 321 3036 3560 3154; baseline -0.014 0"><span class='ocrx_word' id='word_1_612' title='bbox 321 3075 535 3154; x_wconf 84' lang='lat' dir='ltr'><strong>dicatur</strong></span> <span class='ocrx_word' id='word_1_613' title='bbox 559 3095 704 3150; x_wconf 91' lang='lat' dir='ltr'><strong>Deus</strong></span> <span class='ocrx_word' id='word_1_614' title='bbox 727 3092 794 3148; x_wconf 90' lang='lat' dir='ltr'><strong>de</strong></span> <span class='ocrx_word' id='word_1_615' title='bbox 819 3093 948 3153; x_wconf 87' lang='lat' dir='ltr'><strong>Deo,</strong></span> <span class='ocrx_word' id='word_1_616' title='bbox 973 3090 1149 3144; x_wconf 90' lang='lat' dir='ltr'><strong>lumen</strong></span> <span class='ocrx_word' id='word_1_617' title='bbox 1181 3086 1248 3142; x_wconf 90' lang='lat' dir='ltr'><strong>de</strong></span> <span class='ocrx_word' id='word_1_618' title='bbox 1276 3085 1505 3148; x_wconf 88' lang='lat' dir='ltr'><strong>lumine,</strong></span> <span class='ocrx_word' id='word_1_619' title='bbox 1541 3085 1698 3138; x_wconf 87' lang='lat' dir='ltr'><strong>ambo</strong></span> <span class='ocrx_word' id='word_1_620' title='bbox 1732 3083 1888 3138; x_wconf 80' lang='lat' dir='ltr'><strong>simul</strong></span> <span class='ocrx_word' id='word_1_621' title='bbox 1993 3045 2096 3105; x_wconf 59' lang='lat' dir='ltr'><strong>ter’</strong></span> <span class='ocrx_word' id='word_1_622' title='bbox 2127 3039 2220 3140; x_wconf 63' lang='grc' dir='ltr'><strong>⁵θέ</strong></span> <span class='ocrx_word' id='word_1_623' title='bbox 2251 3037 2590 3108; x_wconf 57' lang='lat' dir='ltr'><strong>smgu‘amcr</strong></span> <span class='ocrx_word' id='word_1_624' title='bbox 2615 3037 2904 3136; x_wconf 38' lang='lat' dir='ltr'><strong>dlcemlu&quot;?</strong></span> <span class='ocrx_word' id='word_1_625' title='bbox 2926 3044 3026 3130; x_wconf 48' lang='lat' dir='ltr'><strong>esti</strong></span> <span class='ocrx_word' id='word_1_626' title='bbox 3075 3036 3337 3102; x_wconf 69' lang='lat' dir='ltr'><strong>Quomam</strong></span> <span class='ocrx_word' id='word_1_627' title='bbox 3366 3048 3560 3102; x_wconf 67' lang='lat' dir='ltr'><strong>qu&#39;l’Pc</strong></span> 
     </span>
     <span class='ocr_line' id='line_1_74' title="bbox 1659 3121 3560 3154; baseline 0.002 -4"><span class='ocrx_word' id='word_1_628' title='bbox 1659 3141 1666 3150; x_wconf 84' lang='lat'><strong>.</strong></span> <span class='ocrx_word' id='word_1_629' title='bbox 1998 3143 2102 3154; x_wconf 76' lang='lat'><strong>......</strong></span> <span class='ocrx_word' id='word_1_630' title='bbox 2135 3127 2274 3154; x_wconf 50' lang='lat' dir='ltr'><strong>HL...)</strong></span> <span class='ocrx_word' id='word_1_631' title='bbox 2304 3135 2380 3154; x_wconf 65' lang='grc' dir='ltr'><strong>,ιηο</strong></span> <span class='ocrx_word' id='word_1_632' title='bbox 2413 3127 2521 3154; x_wconf 65' lang='lat' dir='ltr'><strong>nm.</strong></span> <span class='ocrx_word' id='word_1_633' title='bbox 2553 3140 2666 3154; x_wconf 65' lang='grc' dir='ltr'><strong>ηροη</strong></span> <span class='ocrx_word' id='word_1_634' title='bbox 2730 3135 2777 3154; x_wconf 75' lang='grc' dir='ltr'><strong>ΔΙ</strong></span> <span class='ocrx_word' id='word_1_635' title='bbox 2821 3124 2959 3154; x_wconf 70' lang='grc' dir='ltr'><strong>..1...Λ</strong></span> <span class='ocrx_word' id='word_1_636' title='bbox 3001 3139 3249 3154; x_wconf 69' lang='grc' dir='ltr'>ιιὶηηηιιπι</span> <span class='ocrx_word' id='word_1_637' title='bbox 3279 3136 3396 3154; x_wconf 62' lang='grc' dir='ltr'><strong>ηοω.</strong></span> <span class='ocrx_word' id='word_1_638' title='bbox 3417 3139 3428 3151; x_wconf 91' lang='grc'>.</span> <span class='ocrx_word' id='word_1_639' title='bbox 3479 3121 3560 3154; x_wconf 72' lang='grc' dir='ltr'><strong>..ιιι</strong></span> 
     </span>
    </p>
   </div>
   <div class='ocr_carea' id='block_1_73' title="bbox 1998 3121 3562 3193">
    <p class='ocr_par' dir='ltr' id='par_1_73' title="bbox 1998 3121 3562 3193">
     <span class='ocr_line' id='line_1_75' title="bbox 1998 3121 3562 3193; baseline -0.004 -11"><span class='ocrx_word' id='word_1_640' title='bbox 1998 3143 2102 3183; x_wconf 85' lang='lat' dir='ltr'><strong>non</strong></span> <span class='ocrx_word' id='word_1_641' title='bbox 2133 3127 2276 3182; x_wconf 81' lang='lat' dir='ltr'><strong>aliud</strong></span> <span class='ocrx_word' id='word_1_642' title='bbox 2302 3135 2386 3181; x_wconf 90' lang='lat' dir='ltr'><strong>est</strong></span> <span class='ocrx_word' id='word_1_643' title='bbox 2413 3127 2522 3180; x_wconf 88' lang='lat' dir='ltr'><strong>Deo</strong></span> <span class='ocrx_word' id='word_1_644' title='bbox 2551 3140 2690 3190; x_wconf 88' lang='lat' dir='ltr'><strong>esse,</strong></span> <span class='ocrx_word' id='word_1_645' title='bbox 2729 3135 2782 3179; x_wconf 90' lang='lat' dir='ltr'><strong>et</strong></span> <span class='ocrx_word' id='word_1_646' title='bbox 2820 3124 2960 3178; x_wconf 87' lang='lat' dir='ltr'><strong>aliud</strong></span> <span class='ocrx_word' id='word_1_647' title='bbox 3001 3127 3250 3193; x_wconf 79' lang='lat' dir='ltr'><strong>magnum</strong></span> <span class='ocrx_word' id='word_1_648' title='bbox 3279 3136 3432 3187; x_wconf 87' lang='lat' dir='ltr'><strong>esse;</strong></span> <span class='ocrx_word' id='word_1_649' title='bbox 3479 3121 3562 3176; x_wconf 83' lang='lat' dir='ltr'><strong>vel</strong></span> 
     </span>
    </p>
   </div>
   <div class='ocr_carea' id='block_1_74' title="bbox 1997 3213 3560 3284">
    <p class='ocr_par' dir='ltr' id='par_1_74' title="bbox 1997 3213 3560 3284">
     <span class='ocr_line' id='line_1_76' title="bbox 1997 3213 3560 3284; baseline -0.006 -9"><span class='ocrx_word' id='word_1_650' title='bbox 1997 3219 2140 3275; x_wconf 84' lang='lat' dir='ltr'><strong>aliud</strong></span> <span class='ocrx_word' id='word_1_651' title='bbox 2168 3234 2309 3284; x_wconf 90' lang='lat' dir='ltr'><strong>esse,</strong></span> <span class='ocrx_word' id='word_1_652' title='bbox 2348 3227 2401 3274; x_wconf 90' lang='lat' dir='ltr'><strong>et</strong></span> <span class='ocrx_word' id='word_1_653' title='bbox 2432 3217 2576 3272; x_wconf 87' lang='lat' dir='ltr'><strong>aliud</strong></span> <span class='ocrx_word' id='word_1_654' title='bbox 2604 3219 2801 3273; x_wconf 89' lang='lat' dir='ltr'><strong>bonum</strong></span> <span class='ocrx_word' id='word_1_655' title='bbox 2831 3231 2984 3280; x_wconf 88' lang='lat' dir='ltr'><strong>esse;</strong></span> <span class='ocrx_word' id='word_1_656' title='bbox 3034 3215 3126 3269; x_wconf 88' lang='lat' dir='ltr'><strong>sed</strong></span> <span class='ocrx_word' id='word_1_657' title='bbox 3165 3215 3268 3269; x_wconf 90' lang='lat' dir='ltr'><strong>hoc</strong></span> <span class='ocrx_word' id='word_1_658' title='bbox 3307 3214 3448 3269; x_wconf 90' lang='lat' dir='ltr'><strong>idem</strong></span> <span class='ocrx_word' id='word_1_659' title='bbox 3487 3213 3560 3267; x_wconf 82' lang='lat' dir='ltr'><strong>illi</strong></span> 
     </span>
    </p>
   </div>
   <div class='ocr_carea' id='block_1_75' title="bbox 1995 3295 3562 3380">
    <p class='ocr_par' dir='ltr' id='par_1_75' title="bbox 1995 3295 3562 3380">
     <span class='ocr_line' id='line_1_77' title="bbox 1995 3295 3562 3380; baseline -0.006 -13"><span class='ocrx_word' id='word_1_660' title='bbox 1995 3321 2076 3367; x_wconf 88' lang='lat' dir='ltr'><strong>est</strong></span> <span class='ocrx_word' id='word_1_661' title='bbox 2103 3319 2158 3367; x_wconf 91' lang='lat' dir='ltr'><strong>et</strong></span> <span class='ocrx_word' id='word_1_662' title='bbox 2182 3326 2327 3377; x_wconf 86' lang='lat' dir='ltr'><strong>esse,</strong></span> <span class='ocrx_word' id='word_1_663' title='bbox 2354 3320 2409 3367; x_wconf 89' lang='lat' dir='ltr'><strong>et</strong></span> <span class='ocrx_word' id='word_1_664' title='bbox 2437 3327 2686 3380; x_wconf 89' lang='lat' dir='ltr'><strong>maguum</strong></span> <span class='ocrx_word' id='word_1_665' title='bbox 2713 3325 2853 3374; x_wconf 88' lang='lat' dir='ltr'><strong>esse,</strong></span> <span class='ocrx_word' id='word_1_666' title='bbox 2878 3318 3093 3372; x_wconf 88' lang='lat' dir='ltr'><strong>etesse,</strong></span> <span class='ocrx_word' id='word_1_667' title='bbox 3111 3316 3163 3362; x_wconf 93' lang='lat' dir='ltr'><strong>et</strong></span> <span class='ocrx_word' id='word_1_668' title='bbox 3191 3310 3389 3363; x_wconf 86' lang='lat' dir='ltr'><strong>bonum</strong></span> <span class='ocrx_word' id='word_1_669' title='bbox 3419 3295 3562 3361; x_wconf 77' lang='lat' dir='ltr'><strong>esse.</strong></span> 
     </span>
    </p>
   </div>
   <div class='ocr_carea' id='block_1_76' title="bbox 1993 3399 3564 3470">
    <p class='ocr_par' dir='ltr' id='par_1_76' title="bbox 1993 3399 3564 3470">
     <span class='ocr_line' id='line_1_78' title="bbox 1993 3399 3564 3470; baseline -0.003 -14"><span class='ocrx_word' id='word_1_670' title='bbox 1993 3402 2285 3470; x_wconf 88' lang='lat' dir='ltr'><strong>Propterea</strong></span> <span class='ocrx_word' id='word_1_671' title='bbox 2315 3403 2455 3457; x_wconf 88' lang='lat' dir='ltr'><strong>sicut</strong></span> <span class='ocrx_word' id='word_1_672' title='bbox 2481 3417 2587 3455; x_wconf 94' lang='lat' dir='ltr'><strong>non</strong></span> <span class='ocrx_word' id='word_1_673' title='bbox 2617 3399 2843 3455; x_wconf 83' lang='lat' dir='ltr'><strong>dicimus</strong></span> <span class='ocrx_word' id='word_1_674' title='bbox 2870 3409 2981 3454; x_wconf 87' lang='lat' dir='ltr'><strong>trcs</strong></span> <span class='ocrx_word' id='word_1_675' title='bbox 3015 3401 3174 3461; x_wconf 90' lang='lat' dir='ltr'><strong>deos,</strong></span> <span class='ocrx_word' id='word_1_676' title='bbox 3219 3413 3317 3452; x_wconf 86' lang='lat' dir='ltr'><strong>nec</strong></span> <span class='ocrx_word' id='word_1_677' title='bbox 3347 3407 3455 3452; x_wconf 89' lang='lat' dir='ltr'><strong>tres</strong></span> <span class='ocrx_word' id='word_1_678' title='bbox 3481 3412 3564 3451; x_wconf 84' lang='lat' dir='ltr'><strong>es-</strong></span> 
     </span>
    </p>
   </div>
   <div class='ocr_carea' id='block_1_77' title="bbox 1983 3489 3564 3566">
    <p class='ocr_par' dir='ltr' id='par_1_77' title="bbox 1983 3489 3564 3566">
     <span class='ocr_line' id='line_1_79' title="bbox 1983 3489 3564 3566; baseline -0.003 -19"><span class='ocrx_word' id='word_1_679' title='bbox 1983 3495 2217 3559; x_wconf 76' lang='lat' dir='ltr'><strong>.sentias,</strong></span> <span class='ocrx_word' id='word_1_680' title='bbox 2249 3495 2325 3549; x_wconf 88' lang='lat' dir='ltr'><strong>sic</strong></span> <span class='ocrx_word' id='word_1_681' title='bbox 2359 3509 2462 3548; x_wconf 90' lang='lat' dir='ltr'><strong>non</strong></span> <span class='ocrx_word' id='word_1_682' title='bbox 2493 3493 2732 3548; x_wconf 81' lang='lat' dir='ltr'><strong>dicimus</strong></span> <span class='ocrx_word' id='word_1_683' title='bbox 2752 3502 2862 3566; x_wconf 75' lang='lat' dir='ltr'><strong>tres</strong></span> <span class='ocrx_word' id='word_1_684' title='bbox 2891 3489 3303 3560; x_wconf 82' lang='lat' dir='ltr'><strong>magnitudines,</strong></span> <span class='ocrx_word' id='word_1_685' title='bbox 3330 3503 3427 3543; x_wconf 84' lang='lat' dir='ltr'><strong>nec</strong></span> <span class='ocrx_word' id='word_1_686' title='bbox 3455 3497 3564 3544; x_wconf 78' lang='lat' dir='ltr'><strong>tres</strong></span> 
     </span>
    </p>
   </div>
   <div class='ocr_carea' id='block_1_78' title="bbox 1992 3581 3672 3666">
    <p class='ocr_par' dir='ltr' id='par_1_78' title="bbox 1992 3581 3672 3666">
     <span class='ocr_line' id='line_1_80' title="bbox 1992 3581 3672 3666; baseline -0.005 -25"><span class='ocrx_word' id='word_1_687' title='bbox 1992 3587 2286 3641; x_wconf 86' lang='lat' dir='ltr'><strong>bonitates:</strong></span> <span class='ocrx_word' id='word_1_688' title='bbox 2310 3586 2402 3639; x_wconf 90' lang='lat' dir='ltr'><strong>sed</strong></span> <span class='ocrx_word' id='word_1_689' title='bbox 2423 3593 2587 3638; x_wconf 87' lang='lat' dir='ltr'><strong>unum</strong></span> <span class='ocrx_word' id='word_1_690' title='bbox 2610 3583 2798 3645; x_wconf 90' lang='lat' dir='ltr'><strong>Deum,</strong></span> <span class='ocrx_word' id='word_1_691' title='bbox 2817 3597 2980 3659; x_wconf 88' lang='lat' dir='ltr'><strong>uuam</strong></span> <span class='ocrx_word' id='word_1_692' title='bbox 3002 3581 3383 3666; x_wconf 35' lang='lat' dir='ltr'><strong>essentiamnet</strong></span> <span class='ocrx_word' id='word_1_693' title='bbox 3401 3594 3562 3634; x_wconf 91' lang='lat' dir='ltr'><strong>unam</strong></span> <span class='ocrx_word' id='word_1_694' title='bbox 3665 3651 3672 3658; x_wconf 15' lang='grc' dir='ltr'>ξ</span> 
     </span>
    </p>
   </div>
   <div class='ocr_carea' id='block_1_79' title="bbox 1993 3675 3046 3752">
    <p class='ocr_par' dir='ltr' id='par_1_79' title="bbox 1993 3675 3046 3752">
     <span class='ocr_line' id='line_1_81' title="bbox 1993 3675 3046 3752; baseline -0.009 -16"><span class='ocrx_word' id='word_1_695' title='bbox 1993 3681 2435 3752; x_wconf 82' lang='lat' dir='ltr'><strong>magnitudinem,</strong></span> <span class='ocrx_word' id='word_1_696' title='bbox 2461 3687 2515 3732; x_wconf 91' lang='lat' dir='ltr'><strong>et</strong></span> <span class='ocrx_word' id='word_1_697' title='bbox 2541 3691 2706 3732; x_wconf 89' lang='lat' dir='ltr'><strong>uuam</strong></span> <span class='ocrx_word' id='word_1_698' title='bbox 2732 3675 3046 3730; x_wconf 74' lang='lat' dir='ltr'><strong>bonitatem.</strong></span> 
     </span>
    </p>
   </div>
   <div class='ocr_carea' id='block_1_80' title="bbox 2222 3807 3334 3885">
    <p class='ocr_par' dir='ltr' id='par_1_80' title="bbox 2222 3807 3334 3885">
     <span class='ocr_line' id='line_1_82' title="bbox 2222 3807 3334 3885; baseline -0.012 -14"><span class='ocrx_word' id='word_1_699' title='bbox 2222 3814 2447 3884; x_wconf 68' lang='lat' dir='ltr'><strong>CAPUT</strong></span> <span class='ocrx_word' id='word_1_700' title='bbox 2482 3813 2592 3869; x_wconf 71' lang='grc' dir='ltr'><strong>ἮΙί</strong></span> <span class='ocrx_word' id='word_1_701' title='bbox 2625 3813 2792 3885; x_wconf 64' lang='lat' dir='ltr'><strong>(non.</strong></span> <span class='ocrx_word' id='word_1_702' title='bbox 2818 3828 2934 3865; x_wconf 56' lang='lat' dir='ltr'><strong>cur.</strong></span> <span class='ocrx_word' id='word_1_703' title='bbox 2962 3825 3047 3872; x_wconf 76' lang='lat' dir='ltr'><strong>ix;</strong></span> <span class='ocrx_word' id='word_1_704' title='bbox 3077 3824 3126 3861; x_wconf 72' lang='lat' dir='ltr'><strong>IN</strong></span> <span class='ocrx_word' id='word_1_705' title='bbox 3152 3822 3233 3860; x_wconf 76' lang='lat' dir='ltr'><strong>us.</strong></span> <span class='ocrx_word' id='word_1_706' title='bbox 3260 3807 3334 3874; x_wconf 71' lang='grc' dir='ltr'><strong>κ).</strong></span> 
     </span>
    </p>
   </div>
   <div class='ocr_carea' id='block_1_81' title="bbox 1997 3915 3566 3996">
    <p class='ocr_par' dir='ltr' id='par_1_81' title="bbox 1997 3915 3566 3996">
     <span class='ocr_line' id='line_1_83' title="bbox 1997 3915 3566 3996; baseline -0.01 -11"><span class='ocrx_word' id='word_1_707' title='bbox 1997 3929 2149 3996; x_wconf 84' lang='lat' dir='ltr'><strong>Quod</strong></span> <span class='ocrx_word' id='word_1_708' title='bbox 2177 3945 2277 3983; x_wconf 87' lang='lat' dir='ltr'><strong>non</strong></span> <span class='ocrx_word' id='word_1_709' title='bbox 2306 3928 2372 3980; x_wconf 83' lang='lat' dir='ltr'><strong>sit</strong></span> <span class='ocrx_word' id='word_1_710' title='bbox 2397 3925 2570 3996; x_wconf 68' lang='lat' dir='ltr'><strong>majus</strong></span> <span class='ocrx_word' id='word_1_711' title='bbox 2595 3921 2792 3996; x_wconf 71' lang='lat' dir='ltr'><strong>aliquid</strong></span> <span class='ocrx_word' id='word_1_712' title='bbox 2817 3919 2977 3971; x_wconf 81' lang='lat' dir='ltr'><strong>Pater</strong></span> <span class='ocrx_word' id='word_1_713' title='bbox 3001 3927 3048 3970; x_wconf 85' lang='lat' dir='ltr'><strong>et</strong></span> <span class='ocrx_word' id='word_1_714' title='bbox 3073 3915 3241 3996; x_wconf 62' lang='lat' dir='ltr'><strong>Filius</strong></span> <span class='ocrx_word' id='word_1_715' title='bbox 3267 3927 3312 3970; x_wconf 78' lang='lat' dir='ltr'><strong>et</strong></span> <span class='ocrx_word' id='word_1_716' title='bbox 3340 3915 3566 3986; x_wconf 72' lang='lat' dir='ltr'><strong>Spiritu:</strong></span> 
     </span>
    </p>
   </div>
   <div class='ocr_carea' id='block_1_82' title="bbox 2065 3988 3566 4070">
    <p class='ocr_par' dir='ltr' id='par_1_82' title="bbox 2065 3988 3566 4070">
     <span class='ocr_line' id='line_1_84' title="bbox 2065 3988 3566 4070; baseline -0.008 -18"><span class='ocrx_word' id='word_1_717' title='bbox 2065 4008 2275 4070; x_wconf 76' lang='lat' dir='ltr'><strong>sanctus</strong></span> <span class='ocrx_word' id='word_1_718' title='bbox 2304 3993 2461 4048; x_wconf 77' lang='lat' dir='ltr'><strong>simul</strong></span> <span class='ocrx_word' id='word_1_719' title='bbox 2477 3988 2641 4057; x_wconf 54' lang='lat' dir='ltr'><strong>&#39;dicti,</strong></span> <span class='ocrx_word' id='word_1_720' title='bbox 2678 3988 2835 4070; x_wconf 69' lang='lat' dir='ltr'><strong>quam</strong></span> <span class='ocrx_word' id='word_1_721' title='bbox 2889 3988 3229 4058; x_wconf 75' lang='lat' dir='ltr'><strong>unaquwh&#39;bet</strong></span> <span class='ocrx_word' id='word_1_722' title='bbox 3249 4003 3475 4057; x_wconf 78' lang='lat' dir='ltr'><strong>persona</strong></span> <span class='ocrx_word' id='word_1_723' title='bbox 3503 4003 3566 4040; x_wconf 68' lang='lat' dir='ltr'><strong>ex</strong></span> 
     </span>
    </p>
   </div>
   <div class='ocr_carea' id='block_1_83' title="bbox 2063 4083 2158 4122">
    <p class='ocr_par' dir='ltr' id='par_1_83' title="bbox 2063 4083 2158 4122">
     <span class='ocr_line' id='line_1_85' title="bbox 2063 4083 2158 4122; baseline -0.032 0"><span class='ocrx_word' id='word_1_724' title='bbox 2063 4083 2158 4122; x_wconf 71' lang='lat'><strong>818.</strong></span> 
     </span>
    </p>
   </div>
   <div class='ocr_carea' id='block_1_84' title="bbox 2063 4157 3563 4246">
    <p class='ocr_par' dir='ltr' id='par_1_84' title="bbox 2063 4157 3563 4246">
     <span class='ocr_line' id='line_1_86' title="bbox 2063 4157 3563 4246; baseline -0.009 -16"><span class='ocrx_word' id='word_1_725' title='bbox 2063 4176 2277 4246; x_wconf 86' lang='lat' dir='ltr'><strong>Absque</strong></span> <span class='ocrx_word' id='word_1_726' title='bbox 2293 4175 2438 4230; x_wconf 90' lang='lat' dir='ltr'><strong>omni</strong></span> <span class='ocrx_word' id='word_1_727' title='bbox 2463 4172 2668 4230; x_wconf 89' lang='lat' dir='ltr'><strong>scilicet</strong></span> <span class='ocrx_word' id='word_1_728' title='bbox 2689 4170 3018 4225; x_wconf 78' lang='lat' dir='ltr'><strong>dubitatione</strong></span> <span class='ocrx_word' id='word_1_729' title='bbox 3038 4165 3183 4222; x_wconf 85' lang='lat' dir='ltr'><strong>credi</strong></span> <span class='ocrx_word' id='word_1_730' title='bbox 3204 4157 3563 4219; x_wconf 83' lang='lat' dir='ltr'><strong>necessarium</strong></span> 
     </span>
    </p>
   </div>
   <div class='ocr_carea' id='block_1_85' title="bbox 1995 4252 3564 4338">
    <p class='ocr_par' dir='ltr' id='par_1_85' title="bbox 1995 4252 3564 4338">
     <span class='ocr_line' id='line_1_87' title="bbox 1995 4252 3564 4338; baseline -0.011 -13"><span class='ocrx_word' id='word_1_731' title='bbox 1995 4275 2080 4325; x_wconf 89' lang='lat' dir='ltr'><strong>est</strong></span> <span class='ocrx_word' id='word_1_732' title='bbox 2104 4269 2250 4338; x_wconf 86' lang='lat' dir='ltr'><strong>quod</strong></span> <span class='ocrx_word' id='word_1_733' title='bbox 2289 4268 2448 4323; x_wconf 87' lang='lat' dir='ltr'><strong>Pater</strong></span> <span class='ocrx_word' id='word_1_734' title='bbox 2474 4265 2664 4335; x_wconf 89' lang='lat' dir='ltr'><strong>plenus</strong></span> <span class='ocrx_word' id='word_1_735' title='bbox 2703 4271 2757 4316; x_wconf 90' lang='lat' dir='ltr'><strong>et</strong></span> <span class='ocrx_word' id='word_1_736' title='bbox 2797 4259 3067 4330; x_wconf 80' lang='lat' dir='ltr'><strong>perlectus</strong></span> <span class='ocrx_word' id='word_1_737' title='bbox 3094 4263 3179 4312; x_wconf 90' lang='lat' dir='ltr'><strong>est</strong></span> <span class='ocrx_word' id='word_1_738' title='bbox 3203 4254 3365 4319; x_wconf 88' lang='lat' dir='ltr'><strong>Deus,</strong></span> <span class='ocrx_word' id='word_1_739' title='bbox 3396 4252 3564 4308; x_wconf 87' lang='lat' dir='ltr'><strong>Filius</strong></span> 
     </span>
    </p>
   </div>
   <div class='ocr_carea' id='block_1_86' title="bbox 330 4341 3566 4449">
    <p class='ocr_par' dir='ltr' id='par_1_86' title="bbox 330 4341 3566 4449">
     <span class='ocr_line' id='line_1_88' title="bbox 330 4341 3566 4449; baseline -0.011 -17"><span class='ocrx_word' id='word_1_740' title='bbox 330 4341 457 4432; x_wconf 63' lang='grc' dir='ltr'>(ιιιεᾶ</span> <span class='ocrx_word' id='word_1_741' title='bbox 495 4377 616 4440; x_wconf 20' lang='lat' dir='ltr'><strong>non,</strong></span> <span class='ocrx_word' id='word_1_742' title='bbox 652 4357 811 4414; x_wconf 73' lang='grc' dir='ltr'><strong>δίωυῙ</strong></span> <span class='ocrx_word' id='word_1_743' title='bbox 851 4358 1012 4412; x_wconf 68' lang='lat' dir='ltr'><strong>ambo</strong></span> <span class='ocrx_word' id='word_1_744' title='bbox 1055 4355 1253 4421; x_wconf 68' lang='lat' dir='ltr'><strong>Filius;</strong></span> <span class='ocrx_word' id='word_1_745' title='bbox 1294 4368 1394 4443; x_wconf 61' lang='lat' dir='ltr'><strong>{lec</strong></span> <span class='ocrx_word' id='word_1_746' title='bbox 1420 4351 1580 4406; x_wconf 67' lang='grc' dir='ltr'><strong>Ρθιθτ</strong></span> <span class='ocrx_word' id='word_1_747' title='bbox 1606 4350 1672 4405; x_wconf 76' lang='lat' dir='ltr'><strong>de</strong></span> <span class='ocrx_word' id='word_1_748' title='bbox 1708 4349 1891 4416; x_wconf 63' lang='lat' dir='ltr'><strong>Patre.</strong></span> <span class='ocrx_word' id='word_1_749' title='bbox 1925 4391 1972 4449; x_wconf 73' lang='grc' dir='ltr'><strong>ο</strong></span> <span class='ocrx_word' id='word_1_750' title='bbox 1995 4357 2185 4428; x_wconf 81' lang='lat' dir='ltr'><strong>plenus</strong></span> <span class='ocrx_word' id='word_1_751' title='bbox 2211 4352 2557 4425; x_wconf 50' lang='lat' dir='ltr'><strong>et’perl&#39;ectus</strong></span> <span class='ocrx_word' id='word_1_752' title='bbox 2579 4360 2665 4407; x_wconf 91' lang='lat' dir='ltr'><strong>est</strong></span> <span class='ocrx_word' id='word_1_753' title='bbox 2689 4351 2852 4413; x_wconf 89' lang='lat' dir='ltr'><strong>Deus,</strong></span> <span class='ocrx_word' id='word_1_754' title='bbox 2881 4348 3112 4416; x_wconf 83' lang='lat' dir='ltr'><strong>Spiritus</strong></span> <span class='ocrx_word' id='word_1_755' title='bbox 3139 4351 3354 4400; x_wconf 86' lang='lat' dir='ltr'><strong>sanctus</strong></span> <span class='ocrx_word' id='word_1_756' title='bbox 3374 4341 3566 4411; x_wconf 89' lang='lat' dir='ltr'><strong>plenus</strong></span> 
     </span>
    </p>
   </div>
   <div class='ocr_carea' id='block_1_87' title="bbox 331 4434 3566 4525">
    <p class='ocr_par' dir='ltr' id='par_1_87' title="bbox 331 4434 3566 4525">
     <span class='ocr_line' id='line_1_89' title="bbox 331 4434 3566 4525; baseline -0.008 -16"><span class='ocrx_word' id='word_1_757' title='bbox 331 4458 449 4525; x_wconf 91' lang='lat' dir='ltr'><strong>quia</strong></span> <span class='ocrx_word' id='word_1_758' title='bbox 475 4472 584 4511; x_wconf 90' lang='lat' dir='ltr'><strong>non</strong></span> <span class='ocrx_word' id='word_1_759' title='bbox 609 4438 765 4509; x_wconf 72' lang='lat' dir='ltr'><strong>Simul</strong></span> <span class='ocrx_word' id='word_1_760' title='bbox 792 4449 950 4504; x_wconf 90' lang='lat' dir='ltr'><strong>ambo</strong></span> <span class='ocrx_word' id='word_1_761' title='bbox 973 4448 1134 4502; x_wconf 83' lang='lat' dir='ltr'><strong>Pater</strong></span> <span class='ocrx_word' id='word_1_762' title='bbox 1159 4446 1237 4518; x_wconf 90' lang='lat' dir='ltr'><strong>[et</strong></span> <span class='ocrx_word' id='word_1_763' title='bbox 1256 4434 1376 4500; x_wconf 81' lang='lat' dir='ltr'><strong>ideo</strong></span> <span class='ocrx_word' id='word_1_764' title='bbox 1395 4443 1536 4514; x_wconf 89' lang='lat' dir='ltr'><strong>quod</strong></span> <span class='ocrx_word' id='word_1_765' title='bbox 1556 4443 1894 4511; x_wconf 82' lang='lat' dir='ltr'><strong>Evangelista</strong></span> <span class='ocrx_word' id='word_1_766' title='bbox 1925 4434 1967 4449; x_wconf 67' lang='grc' dir='ltr'><strong><em>ν</em></strong></span> <span class='ocrx_word' id='word_1_767' title='bbox 1995 4455 2051 4502; x_wconf 77' lang='lat' dir='ltr'><strong>et</strong></span> <span class='ocrx_word' id='word_1_768' title='bbox 2073 4445 2344 4516; x_wconf 67' lang='lat' dir='ltr'><strong>perfectus</strong></span> <span class='ocrx_word' id='word_1_769' title='bbox 2371 4452 2456 4498; x_wconf 73' lang='lat' dir='ltr'><strong>est</strong></span> <span class='ocrx_word' id='word_1_770' title='bbox 2480 4443 2621 4496; x_wconf 85' lang='lat' dir='ltr'><strong>Deus</strong></span> <span class='ocrx_word' id='word_1_771' title='bbox 2646 4459 2659 4493; x_wconf 83' lang='lat'><strong>;</strong></span> <span class='ocrx_word' id='word_1_772' title='bbox 2694 4454 2800 4493; x_wconf 87' lang='lat' dir='ltr'><strong>non</strong></span> <span class='ocrx_word' id='word_1_773' title='bbox 2829 4448 3006 4492; x_wconf 85' lang='lat' dir='ltr'><strong>tamen</strong></span> <span class='ocrx_word' id='word_1_774' title='bbox 3046 4446 3157 4492; x_wconf 80' lang='lat' dir='ltr'><strong>tres</strong></span> <span class='ocrx_word' id='word_1_775' title='bbox 3185 4435 3289 4498; x_wconf 86' lang='lat' dir='ltr'><strong>dii,</strong></span> <span class='ocrx_word' id='word_1_776' title='bbox 3325 4434 3488 4488; x_wconf 78' lang='lat' dir='ltr'><strong>Pater</strong></span> <span class='ocrx_word' id='word_1_777' title='bbox 3509 4443 3566 4487; x_wconf 84' lang='lat' dir='ltr'><strong>et</strong></span> 
     </span>
    </p>
   </div>
   <div class='ocr_carea' id='block_1_88' title="bbox 332 4531 1895 4608">
    <p class='ocr_par' dir='ltr' id='par_1_88' title="bbox 332 4531 1895 4608">
     <span class='ocr_line' id='line_1_90' title="bbox 332 4531 1895 4608; baseline -0.009 -10"><span class='ocrx_word' id='word_1_778' title='bbox 332 4545 439 4600; x_wconf 89' lang='lat' dir='ltr'><strong>ait:</strong></span> <span class='ocrx_word' id='word_1_779' title='bbox 475 4545 540 4600; x_wconf 83' lang='lat' dir='ltr'><strong>Et</strong></span> <span class='ocrx_word' id='word_1_780' title='bbox 565 4544 774 4599; x_wconf 75' lang='lat' dir='ltr'><strong>uerbum</strong></span> <span class='ocrx_word' id='word_1_781' title='bbox 802 4548 911 4594; x_wconf 84' lang='lat' dir='ltr'><strong>erat</strong></span> <span class='ocrx_word' id='word_1_782' title='bbox 939 4537 1076 4608; x_wconf 87' lang='lat' dir='ltr'><strong>apud</strong></span> <span class='ocrx_word' id='word_1_783' title='bbox 1103 4535 1302 4598; x_wconf 83' lang='lat' dir='ltr'><strong>Deum;</strong></span> <span class='ocrx_word' id='word_1_784' title='bbox 1337 4533 1563 4588; x_wconf 88' lang='lat' dir='ltr'><strong>multum</strong></span> <span class='ocrx_word' id='word_1_785' title='bbox 1592 4539 1706 4595; x_wconf 90' lang='lat' dir='ltr'><strong>est,</strong></span> <span class='ocrx_word' id='word_1_786' title='bbox 1732 4539 1792 4585; x_wconf 92' lang='lat' dir='ltr'><strong>ut</strong></span> <span class='ocrx_word' id='word_1_787' title='bbox 1817 4531 1895 4585; x_wconf 90' lang='lat' dir='ltr'><strong>sic</strong></span> 
     </span>
    </p>
   </div>
   <div class='ocr_carea' id='block_1_89' title="bbox 332 4621 1898 4707">
    <p class='ocr_par' dir='ltr' id='par_1_89' title="bbox 332 4621 1898 4707">
     <span class='ocr_line' id='line_1_91' title="bbox 332 4621 1898 4707; baseline -0.011 -17"><span class='ocrx_word' id='word_1_788' title='bbox 332 4636 685 4707; x_wconf 85' lang='lat' dir='ltr'><strong>intelligatur;</strong></span> <span class='ocrx_word' id='word_1_789' title='bbox 718 4630 985 4694; x_wconf 74' lang='lat' dir='ltr'><strong>Verbum,</strong></span> <span class='ocrx_word' id='word_1_790' title='bbox 1031 4625 1171 4698; x_wconf 89' lang='lat' dir='ltr'><strong>quod</strong></span> <span class='ocrx_word' id='word_1_791' title='bbox 1205 4623 1352 4678; x_wconf 90' lang='lat' dir='ltr'><strong>solus</strong></span> <span class='ocrx_word' id='word_1_792' title='bbox 1397 4631 1482 4692; x_wconf 82' lang='lat' dir='ltr'><strong>est</strong></span> <span class='ocrx_word' id='word_1_793' title='bbox 1526 4621 1730 4686; x_wconf 81' lang='lat' dir='ltr'><strong>Filius,</strong></span> <span class='ocrx_word' id='word_1_794' title='bbox 1781 4627 1898 4674; x_wconf 90' lang='lat' dir='ltr'><strong>erat</strong></span> 
     </span>
    </p>
   </div>
   <div class='ocr_carea' id='block_1_90' title="bbox 334 4711 1898 4800">
    <p class='ocr_par' dir='ltr' id='par_1_90' title="bbox 334 4711 1898 4800">
     <span class='ocr_line' id='line_1_92' title="bbox 334 4711 1898 4800; baseline -0.009 -20"><span class='ocrx_word' id='word_1_795' title='bbox 334 4728 469 4799; x_wconf 88' lang='lat' dir='ltr'><strong>apud</strong></span> <span class='ocrx_word' id='word_1_796' title='bbox 504 4727 703 4790; x_wconf 89' lang='lat' dir='ltr'><strong>Deum,</strong></span> <span class='ocrx_word' id='word_1_797' title='bbox 747 4722 889 4793; x_wconf 90' lang='lat' dir='ltr'><strong>quod</strong></span> <span class='ocrx_word' id='word_1_798' title='bbox 924 4735 1032 4776; x_wconf 87' lang='lat' dir='ltr'><strong>non</strong></span> <span class='ocrx_word' id='word_1_799' title='bbox 1053 4716 1186 4800; x_wconf 65' lang='grc' dir='ltr'><strong>μισ.</strong></span> <span class='ocrx_word' id='word_1_800' title='bbox 1216 4713 1396 4779; x_wconf 81' lang='lat' dir='ltr'><strong>Vind.,</strong></span> <span class='ocrx_word' id='word_1_801' title='bbox 1424 4728 1530 4767; x_wconf 91' lang='lat' dir='ltr'><strong>non</strong></span> <span class='ocrx_word' id='word_1_802' title='bbox 1558 4711 1722 4782; x_wconf 90' lang='lat' dir='ltr'><strong>quod)</strong></span> <span class='ocrx_word' id='word_1_803' title='bbox 1752 4711 1898 4768; x_wconf 86' lang='lat' dir='ltr'><strong>solus</strong></span> 
     </span>
    </p>
   </div>
   <div class='ocr_carea' id='block_1_91' title="bbox 334 4801 1898 4888">
    <p class='ocr_par' dir='ltr' id='par_1_91' title="bbox 334 4801 1898 4888">
     <span class='ocr_line' id='line_1_93' title="bbox 334 4801 1898 4888; baseline -0.01 -16"><span class='ocrx_word' id='word_1_804' title='bbox 334 4825 414 4872; x_wconf 81' lang='lat' dir='ltr'><strong>est</strong></span> <span class='ocrx_word' id='word_1_805' title='bbox 443 4813 650 4888; x_wconf 79' lang='lat' dir='ltr'><strong>Pater],</strong></span> <span class='ocrx_word' id='word_1_806' title='bbox 673 4814 770 4870; x_wconf 89' lang='lat' dir='ltr'><strong>sed</strong></span> <span class='ocrx_word' id='word_1_807' title='bbox 810 4812 972 4867; x_wconf 89' lang='lat' dir='ltr'><strong>Pater</strong></span> <span class='ocrx_word' id='word_1_808' title='bbox 997 4806 1243 4874; x_wconf 64' lang='lat' dir='ltr'><strong>et,Filius</strong></span> <span class='ocrx_word' id='word_1_809' title='bbox 1283 4802 1442 4858; x_wconf 89' lang='lat' dir='ltr'><strong>simul</strong></span> <span class='ocrx_word' id='word_1_810' title='bbox 1479 4801 1640 4858; x_wconf 89' lang='lat' dir='ltr'><strong>Deus.</strong></span> <span class='ocrx_word' id='word_1_811' title='bbox 1687 4801 1747 4856; x_wconf 88' lang='lat' dir='ltr'><strong>ln</strong></span> <span class='ocrx_word' id='word_1_812' title='bbox 1789 4818 1898 4871; x_wconf 87' lang='lat' dir='ltr'><strong>quo</strong></span> 
     </span>
    </p>
   </div>
   <div class='ocr_carea' id='block_1_92' title="bbox 332 4890 1893 4975">
    <p class='ocr_par' dir='ltr' id='par_1_92' title="bbox 332 4890 1893 4975">
     <span class='ocr_line' id='line_1_94' title="bbox 332 4890 1893 4975; baseline -0.011 -12"><span class='ocrx_word' id='word_1_813' title='bbox 332 4907 566 4975; x_wconf 80' lang='lat' dir='ltr'><strong>perfecte</strong></span> <span class='ocrx_word' id='word_1_814' title='bbox 587 4904 918 4974; x_wconf 87' lang='lat' dir='ltr'><strong>intelligitur,</strong></span> <span class='ocrx_word' id='word_1_815' title='bbox 941 4898 1084 4972; x_wconf 91' lang='lat' dir='ltr'><strong>quod</strong></span> <span class='ocrx_word' id='word_1_816' title='bbox 1106 4913 1210 4954; x_wconf 92' lang='lat' dir='ltr'><strong>non</strong></span> <span class='ocrx_word' id='word_1_817' title='bbox 1237 4893 1512 4966; x_wconf 71' lang='lat' dir='ltr'><strong>praecessit</strong></span> <span class='ocrx_word' id='word_1_818' title='bbox 1532 4891 1741 4963; x_wconf 88' lang='lat' dir='ltr'><strong>genitor</strong></span> <span class='ocrx_word' id='word_1_819' title='bbox 1765 4890 1893 4947; x_wconf 88' lang='lat' dir='ltr'><strong>illud</strong></span> 
     </span>
    </p>
   </div>
   <div class='ocr_carea' id='block_1_93' title="bbox 336 4981 1894 5070">
    <p class='ocr_par' dir='ltr' id='par_1_93' title="bbox 336 4981 1894 5070">
     <span class='ocr_line' id='line_1_95' title="bbox 336 4981 1894 5070; baseline -0.011 -17"><span class='ocrx_word' id='word_1_820' title='bbox 336 4987 470 5066; x_wconf 77' lang='lat' dir='ltr'><strong>quod</strong></span> <span class='ocrx_word' id='word_1_821' title='bbox 498 4997 719 5070; x_wconf 82' lang='lat' dir='ltr'><strong>genuit;</strong></span> <span class='ocrx_word' id='word_1_822' title='bbox 760 5004 814 5052; x_wconf 89' lang='lat' dir='ltr'><strong>et</strong></span> <span class='ocrx_word' id='word_1_823' title='bbox 839 4991 982 5066; x_wconf 85' lang='lat' dir='ltr'><strong>quod</strong></span> <span class='ocrx_word' id='word_1_824' title='bbox 1011 4993 1124 5063; x_wconf 88' lang='lat' dir='ltr'><strong>ipse</strong></span> <span class='ocrx_word' id='word_1_825' title='bbox 1151 4991 1205 5044; x_wconf 92' lang='lat' dir='ltr'><strong>in</strong></span> <span class='ocrx_word' id='word_1_826' title='bbox 1235 4985 1522 5056; x_wconf 87' lang='lat' dir='ltr'><strong>Evangelio</strong></span> <span class='ocrx_word' id='word_1_827' title='bbox 1550 4985 1627 5038; x_wconf 91' lang='lat' dir='ltr'><strong>ait</strong></span> <span class='ocrx_word' id='word_1_828' title='bbox 1653 4997 1667 5036; x_wconf 89' lang='lat'><strong>:</strong></span> <span class='ocrx_word' id='word_1_829' title='bbox 1707 4981 1819 5052; x_wconf 85' lang='lat' dir='ltr'><strong>Ego</strong></span> <span class='ocrx_word' id='word_1_830' title='bbox 1845 4992 1894 5037; x_wconf 84' lang='lat' dir='ltr'><strong>et</strong></span> 
     </span>
    </p>
   </div>
   <div class='ocr_carea' id='block_1_94' title="bbox 336 5073 1892 5158">
    <p class='ocr_par' dir='ltr' id='par_1_94' title="bbox 336 5073 1892 5158">
     <span class='ocr_line' id='line_1_96' title="bbox 336 5073 1892 5158; baseline -0.008 -18"><span class='ocrx_word' id='word_1_831' title='bbox 336 5080 678 5143; x_wconf 64' lang='lat' dir='ltr'><strong>Paternum</strong></span> <span class='ocrx_word' id='word_1_832' title='bbox 710 5104 888 5143; x_wconf 72' lang='lat' dir='ltr'><strong>sumus</strong></span> <span class='ocrx_word' id='word_1_833' title='bbox 916 5084 1095 5158; x_wconf 83' lang='lat' dir='ltr'><strong>(Joan.</strong></span> <span class='ocrx_word' id='word_1_834' title='bbox 1122 5099 1180 5147; x_wconf 68' lang='grc' dir='ltr'><strong>Χ,</strong></span> <span class='ocrx_word' id='word_1_835' title='bbox 1207 5079 1317 5150; x_wconf 76' lang='grc'><strong>50).</strong></span> <span class='ocrx_word' id='word_1_836' title='bbox 1361 5075 1531 5130; x_wconf 88' lang='lat' dir='ltr'><strong>Unum</strong></span> <span class='ocrx_word' id='word_1_837' title='bbox 1559 5090 1761 5138; x_wconf 78' lang='lat' dir='ltr'><strong>sumus,</strong></span> <span class='ocrx_word' id='word_1_838' title='bbox 1794 5073 1892 5139; x_wconf 88' lang='lat' dir='ltr'><strong>ait,</strong></span> 
     </span>
    </p>
   </div>
   <div class='ocr_carea' id='block_1_95' title="bbox 336 5164 1893 5252">
    <p class='ocr_par' dir='ltr' id='par_1_95' title="bbox 336 5164 1893 5252">
     <span class='ocr_line' id='line_1_97' title="bbox 336 5164 1893 5252; baseline -0.013 -16"><span class='ocrx_word' id='word_1_839' title='bbox 336 5180 386 5235; x_wconf 88' lang='lat' dir='ltr'><strong>id</strong></span> <span class='ocrx_word' id='word_1_840' title='bbox 409 5189 511 5246; x_wconf 82' lang='lat' dir='ltr'><strong>est,</strong></span> <span class='ocrx_word' id='word_1_841' title='bbox 539 5178 685 5250; x_wconf 87' lang='lat' dir='ltr'><strong>quod</strong></span> <span class='ocrx_word' id='word_1_842' title='bbox 710 5180 819 5245; x_wconf 90' lang='lat' dir='ltr'><strong>ille,</strong></span> <span class='ocrx_word' id='word_1_843' title='bbox 855 5180 960 5234; x_wconf 90' lang='lat' dir='ltr'><strong>hoc</strong></span> <span class='ocrx_word' id='word_1_844' title='bbox 1003 5184 1202 5248; x_wconf 58' lang='lat' dir='ltr'><strong>et,ego</strong></span> <span class='ocrx_word' id='word_1_845' title='bbox 1247 5169 1536 5228; x_wconf 89' lang='lat' dir='ltr'><strong>secundum</strong></span> <span class='ocrx_word' id='word_1_846' title='bbox 1578 5164 1893 5252; x_wconf 77' lang='lat' dir='ltr'><strong>essentiam,</strong></span> 
     </span>
    </p>
   </div>
   <div class='ocr_carea' id='block_1_96' title="bbox 337 5252 1897 5337">
    <p class='ocr_par' dir='ltr' id='par_1_96' title="bbox 337 5252 1897 5337">
     <span class='ocr_line' id='line_1_98' title="bbox 337 5252 1897 5337; baseline -0.013 -10"><span class='ocrx_word' id='word_1_847' title='bbox 337 5288 437 5327; x_wconf 85' lang='lat' dir='ltr'><strong>non</strong></span> <span class='ocrx_word' id='word_1_848' title='bbox 463 5270 758 5328; x_wconf 84' lang='lat' dir='ltr'><strong>secundum</strong></span> <span class='ocrx_word' id='word_1_849' title='bbox 788 5269 1070 5324; x_wconf 89' lang='lat' dir='ltr'><strong>relativum</strong></span> <span class='ocrx_word' id='word_1_850' title='bbox 1095 5262 1228 5337; x_wconf 82' lang='lat' dir='ltr'><strong>[Al.,</strong></span> <span class='ocrx_word' id='word_1_851' title='bbox 1251 5256 1608 5330; x_wconf 90' lang='lat' dir='ltr'><strong>relationem].</strong></span> <span class='ocrx_word' id='word_1_852' title='bbox 1640 5252 1792 5320; x_wconf 86' lang='lat' dir='ltr'><strong>Quod</strong></span> <span class='ocrx_word' id='word_1_853' title='bbox 1816 5252 1897 5308; x_wconf 85' lang='lat' dir='ltr'><strong>di-</strong></span> 
     </span>
    </p>
   </div>
   <div class='ocr_carea' id='block_1_97' title="bbox 337 5343 1898 5422">
    <p class='ocr_par' dir='ltr' id='par_1_97' title="bbox 337 5343 1898 5422">
     <span class='ocr_line' id='line_1_99' title="bbox 337 5343 1898 5422; baseline -0.014 -4"><span class='ocrx_word' id='word_1_854' title='bbox 337 5363 504 5418; x_wconf 83' lang='lat' dir='ltr'><strong>cimus</strong></span> <span class='ocrx_word' id='word_1_855' title='bbox 524 5363 704 5417; x_wconf 87' lang='lat' dir='ltr'><strong>lumen</strong></span> <span class='ocrx_word' id='word_1_856' title='bbox 730 5358 798 5413; x_wconf 89' lang='lat' dir='ltr'><strong>de</strong></span> <span class='ocrx_word' id='word_1_857' title='bbox 824 5357 1047 5422; x_wconf 86' lang='lat' dir='ltr'><strong>lumine,</strong></span> <span class='ocrx_word' id='word_1_858' title='bbox 1072 5372 1180 5411; x_wconf 86' lang='lat' dir='ltr'><strong>nun</strong></span> <span class='ocrx_word' id='word_1_859' title='bbox 1202 5355 1308 5409; x_wconf 92' lang='lat' dir='ltr'><strong>duo</strong></span> <span class='ocrx_word' id='word_1_860' title='bbox 1333 5351 1530 5406; x_wconf 87' lang='lat' dir='ltr'><strong>lumina</strong></span> <span class='ocrx_word' id='word_1_861' title='bbox 1557 5343 1898 5415; x_wconf 76' lang='lat' dir='ltr'><strong>intelligenda</strong></span> 
     </span>
    </p>
   </div>
   <div class='ocr_carea' id='block_1_98' title="bbox 329 5428 1897 5532">
    <p class='ocr_par' dir='ltr' id='par_1_98' title="bbox 329 5428 1897 5532">
     <span class='ocr_line' id='line_1_100' title="bbox 329 5428 1897 5532; baseline -0.014 -22"><span class='ocrx_word' id='word_1_862' title='bbox 329 5446 597 5532; x_wconf 40' lang='lat' dir='ltr'><strong>&#39;sunt,:vel</strong></span> <span class='ocrx_word' id='word_1_863' title='bbox 639 5449 908 5530; x_wconf 80' lang='lat' dir='ltr'><strong>separatio</strong></span> <span class='ocrx_word' id='word_1_864' title='bbox 936 5443 1340 5511; x_wconf 61' lang='lat' dir='ltr'><strong>.luminis;csed</strong></span> <span class='ocrx_word' id='word_1_865' title='bbox 1387 5444 1460 5497; x_wconf 91' lang='lat' dir='ltr'><strong>ita</strong></span> <span class='ocrx_word' id='word_1_866' title='bbox 1503 5428 1897 5507; x_wconf 86' lang='lat' dir='ltr'><strong>intelligendum</strong></span> 
     </span>
    </p>
   </div>
   <div class='ocr_carea' id='block_1_99' title="bbox 1997 4523 3563 4600">
    <p class='ocr_par' dir='ltr' id='par_1_99' title="bbox 1997 4523 3563 4600">
     <span class='ocr_line' id='line_1_101' title="bbox 1997 4523 3563 4600; baseline -0.009 -11"><span class='ocrx_word' id='word_1_867' title='bbox 1997 4535 2188 4599; x_wconf 88' lang='lat' dir='ltr'><strong>Filius,</strong></span> <span class='ocrx_word' id='word_1_868' title='bbox 2219 4540 2275 4587; x_wconf 90' lang='lat' dir='ltr'><strong>et</strong></span> <span class='ocrx_word' id='word_1_869' title='bbox 2309 4530 2542 4600; x_wconf 84' lang='lat' dir='ltr'><strong>Spiritus</strong></span> <span class='ocrx_word' id='word_1_870' title='bbox 2573 4537 2809 4590; x_wconf 88' lang='lat' dir='ltr'><strong>sanctus,</strong></span> <span class='ocrx_word' id='word_1_871' title='bbox 2839 4527 2932 4581; x_wconf 81' lang='lat' dir='ltr'><strong>sed</strong></span> <span class='ocrx_word' id='word_1_872' title='bbox 2959 4540 3101 4580; x_wconf 84' lang='lat' dir='ltr'><strong>unus</strong></span> <span class='ocrx_word' id='word_1_873' title='bbox 3131 4525 3270 4579; x_wconf 87' lang='lat' dir='ltr'><strong>Deus</strong></span> <span class='ocrx_word' id='word_1_874' title='bbox 3295 4523 3484 4592; x_wconf 90' lang='lat' dir='ltr'><strong>plenus</strong></span> <span class='ocrx_word' id='word_1_875' title='bbox 3509 4531 3563 4576; x_wconf 88' lang='lat' dir='ltr'><strong>et</strong></span> 
     </span>
    </p>
   </div>
   <div class='ocr_carea' id='block_1_100' title="bbox 1990 4614 3560 4699">
    <p class='ocr_par' dir='ltr' id='par_1_100' title="bbox 1990 4614 3560 4699">
     <span class='ocr_line' id='line_1_102' title="bbox 1990 4614 3560 4699; baseline -0.007 -21"><span class='ocrx_word' id='word_1_876' title='bbox 1990 4623 2287 4699; x_wconf 79' lang='lat' dir='ltr'><strong>perlectus.</strong></span> <span class='ocrx_word' id='word_1_877' title='bbox 2319 4620 2431 4677; x_wconf 78' lang='lat' dir='ltr'><strong>Nec</strong></span> <span class='ocrx_word' id='word_1_878' title='bbox 2457 4619 2659 4690; x_wconf 79' lang='lat' dir='ltr'><strong>aliquid</strong></span> <span class='ocrx_word' id='word_1_879' title='bbox 2685 4619 2858 4687; x_wconf 87' lang='lat' dir='ltr'><strong>majus</strong></span> <span class='ocrx_word' id='word_1_880' title='bbox 2888 4625 2996 4671; x_wconf 91' lang='lat' dir='ltr'><strong>tres</strong></span> <span class='ocrx_word' id='word_1_881' title='bbox 3019 4615 3177 4670; x_wconf 90' lang='lat' dir='ltr'><strong>simul</strong></span> <span class='ocrx_word' id='word_1_882' title='bbox 3206 4615 3352 4678; x_wconf 90' lang='lat' dir='ltr'><strong>dicti,</strong></span> <span class='ocrx_word' id='word_1_883' title='bbox 3379 4614 3560 4680; x_wconf 89' lang='lat' dir='ltr'><strong>Pater,</strong></span> 
     </span>
    </p>
   </div>
   <div class='ocr_carea' id='block_1_101' title="bbox 1993 4705 3560 4788">
    <p class='ocr_par' dir='ltr' id='par_1_101' title="bbox 1993 4705 3560 4788">
     <span class='ocr_line' id='line_1_103' title="bbox 1993 4705 3560 4788; baseline -0.007 -19"><span class='ocrx_word' id='word_1_884' title='bbox 1993 4723 2058 4788; x_wconf 23' lang='lat' dir='ltr'><strong>et.</strong></span> <span class='ocrx_word' id='word_1_885' title='bbox 2075 4713 2264 4780; x_wconf 87' lang='lat' dir='ltr'><strong>Filius,</strong></span> <span class='ocrx_word' id='word_1_886' title='bbox 2306 4719 2362 4767; x_wconf 90' lang='lat' dir='ltr'><strong>et</strong></span> <span class='ocrx_word' id='word_1_887' title='bbox 2403 4710 2636 4781; x_wconf 85' lang='lat' dir='ltr'><strong>Spiritus</strong></span> <span class='ocrx_word' id='word_1_888' title='bbox 2661 4719 2901 4772; x_wconf 88' lang='lat' dir='ltr'><strong>sanctus,</strong></span> <span class='ocrx_word' id='word_1_889' title='bbox 2942 4722 3106 4777; x_wconf 91' lang='lat' dir='ltr'><strong>quam</strong></span> <span class='ocrx_word' id='word_1_890' title='bbox 3146 4705 3560 4776; x_wconf 87' lang='lat' dir='ltr'><strong>unusquislibet.</strong></span> 
     </span>
    </p>
   </div>
   <div class='ocr_carea' id='block_1_102' title="bbox 1995 4794 3558 4870">
    <p class='ocr_par' dir='ltr' id='par_1_102' title="bbox 1995 4794 3558 4870">
     <span class='ocr_line' id='line_1_104' title="bbox 1995 4794 3558 4870; baseline -0.005 -13"><span class='ocrx_word' id='word_1_891' title='bbox 1995 4805 2081 4859; x_wconf 86' lang='lat' dir='ltr'><strong>vel</strong></span> <span class='ocrx_word' id='word_1_892' title='bbox 2127 4803 2308 4870; x_wconf 90' lang='lat' dir='ltr'><strong>Pater,</strong></span> <span class='ocrx_word' id='word_1_893' title='bbox 2358 4801 2443 4856; x_wconf 78' lang='lat' dir='ltr'><strong>vel</strong></span> <span class='ocrx_word' id='word_1_894' title='bbox 2488 4801 2676 4866; x_wconf 82' lang='lat' dir='ltr'><strong>Filius,</strong></span> <span class='ocrx_word' id='word_1_895' title='bbox 2723 4799 2804 4854; x_wconf 87' lang='lat' dir='ltr'><strong>vel</strong></span> <span class='ocrx_word' id='word_1_896' title='bbox 2853 4797 3087 4867; x_wconf 87' lang='lat' dir='ltr'><strong>Spiritus</strong></span> <span class='ocrx_word' id='word_1_897' title='bbox 3131 4805 3386 4860; x_wconf 89' lang='lat' dir='ltr'><strong>sanctus;</strong></span> <span class='ocrx_word' id='word_1_898' title='bbox 3434 4794 3558 4864; x_wconf 89' lang='lat' dir='ltr'><strong>quia</strong></span> 
     </span>
    </p>
   </div>
   <div class='ocr_carea' id='block_1_103' title="bbox 1993 4885 3559 4967">
    <p class='ocr_par' dir='ltr' id='par_1_103' title="bbox 1993 4885 3559 4967">
     <span class='ocr_line' id='line_1_105' title="bbox 1993 4885 3559 4967; baseline -0.008 -15"><span class='ocrx_word' id='word_1_899' title='bbox 1993 4896 2180 4952; x_wconf 87' lang='lat' dir='ltr'><strong>eadem</strong></span> <span class='ocrx_word' id='word_1_900' title='bbox 2213 4894 2521 4967; x_wconf 89' lang='lat' dir='ltr'><strong>magnitudo</strong></span> <span class='ocrx_word' id='word_1_901' title='bbox 2547 4901 2631 4948; x_wconf 90' lang='lat' dir='ltr'><strong>est</strong></span> <span class='ocrx_word' id='word_1_902' title='bbox 2672 4893 2727 4946; x_wconf 90' lang='lat' dir='ltr'><strong>in</strong></span> <span class='ocrx_word' id='word_1_903' title='bbox 2771 4895 3092 4959; x_wconf 88' lang='lat' dir='ltr'><strong>unaquaque</strong></span> <span class='ocrx_word' id='word_1_904' title='bbox 3130 4899 3356 4956; x_wconf 84' lang='lat' dir='ltr'><strong>persona</strong></span> <span class='ocrx_word' id='word_1_905' title='bbox 3397 4885 3559 4941; x_wconf 86' lang='lat' dir='ltr'><strong>semel</strong></span> 
     </span>
    </p>
   </div>
   <div class='ocr_carea' id='block_1_104' title="bbox 1993 4974 3560 5055">
    <p class='ocr_par' dir='ltr' id='par_1_104' title="bbox 1993 4974 3560 5055">
     <span class='ocr_line' id='line_1_106' title="bbox 1993 4974 3560 5055; baseline -0.01 -13"><span class='ocrx_word' id='word_1_906' title='bbox 1993 4985 2153 5049; x_wconf 90' lang='lat' dir='ltr'><strong>dicta,</strong></span> <span class='ocrx_word' id='word_1_907' title='bbox 2173 5000 2290 5055; x_wconf 60' lang='lat' dir='ltr'><strong>quae</strong></span> <span class='ocrx_word' id='word_1_908' title='bbox 2307 4985 2462 5040; x_wconf 89' lang='lat' dir='ltr'><strong>estin</strong></span> <span class='ocrx_word' id='word_1_909' title='bbox 2486 4983 2659 5037; x_wconf 89' lang='lat' dir='ltr'><strong>tribus</strong></span> <span class='ocrx_word' id='word_1_910' title='bbox 2675 4980 2919 5052; x_wconf 88' lang='lat' dir='ltr'><strong>personis</strong></span> <span class='ocrx_word' id='word_1_911' title='bbox 2936 4976 3092 5033; x_wconf 88' lang='lat' dir='ltr'><strong>simul</strong></span> <span class='ocrx_word' id='word_1_912' title='bbox 3114 4975 3420 5030; x_wconf 89' lang='lat' dir='ltr'><strong>nominatis.</strong></span> <span class='ocrx_word' id='word_1_913' title='bbox 3444 4974 3560 5031; x_wconf 84' lang='lat' dir='ltr'><strong>Non</strong></span> 
     </span>
    </p>
   </div>
   <div class='ocr_carea' id='block_1_105' title="bbox 1994 5066 3561 5140">
    <p class='ocr_par' dir='ltr' id='par_1_105' title="bbox 1994 5066 3561 5140">
     <span class='ocr_line' id='line_1_107' title="bbox 1994 5066 3561 5140; baseline -0.007 -7"><span class='ocrx_word' id='word_1_914' title='bbox 1994 5079 2071 5133; x_wconf 88' lang='lat' dir='ltr'><strong>ita</strong></span> <span class='ocrx_word' id='word_1_915' title='bbox 2098 5078 2328 5132; x_wconf 89' lang='lat' dir='ltr'><strong>dicimus</strong></span> <span class='ocrx_word' id='word_1_916' title='bbox 2357 5077 2410 5130; x_wconf 91' lang='lat' dir='ltr'><strong>iu</strong></span> <span class='ocrx_word' id='word_1_917' title='bbox 2439 5075 2747 5129; x_wconf 89' lang='lat' dir='ltr'><strong>hominibus</strong></span> <span class='ocrx_word' id='word_1_918' title='bbox 2775 5071 2892 5126; x_wconf 82' lang='lat' dir='ltr'><strong>ﬁeri</strong></span> <span class='ocrx_word' id='word_1_919' title='bbox 2923 5084 3110 5140; x_wconf 86' lang='lat' dir='ltr'><strong>posse;</strong></span> <span class='ocrx_word' id='word_1_920' title='bbox 3148 5067 3418 5122; x_wconf 81' lang='lat' dir='ltr'><strong>Abraham</strong></span> <span class='ocrx_word' id='word_1_921' title='bbox 3448 5066 3561 5138; x_wconf 83' lang='lat' dir='ltr'><strong>ple-</strong></span> 
     </span>
    </p>
   </div>
   <div class='ocr_carea' id='block_1_106' title="bbox 1995 5156 3559 5235">
    <p class='ocr_par' dir='ltr' id='par_1_106' title="bbox 1995 5156 3559 5235">
     <span class='ocr_line' id='line_1_108' title="bbox 1995 5156 3559 5235; baseline -0.005 -13"><span class='ocrx_word' id='word_1_922' title='bbox 1995 5157 2306 5233; x_wconf 74' lang='lat' dir='ltr'><strong>nus-homo,</strong></span> <span class='ocrx_word' id='word_1_923' title='bbox 2346 5164 2497 5220; x_wconf 88' lang='lat' dir='ltr'><strong>lsaac</strong></span> <span class='ocrx_word' id='word_1_924' title='bbox 2533 5163 2724 5235; x_wconf 85' lang='lat' dir='ltr'><strong>plenus</strong></span> <span class='ocrx_word' id='word_1_925' title='bbox 2755 5161 2945 5223; x_wconf 85' lang='lat' dir='ltr'><strong>homo,</strong></span> <span class='ocrx_word' id='word_1_926' title='bbox 2974 5156 3139 5212; x_wconf 82' lang='lat' dir='ltr'><strong>Jacob</strong></span> <span class='ocrx_word' id='word_1_927' title='bbox 3163 5156 3353 5228; x_wconf 81' lang='lat' dir='ltr'><strong>plenus</strong></span> <span class='ocrx_word' id='word_1_928' title='bbox 3379 5158 3559 5220; x_wconf 86' lang='lat' dir='ltr'><strong>homo.</strong></span> 
     </span>
    </p>
   </div>
   <div class='ocr_carea' id='block_1_107' title="bbox 1994 5245 3559 5316">
    <p class='ocr_par' dir='ltr' id='par_1_107' title="bbox 1994 5245 3559 5316">
     <span class='ocr_line' id='line_1_109' title="bbox 1994 5245 3559 5316; baseline -0.007 -6"><span class='ocrx_word' id='word_1_929' title='bbox 1994 5263 2049 5310; x_wconf 87' lang='lat' dir='ltr'><strong>et</strong></span> <span class='ocrx_word' id='word_1_930' title='bbox 2072 5255 2128 5311; x_wconf 90' lang='lat' dir='ltr'><strong>hi</strong></span> <span class='ocrx_word' id='word_1_931' title='bbox 2156 5269 2344 5311; x_wconf 86' lang='lat' dir='ltr'><strong>omnes</strong></span> <span class='ocrx_word' id='word_1_932' title='bbox 2373 5263 2501 5308; x_wconf 88' lang='lat' dir='ltr'><strong>sunt</strong></span> <span class='ocrx_word' id='word_1_933' title='bbox 2526 5253 2687 5307; x_wconf 89' lang='lat' dir='ltr'><strong>unius</strong></span> <span class='ocrx_word' id='word_1_934' title='bbox 2719 5248 3054 5313; x_wconf 74' lang='lat' dir='ltr'><strong>substantim,</strong></span> <span class='ocrx_word' id='word_1_935' title='bbox 3082 5255 3341 5316; x_wconf 90' lang='lat' dir='ltr'><strong>quantum</strong></span> <span class='ocrx_word' id='word_1_936' title='bbox 3368 5246 3434 5300; x_wconf 91' lang='lat' dir='ltr'><strong>ad</strong></span> <span class='ocrx_word' id='word_1_937' title='bbox 3463 5245 3559 5299; x_wconf 82' lang='lat' dir='ltr'><strong>hu-</strong></span> 
     </span>
    </p>
   </div>
   <div class='ocr_carea' id='block_1_108' title="bbox 1995 5335 3561 5414">
    <p class='ocr_par' dir='ltr' id='par_1_108' title="bbox 1995 5335 3561 5414">
     <span class='ocr_line' id='line_1_110' title="bbox 1995 5335 3561 5414; baseline -0.009 -16"><span class='ocrx_word' id='word_1_938' title='bbox 1995 5358 2211 5399; x_wconf 89' lang='lat' dir='ltr'><strong>manam</strong></span> <span class='ocrx_word' id='word_1_939' title='bbox 2237 5343 2466 5414; x_wconf 86' lang='lat' dir='ltr'><strong>pertinet</strong></span> <span class='ocrx_word' id='word_1_940' title='bbox 2498 5348 2781 5394; x_wconf 87' lang='lat' dir='ltr'><strong>naturam:</strong></span> <span class='ocrx_word' id='word_1_941' title='bbox 2818 5354 2926 5393; x_wconf 93' lang='lat' dir='ltr'><strong>non</strong></span> <span class='ocrx_word' id='word_1_942' title='bbox 2970 5345 3146 5393; x_wconf 88' lang='lat' dir='ltr'><strong>tamen</strong></span> <span class='ocrx_word' id='word_1_943' title='bbox 3188 5335 3243 5389; x_wconf 89' lang='lat' dir='ltr'><strong>hi</strong></span> <span class='ocrx_word' id='word_1_944' title='bbox 3283 5343 3392 5387; x_wconf 87' lang='lat' dir='ltr'><strong>tres</strong></span> <span class='ocrx_word' id='word_1_945' title='bbox 3435 5339 3561 5387; x_wconf 88' lang='lat' dir='ltr'><strong>sunt</strong></span> 
     </span>
    </p>
   </div>
   <div class='ocr_carea' id='block_1_109' title="bbox 1997 5420 3561 5499">
    <p class='ocr_par' dir='ltr' id='par_1_109' title="bbox 1997 5420 3561 5499">
     <span class='ocr_line' id='line_1_111' title="bbox 1997 5420 3561 5499; baseline -0.008 -10"><span class='ocrx_word' id='word_1_946' title='bbox 1997 5448 2137 5489; x_wconf 88' lang='lat' dir='ltr'><strong>unus</strong></span> <span class='ocrx_word' id='word_1_947' title='bbox 2161 5434 2345 5499; x_wconf 88' lang='lat' dir='ltr'><strong>homo,</strong></span> <span class='ocrx_word' id='word_1_948' title='bbox 2383 5429 2477 5487; x_wconf 84' lang='lat' dir='ltr'><strong>sed</strong></span> <span class='ocrx_word' id='word_1_949' title='bbox 2507 5438 2619 5484; x_wconf 82' lang='lat' dir='ltr'><strong>tres</strong></span> <span class='ocrx_word' id='word_1_950' title='bbox 2644 5428 2952 5486; x_wconf 89' lang='lat' dir='ltr'><strong>omnimodo</strong></span> <span class='ocrx_word' id='word_1_951' title='bbox 2976 5420 3246 5488; x_wconf 88' lang='lat' dir='ltr'><strong>homines;</strong></span> <span class='ocrx_word' id='word_1_952' title='bbox 3277 5431 3331 5478; x_wconf 90' lang='lat' dir='ltr'><strong>et</strong></span> <span class='ocrx_word' id='word_1_953' title='bbox 3355 5420 3561 5491; x_wconf 89' lang='lat' dir='ltr'><strong>aliquid</strong></span> 
     </span>
    </p>
   </div>
   <div class='ocr_carea' id='block_1_110' title="bbox 407 5516 3563 5636">
    <p class='ocr_par' dir='ltr' id='par_1_110' title="bbox 407 5516 3563 5636">
     <span class='ocr_line' id='line_1_112' title="bbox 407 5516 3563 5636; baseline -0.012 -14"><span class='ocrx_word' id='word_1_954' title='bbox 407 5579 430 5610; x_wconf 70' lang='grc' dir='ltr'><em>δ</em></span> <span class='ocrx_word' id='word_1_955' title='bbox 578 5516 734 5636; x_wconf 69' lang='lat' dir='ltr'><strong>Quod</strong></span> <span class='ocrx_word' id='word_1_956' title='bbox 760 5522 950 5622; x_wconf 77' lang='lat' dir='ltr'><strong>nonde</strong></span> <span class='ocrx_word' id='word_1_957' title='bbox 973 5557 1129 5613; x_wconf 81' lang='lat' dir='ltr'><strong>Patre</strong></span> <span class='ocrx_word' id='word_1_958' title='bbox 1155 5567 1199 5612; x_wconf 85' lang='lat' dir='ltr'><strong>et</strong></span> <span class='ocrx_word' id='word_1_959' title='bbox 1222 5554 1386 5622; x_wconf 80' lang='lat' dir='ltr'><strong>Filio,</strong></span> <span class='ocrx_word' id='word_1_960' title='bbox 1409 5554 1540 5610; x_wconf 88' lang='lat' dir='ltr'><strong>illud</strong></span> <span class='ocrx_word' id='word_1_961' title='bbox 1563 5553 1627 5608; x_wconf 86' lang='lat' dir='ltr'><strong>de</strong></span> <span class='ocrx_word' id='word_1_962' title='bbox 1653 5547 1762 5612; x_wconf 90' lang='lat' dir='ltr'><strong>illo,</strong></span> <span class='ocrx_word' id='word_1_963' title='bbox 1786 5546 1890 5600; x_wconf 83' lang='lat' dir='ltr'><strong>dici</strong></span> <span class='ocrx_word' id='word_1_964' title='bbox 1926 5549 2156 5616; x_wconf 74' lang='lat' dir='ltr'><strong>possunt.</strong></span> <span class='ocrx_word' id='word_1_965' title='bbox 2208 5516 2366 5608; x_wconf 54' lang='lat' dir='ltr'><strong>Mss,</strong></span> <span class='ocrx_word' id='word_1_966' title='bbox 2388 5538 2527 5606; x_wconf 76' lang='lat' dir='ltr'><strong>Quid</strong></span> <span class='ocrx_word' id='word_1_967' title='bbox 2589 5539 2724 5593; x_wconf 83' lang='lat' dir='ltr'><strong>enim</strong></span> <span class='ocrx_word' id='word_1_968' title='bbox 2784 5538 2848 5591; x_wconf 82' lang='lat' dir='ltr'><strong>de</strong></span> <span class='ocrx_word' id='word_1_969' title='bbox 2878 5534 3038 5589; x_wconf 84' lang='lat' dir='ltr'><strong>Patre</strong></span> <span class='ocrx_word' id='word_1_970' title='bbox 3065 5543 3109 5588; x_wconf 81' lang='lat' dir='ltr'><strong>et</strong></span> <span class='ocrx_word' id='word_1_971' title='bbox 3139 5529 3298 5596; x_wconf 83' lang='lat' dir='ltr'><strong>Filio,</strong></span> <span class='ocrx_word' id='word_1_972' title='bbox 3337 5529 3465 5589; x_wconf 80' lang='lat' dir='ltr'><strong>illud</strong></span> <span class='ocrx_word' id='word_1_973' title='bbox 3492 5525 3563 5587; x_wconf 81' lang='lat' dir='ltr'><strong>da</strong></span> 
     </span>
    </p>
   </div>
   <div class='ocr_carea' id='block_1_111' title="bbox 341 5634 779 5706">
    <p class='ocr_par' dir='ltr' id='par_1_111' title="bbox 341 5634 779 5706">
     <span class='ocr_line' id='line_1_113' title="bbox 341 5634 779 5706; baseline -0.025 -10"><span class='ocrx_word' id='word_1_974' title='bbox 341 5639 448 5706; x_wconf 78' lang='lat' dir='ltr'><strong>illo,</strong></span> <span class='ocrx_word' id='word_1_975' title='bbox 469 5634 580 5691; x_wconf 83' lang='lat' dir='ltr'><strong>dici</strong></span> <span class='ocrx_word' id='word_1_976' title='bbox 593 5634 779 5704; x_wconf 77' lang='lat' dir='ltr'><strong>possit.</strong></span> 
     </span>
    </p>
   </div>
  </div>
