4228 6252
629 264 691 314 l9
1449 266 1508 319 Β.
1548 266 1608 319 ι’.
1648 267 1873 320 ΑιΒιΝι
1912 266 2043 322 δεις
2081 265 2356 322 ALCUNI
2391 236 2678 327 OPERUM
2710 238 2889 327 PARS
2920 272 3007 328 lli.
3785 272 3860 327 εο
3936 323 3944 331 .

622 394 796 448 magus
823 379 876 431 in
905 378 1080 433 tribus
1104 380 1462 450 cognoscitur,
1507 397 1668 449 quam
1711 382 1766 434 in
1807 380 2045 450 quolibet
2077 377 2187 433 uno
2212 386 2260 441 Δ
2288 391 2392 448 ter,
2421 394 2476 437 et
2502 383 2671 440 Filius
2703 387 2851 442 solus
2875 387 3066 452 Filius,
3107 395 3163 442 et
3202 387 3436 458 Spiritus
3462 397 3685 444 sanctus
3710 388 3859 445 solus

619 484 826 524 eorum.
874 469 1007 524 Item
1034 471 1307 524 Abraham
1337 473 1685 534 unushomo,
1727 486 1833 523 non
1872 477 2053 523 tamen
2078 462 2190 526 tres

619 574 864 626 persona:
900 560 954 612 in
981 574 1068 623 eo,
1101 561 1240 613 sicut
1269 561 1322 612 in
1350 576 1457 612 uno
1483 560 1592 612 Deo
1633 569 1744 613 tres
1783 569 1908 612 sunt
1947 574 2190 627 persona:

617 651 792 720 plenm
831 660 888 706 et
925 651 1209 720 perfecte;
1258 655 1353 706 sed
1398 668 1505 706 una
1545 667 1771 721 persmra
1801 652 1856 724 in
1879 651 2185 715 Abraham,

615 745 757 798 sicut
783 745 838 798 iu
863 759 971 797 uno
994 744 1131 798 solet
1153 746 1371 798 homine
1393 760 1535 799 esse.

859 855 1087 910 CAPUT
1123 856 1194 908 IX
1225 857 1395 925 (ειιιτ.
1417 871 1536 909 cn.
1557 870 1623 919 x;
1651 871 1705 909 ιῖι
1728 870 1811 909 us.
1836 854 1938 924 ιι).

721 945 876 1010 Quod
903 946 1033 999 nihil
1056 947 1340 1000 scrupulum
1364 947 1606 1000 accidens
1637 947 1695 998 in
1716 945 1828 998 Deo
1850 945 2076 998 dicatur.

616 1074 622 1079 ·
686 1058 746 1112 In
771 1059 882 1113 Deo
905 1071 1086 1114 antem
1117 1061 1247 1113 nihil
1273 1061 1492 1129 quidem
1517 1059 1808 1114 secundum
1833 1058 2081 1113 accidens
2104 1055 2189 1112 di-

616 1147 778 1210 citur,
818 1148 944 1216 quia
983 1149 1116 1202 nihil
1158 1152 1212 1203 in
1253 1167 1321 1203 eo
1359 1149 1493 1221 [ΛΙ.,
1522 1151 1578 1204 ἰιι
1605 1149 1744 1220 Deo]
1781 1148 2040 1203 mutabile
2077 1154 2180 1201 est.

617 1235 728 1288 Nec
765 1244 943 1290 tamen
987 1254 1146 1292 omne
1192 1241 1335 1308 quod
1380 1241 1449 1294 de
1491 1240 1602 1294 Deo
1644 1240 1864 1304 dicitur,
1891 1239 2189 1294 secundum

610 1325 970 1381 substantiam
1013 1327 1245 1392 dicitur,
1307 1339 1368 1381 ut
1411 1330 1466 1382 in
1513 1329 1882 1398 superioribus
1925 1328 2180 1382 diximus.

610 1414 867 1480 Quamvis
890 1417 1034 1470 enirn
1061 1419 1272 1472 dicatur
1295 1418 1458 1473 Pater
1486 1419 1553 1472 ad
1581 1419 1807 1482 Filium,
1836 1427 1893 1472 et
1917 1418 2088 1473 Filius
2112 1419 2184 1473 ad

608 1504 824 1560 Patrem
843 1509 1135 1561 secundum
1157 1509 1227 1561 ad
1247 1509 1468 1578 aliquid,
1492 1524 1600 1562 non
1623 1519 1707 1562 ist
1731 1517 1910 1562 tamen
1932 1510 2182 1564 accidens

607 1593 754 1648 Patri
779 1596 995 1651 Patrem
1018 1612 1160 1662 esse,
1189 1600 1274 1652 vel
1303 1598 1442 1652 Filio
1466 1599 1660 1659 Filium
1685 1616 1826 1662 esse,
1857 1602 1984 1671 quia
2008 1609 2064 1654 et
2090 1600 2181 1654 ille

605 1700 819 1753 semper
844 1685 1027 1750 Pater,
1063 1697 1119 1740 et
1153 1688 1241 1741 ille
1270 1703 1484 1756 semper
1507 1689 1707 1754 Filius;
1750 1691 1877 1759 quia
1905 1691 2179 1745 atemitas
2208 1721 2254 1781 Β

602 1785 659 1828 et
687 1775 1198 1832 iucommutabilitas
1225 1787 1385 1848 negat
1407 1779 1708 1833 accidentis
1729 1779 1956 1848 alicujus
1982 1780 2038 1834 in
2066 1780 2178 1836 Deo

600 1863 1042 1928 instabilitatern;
1078 1866 1206 1932 quia
1233 1881 1393 1918 omne
1417 1868 1670 1921 accidens
1707 1869 2004 1922 secundum
2035 1877 2174 1922 tem-

601 1971 705 2023 pus
737 1955 820 2009 vel
859 1970 1010 2020 esse,
1045 1957 1132 2010 vel
1174 1972 1281 2010 non
1319 1973 1442 2012 esse
1472 1966 1684 2028 potest,
1724 1959 1810 2011 vel
1847 1959 2053 2028 potrn't,
2091 1960 2176 2013 vel

598 2048 761 2101 etiam
803 2050 1034 2118 poterit;
1080 2051 1207 2118 quia
1251 2050 1415 2104 Pater
1439 2065 1715 2121 nunquam
1754 2067 1860 2106 non
1899 2051 2081 2118 Pater,
2119 2062 2177 2107 et

598 2138 768 2193 Filius
792 2155 1065 2209 nunquam
1089 2156 1198 2193 non
1221 2139 1420 2205 Filius;
1445 2157 1547 2196 nec
1567 2142 1734 2209 ert-pit
1755 2157 1990 2211 unquam
2015 2142 2176 2196 Pater

596 2247 720 2286 esse
740 2232 916 2294 Pater.
944 2249 1045 2288 nec
1069 2233 1238 2287 Filius
1262 2248 1386 2288 esse
1408 2233 1598 2288 Filius.
1629 2233 1782 2300 Quod
1809 2235 1856 2288 si
1885 2234 2174 2304 aliquando

596 2325 851 2392 empisset
873 2323 1038 2376 Pater
1063 2323 1227 2376 Pater
1250 2339 1392 2386 esse,
1416 2323 1503 2378 vel
1530 2324 1700 2379 Filius
1725 2324 1894 2377 Filius
1919 2340 2062 2389 esse,
2085 2325 2171 2378 vel

594 2415 866 2469 desineret
889 2429 1010 2468 esse
1036 2413 1180 2481 quod
1215 2422 1368 2478 erat,
1412 2415 1708 2467 secundum
1747 2408 1997 2468 accidens
2027 2414 2174 2468 dice-

595 2515 748 2560 retur
772 2505 955 2569 Pater,
982 2505 1069 2559 vel
1108 2505 1293 2558 Filius.
1341 2505 1399 2559 Si
1430 2521 1559 2559 vero
1595 2507 1740 2574 quod
1779 2506 1980 2560 dicitur
2005 2504 2172 2559 Pater

593 2598 662 2649 ad
686 2597 922 2665 scipsum
948 2597 1239 2661 diceretur,
1266 2613 1373 2650 non
1398 2598 1466 2651 ad
1490 2597 1706 2660 Filium,
1731 2605 1788 2651 et
1811 2595 1952 2664 quod
1974 2597 2174 2651 dicitur

596 2689 638 2741 F
641 2689 764 2742 ilius
793 2690 860 2742 ad
888 2690 1123 2757 seipsum
1149 2690 1445 2753 diceretur,
1476 2705 1583 2742 non
1610 2691 1680 2742 ad
1706 2689 1947 2752 Patre,
1973 2703 2170 2742 secun-

591 2783 720 2834 dum
760 2781 917 2848 711
958 2781 1314 2834 substantiam
1359 2781 1670 2835 diceretur:
1720 2781 1816 2834 sed
1859 2779 2021 2834 Pater
2061 2795 2168 2833 non

591 2868 790 2922 dicitur
813 2867 994 2928 Pater,
1022 2868 1127 2921 nisi
1155 2885 1221 2923 ex
1246 2883 1313 2922 eo
1337 2869 1482 2936 quod
1508 2878 1594 2924 est
1619 2870 1670 2926 ei
1694 2869 1895 2932 Filius;
1921 2877 1978 2922 et
1999 2867 2169 2922 Filius

588 2974 700 3012 non
722 2958 922 3012 dicitur
944 2957 1136 3022 Filius,
1177 2959 1282 3013 nisi
1321 2974 1388 3012 ex
1425 2975 1494 3015 eo
1520 2957 1663 3029 quod
1702 2960 1868 3014 habet
1909 2959 2163 3024 Patrem;

590 3066 698 3104 non
725 3050 1022 3105 secundum
1048 3050 1439 3115 substantiam,
1477 3058 1540 3103 ut
1574 3050 1778 3104 dictum
1811 3057 1897 3104 est
1929 3049 1985 3102 in
2013 3049 2162 3119 prio.
2188 3069 2236 3128 ς

588 3142 762 3204 ribus,
790 3142 917 3210 quia
951 3156 1059 3194 non
1093 3141 1321 3210 quisque
1343 3156 1531 3195 eorum
1561 3142 1632 3195 ad
1658 3141 1894 3210 seipsum
1914 3183 1930 3205 ,
1967 3142 2063 3196 sed
2092 3142 2162 3194 ad

587 3229 819 3283 invicem
842 3271 859 3293 ,
911 3238 1072 3298 atque
1119 3230 1437 3287 alterutrum
1484 3233 1590 3286 ista
1634 3232 1929 3295 dicuntur;
1987 3245 2164 3301 neque

585 3320 884 3374 secundum
924 3321 1198 3384 accidens,
1241 3321 1368 3390 quia
1408 3328 1465 3374 et
1500 3321 1645 3391 quod
1678 3322 1878 3377 dicitur
1903 3321 2080 3386 Pater,
2107 3332 2164 3376 et

590 3409 736 3478 quod
761 3409 961 3464 dicitur
985 3410 1154 3464 Filius
1170 3451 1188 3476 ,
1230 3418 1494 3466 aeternum
1531 3421 1694 3481 atque
1721 3412 2160 3468 incommutabile

591 3508 676 3552 est
699 3499 797 3552 eis.

875 3611 1122 3666 CAPUT
1158 3613 1208 3680 Χ
1238 3613 1406 3683 (sorr.
1429 3631 1516 3678 xr;
1543 3632 1597 3669 rs
1621 3632 1705 3671 us.
1730 3616 1850 3684 sn).

589 3698 742 3763 Quod
772 3716 874 3754 non
901 3701 969 3752 sit
994 3700 1255 3752 diuersum
1283 3703 1339 3753 iu
1365 3703 1681 3763 substantia,
1717 3704 1927 3757 Patrem
1954 3706 2031 3759 re!
2057 3707 2158 3760 Fi-

1016 3768 1171 3822 lium
1196 3769 1304 3823 dici
1329 3769 1462 3839 (AL,
1487 3773 1704 3843 dicere].
1899 3771 1915 3784 ⁸

657 3877 915 3943 Quamvis
952 3879 1091 3934 alius
1125 3880 1198 3934 sit
1235 3878 1399 3934 Pater
1435 3889 1492 3934 et
1530 3882 1670 3936 alius
1694 3864 1895 3948 Filius,
1938 3900 2048 3938 non
2074 3893 2161 3939 est

589 3966 1013 4032 tamen‘diversa
1037 3968 1338 4021 substantia
1365 3969 1565 4036 Patris,
1603 3984 1663 4028 et
1686 3973 1830 4029 Filii.
1875 3973 2013 4041 Quia
2054 3977 2159 4031 hoc

585 4071 695 4110 non
723 4054 1018 4110 secundm
1044 4055 1399 4110 substantiam
1425 4061 1695 4126 dicrmtur,
1737 4063 1833 4118 sed
1860 4065 2158 4120 secundum

587 4145 873 4200 relativum
898 4144 1033 4217 [Αι.,
1058 4145 1432 4218 relationem];
1474 4153 1617 4218 quod
1653 4162 1835 4208 tamen
1871 4157 2156 4212 relativum

586 4251 695 4290 non
715 4245 801 4291 est
820 4236 1092 4301 accidens,
1110 4237 1240 4306 quia
1265 4252 1372 4291 non
1398 4245 1483 4293 est
1507 4240 1784 4294 mutabile.
1817 4241 1952 4297 Cum
1978 4247 2161 4313 itaque

588 4334 771 4381 tantus
789 4376 798 4381 -
816 4326 964 4382 solus
1005 4334 1091 4382 est
1137 4326 1319 4392 Pater,
1352 4328 1439 4383 vel
1480 4329 1628 4384 solus
1653 4329 1843 4397 Filius,
1885 4333 1969 4387 vel
2009 4335 2158 4390 solus

587 4417 822 4485 Spiritus
841 4425 1082 4485 sanctus,
1107 4429 1343 4488 quantus
1363 4428 1449 4475 est
1470 4421 1651 4484 simul,
1676 4423 1859 4489 Pater,
1884 4431 1940 4478 et
1964 4424 2152 4491 Filius,
2179 4404 2234 4464 Ι)

588 4516 645 4560 et
670 4506 908 4576 Spiritus
931 4518 1176 4575 nudus,
1209 4511 1356 4567 nullo
1382 4514 1542 4568 modo
1566 4514 1762 4584 triplex
1788 4515 2049 4570 dicendus
2073 4526 2157 4571 est

589 4598 752 4660 Deus,
774 4597 901 4666 quia
925 4614 1035 4652 non
1055 4608 1143 4656 est
1164 4617 1275 4670 quo
1295 4613 1508 4658 crescat
1532 4605 1622 4658 illa
1646 4605 1910 4675 perfectio
1933 4623 2156 4664 summa.-

591 4685 891 4742 Triuitatis.
935 4687 1216 4744 Perfectus
1248 4699 1431 4744 autem
1465 4694 1579 4747 sive
1600 4693 1786 4758 Pater,
1827 4695 1941 4748 sive
1963 4695 2161 4761 Filius,

588 4775 706 4832 sive
730 4777 968 4848 Spiritus
992 4786 1250 4843 sanctus;
1292 4789 1351 4834 et
1387 4780 1661 4849 perfectus
1696 4783 1842 4836 Deus
1874 4783 2053 4849 Pater,
2098 4798 2158 4841 et

587 4866 779 4933 Filius,
797 4879 854 4923 et
871 4868 1107 4938 Spiritus
1129 4877 1377 4924 sanctus:
1402 4871 1524 4924 ideo
1541 4870 1780 4925 Trinitas
1797 4872 1975 4941 potius
1993 4889 2155 4943 quam

592 4953 1159 5028 triplexdicendaest.

852 5072 1078 5147 CAPUT
1112 5074 1185 5129 Il
1221 5073 1391 5145 (sorr.
1413 5090 1522 5138 nr;
1551 5090 1606 5127 ra
1631 5089 1714 5129 us.
1736 5072 1878 5145 nn).

596 5162 728 5230 Qua
763 5165 870 5220 sint
905 5167 1117 5236 propria
1468 5182 1704 5236 personae
1734 5168 1791 5220 in
1820 5176 2004 5221 sum
2034 5168 2156 5223 Tri-

1281 5246 1463 5290 uitato.

661 5344 873 5401 Habuit
891 5343 1076 5415 itaque
1097 5344 1398 5415 singulae'iu
1422 5356 1608 5403 sancta
1629 5348 1896 5403 Trinitate
1916 5362 2159 5418 persona:

596 5435 796 5502 aliquid
833 5436 1110 5505 proprium
1130 5475 1147 5501 ,
1195 5451 1305 5505 quo
1347 5436 1691 5508 insqranbili
1717 5438 2027 5510 qualitate
2059 5442 2160 5495 ali-

595 5537 758 5590 quam
785 5523 842 5578 in
870 5538 930 5578 se
955 5527 1242 5582 ostendant
1264 5529 1668 5599 proprietatem.
1692 5532 1856 5587 Pater
1882 5531 2028 5587 solus
2055 5531 2158 5588 Pa-

667 5664 692 5690 ι
715 5649 916 5709 Encas
942 5653 1113 5712 Paris.
1140 5673 1202 5713 ea
1227 5665 1348 5729 qua:
1370 5670 1671 5730 sequuntur
1689 5664 1844 5729 citat,
1870 5679 1990 5735 cap.
2016 5665 2086 5721 80

2293 471 2421 543 [est]
2441 473 2676 542 Spiritus
2703 485 2941 531 sanctus.
2973 479 3039 532 Et
3057 477 3220 533 Pater
3241 480 3345 534 hoc
3370 479 3534 535 habet
3558 481 3860 550 proprium,

2289 566 2431 633 quod
2455 583 2519 620 es
2546 569 2796 624 omnibus
2817 586 2939 640 qum
2962 577 3107 634 sunt,
3133 571 3282 626 solus
3303 579 3388 626 est
3412 573 3504 641 qui
3531 571 3601 626 ab
3623 571 3732 627 alio
3751 587 3861 627 non

2287 664 2408 710 est:
2454 667 2520 712 ac
2560 674 2659 727 per
2684 660 2790 714 hoc
2831 661 2978 715 solus
3015 671 3101 716 est
3141 662 3199 716 iu
3242 663 3580 731 paternitatis
3603 654 3859 732 persona,

2287 759 2395 807 non
2443 745 2634 819 [solus]
2687 749 2741 802 in
2789 750 3007 804 deitatis
3047 752 3307 806 essentia.
3347 751 3684 822 ‘Uuigeuitus
3727 767 3860 808 vero

2286 837 2454 891 Filius
2484 838 2576 892 Dei
2603 839 2705 894 hoc
2729 840 2892 895 habet
2916 843 3210 910 proprium,
3245 843 3388 912 quod
3413 858 3481 896 ex
3507 842 3642 907 solo,
3671 844 3725 898 id
3749 852 3858 906 est,

2285 927 2447 982 Patre
2488 929 3018 985 consubstantialiter
3041 938 3099 986 et
3124 931 3552 987 coessentialiter
3578 933 3725 986 solus
3759 948 3857 1003 ge-

2285 1019 2432 1073 nitus
2457 1027 2570 1085 est;
2625 1028 2682 1074 et
2724 1021 2780 1074 in
2824 1022 2930 1076 hoc
2972 1029 3058 1076 est
3100 1036 3346 1092 personze
3381 1036 3495 1075 sua:
3533 1022 3853 1090 proprietas.

2285 1107 2518 1178 Spiritus
2553 1118 2775 1165 sanctus
2814 1111 2998 1181 itaque
3038 1113 3142 1167 hoc
3182 1112 3346 1166 habet
3373 1113 3680 1182 proprium.
3710 1113 3854 1181 quod

2282 1215 2349 1254 ex
2373 1200 2534 1255 Patre
2558 1211 2615 1256 et
2634 1202 2772 1257 Filio
2793 1199 3070 1272 aqualiter
3091 1203 3364 1273 procedit;
3392 1213 3448 1259 et
3466 1211 3552 1259 est
3574 1204 3854 1274 amborum

2282 1288 2538 1359 Spiritus,
2565 1291 2914 1363 ejusdemque
2936 1294 3252 1349 substantia:
3290 1302 3347 1349 et
3381 1295 3704 1349 aternitatis
3728 1309 3854 1348 cum

2279 1379 2440 1435 Patre
2465 1391 2522 1436 et
2546 1382 2705 1438 Filio.
2736 1397 2764 1425 ι
2788 1383 2898 1440 Sed
2922 1386 3038 1440 hac
3065 1386 3169 1440 tria
3193 1401 3321 1440 vere
3346 1387 3513 1441 etiam
3548 1386 3655 1440 tria
3694 1395 3819 1440 sunt
3835 1428 3852 1446 .

2280 1473 2728 1546 inetl‘abiliterque
2756 1479 2859 1546 tria
2884 1518 2902 1542 ,
2949 1486 3006 1532 et
3030 1479 3393 1533 essentialiter
3422 1479 3554 1543 tria,
3602 1479 3851 1533 habentia

2277 1566 2637 1634 proprietates
2659 1582 2824 1635 suas._
2841 1567 2909 1622 Et
2936 1569 3053 1624 haec
3075 1569 3179 1624 tria
3206 1585 3394 1633 unum,
3419 1576 3478 1624 et
3498 1585 3625 1625 vere
3651 1566 3850 1632 unum;

2277 1664 2333 1710 et
2354 1658 2458 1711 hoc
2478 1673 2642 1711 unum
2666 1667 2798 1724 tres,
2825 1658 2922 1714 sed
2945 1675 3054 1715 non
3074 1667 3189 1715 tres
3212 1659 3421 1725 Patres,
3451 1676 3553 1716 nec
3576 1670 3687 1717 tres
3705 1663 3854 1725 Filii,

2278 1764 2381 1802 nec
2420 1755 2532 1804 tres
2574 1749 2810 1819 Spiritus
2848 1754 3056 1818 sancti;
3105 1753 3201 1808 sed
3245 1760 3358 1808 tres
3398 1769 3676 1822 personae,
3711 1769 3854 1809 unus

2275 1835 2458 1902 Pater,
2479 1854 2618 1894 unus
2639 1839 2830 1904 Filius,
2851 1855 2992 1894 unus
3013 1841 3251 1911 Spiritus
3269 1850 3512 1897 sanctus.
3545 1841 3613 1896 Et
3633 1842 3689 1895 bi
3717 1849 3850 1905 tres,

2275 1926 2330 1980 id
2355 1935 2460 1991 est,
2505 1928 2682 1993 Pater,
2727 1936 2786 1983 et
2822 1931 3012 1995 Filius,
3051 1939 3109 1985 et
3148 1930 3385 2002 Spiritus
3409 1939 3655 1994 sanctus,
3683 1947 3850 1985 unum

2273 2018 2483 2074 suuLin
2510 2027 2723 2083 natura,
2744 2021 3158 2093 omnipotentia,
3185 2030 3242 2076 et
3262 2023 3586 2078 aeternitate.
3617 2020 3724 2076 Sed
3747 2022 3852 2076 hoc

2272 2106 2437 2170 etiam
2479 2115 2642 2174 atque
2676 2109 2842 2161 etiam
2880 2109 3111 2164 ﬁrmiter
3137 2111 3428 2165 tenendum
3454 2121 3574 2176 est,
3617 2110 3754 2165 nihil
3794 2110 3853 2164 in

2272 2205 2459 2250 saneta
2489 2197 2773 2264 Trinitate,
2807 2201 2875 2254 ad
2902 2215 2963 2255 se
2990 2201 3218 2268 dictum,
3245 2203 3442 2272 plurali
3471 2217 3696 2258 numero
3721 2216 3844 2257 esse

2271 2286 2585 2352 dicendum;
2626 2289 2754 2358 quia
2789 2291 3017 2359 simplex
3051 2292 3142 2345 illa
3171 2308 3396 2349 summa:
3422 2294 3719 2349 divinitatis
3744 2308 3846 2348 na-

2272 2385 2394 2431 tura
2421 2378 2681 2448 singulari
2708 2397 2939 2440 numero
2963 2383 3232 2454 designari
3260 2385 3450 2449 debet,
3489 2399 3598 2438 non
3633 2383 3848 2453 plurali.

2268 2468 2350 2521 Ac
2372 2468 2494 2523 ideo
2521 2483 2621 2524 nec
2645 2479 2758 2526 tres
2792 2472 2957 2539 deos,
3000 2490 3102 2528 nec
3137 2484 3250 2530 tres
3275 2477 3700 2545 omnipotentes,
3743 2490 3846 2530 nec

2273 2565 2384 2610 tres
2410 2557 2580 2614 bonos
2603 2601 2620 2625 ,
2670 2577 2770 2616 nec
2797 2570 2911 2618 tres
2936 2579 3187 2634 magnos,
3229 2581 3330 2620 nec
3358 2575 3472 2619 tres
3497 2567 3762 2622 essentias
3791 2567 3847 2620 in

2272 2645 2383 2700 Deo
2406 2649 2587 2703 dicere
2614 2649 2703 2715 fas
2722 2659 2824 2706 est.
2873 2651 3010 2706 Cum
3035 2654 3181 2707 anim
3207 2655 3564 2722 personaliter
3596 2655 3736 2710 alius
3773 2657 3846 2711 sit

2271 2737 2451 2803 Pater,
2478 2740 2618 2795 alius
2635 2742 2826 2807 Filius,
2852 2743 2990 2796 alius
3009 2742 3245 2813 Spiritus
3267 2753 3518 2812 sanctus;
3557 2747 3643 2802 his
3666 2755 3847 2801 tamen

2271 2843 2436 2881 unum
2479 2837 2566 2882 est
2605 2841 2813 2886 natura:
2854 2848 3084 2898 nomen,
3130 2837 3278 2904 quod
3313 2837 3515 2891 dicitur
3551 2837 3722 2899 Deus,
3761 2838 3846 2891 vel

2268 2920 2599 2987 substantia,
2628 2922 2715 2976 vel
2741 2925 3006 2989 essentia,
3041 2925 3126 2980 vel
3142 2927 3556 3002 ‘omnipotentia
3574 2969 3589 2991 ,
3626 2928 3708 2981 vel
3740 2927 3842 2980 alia

2268 3011 2436 3062 multa
2458 3050 2475 3072 ,
2525 3026 2648 3079 qua:
2691 3012 3138 3081 substantialiter,
3188 3032 3298 3070 non
3345 3017 3568 3071 relative
3612 3018 3681 3072 de
3729 3017 3840 3071 Deo

2265 3099 2537 3152 dicuntur.

2436 3206 2665 3263 CAPUT
2697 3209 2791 3264 ΧΗ
2821 3210 2989 3281 (sorr.
3014 3229 3132 3268 cn.
3163 3231 3296 3280 xm;
3332 3233 3388 3270 rx
3414 3233 3500 3272 us.
3523 3218 3661 3287 xrv).

2298 3296 2453 3361 Quod
2486 3299 2728 3367 quasdam
2770 3318 2934 3383 operrr
2970 3315 3167 3385 sancta.-
3193 3305 3465 3388 Trinitatis
3499 3309 3809 3379 quibusdam

2645 3388 2879 3440 personis
2906 3391 3115 3443 proprie
3139 3387 3468 3432 conueniunt.

2330 3461 2697 3517 lndubitauter
2715 3464 2982 3533 siquidem
3003 3466 3226 3521 credere
3245 3467 3505 3525 debemus
3524 3469 3695 3537 ipsam
3713 3483 3840 3523 san-

2258 3561 2402 3607 ctam
2424 3552 2746 3608 Trinitatem
2771 3569 2893 3609 esse
2919 3558 3295 3626 inseparabilis
3317 3556 3633 3613 substantia:
3674 3567 3838 3628 atque

2257 3643 2539 3708 essentia,
2573 3644 3112 3716 inseparabiliterque
3137 3650 3351 3717 operari
3379 3649 3639 3718 quidquid
3669 3666 3699 3703 a
3727 3650 3838 3704 sin-

2258 3735 2396 3802 gulis
2422 3736 2667 3803 personis
2695 3737 2923 3806 legimus
2947 3748 3230 3807 operatum
3257 3753 3398 3793 esse.
3433 3738 3691 3805 Quamvis
3717 3755 3834 3793 cer.

2258 3823 2527 3876 tissimum
2557 3825 2630 3877 sit
2663 3824 2882 3879 Patrem
2923 3842 3045 3880 esse
3078 3828 3251 3880 solum
3303 3830 3396 3896 qui
3422 3829 3598 3882 dixit:
3629 3828 3734 3880 Hic
3760 3837 3835 3882 est

2258 3909 2432 3964 Filius
2466 3928 2612 3965 meus
2641 3913 2890 3974 dilectus,
2928 3917 2985 3966 in
3011 3933 3113 3984 quo
3140 3917 3269 3969 mihi
3301 3917 3592 3987 conspicui
3618 3919 3833 3990 (Heruli.
3951 3933 3954 3938 '

2258 4016 2345 4066 ιιι,
2368 4001 2490 4073 1ης
2523 4010 2580 4056 et
2605 4002 2803 4059 Filium
2832 4005 2992 4081 712
3019 4020 3140 4060 esse
3168 4008 3344 4061 solum
3369 4003 3533 4079 super
3555 4026 3716 4080 quem
3746 4013 3834 4067 illa

2256 4107 2359 4147 vos
2385 4091 2600 4165 [solius]
2629 4093 2807 4148 Patris
2831 4096 3028 4159 sonuit,
3051 4099 3269 4165 quando
3297 4101 3352 4154 in
3377 4098 3612 4157 Iordane
3637 4119 3834 4158 secun-

2259 4185 2388 4237 dum
2419 4187 2692 4240 hominem
2717 4188 3024 4255 baptizatus
3050 4190 3329 4252 est,'idem
3358 4192 3665 4264 unigenitus
3688 4195 3834 4248 Deus

2257 4271 2350 4336 qui
2379 4285 2599 4323 (:amem
2630 4271 2778 4324 solus
2807 4273 3031 4340 accepit.
3075 4275 3144 4327 Et
3169 4275 3426 4344 Spiritum
3456 4291 3706 4335 sanctum
3731 4281 3835 4334 Pa-

2259 4358 2360 4411 tris
2386 4366 2444 4411 et
2465 4358 2587 4412 Filii
2613 4358 2784 4412 solum
2809 4375 2949 4426 esse,
2979 4363 3071 4431 qui
3100 4365 3153 4418 in
3182 4369 3363 4436 specie
3387 4371 3648 4425 columba:
3672 4386 3834 4439 super

2256 4449 2504 4502 eumdem
2528 4450 2857 4519 baptizatum
2884 4453 3260 4511 ascendentem
3291 4459 3358 4511 de
3383 4473 3525 4526 aqua
3551 4458 3832 4515 descendit

2257 4537 2471 4608 (Martii.
2499 4555 2585 4604 ru,
2613 4538 2723 4610 l6),
2759 4533 2826 4595 et
2869 4543 3313 4614 quinquagesimo
3355 4547 3444 4600 die
3477 4555 3601 4615 post
3644 4564 3831 4604 resur—

2256 4629 2555 4683 rectionem
2590 4628 2793 4685 Christi
2842 4632 3026 4688 ﬁdeles
3072 4635 3128 4687 in
3174 4650 3282 4689 uno
3324 4635 3444 4690 loco
3487 4638 3728 4705 positos,
3775 4641 3831 4696 in

2257 4715 2562 4787 linguarum
2617 4721 2896 4791 igneamm
2947 4723 3155 4778 visione
3207 4726 3533 4790 adveniens,
3604 4730 3831 4800 replevit

2253 4807 2454 4880 (Actor.
2481 4827 2547 4877 rr,
2579 4812 2616 4866 3
2640 4821 2690 4866 et
2713 4811 2792 4884 ι).
2823 4810 2974 4865 Illam
2996 4810 3184 4867 tamen
3209 4814 3488 4870 verissime
3509 4831 3697 4871 vocem
3724 4834 3828 4888 qua

2259 4901 2408 4956 solus
2437 4902 2651 4958 loeutus
2688 4911 2774 4956 est
2818 4903 2960 4958 Deus
2986 4903 3171 4968 Pater,
3210 4911 3267 4957 et
3302 4903 3449 4959 illam
3477 4921 3693 4962 carnem
3722 4924 3827 4977 qua

2259 4992 2408 5048 solus
2448 4994 2612 5049 homo
2651 4993 2828 5047 {actus
2869 5001 2954 5048 est
2996 4993 3326 5074 [unigenitus
3355 4995 3545 5069 Deus],
3584 5006 3643 5053 et
3682 4999 3828 5076 illam

2259 5085 2562 5165 columbam
2611 5087 2667 5139 in
2715 5085 2869 5152 cujus
2898 5089 3087 5154 ‘specie
3128 5088 3362 5156 Spiritus
3403 5102 3623 5149 sanctus
3665 5111 3830 5165 super

2259 5163 2536 5230 Christum
2563 5177 2840 5231 descendit
2857 5219 2872 5242 ,
2916 5177 3144 5248 illasque
3167 5180 3377 5250 linguas
3399 5177 3587 5255 igneas
3613 5187 3667 5241 in
3694 5163 3828 5257 qua-

2259 5281 2382 5318 rurn
2422 5264 2630 5321 visione
2677 5265 2860 5320 ﬁdeles
2905 5283 3014 5322 uno
3055 5269 3172 5330 loco
3210 5274 3533 5344 constitutos
3564 5277 3785 5346 replevit
3805 5314 3823 5337 .

2256 5369 2419 5424 opera
2446 5370 2567 5410 esse
2591 5357 2755 5411 totius
2778 5366 2980 5412 sancte
3000 5359 3300 5430 Trinitatis,
3319 5365 3504 5433 idest,
3522 5369 3681 5423 unius
3709 5366 3848 5431 DeL

2257 5447 2349 5516 qui
2378 5446 2506 5505 fecit
2530 5449 2588 5503 in
2613 5449 2766 5505 omlis
2800 5458 2859 5504 et
2894 5451 3133 5509 iu-terra
3165 5455 3396 5514 visibilis
3420 5469 3479 5515 et
3501 5457 3824 5526 inviibiia,

2257 5540 2539 5598 verissime
2560 5543 2889 5598 credendum
2915 5550 3018 5598 est.
3814 5564 3819 5568 ·
