4228 6248
935 275 1346 333 οοωΑΑτιοΑ.
1386 303 1456 316 -
1493 274 1577 329 ne
1610 271 1765 326 FIDE

1902 267 2290 323 TRlNlTATlS
2328 267 2504 322 LIBRI
2543 267 2626 321 ιιι.
2665 252 2789 322 us;
2826 267 2866 322 ι.
2991 241 3000 246 ’
3451 265 3525 324 22
3600 325 3606 331 ,

455 389 722 446 CAPUT
755 365 870 442 .Xlll
898 389 1066 458 (sun.
1087 402 1204 441 cu.
1227 401 1347 449 nv;
1377 400 1428 439 IN
1455 398 1536 436 us.
1561 385 1673 452 xv).

181 481 408 551 Quod
461 490 679 537 sancta
715 477 941 551 Trinitas
975 493 1079 529 non
1113 477 1178 551 sit
1212 471 1512 551 separabilia
1546 472 1602 524 in
1638 479 1825 550 natura
1845 509 1861 534 ,

746 563 837 599 nec
864 549 917 599 in
944 545 1174 616 personis
1199 542 1436 598 dicenda.
1651 543 1669 591 .’
1808 561 1812 566 ·

178 287 268 341 2|

1890 384 1936 439 Α
1966 376 2032 430 de
2075 391 2181 444 quo
2224 376 2358 430 dicis
2402 365 2698 446 ingenitus,
2744 376 3094 448 signiﬁcatur.
3144 377 3302 433 Pater
3343 376 3522 447 itaque

1962 469 2253 522 secundum
2283 468 2723 530 allirmationem;
2761 469 3025 538 ingenitus
3053 470 3341 524 secundum
3363 469 3519 538 713

1961 555 2301 627 negationem
2345 557 2555 611 dicitur.
2617 555 2853 626 Negatur
2894 558 3078 626 itaque
3124 558 3360 627 genitum
3405 571 3518 612 esse

1961 663 2108 710 eum,
2140 648 2206 701 de
2233 661 2341 715 quo
2368 645 2459 700 hic
2483 644 2612 717 [ΑΛ.
2646 644 2768 716 hoc]
2800 647 3026 712 dicitur;
3077 663 3175 702 nec
3210 647 3406 702 tamen
3426 648 3523 701 ali—

1961 736 2085 806 quid
2115 751 2239 790 eum
2280 735 2528 805 genuisse
2565 733 2912 805 signiﬁcatur,
2945 736 3069 790 dum
3097 737 3292 790 dicitur
3319 738 3522 807 ingeni-

1963 834 2068 880 tus.
2091 824 2305 879 Patrem
2329 824 2509 891 itaque
2530 823 2655 876 dum
2679 823 2926 886 dicimus,
2946 823 3306 894 signiﬁcamus
3328 825 3520 879 Filium

1962 930 2082 969 eum
2113 913 2376 983 genuisse,
2409 912 2533 980 quia
2563 911 2733 967 Filius
2760 913 2975 982 pr0prie
3003 913 3119 967 ideo
3149 914 3357 983 genitus
3381 913 3518 969 dici-

1963 1013 2072 1068 tur,
2093 1004 2217 1072 quia
2243 1003 2455 1057 Patrem
2483 1003 2643 1056 habet
2663 1002 2754 1070 qui
2777 1017 2897 1056 cum
2919 1003 3119 1071 genuit.
3143 1003 3247 1058 Sed
3269 1018 3372 1058 non
3396 1003 3523 1075 [est]

1963 1098 2102 1151 inter
2127 1096 2339 1148 Patrem
2369 1104 2422 1149 et
2449 1093 2641 1165 Filium
2676 1092 2868 1147 divisio
2896 1093 2977 1147 vel
3005 1094 3213 1158 scissio,
3240 1096 3363 1164 quia
3389 1094 3525 1150 alter

1965 1190 2018 1243 in
2047 1186 2216 1241 altero
2242 1192 2355 1249 est,
2388 1185 2528 1239 sicut
2555 1185 2610 1238 in
2645 1184 2932 1254 Evangelia
2962 1184 3186 1254 legimus
3215 1187 3386 1254 ipsum
3412 1186 3520 1242 Do-

1966 1280 2168 1333 mimun
2211 1278 2513 1332 dicentem:
2552 1275 2666 1346 Ego
2711 1277 2768 1328 in
2812 1273 2992 1340 Patre,
3044 1287 3090 1329 et
3140 1274 3300 1335 Pater
3344 1279 3398 1332 in
3447 1296 3527 1333 me

1967 1371 2146 1441 (Joan.
2173 1386 2284 1435 xiv,
2318 1369 2428 1440 10).
2484 1367 2634 1425 Unus
2678 1369 2746 1424 ab
2791 1384 2898 1424 uno
2941 1371 3168 1439 genitus,
3200 1370 3464 1440 perfectus
3494 1389 3523 1426 a

1964 1458 2223 1528 perfecto,
2269 1459 2548 1528 plenitudo
2574 1458 2868 1514 divinitatis
2900 1460 2952 1514 iu
2981 1469 3234 1530 utroque,
3274 1462 3346 1515 nil
3374 1461 3523 1516 dill‘eo

278 665 492 720 Dens
543 658 686 732 ergo
724 675 821 730 per
852 657 1266 713 immensitatem
1306 663 1512 711 natura:
1550 667 1660 708 sum
1699 658 1863 706 totam

177 765 611 815 creaturam
631 768 782 810 suam
800 759 856 806 et
882 750 1069 819 implet
1085 757 1141 805 et
1160 748 1430 812 continet;
1459 762 1523 800 ac
1545 760 1642 814 per
1661 746 1762 800 hoc
1784 750 1865 798 to-

175 858 374 911 tum,
409 843 722 916 quidquid
744 850 848 907 est,
875 827 1063 911 implet
1084 840 1260 902 Pater,
1285 847 1456 892 totum
1481 838 1664 898 Filius,
1693 843 1864 890 totum

174 935 525 1005 Spiritus
569 939 815 987 sanctus.
860 929 1198 998 Quapropter
1225 926 1398 998 [Mss.,
1427 926 1560 993 Quia
1587 923 1769 995 Pater]
1809 933 1866 978 et

172 1024 422 1079 Filius
442 1031 542 1078 'et
574 1021 815 1091 Spiritus
840 1027 1060 1075 sanctus
1085 1015 1404 1072 naturaliter
1427 1029 1565 1068 unus
1589 1021 1672 1069 est
1701 1013 1860 1067 Deus.

175 1113 678 1185 lnseparahilis
704 1113 865 1183 igitur
889 1104 1094 1165 naturis
1121 1108 1298 1162 unitas
1319 1122 1425 1161 non
1450 1113 1625 1174 potest
1650 1119 1881 1173 separa--

177 1204 379 1259 biles
427 1203 674 1258 habere
706 1214 982 1272 personas.
1030 1198 1157 1252 Haec
1181 1211 1308 1252 vero
1341 1210 1561 1250 summae
1587 1194 1867 1258 Trinitatis

188 1304 419 1365 atque
458 1293 779 1350 individua:
802 1292 1027 1347 unitatis
1050 1299 1264 1370 natura,
1287 1282 1406 1358 quae
1428 1287 1541 1342 sola
1561 1293 1645 1341 est
1670 1286 1867 1354 ubique

192 1395 382 1450 tota,
427 1384 610 1441 sicut
635 1384 832 1454 ubique
856 1375 1269 1452 inseparabilem
1296 1380 1456 1435 habet
1485 1378 1744 1434 unitatem
1773 1392 1868 1430 na-

181 1470 386 1532 tura
409 1477 530 1533 vel
555 1476 763 1547 operis,
783 1475 862 1530 sic
886 1473 1277 1545 separationem
1298 1487 1406 1535 non
1427 1465 1603 1542 potest
1629 1469 1867 1538 recipere

201 1582 678 1639 personarum.
723 1565 1076 1620 Nomiuantur
1099 1564 1314 1634 quidem
1353 1561 1455 1616 illa:
1489 1574 1730 1634 personae
1766 1558 1864 1612 ali-

1966 1568 2093 1607 reus
2123 1553 2259 1607 alter
2282 1553 2350 1607 ab
2379 1551 2571 1618 altero,
2601 1553 2724 1621 quia
2752 1552 2860 1606 vita
2888 1569 2920 1607 a
2944 1553 3154 1608 virente
3181 1553 3310 1626 [.tl.,
3339 1571 3367 1608 a
3394 1554 3524 1626 vita]

209 1633 500 1725 quando
537 1653 798 1724 singulae;
831 1653 924 1708 sed
952 1653 1026 1707 ita
1055 1667 1114 1707 se
1137 1651 1305 1706 voluit
1329 1650 1443 1720 ipsa
1465 1649 1609 1703 Deus
1630 1647 1866 1702 Trinitas
1903 1722 1920 1725 _
1967 1653 2066 1707 est,
2096 1644 2267 1698 Filius
2292 1659 2322 1698 a
2347 1633 2535 1710 Patre;
2569 1644 2709 1698 sicut
2739 1645 2850 1714 ipse
2877 1646 2950 1698 ait
2976 1664 2987 1698 :
3023 1645 3169 1700 Sicut
3197 1644 3358 1701 Pater
3380 1648 3528 1702 liabet

214 1722 714 1817 inseparabilem
736 1745 1026 1813 ostendere
1053 1744 1108 1797 in
1141 1742 1404 1812 personis,
1450 1749 1511 1796 ut
1547 1740 1749 1794 nullum
1792 1738 1863 1792 ibi
1899 1722 1938 1779 Β
1964 1735 2119 1786 vitam
2155 1734 2211 1786 in
2238 1735 2530 1802 semetipso,
2569 1734 2642 1786 sic
2671 1732 2810 1794 dedit
2839 1742 2886 1786 et
2913 1732 3053 1786 Filio
3083 1735 3236 1787 vitam
3265 1735 3448 1788 habere
3472 1737 3526 1788 in

219 1854 474 1894 nomen
508 1838 596 1893 sit
625 1837 676 1892 in
701 1837 939 1907 qualibet
960 1850 1210 1906 persona,
1237 1835 1380 1905 quod
1401 1835 1468 1889 ad
1491 1834 1650 1887 aliam
1675 1846 1865 1886 secun-

229 1928 393 1982 dum
436 1927 748 1991 relationis
776 1926 1008 1996 regulam
1039 1942 1144 1980 non
1172 1924 1464 1981 referretur
1489 1923 1619 1995 [A!.,
1647 1938 1753 1978 non
1780 1937 1866 1976 re-

229 2014 552 2086 feratur],
577 2015 720 2069 sicut
745 2013 904 2067 Pater
923 2013 990 2067 ad
1011 2008 1224 2076 Filium,
1246 2011 1328 2066 vel
1351 2012 1519 2066 Filius
1542 2011 1613 2065 ad
1628 2010 1861 2072 Patrem,

232 2106 342 2160 vel
390 2105 662 2174 Spiritus
688 2112 905 2160 sanctus
931 2103 998 2157 ad
1023 2103 1238 2160 Patrem
1275 2110 1330 2155 et
1367 2100 1570 2155 Filium,
1588 2099 1863 2155 verissime

243 2195 556 2252 refertur.
612 2195 687 2249 Ea
714 2211 841 2250 vero
865 2194 1081 2249 nomina
1109 2209 1228 2263 qua:
1255 2193 1630 2257 substantiam,
1657 2192 1742 2245 vel
1770 2207 1866 2260 po-

247 2288 546 2352 tentiam,
578 2287 665 2342 vel
692 2288 977 2342 essentiam
1008 2285 1102 2341 Dei
1131 2285 1465 2356 signiﬁcant,
1495 2283 1580 2338 vel
1608 2284 1865 2353 quidquid

249 2375 508 2446 proprie
539 2375 613 2429 ad
642 2391 700 2430 se
725 2376 920 2430 dicitur
948 2374 1109 2438 Deus,
1139 2373 1396 2428 omnibus
1413 2372 1656 2442 personis
1684 2387 1866 2441 mqua-

254 2467 404 2523 liter
438 2467 812 2531 conveniunt,
855 2474 916 2520 ut
951 2466 1092 2520 Deus
1121 2480 1360 2533 magnus,
1392 2465 1584 2526 bonus,
1609 2475 1860 2526 aeternus,

259 2560 662 2627 omnipotens,
693 2565 746 2610 et
768 2556 944 2611 omnia
969 2571 1094 2624 quae
1120 2554 1433 2609 naturaliter
1456 2555 1522 2609 de
1545 2554 1654 2608 Deo
1680 2553 1866 2608 dicun-

264 2655 390 2702 tur.
439 2647 570 2701 Non
599 2653 684 2701 est
711 2645 874 2716 igitur
901 2643 1115 2714 aliquod
1139 2651 1342 2698 natura
1368 2658 1564 2698 nomen
1593 2641 1726 2714 [Αι.,
1757 2659 1863 2698 non

267 2748 472 2808 potest
487 2738 670 2809 igitur
691 2735 842 2808 dici],
861 2735 1003 2806 quod
1024 2735 1102 2790 sic
1122 2734 1268 2789 Patri
1290 2733 1575 2788 convenire
1597 2733 1784 2802 possit,
1806 2739 1866 2785 ut

274 2837 379 2882 aut
418 2825 569 2882 Filio
615 2834 709 2880 aut
747 2825 970 2894 Spiritui
1012 2832 1196 2880 sancto
1224 2822 1544 2902 [mqualiter]
1580 2809 1894 2878 convenire.

277 2925 552 2987 nequeat.
598 2916 808 2970 Dicitur
837 2909 980 2968 enim
1015 2913 1177 2968 Pater
1201 2913 1520 2968 naturaliter
1553 2914 1722 2975 Deus,
1769 2911 1862 2975 sed

1960 1825 2232 1890 semetipso
2255 1824 2434 1896 (Joan.
2459 1823 2661 1897 v36);
2700 1823 2752 1877 id
2778 1834 2880 1888 est,
2916 1825 3075 1879 talem
3103 1826 3283 1893 genuit
3311 1826 3525 1890 Filium,

1961 1914 2054 1983 qui
2081 1913 2246 1968 vitam
2274 1913 2496 1968 haberet
2525 1914 2580 1968 in
2615 1915 2922 1985 semetipso.
2953 1926 2977 1954 α
3005 1913 3236 1983 Spiritus
3265 1917 3524 1986 siquidem

1962 2013 2179 2060 sanctus
2211 2008 2318 2070 nec
2343 2007 2634 2077 ingenitus,
2675 2023 2772 2062 nec
2801 2008 3012 2077 genitus
3055 2008 3247 2063 alicubi
3294 2011 3524 2066 dicitur:

1962 2110 2028 2148 ne
2057 2095 2106 2149 si
2144 2095 2415 2164 ingenitus
2450 2097 2720 2152 diceretur
2749 2097 2887 2152 sicut
2914 2097 3092 2162 Pater,
3125 2099 3228 2152 duo
3253 2097 3442 2153 Patres
3474 2101 3524 2153 iu

1963 2195 2146 2240 sancta
2175 2185 2438 2253 Trinitate
2467 2186 2925 2257 intelligercutm';
2961 2197 3051 2241 aut
3075 2187 3122 2242 si
3149 2188 3357 2258 genitus
3383 2189 3523 2242 dice-

1964 2285 2114 2331 retur
2139 2279 2278 2332 sicut
2302 2278 2491 2344 Filius,
2522 2279 2625 2334 duo
2656 2279 2840 2333 itidem
2885 2279 3006 2333 Filii
3055 2280 3107 2333 in
3153 2279 3337 2334 eadem
3386 2272 3525 2334 δεξιῆ-

1964 2375 2239 2421 marentur
2283 2383 2402 2422 esse
2451 2370 2632 2424 sa'ncta
2674 2361 2976 2433 Triuitatc;
3019 2370 3111 2422 sed
3159 2354 3523 2426 tantummodn

1961 2457 2255 2526 procedere
2280 2457 2345 2512 de
2373 2443 2532 2512 Patre
2569 2466 2624 2512 et
2648 2457 2806 2523 Filio,
2839 2457 2982 2512 salva
3011 2457 3113 2511 (ide
3140 2457 3393 2513 dicendus
3421 2469 3519 2514 est.

1963 2541 2064 2612 Qui
2095 2555 2273 2601 tamen
2306 2562 2413 2602 non
2457 2547 2524 2604 de
2565 2546 2724 2602 Patre
2768 2541 3007 2617 procedit
3047 2548 3099 2601 in
3127 2538 3338 2614 Filium,
3365 2558 3417 2604 et
3461 2551 3525 2605 de

1963 2635 2099 2690 Filio
2136 2637 2378 2706 procedit
2421 2637 2491 2692 ad
2533 2638 2972 2692 sanetilicandam
3003 2647 3338 2704 creaturam,
3388 2640 3518 2695 sicut

1963 2726 2182 2796 quidam
2209 2727 2347 2781 male
2369 2727 2726 2798 intelligentes
2750 2728 3070 2782 credendum
3094 2745 3209 2784 esse
3231 2732 3486 2799 putabant
3509 2750 3521 2784 :

1962 2815 2055 2869 sed
2082 2815 2238 2868 simul
2266 2816 2331 2870 de
2358 2825 2586 2884 utroque
2611 2816 2884 2885 procedit,
2912 2817 3034 2885 quia
3065 2817 3222 2873 Pater
3251 2820 3406 2886 talem
3436 2835 3525 2890 ge-

1962 2907 2080 2960 nuit
2101 2906 2317 2972 Filium,
2346 2916 2406 2960 ut
2429 2907 2876 2975 quemadmodum
2904 2909 2970 2963 de
2998 2923 3076 2973 se,
3099 2909 3171 2963 ita
3198 2911 3260 2964 de
3285 2910 3374 2966 illo
3395 2925 3524 2981 quo-

280 3008 620 3087 naturaliter
639 3015 720 3061 est
746 3006 886 3060 Deus
910 3013 964 3059 et
987 3003 1175 3068 Filius,
1199 3003 1516 3058 naturaliter
1535 3011 1617 3057 est
1634 2998 1785 3075 Deus
1808 3007 1863 3055 et
1885 3061 1930 3087 Π
1965 3014 2068 3070 que
2095 3000 2352 3070 procedat
2377 2999 2609 3068 Spiritus
2636 3009 2872 3054 sanctus.

287 3100 534 3170 Spiritus
559 3107 795 3154 sanctus.
833 3097 939 3152 Nec
965 3105 1141 3150 tamen
1167 3103 1277 3150 tres
1309 3095 1401 3159 dii,
1429 3095 1522 3150 sed
1545 3109 1684 3149 unus
1707 3101 1863 3148 natu-

289 3277 502 3335 ldcirco
531 3274 904 3348 inseparabilis
940 3279 1024 3336 est
1059 3280 1244 3327 sancta
1273 3272 1507 3326 Trinitas
1536 3273 1590 3325 in
1619 3273 1863 3340 personis

303 3381 469 3421 sensu
495 3363 855 3434 intelligenda,
884 3364 1127 3431 quamvis
1157 3364 1211 3417 in
1235 3378 1366 3418 voce
1390 3365 1707 3434 separabilia
1729 3362 1856 3434 [ΑΙ.,

304 3454 703 3526 inseparabilis]
734 3455 928 3510 habeat
957 3455 1169 3509 nomina
1188 3495 1205 3520 ,
1241 3455 1365 3524 quia
1392 3454 1650 3524 pluralem
1678 3471 1862 3510 nume-

307 3562 424 3602 rum
455 3546 509 3599 in
535 3552 738 3598 natura:
761 3543 1063 3598 nominibus
1090 3544 1392 3599 nullatenus
1417 3545 1626 3615 recipit.
1668 3547 1725 3615 In
1758 3545 1860 3601 hoc

310 3635 605 3692 ostenditur
628 3649 885 3703 personas
911 3649 1014 3689 non
1039 3649 1198 3703 posse
1220 3631 1383 3689 dividi
1405 3634 1458 3688 in
1479 3644 1662 3690 sancta
1686 3636 1862 3690 Trini-

315 3735 442 3793 tate,
467 3728 590 3798 quia
615 3727 895 3799 cujuslibet
919 3741 1160 3795 persona:
1186 3740 1378 3780 nomen
1401 3740 1612 3796 semper
1634 3725 1702 3780 ad
1730 3727 1860 3782 alte-

321 3833 434 3872 ram
478 3819 690 3888 respicit
731 3833 1037 3887 personam.
1094 3816 1150 3872 Si
1200 3812 1414 3872 Patrem
1451 3817 1620 3883 dicis,
1667 3817 1859 3872 Filium

323 3909 578 3972 ostendis;
614 3910 658 3964 si
685 3904 879 3962 Filium
914 3908 1187 3973 nominas,
1228 3907 1440 3963 Patrem
1467 3908 1765 3978 prmdicas;
1814 3908 1859 3963 si

323 3999 564 4067 Spiritum
611 4007 853 4052 sanctum
895 3999 1160 4068 appellas,
1195 3998 1420 4067 alicujus
1451 4013 1568 4054 esse
1601 3997 1857 4066 Spiritum

326 4102 530 4144 necesse
554 4095 634 4142 est
662 4086 947 4155 intelligas,
975 4087 1029 4140 id
1053 4097 1155 4151 est,
1188 4087 1364 4140 Patris
1405 4093 1459 4140 et
1484 4085 1640 4161 Filii.
1661 4085 1729 4138 Et
1755 4085 1859 4139 hoc

331 4177 622 4249 regulariter
650 4185 836 4232 tenere
858 4174 1115 4238 debemus
1143 4175 1283 4244 quod
1309 4174 1489 4228 omnia
1518 4181 1724 4228 natura:
1747 4171 1854 4244 [di-

333 4264 476 4339 vina]
504 4267 710 4322 nomina
736 4266 821 4321 vel
848 4265 1114 4331 essentire,
1141 4265 1279 4320 sicut
1300 4265 1353 4320 in
1371 4280 1475 4319 una
1499 4279 1722 4334 persona
1749 4264 1859 4319 sin-

1884 3061 1932 3120 Ο

293 3187 492 3242 raliter
517 3187 679 3252 Deus,
719 3186 900 3255 Pater,
938 3191 994 3238 et
1028 3183 1216 3248 Filius,
1253 3192 1309 3238 et
1348 3175 1582 3252 Spiritus
1622 3189 1858 3237 sanctus.
1892 3221 1896 3224 .

2105 3114 2330 3170 CAPUT
2356 3098 2650 3185 ἶν’(εὸιτ.
2681 3132 2796 3169 ου’.
2836 3131 2952 3180 xw;
2991 3132 3049 3170 ιτς·
3073 3121 3179 3171 uss.
3213 3118 3364 3186 irit).

1967 3207 2237 3274 Quomodo
2282 3206 2630 3277 intelligetqu
2675 3209 2778 3261 sint
2826 3207 3106 3262 locutiones
3154 3209 3522 3278 prwdicamen-

1991 3309 1999 3317 -
2529 3285 2700 3331 torum
2730 3279 2793 3331 de
2827 3277 2954 3331 Deo.

2031 3367 2223 3421 Decem
2273 3375 2398 3435 sunt
2441 3383 2640 3437 genera
2673 3359 2932 3424 humanae
2980 3368 3282 3431 locutionis,
3336 3372 3525 3440 quibus

1962 3457 2206 3510 homines
2239 3471 2362 3510 suos
2391 3472 2582 3510 sensus
2613 3458 2786 3510 solent
2828 3459 2966 3510 inter
2997 3473 3054 3512 se
3082 3460 3325 3514 conferre
3353 3479 3364 3513 :
3415 3477 3516 3515 non

1960 3546 2027 3600 de
2054 3546 2159 3600 illis
2206 3546 2326 3601 dico
2354 3561 2488 3615 quas
2524 3547 2861 3615 grammatici
2909 3557 3090 3617 partes
3142 3552 3398 3606 orationis
3435 3569 3526 3618 vo-

1959 3644 2114 3700 cant;
2141 3637 2235 3690 sed
2257 3635 2324 3689 de
2365 3636 2470 3689 illis
2494 3651 2628 3705 quas
2658 3637 2959 3707 philosophi
2988 3638 3171 3695 Graece
3195 3643 3485 3712 categorias
3508 3660 3520 3705 ;

1958 3724 2147 3780 Latine
2181 3726 2596 3796 praedicamcnta
2624 3727 2894 3798 appellare
2935 3729 3126 3784 solent.
3159 3731 3284 3797 ρυω
3310 3732 3518 3800 quidem

1961 3819 2029 3872 ab
2051 3817 2130 3892 eis
2159 3818 2236 3873 sic
2261 3817 2641 3872 nominantur:
2671 3817 3317 3897 Subudntiatquantitas,
3348 3820 3493 3888 quali
3503 3852 3521 3860 -

1960 3916 2066 3972 tas,
2093 3907 2161 3961 ad
2185 3907 2404 3978 aliquid,
2449 3907 2591 3976 quod
2629 3921 2797 3975 genus
2823 3906 3106 3962 locutionis
3135 3907 3412 3963 relativum
3444 3909 3523 3964 di-

1959 3998 2130 4051 citur:
2158 3996 2284 4048 item
2312 3994 2536 4057 habitus,
2561 3995 2712 4060 situs,
2745 4005 2961 4066 tempus,
2989 3995 3150 4060 locus,
3169 3997 3359 4066 facere,
3387 4000 3513 4068 pati.

1958 4085 2048 4140 Hae
2086 4093 2211 4139 sunt
2237 4085 2402 4155 igitur
2439 4099 2614 4139 causae
2648 4084 2934 4140 locutionis
2979 4095 3195 4140 nostrae.
3243 4089 3346 4141 Aut
3373 4090 3514 4142 enim

1957 4177 2021 4232 de
2046 4176 2341 4231 substantia
2365 4175 2646 4246 cujuslibet
2669 4177 2744 4232 rei
2771 4176 3073 4248 loquimur;
3107 4176 3186 4230 vel
3211 4176 3277 4231 de
3297 4180 3510 4246 quanti-

1956 4272 2086 4327 tate,
2135 4265 2189 4320 id
2230 4273 2333 4330 est,
2378 4264 2775 4336 magnitudine;
2805 4275 2908 4321 aut
2949 4268 3108 4322 etiam
3149 4268 3212 4322 de
3243 4267 3514 4338 qualitate,

338 4357 670 4427 gulariter,sic
688 4357 849 4413 etiam
870 4355 923 4410 in
942 4356 1116 4428 tribus
1133 4371 1344 4426 semper
1359 4355 1616 4427 singulari
1636 4371 1859 4410 numero
1888 4356 2014 4457 Din
2050 4372 2159 4427 quo
2202 4372 2398 4427 genere
2439 4357 2732 4436 locutionis
2783 4358 2948 4412 bonos
3000 4358 3228 4413 dicimus
3275 4360 3361 4429 qui
3393 4359 3515 4415 boui

341 4449 432 4506 dici
449 4448 644 4504 debere.
676 4446 735 4501 Si
759 4447 882 4516 quis
899 4447 1226 4502 verosminus
1246 4447 1301 4502 in
1322 4447 1514 4502 talibus
1533 4448 1858 4502 exercitatus

344 4537 456 4613 [est]
480 4536 734 4610 mysteriis
765 4551 987 4591 summae
1012 4537 1325 4601 Trinitatis,
1371 4537 1510 4592 votis
1553 4544 1675 4606 agat
1715 4536 1855 4606 apud

347 4627 488 4683 Deam
506 4635 559 4682 ut
575 4617 828 4695 intelligat
851 4640 969 4692 qua:
989 4626 1082 4680 Dei
1102 4634 1243 4690 sunt,
1265 4643 1374 4695 non
1393 4641 1602 4682 mecum
1626 4639 1859 4696 conque-

349 4722 474 4770 ratur
494 4712 613 4787 [Al.,
639 4709 894 4783 querelis]
925 4711 1065 4780 quod
1093 4727 1157 4766 ea
1183 4713 1376 4783 scripsi
1402 4728 1522 4784 qua:
1554 4713 1611 4768 in
1641 4723 1857 4778 sancto-

351 4819 450 4860 rum
470 4805 608 4861 dictis
631 4805 908 4860 doctorum
935 4789 1199 4872 legebam.

356 4980 362 4986 τ
395 4961 400 4968 .
497 4905 704 4972 CAPUT
741 4913 858 4971 XIV
882 4913 1049 4986 (enrr.
1068 4928 1187 4968 car.
1206 4928 1305 4979 xv;
1335 4929 1388 4968 ut
1412 4930 1525 4970 uss.
1545 4917 1681 4988 un).

361 4997 556 5075 Quidni!
585 5006 720 5060 inter
740 5006 1022 5075 ingenitum
1063 5013 1111 5059 et
1149 5001 1379 5069 Patrem,
1423 5013 1472 5058 es
1513 5006 1653 5075 quod
1685 5006 1860 5064 Filius

418 5067 532 5126 solut
673 5067 895 5145 genitus,
931 5075 1159 5147 Spiritus
1191 5067 1400 5130 sanctus
1442 5067 1537 5129 nec
1578 5075 1858 5146 ingenitus,

421 5155 494 5194 nec
513 5151 716 5211 genitu.

423 5248 666 5306 Sciendum
687 5259 772 5307 est
789 5226 931 5324 quod
948 5270 1055 5310 non
1075 5270 1172 5327 per
1190 5255 1368 5312 omnia
1387 5255 1526 5311 idem
1543 5262 1628 5311 est
1643 5255 1859 5312 Patrem

371 5341 573 5430 dicereet
594 5341 918 5414 ingenitum;
949 5348 1074 5416 quia
1098 5350 1198 5404 etsi
1223 5348 1414 5403 Filium
1436 5347 1540 5404 non
1566 5349 1859 5430 genuisset,

373 5431 478 5490 nihil
502 5431 786 5518 prohiberet
809 5448 931 5488 eum
956 5436 1062 5492 dici
1095 5438 1387 5508 ingenitum
1417 5457 1432 5492 :
1483 5439 1607 5508 quia
1631 5437 1756 5493 dum
1783 5439 1861 5494 di-

367 5521 488 5582 ‘u‘tur
501 5519 768 5594 ingenitus,
799 5538 908 5578 non
935 5526 1062 5593 quid
1091 5527 1190 5593 sit,
1231 5529 1324 5584 sed
1355 5529 1483 5599 quid
1510 5544 1613 5585 non
1647 5528 1719 5584 sit
1751 5527 1858 5594 ille,

1961 4453 2113 4510 sunt;
2143 4455 2236 4500 aut
2260 4461 2388 4500 vero
2412 4434 2478 4500 ad
2504 4445 2722 4514 aliquid,
2751 4447 2804 4500 id
2833 4454 2932 4511 est,
2957 4448 3080 4501 dum
3107 4464 3346 4518 personm
3377 4438 3518 4519 quae;

1959 4535 2089 4590 libet
2116 4535 2256 4588 inter
2279 4549 2338 4589 se
2376 4533 2744 4600 conferuntur,
2772 4544 2832 4589 ut
2858 4536 3106 4594 dominus
3148 4556 3254 4595 non
3298 4542 3513 4605 dicitur,

1959 4625 2062 4680 nisi
2089 4639 2274 4680 servus
2317 4624 2658 4694 intelligatur,
2701 4641 2800 4681 nec
2839 4626 3031 4682 iterum
3061 4644 3266 4695 servus,
3307 4631 3407 4685 nisi
3435 4646 3514 4684 re-

1961 4717 2151 4788 spiciat
2174 4717 2242 4772 ad
2273 4717 2577 4788 dominum;
2607 4717 2734 4771 item
2767 4719 2832 4774 de
2856 4720 3039 4776 habitu
3073 4723 3257 4786 animi,
3285 4723 3366 4775 vel
3392 4737 3511 4776 cor-

1963 4799 2139 4877 poris;
2187 4812 2280 4861 aut
2305 4805 2372 4867 'de
2409 4804 2535 4868 situ,
2569 4804 2623 4859 in
2671 4820 2778 4875 quo
2810 4811 3176 4865 consideratur
3223 4819 3383 4871 stare,
3427 4824 3511 4863 se-

1961 4895 2120 4966 dere,
2135 4897 2346 4967 jacere;
2369 4897 2434 4950 de
2453 4895 2570 4951 loco
2596 4903 2651 4951 et
2670 4902 3001 4968 tempore,id
3023 4908 3124 4963 est,
3153 4899 3301 4968 quid,
3332 4901 3382 4954 in
3409 4917 3511 4970 quo

1960 4985 2100 5052 loco,
2131 4986 2215 5042 vel
2263 4994 2501 5055 tempore
2539 4985 2662 5053 ﬁat;
2694 4988 2824 5042 item
2863 4990 2982 5058 quis
3024 4989 3148 5057 quid
3201 4988 3380 5055 faciat,
3431 4992 3514 5042 vel

1939 5078 2090 5147 quid
2125 5077 2376 5146 patiatur,
2421 5091 2560 5145 saepe
2611 5077 2818 5146 loquela
2875 5085 3056 5132 nostra
3111 5079 3361 5132 ostendit.
3417 5079 3511 5132 llis

1961 5183 2092 5239 ergo
2132 5169 2382 5225 omnibus
2415 5166 2588 5222 modis
2632 5168 2767 5223 solet
2793 5177 2976 5222 sancta
3022 5168 3293 5239 Scriptura
3319 5171 3382 5224 de
3408 5171 3514 5224 Deo

1962 5261 2127 5331 loqui,
2156 5262 2251 5318 sed
2270 5260 2436 5314 aliter,
2449 5260 2683 5329 proprie,
2714 5260 2872 5315 aliter
2893 5261 3220 5328 translative,
3251 5263 3406 5316 aliter
3427 5278 3506 5314 re-

1959 5345 2140 5406 lative.
2171 5349 2386 5420 Proprie
2407 5347 2548 5403 Deus
2590 5349 2789 5403 dicitur
2817 5351 3112 5405 substantia
3143 5366 3265 5412 una,
3306 5365 3508 5404 summa

1959 5447 2014 5494 et
2035 5439 2333 5502 inetrabilis,
2371 5452 2491 5507 quae
2533 5452 2742 5508 semper
2768 5425 2904 5494 idem
2943 5445 3024 5492 est
3062 5438 3203 5506 quod
3245 5446 3355 5500 est;
3406 5453 3512 5506 qua

1963 5527 2094 5600 [Αι.,
2127 5530 2235 5603 cui]
2263 5529 2398 5585 nihil
2429 5529 2676 5585 accidens
2713 5530 2796 5585 vel
2826 5528 3064 5584 recidens
3088 5527 3261 5584 inesse
3289 5529 3503 5597 poterit.

285 5713 310 5734 ά
341 5725 346 5728 _
430 5643 456 5678 ⁸
479 5629 985 5724 εδειιιπίαιιιεωιιπ
1026 5635 1184 5692 citata
1205 5647 1336 5720 sunt
1361 5638 1429 5694 ab
1469 5638 1641 5696 [linea
1675 5636 1846 5694 Paris.
1886 5653 2002 5708 cap.
2034 5639 2121 5695 81.

307 5837 342 5884 ζ.
375 5849 386 5854 ί
441 5869 484 5888 _.

233 5889 402 5934 δι”.ηἻ
457 5907 460 5910 ’

245 5967 262 5988 ⁸
389 5981 462 5994 συ..

409 6001 470 6048 ..⁸

467 6099 484 6109 .
