4228 6250
578 236 647 290 25
1416 231 1472 283 Β.
1514 230 1574 283 F.
1617 229 1839 284 ALDIM
1882 230 2008 286 SEL
2052 232 2323 315 ALCUISI
2360 236 2640 293 OPERL'M
2676 236 2855 295 PARS
2891 239 2973 295 ΙΙΙ.
3744 246 3813 305 26

576 332 693 422 qua
724 358 933 420 semper
968 362 1049 405 est
1080 350 1222 418 quod
1255 358 1352 410 est,
1382 349 1743 416 quia‘semper
1771 347 2140 401 immutabilis.
2177 355 2219 409 Α
2248 353 2485 419 deﬁcient
2532 351 2701 423 (Psal.
2751 369 2836 418 Cl,
2880 356 2988 423 28).
3040 358 3181 424 quod
3230 358 3294 419 ad
3345 369 3581 429 tempus;
3635 372 3712 429 et,
3745 365 3810 420 Si

574 447 705 499 Item
742 444 882 497 Deus
926 458 1150 512 magnus
1196 442 1410 503 dicatur,
1456 455 1561 492 nou
1616 438 1719 491 alia
1754 438 2143 507 magnitudine,

574 536 676 589 nisi
721 536 844 603 quia
892 533 1019 603 ΗΛ,
1071 531 1196 601 qua]
1228 532 1339 600 ipse.
1370 544 1595 597 magnus
1622 536 1707 582 est
1734 536 1787 580 et
1829 529 2139 581 immensus.

573 625 647 677 lia
682 625 841 691 igitur
870 622 1234 691 magnitudine
1269 636 1497 688 magnus
1524 628 1625 680 est,
1664 634 1767 687 qua
1800 618 1913 686 ipse
1942 625 2024 671 est
2055 634 2144 670 ea-

497 754 503 760 .
573 715 694 767 dem
721 716 1059 782 magnitudo;
1097 724 1150 768 et
1170 729 1231 767 ea
1275 713 1516 766 bonitate
1558 712 1732 767 bonus
1769 720 1869 774 est,
1898 726 2004 781 qua
2031 711 2143 781 ipse

570 817 653 858 est
674 804 948 876 [bonitas].
976 805 1082 859 Nec
1108 804 1216 858 Deo
1244 803 1386 857 aliud
1413 810 1495 858 est
1520 818 1661 867 esse,
1708 802 1853 856 aliud
1890 818 2143 871 magnum

569 914 709 962 esse,
741 899 882 951 aliud
910 898 1105 951 bonum
1131 913 1280 959 esse;
1320 898 1413 951 sed
1439 912 1504 950 eo
1525 911 1631 965 quo
1655 904 1756 961 est,
1787 911 2014 964 magnus
2037 904 2139 960 est,

568 1002 621 1044 et
654 993 821 1045 bonus
856 1000 955 1043 est.
994 991 1115 1043 Ideo
1143 1006 1239 1043 nec
1263 1000 1371 1043 tres
1398 989 1743 1049 substantias,
1772 1003 1870 1041 nec
1898 997 2007 1041 tres
2032 1002 2142 1040 ma—

570 1098 721 1152 gnos,
761 1099 859 1135 nec
896 1094 1005 1135 tres
1048 1083 1216 1136 bonos
1262 1082 1328 1135 de
1377 1081 1484 1135 Deo
1514 1081 1693 1135 dicere
1740 1080 1823 1134 fas
1848 1090 1948 1133 est.
1988 1080 2138 1145 Quoi

570 1183 746 1225 autem
786 1174 956 1239 facere
985 1172 1198 1233 dicitur,
1230 1171 1296 1225 de
1328 1171 1436 1225 Deo
1462 1171 1742 1224 verissime
1789 1171 2005 1233 dicitur,
2046 1186 2142 1239 per

569 1279 725 1329 quem
764 1265 940 1316 ontaia
983 1261 1125 1315 facta
1153 1270 1277 1316 sunt
1306 1277 1424 1330 qua:
1452 1268 1595 1323 sunt,
1629 1260 1855 1315 Domino
1881 1260 2093 1314 dicente
2122 1278 2134 1311 :

577 1355 728 1406 l’ntrr
782 1372 919 1407 meus
964 1370 1123 1424 usque
1174 1354 1324 1406 modo
1376 1362 1653 1423 operatur,
1707 1362 1755 1405 et
1811 1368 1903 1421 ego
1957 1369 2141 1421 aperor

569 1443 747 1505 (Jomi.
782 1459 831 1503 v.
867 1444 971 1510 17).
1007 1443 1130 1498 llmc
1168 1444 1383 1512 proprie
1426 1443 1479 1496 in
1511 1441 1941 1511 praedicantentis
1979 1456 2139 1509 supra

569 1531 856 1585 nominatis
882 1532 947 1585 de
982 1532 1092 1585 Deo
1117 1532 1398 1596 dicuntur;
1429 1532 1473 1584 si
1501 1540 1680 1585 tamen
1710 1531 1775 1585 de
1803 1530 1893 1584 illo
1926 1530 2140 1598 proprie

567 1624 765 1691 aliquid
808 1623 911 1677 dici
938 1638 1032 1678 ore
1076 1623 1309 1678 bominis
1336 1632 1531 1692 potest.
1565 1623 1806 1677 Relative
1855 1622 2034 1691 itaque
2072 1622 2137 1675 dc

2249 442 2526 495 escendero
2565 445 2618 495 in
2662 443 2864 509 (mlum,
2908 455 2962 497 tu
2997 447 3064 498 ibi
3110 464 3163 500 es
3212 447 3380 519 (Psal.
3414 466 3687 519 CXXXVIII,
3716 458 3807 526 8),

2245 532 2386 599 quod
2429 532 2496 584 ad
2538 533 2709 587 locum
2738 536 2988 602 pertinet.
3023 536 3228 591 Dicitur
3254 549 3307 592 et
3336 541 3402 593 de
3428 542 3557 608 Deo,
3590 542 3811 601 Punite:

2244 639 2325 675 me
2352 623 2608 676 hominem
2635 622 2815 691 fecisse
2840 622 2989 695 (σενι.
3030 641 3116 691 vr,
3148 626 3229 699 7);
3264 629 3348 683 vel
3389 632 3551 686 etiam
3580 650 3595 686 :
3645 633 3811 707 715

2244 716 2498 771 Laboravi
2542 722 2819 775 sustinens.
2879 721 3061 792 Neque
3096 725 3238 778 enim
3266 726 3467 797 aliquid
3502 728 3643 785 Deus
3670 734 3811 802 pati-

2245 814 2351 872 tur,
2377 817 2633 877 quantum
2678 811 2743 863 ad
2772 810 2862 864 Dei
2899 810 3028 883 [Αι.,
3070 814 3209 895 ejus]
3238 819 3591 885 substantiam
3639 824 3808 891 perti-

2242 904 2332 950 net
2360 915 2371 948 :
2405 899 2528 966 qu‘ia
2563 898 2693 970 [Αι.,
2721 900 2847 972 qua]
2899 900 3039 957 Deus
3068 914 3173 970 est,
3202 908 3327 975 quia
3359 909 3808 969 incommutabilis

2240 997 2293 1040 et
2322 988 2668 1057 itnpassibilis
2696 991 2992 1046 substantia
3015 1003 3126 1059 est;
3166 996 3291 1049 dum
3319 998 3436 1053 alia:
3468 1015 3654 1057 omnes
3680 1005 3805 1060 sub-

2230 1079 2450 1133 stantia:
2496 1080 2711 1148 capiunt
2757 1083 3089 1147 accidentia,
3135 1087 3328 1153 quibus
3376 1082 3548 1146 in'eis
3594 1092 3686 1148 liat
3724 1096 3807 1149 vel

2199 1177 2206 1183 ‘
2240 1184 2453 1239 magna,
2480 1169 2564 1223 vel
2594 1185 2921 1241 quascunque
2944 1170 3074 1243 [Αι.,
3100 1177 3534 1251 quantacunque]
3554 1182 3799 1236 mutatio.

2240 1257 2350 1311 Deo
2374 1268 2554 1312 autem
2582 1258 2841 1328 ejusmodi
2872 1259 3071 1328 aliquid
3100 1262 3343 1319 accidere
3380 1281 3485 1320 non
3524 1276 3719 1336 potest,
3748 1278 3806 1323 et

2240 1349 2359 1403 ideo
2387 1348 2499 1403 sola
2535 1356 2617 1403 est
2643 1350 3091 1406 incommutabilis
3116 1354 3411 1411 substantia
3443 1358 3524 1413 vel
3546 1362 3801 1425 essentia,

2240 1454 2356 1508 qua:
2379 1439 2519 1494 Deus
2538 1449 2638 1494 est.
2661 1439 2757 1495 Cui
2785 1442 3023 1509 profecto
3048 1444 3217 1512 ipsum
3239 1461 3377 1511 esse,
3407 1450 3546 1503 unde
3573 1455 3801 1507 essentia

2241 1530 2511 1584 nominata
2552 1538 2655 1595 est,
2701 1532 2931 1587 maxime
2957 1550 3021 1588 ac
3050 1535 3328 1591 verissime
3373 1543 3668 1609 competit:
3714 1546 3801 1597 cui

2240 1620 2341 1674 soli
2382 1620 2510 1674 illud
2546 1621 2746 1690 optime
2790 1624 3034 1693 congruit
3068 1640 3282 1691 nomen,
3313 1642 3418 1696 quo
3458 1628 3587 1701 [Al.,
3634 1632 3800 1703 quod]

567 1711 674 1763 Deo
699 1711 893 1766 dicitur
916 1712 1075 1766 Pater
1102 1722 1155 1767 et
1176 1712 1364 1776 Filius,
1395 1723 1448 1767 et
1471 1712 1703 1781 Spiritus
1728 1720 1967 1775 sanctus,
2000 1712 2137 1766 sicut
2169 1701 2214 1761 Β
2242 1709 2412 1767 61·ωεί
2431 1711 2614 1765 dicunt
2636 1712 2719 1777 ὧν,
2736 1710 2909 1767 Latini
2937 1723 3031 1779 est,
3061 1716 3198 1769 sicut
3234 1715 3519 1786 Apostolus
3544 1720 3654 1774 ait:
3684 1701 3800 1776 Non

564 1817 724 1869 supra
756 1804 1089 1857 abundanter
1120 1804 1419 1858 docuimus.
1452 1804 1599 1859 Situs
1629 1820 1775 1867 vero,
1818 1817 1873 1859 et
1894 1806 2133 1870 habitus,

563 1901 618 1945 et
646 1892 782 1954 loca,
811 1902 863 1945 et
892 1902 1152 1962 tempora,
1191 1902 1247 1947 et
1270 1894 1381 1963 pati
1414 1910 1517 1947 non
1558 1894 1795 1963 proprie,
1826 1894 1919 1949 sed
1955 1904 2132 1949 trans-
2161 1912 2173 1917 '

565 1983 723 2036 lative
749 2000 843 2053 per
887 1985 1265 2041 similitudines
1311 1986 1568 2040 dicuntur
1611 1987 1664 2039 in
1722 1986 1861 2051 Deo;
1915 2002 2041 2041 nam
2080 1996 2136 2041 et

562 2074 737 2126 sedi-re
764 2091 919 2144 super
946 2074 1205 2130 Cherubin
1232 2077 1431 2131 dicitur
1459 2076 1629 2146 (Psal.
1660 2092 1843 2139 LXXIX,
1880 2075 1959 2147 2),
1993 2078 2133 2145 quod

561 2165 630 2217 ad
675 2166 865 2228 situm;
907 2176 961 2219 et
988 2166 1230 2235 abyssum
1257 2177 1507 2237 tanquam
1537 2169 1887 2221 vestimentum
1915 2170 2135 2222 antictus

566 2253 736 2319 (Psal.
768 2272 892 2315 cut,
942 2255 1017 2326 ϐ),
1065 2258 1206 2326 quod
1243 2258 1309 2311 ad
1351 2257 1622 2322 habitum;
1670 2266 1743 2323 et,
1776 2260 1901 2311 anni
1928 2260 2002 2311 tui
2029 2276 2131 2313 non

2265 1801 2425 1855 estin
2452 1800 2541 1855 illo
2563 1812 2636 1855 est
2666 1809 2721 1856 et
2747 1819 2869 1868 non,
2896 1805 2990 1858 sed
3020 1812 3104 1859 est
3136 1806 3189 1859 in
3232 1808 3322 1861 illo
3366 1820 3461 1863 est.
3515 1809 3635 1865 Iam
3670 1828 3803 1869 vero

2241 1893 2372 1965 [ΑΙ.,
2405 1893 2477 1947 Ea
2516 1892 2667 1965 vero]
2696 1894 2996 1949 sublimitas
3036 1896 3194 1967 hujus
3220 1906 3327 1951 tam
3354 1901 3533 1955 ardua:
3560 1901 3800 1970 disputa-

2238 1986 2399 2039 tionis
2432 1984 2700 2053 respirare
2736 1984 3121 2054 aliquantulum
3138 1986 3427 2044 dictantem
3450 1992 3719 2059 admonet,
3738 2002 3798 2047 ut

2239 2074 2474 2128 liberiori
2513 2089 2674 2128 sensu
2712 2090 2775 2128 ea
2814 2090 2937 2144 quae,
2968 2076 3162 2131 deinde
3197 2079 3419 2135 dicenda
3450 2091 3592 2147 sunt,
3625 2083 3800 2152 ingre-

2238 2165 2418 2220 diatur
2444 2164 2576 2237 (AL,
2617 2166 3001 2239 ingrediamur]
3036 2169 3343 2240 explanare.

1831 2496 2065 2556 LIBER
2110 2496 2529 2559 SECUNDUS.

1151 2678 1533 2735 PROLOGL‘S.

632 2792 818 2847 Omnis
846 2792 1024 2861 itaque
1056 2802 1365 2847 sanctorum
1416 2795 1708 2848 auctoritas
1744 2793 2000 2848 librorum
2028 2795 2131 2849 hoc

558 2884 835 2937 nobiscum
875 2882 1003 2951 agit,
1047 2890 1105 2933 ut
1134 2889 1277 2935 recte
1316 2883 1379 2935 de
1412 2882 1519 2936 Deo
1562 2883 1868 2947 credamus,
1899 2898 2131 2954 eumque

2232 2680 2641 2741 nobiseum,sed
2668 2689 2723 2732 ut
2749 2696 2907 2732 unum
2938 2679 3036 2732 sint
3065 2679 3120 2732 in
3143 2680 3287 2734 nobis
3309 2680 3486 2749 (Joan.
3519 2698 3650 2747 xvn,
3675 2683 3802 2754 2|),

2231 2773 2355 2841 quia
2386 2772 2595 2826 diversa
2636 2771 2931 2825 substantia
2976 2782 3058 2825 est
3108 2776 3368 2826 creatoris
3413 2780 3467 2826 et
3512 2784 3791 2828 creatum.

2232 2862 2341 2917 Nec
2372 2862 2533 2915 etiam
2558 2861 2691 2916 dixit
2718 2880 2731 2913 :
2780 2860 2892 2931 Ego
2925 2869 2977 2915 et
3005 2861 3104 2931 ipsi
3136 2862 3299 2916 unum
3330 2861 3578 2935 [sumus],
3610 2880 3801 2933 quam-

557 2980 668 3025 tota
696 2970 855 3023 animi
889 2971 1180 3027 inteutiouc
1220 2985 1478 3026 amemus.
1512 2969 1617 3025 Sed
1650 2972 1861 3045 mentis‘
1885 2953 2132 3026 humana:
2156 2984 2203 3047 ο
2234 2955 2316 3047 Vis
2344 2970 2461 3047 ipe?
2489 2954 2561 3017 id,
2588 2953 3027 3047 “MIHI-300135?
3057 2961 3216 3047 εδβιξί
3244 2962 3325 3047 θλδι
3365 2963 3419 3008 ει
3462 2970 3654 3024 corpus
3683 2954 3795 3047 ei“?

557 3063 692 3122 visit)
736 3062 963 3122 imalida
998 3075 1077 3119 est
1118 3066 1183 3118 ad
1223 3063 1582 3132 aspiciendam
1613 3061 1848 3133 [diviure]
1876 3061 2129 3130 majesta-

559 3163 626 3215 tis
655 3159 1152 3213 excellentissimam
1175 3156 1371 3217 lucem,
1405 3155 1507 3208 nisi
1530 3154 1739 3223 justitia
1766 3153 1886 3207 ﬁdei
1914 3162 1969 3210 et
1993 3153 2130 3207 dile-

559 3249 775 3310 ctionis,
805 3248 982 3299 divina
1015 3245 1244 3299 donante
1268 3244 1460 3312 gratia,
1489 3242 1787 3296 illustretur
1823 3242 2123 3311 splendore.

561 3344 893 3409 Quapropter
940 3338 1118 3391 divina
1176 3336 1312 3409 votis
1368 3334 1617 3387 omnibus
1678 3332 1998 3401 postulanda
2046 3340 2132 3388 est

558 3433 748 3497 gratia,
808 3439 863 3483 ut
919 3430 1203 3482 mundetur
1243 3426 1430 3481 oculus
1474 3425 1654 3481 cordis
1702 3426 1769 3479 ad
1816 3426 2125 3491 videndum,

557 3534 717 3587 quam
766 3518 980 3586 proprie
1027 3517 1260 3571 Trinitas
1304 3518 1375 3571 sit
1404 3531 1557 3579 unus,
1603 3524 1657 3569 et
1699 3515 1844 3570 solus
1888 3525 1944 3570 et
1966 3532 2127 3571 verus

557 3610 728 3671 Deus;
760 3617 812 3659 et
854 3621 1013 3674 quam
1054 3614 1198 3659 recte
1246 3606 1427 3668 Pater,
1480 3615 1532 3658 et
1583 3605 1750 3660 Filius
1797 3615 1850 3659 et
1896 3606 2129 3677 Spiritus

557 3700 793 3761 sanctus,
836 3696 994 3752 unius
1029 3694 1373 3762 ejusdemque
1416 3695 1731 3748 substantia:
1758 3697 1842 3749 vel
1881 3700 2128 3752 essentia:

554 3789 783 3851 dicatur,
828 3787 1093 3847 credatur,
1132 3785 1477 3854 intelligatur.
1512 3784 1594 3839 Ad
1634 3785 1792 3854 hujus
1823 3789 2129 3841 sacratissi-

556 3895 655 3932 ma:
675 3880 1019 3932 beatitudinis
1046 3878 1303 3930 visionem
1328 3892 1504 3939 nemo,
1534 3875 1636 3929 nisi
1662 3888 1760 3946 per
1789 3876 1946 3930 fidem
1972 3893 2126 3931 mun-

558 3970 682 4021 dato
703 3968 885 4031 corde,
914 3966 1177 4034 attingere
1215 3967 1446 4035 poterit:
1478 3967 1689 4022 dicente
1726 3967 1838 4035 ipsa
1864 3968 2123 4034 Veritate,

546 4058 704 4129 (Beati
752 4056 944 4110 mundo
991 4056 1164 4120 corde,
1220 4058 1468 4126 quoniam
1518 4058 1617 4125 ipsi
1665 4058 1831 4112 Deum
1884 4060 2129 4113 videbunt

555 4145 766 4209 (.llauli.
799 4162 849 4211 v,
893 4146 967 4218 8).
1013 4144 1138 4199 Haec
1171 4159 1298 4198 vero
1339 4146 1475 4198 visio
1515 4161 1622 4198 non
1652 4148 1956 4202 carnalibus
1984 4151 2129 4204 aesti-

556 4236 747 4289 manda
771 4245 853 4291 est
896 4235 1063 4290 oculis
1105 4235 1250 4289 cerni
1292 4249 1476 4303 posse;
1507 4234 1602 4290 sed
1628 4250 1775 4303 purae
1820 4238 2015 4291 mentis
2040 4239 2124 4290 in-

556 4326 691 4378 tuitu
720 4326 1102 4381 consideranda
1133 4336 1235 4391 est,
1284 4326 1579 4381 secundum
1624 4327 1765 4394 quod
1795 4326 1967 4379 sancti
2005 4327 2126 4396 Spi-
2155 4322 2204 4380 υ

557 4414 692 4467 ritus
735 4416 905 4484 gratia
934 4425 1129 4471 nostra:
1165 4417 1358 4472 mentis
1403 4418 1574 4474 aciem
1620 4415 1889 4471 illustrare
1933 4416 2121 4486 digna-

561 4505 722 4557 bitur.

1058 4577 1281 4635 CAPUT
1320 4581 1606 4637 PRIMUM.

628 4687 781 4755 Quod
811 4688 949 4743 Deus
977 4692 1207 4743 omnium
1236 4694 1299 4744 sit
1331 4710 1509 4756 causa,
1536 4709 1651 4762 quo:
1677 4701 1817 4754 sunt,
1848 4700 1905 4743 ut
1928 4690 2050 4743 sint.

625 4785 822 4838 Eorum
864 4784 1024 4853 igitur
1045 4798 1164 4852 qua:
1204 4792 1347 4847 sunt,
1396 4784 1478 4837 vel
1530 4782 1770 4845 fuerunt,
1816 4781 1897 4834 vel
1944 4780 2124 4835 futura

556 4888 889 4941 sunt,causa
919 4885 1003 4931 est
1030 4874 1192 4941 Deus,
1237 4884 1293 4928 et
1338 4876 1529 4929 horum
1576 4873 1732 4926 dator
1782 4882 1838 4925 et
1886 4880 2119 4926 creator.

554 4968 618 5020 Et
645 4982 750 5020 non
778 4974 861 5021 est
891 4965 1174 5020 dicendum
1220 4961 1354 5035 [Αι.,
1381 4958 1606 5027 dicere],
1647 4961 1763 5015 haec
1801 4976 1921 5015 esse
1948 4960 2127 5039 ipsum

554 5057 683 5129 [Al.,
714 5059 813 5113 hoc
842 5073 959 5112 esse
988 5058 1183 5125 ipsum,
1214 5052 1356 5123 quod
1398 5059 1524 5105 sunt
1553 5049 1686 5123 illa],
1726 5051 1923 5120 quibus
1955 5056 2015 5102 ut
2038 5064 2125 5105 es-

552 5155 675 5199 sent
700 5147 863 5200 dedit.
900 5146 1009 5199 Nec
1032 5144 1188 5199 alicui
1217 5150 1478 5198 creatura:
1500 5149 1709 5211 partem
1740 5156 1849 5196 sua:
1876 5141 2123 5195 substan-

554 5238 642 5290 tias
676 5236 841 5302 dedit,
888 5246 1091 5294 etcum
1139 5235 1253 5305 ipse
1305 5235 1377 5289 sit
1422 5233 1791 5299 immutabilis,
1847 5232 2121 5290 mutabilia

553 5328 668 5379 sine
711 5328 792 5381 sui
840 5326 1209 5383 mutabilitate.
1240 5326 1462 5379 creavit.
1509 5324 1637 5381 ldeo
1686 5326 1739 5380 in
1787 5324 1879 5379 illo
1922 5325 2120 5394 hymno

541 5416 825 5479 laudabili,
857 5432 1014 5487 quem
1043 5424 1260 5486 peracta
1290 5431 1444 5471 coena
1470 5418 1695 5487 mystica
1722 5430 1921 5477 .coram
1954 5416 2119 5474 disci-

552 5504 692 5575 pulis
728 5507 837 5559 suis
882 5508 935 5561 in
963 5506 1177 5564 laudem
1208 5507 1402 5573 Patris,
1450 5509 1543 5564 Dei
1588 5509 1723 5583 [Αι.,
1758 5508 1921 5583 Deus]
1952 5510 2120 5567 Filius

555 5596 877 5666 decantavit,
910 5613 1016 5653 non
1048 5598 1183 5655 dixit
1212 5600 1276 5656 de
1306 5598 1713 5669 ﬁdelibussuis,
1739 5608 1794 5657 ut
1829 5617 1991 5656 unum
2014 5603 2123 5657 sint

2233 3046 2495 3109 Ecclesia,
2522 3044 2690 3113 possit
2709 3043 2921 3097 dicere:
2957 3042 3067 3111 Ego
3097 3051 3150 3097 et
3183 3042 3301 3110 ipsi,
3332 3058 3436 3096 non
3476 3060 3662 3109 unum,
3699 3046 3791 3099 sed

2232 3153 2403 3202 unus;
2439 3136 2563 3205 quia
2591 3144 2751 3203 caput
2785 3140 2839 3187 et
2877 3148 3070 3202 corpus
3108 3148 3245 3186 unus
3283 3141 3363 3187 est
3385 3133 3661 3200 Christus;
3704 3136 3797 3189 sed
3877 3142 3883 3149 '

2234 3230 2563 3285 divinitatem
2591 3243 2741 3283 suam
2774 3226 3281 3281 consubstantialem
3311 3224 3458 3280 Patri
3488 3227 3794 3288 ostendens,

2233 3322 2357 3376 dum
2379 3321 2494 3375 ait:
2546 3318 2613 3372 Ut
2640 3320 2741 3371 sint
2785 3335 2964 3379 unum,
3011 3318 3143 3371 sicut
3186 3327 3231 3370 et
3276 3334 3367 3371 nos
3411 3334 3571 3371 unum
3616 3332 3795 3369 sumus

2232 3410 2395 3482 (Ibid.
2438 3410 2549 3480 25).
2580 3409 2703 3463 Vult
2732 3424 2861 3478 ergo
2904 3425 3021 3463 esse
3061 3426 3186 3464 suos
3214 3426 3397 3475 unum,
3426 3411 3517 3465 sed
3550 3410 3602 3463 in
3645 3410 3790 3479 ipso;

2230 3503 2356 3571 quia
2380 3502 2433 3556 in
2456 3516 2513 3555 se
2556 3500 2685 3569 ipsis
2709 3515 2813 3554 non
2840 3508 3079 3569 possunt,
3123 3499 3393 3554 dissociati
3426 3498 3514 3569 [ab
3543 3496 3791 3568 invicem]

2228 3608 2326 3664 per
2346 3592 2585 3646 diversas
2609 3590 2931 3644 voluntates.
2965 3589 3102 3644 Cum
3129 3590 3273 3643 enim
3302 3589 3371 3641 sit
3406 3596 3589 3642 saneta
3618 3588 3794 3641 Trini—

2230 3692 2312 3736 tas
2339 3697 2476 3735 unus
2498 3690 2551 3735 et
2584 3681 2728 3763 solus
2760 3680 2921 3742 Deus,
2955 3680 3007 3731 in
3052 3679 3350 3732 substantia
3393 3679 3558 3739 solus,
3589 3679 3641 3731 in
3671 3694 3793 3747 per-

2230 3771 2377 3823 sonis
2405 3771 2507 3821 tria
2532 3769 2797 3837 quaedam,
2828 3784 2950 3820 cum
2972 3768 3136 3820 multa
3168 3769 3333 3821 voluit
3362 3783 3501 3830 esse,
3530 3781 3633 3819 non
3666 3767 3793 3818 illud

2230 3875 2293 3914 ea
2318 3862 2483 3915 voluit
2513 3875 2634 3914 esse
2659 3860 2799 3929 quod
2829 3859 2914 3911 ille
2940 3860 3053 3927 ipse
3080 3868 3191 3919 est;
3222 3859 3344 3910 dum
3373 3874 3433 3910 ea
3476 3872 3593 3924 quas
3626 3856 3793 3910 voluit

2228 3964 2347 4003 esse
2379 3949 2640 4019 originem
2680 3947 2876 4001 habent
2903 3962 2915 3999 :
2948 3946 3019 3998 illi
3047 3946 3305 4015 siquidem
3341 3947 3453 3999 sine
3479 3946 3682 4015 origine
3710 3956 3791 4001 cst

2227 4056 2365 4099 om
2844 4108 3068 4165 CAPUT
3106 4108 3167 4162 ιι.

2581 4199 2734 4263 Quod
2771 4192 2911 4250 Deus
2948 4212 3105 4264 super
3141 4196 3314 4247 omnia
3351 4194 3436 4246 sit.

2299 4291 2464 4343 Deum
2510 4296 2669 4358 supra
2713 4301 2927 4341 omnem
2970 4285 3333 4349 existentiam,
3374 4300 3531 4354 supra
3574 4300 3788 4341 omnem

2227 4383 2415 4445 vitam,
2452 4396 2612 4450 supra
2642 4394 2853 4433 omnem
2896 4368 3305 4446 intelligentiam
3350 4378 3619 4432 credimus
3642 4390 3783 4431 esse.

2226 4474 2403 4531 Etille
2430 4481 2511 4527 est
2559 4487 2764 4527 summa
2811 4469 3113 4533 existentia,
3164 4470 3369 4524 summa
3417 4470 3785 4539 intelligentia,

2223 4581 2436 4623 summa
2462 4566 2594 4629 vita,
2627 4581 2657 4619 a
2686 4579 2793 4634 quo
2837 4562 2962 4635 [est]
2997 4565 3174 4618 omnis
3212 4564 3341 4627 vita,
3370 4562 3544 4619 omnis
3588 4561 3787 4616 intelli-

2224 4654 2401 4725 gentia
2446 4662 2502 4709 et
2546 4655 2721 4708 omnis
2764 4654 3067 4718 existentia,
3106 4654 3200 4709 Dei
3235 4654 3377 4708 enim
3424 4652 3563 4706 idem
3609 4652 3783 4721 ipsum

2223 4752 2327 4806 est,
2369 4753 2421 4799 et
2456 4746 2713 4814 potentia,
2762 4754 2817 4801 et
2858 4747 3173 4810 substantia,
3200 4754 3257 4799 et
3294 4740 3561 4808 divinitas,
3590 4750 3646 4797 et
3672 4744 3785 4799 hac

2224 4834 2402 4888 omnia
2430 4852 2615 4902 unum,
2648 4846 2701 4891 et
2726 4839 2827 4893 hoc
2851 4854 3015 4892 unum
3044 4836 3286 4907 simplex.
3363 4871 3369 4875 -

2729 4947 2890 5018 715
2925 4945 3148 5003 CAPUT
3176 4944 3262 4999 ιιι.

2226 5034 2377 5101 Quod
2405 5037 2587 5093 melius
2616 5040 2680 5092 sit
2710 5039 2774 5093 de
2800 5039 2907 5094 Deo
2939 5037 3160 5106 aqualia
3190 5038 3360 5090 dicere
3384 5054 3543 5106 quam
3566 5038 3776 5093 similia.

2293 5151 2367 5204 De
2398 5151 2490 5205 Dei
2532 5150 2666 5205 Filio
2698 5151 2885 5205 doctor
2918 5147 3163 5218 egregius
3199 5148 3387 5203 beatus
3420 5147 3615 5205 Paulus
3656 5166 3782 5220 apo.

2222 5244 2390 5299 stolus
2410 5243 2558 5304 dicit,
2586 5241 2716 5295 Cum
2742 5247 2875 5293 esset
2891 5240 2943 5293 in
2965 5238 3134 5306 forma
3158 5236 3272 5296 Dei.
3306 5256 3406 5293 non
3433 5240 3669 5310 rapinam
3690 5256 3781 5291 ar-

2223 5334 2444 5388 bitratus
2468 5341 2542 5387 est
2568 5346 2677 5385 esse
2698 5346 2753 5383 se
2777 5326 3030 5398 eequolem
3058 5326 3163 5380 Deo
3193 5327 3410 5400 (Philip.
3443 5345 3503 5395 ll,
3532 5328 3607 5399 6).
3645 5326 3780 5381 Pro.

2222 5421 2345 5478 inde
2369 5421 2559 5476 melius
2575 5432 2693 5474 esse
2710 5417 2922 5471 videtur
2939 5414 3292 5487 aaqualitatem
3314 5418 3379 5473 de
3397 5417 3589 5472 divinis
3604 5417 3783 5472 dicere

2220 5512 2464 5581 personis
2490 5523 2649 5579 quam
2685 5506 3087 5577 similitudinem
3106 5548 3122 5573 ,
3162 5523 3469 5578 quanquam
3498 5516 3782 5573 utrumque

2224 5599 2525 5655 inveniatur
2551 5610 2564 5649 :
2593 5594 2718 5664 quia
2742 5608 2845 5649 una
2874 5594 3123 5666 qualibet
3146 5596 3461 5664 substantia,
3494 5592 3781 5651 secundum
