4228 6302
237 362 340 441 25
729 407 735 411 -
976 382 1388 457 DOGMATICA.
1442 413 1494 424 —
1531 382 1615 438 ns
1653 380 1800 438 nos
1840 377 1898 432 ε.
1942 376 2326 434 TRINITATIS
2364 380 2541 435 unm
2572 382 2655 436 ιιι.
2696 382 2823 437 LIB.
2863 355 2927 436 n.
3479 381 3550 436 es

237 498 446 571 quod
497 498 814 555 substantia
847 505 946 561 est,
985 512 1093 552 non
1128 507 1209 553 est
1242 499 1362 562 alia,
1402 508 1460 553 ut
1494 498 1564 553 sit
1603 495 1791 553 similis
1833 491 1899 564 ad
1926 494 1973 552 A
2008 522 2009 525 η

236 593 502 648 aliam.
553 590 669 647 Nec
700 590 841 646 enim
874 591 927 644 in
962 598 1142 646 sancta
1171 591 1431 646 Trinitate
1455 592 1748 646 substantia
1776 594 1897 663 sub:

236 680 768 736 stantizesimilis
797 686 899 744 est,
930 680 1024 734 sed
1050 695 1188 744 una;
1222 689 1277 734 et
1302 681 1415 748 ipsa
1441 681 1626 734 eadem
1651 679 1898 733 substan-

242 772 347 826 tia
385 779 509 826 est
541 771 744 836 Patris,
780 778 834 826 et
865 770 1008 836 Filii,
1034 779 1101 825 et
1134 771 1365 840 Spiritus
1403 772 1591 826 sancti.
1632 770 1737 825 Nec.
1777 779 1899 824 sunt

240 871 404 918 tres
457 862 803 917 substantiae
846 860 1069 925 similes,
1110 860 1203 914 sed
1247 876 1352 914 una
1398 861 1559 914 trium
1602 859 1894 927 aequaliter.

233 950 400 1006 Nec
434 950 641 1005 Pater
660 948 794 1003 Filio
818 949 984 1019 prior,
1014 963 1113 1002 nec
1138 938 1307 1003 Filius
1331 950 1487 1004 Patre
1512 946 1797 1018 posterior,
1833 948 1901 1002 si-

231 1048 371 1097 cut
398 1040 639 1095 Ariani
665 1039 966 1093 voluerunt.
1018 1036 1151 1091 Nam
1178 1038 1449 1092 Abraham
1487 1037 1742 1098 etlsaac,
1777 1038 1901 1091 licet

233 1132 473 1186 unius
524 1131 647 1185 sint
687 1129 997 1184 substantiae
1033 1127 1321 1183 secundum
1370 1127 1775 1188 humanitatem,
1819 1133 1900 1177 ta-

238 1236 418 1277 men
460 1221 767 1275 Abraham
795 1219 943 1289 prior
965 1225 1047 1272 est
1072 1226 1329 1287 tempore,
1358 1226 1418 1271 et
1437 1217 1584 1271 Isaac
1609 1216 1896 1285 posterior.

236 1310 595 1378 Quamvis
617 1310 673 1365 hi
700 1310 807 1364 sint
830 1309 1018 1372 similis
1038 1308 1370 1374 substantiae,
1397 1315 1573 1362 tamen
1601 1307 1688 1361 illa
1709 1307 1895 1361 simili-

241 1398 429 1453 tudo
468 1398 809 1453 substantia:
835 1397 887 1451 in
918 1397 1026 1465 ﬁlio
1051 1384 1487 1467 lsaacmostcrior
1509 1405 1591 1451 est
1614 1405 1850 1466 tempore
1882 1413 1894 1448 :

246 1490 449 1559 quod
494 1488 732 1558 impium
758 1496 840 1543 est
874 1488 928 1542 in
964 1488 1073 1543 Deo
1108 1489 1328 1543 credere
1365 1489 1566 1557 aliquid
1600 1490 1747 1557 prius
1783 1502 1899 1543 esse

246 1580 370 1635 vel
408 1580 738 1649 posterius,
763 1580 889 1648 quia
918 1594 1022 1633 non
1047 1594 1112 1634 ex
1142 1587 1379 1649 tempore
1412 1579 1550 1633 Deus
1584 1579 1745 1648 cmpit
1781 1593 1900 1632 esse

248 1669 499 1731 Pater.
530 1671 633 1725 sed
653 1670 1017 1738 sicutsemper
1042 1668 1200 1733 Deus,
1226 1670 1297 1722 ita
1327 1683 1534 1737 semper
1555 1668 1730 1731 Pater,
1760 1683 1899 1722 sem-

255 1776 390 1830 per
426 1762 667 1816 habens
692 1761 906 1825 Filium,
938 1775 1093 1829 quem
1120 1760 1273 1839 simul
1300 1758 1426 1830 μή,
1456 1759 1649 1824 semel;
1676 1758 1782 1823 AL,
1811 1775 1895 1813 so-

260 1825 403 1923 lus]
430 1852 648 1922 genuit
673 1866 737 1904 ex
764 1865 858 1905 sua
880 1825 1258 1923 aequalemsmi
1282 1825 1487 1904 natura.
1528 1851 1741 1904 Addunt
1761 1865 1895 1919 quo-
1931 1825 1973 1882 Β

267 1956 404 2010 que
451 1940 742 1996 dialectici
785 1941 928 2009 quod
971 1954 1129 1994 omne
1171 1941 1344 1994 simile
1385 1939 1687 2008 receptiliile
1732 1939 1900 2009 possit

268 2046 425 2088 esse
483 2031 968 2092 dissimilitudinis,
1018 2031 1155 2085 sicut
1201 2032 1304 2084 duo
1349 2024 1611 2093 homines,
1655 2029 1897 2097 quamvis

276 2122 521 2178 similis
552 2123 665 2177 sint
695 2122 1006 2176 substantia:
1030 2120 1162 2192 [Al.,
1187 2121 1390 2175 similes
1418 2121 1525 2174 sint
1553 2106 1893 2190 substantia],

279 2217 625 2273 dissimiles
662 2225 838 2271 tamen
885 2222 1107 2285 possunt
1153 2230 1270 2271 esse
1313 2216 1595 2270 moribus:
1628 2214 1745 2268 ideo
1792 2228 1896 2267 non

284 2318 558 2379 possunt
587 2319 732 2381 recte
758 2324 855 2377 per
881 2309 1059 2364 omnia
1087 2308 1319 2378 :equales
1354 2307 1456 2362 dici
1475 2323 1488 2371 ;
1507 2351 1511 2354 .
1531 2314 1585 2361 et
1622 2315 1743 2360 sunt
1783 2307 1898 2360 duae

286 2398 651 2455 substantia:
684 2398 736 2451 in
760 2401 840 2452 eis
877 2398 1081 2463 divisze,
1121 2398 1485 2468 unusquisque
1532 2398 1585 2450 in
1632 2412 1727 2450 sua
1774 2396 1898 2450 sub-

292 2489 740 2557 stantiaplenus
760 2489 937 2542 homo.
973 2487 1029 2543 In
1056 2488 1214 2543 Patre
1237 2504 1365 2543 vero
1384 2497 1439 2542 et
1462 2487 1597 2541 Filio
1621 2495 1675 2541 et
1695 2486 1895 2556 Spiritu

217 2601 229 2609 -
296 2588 536 2643 sancto,
590 2595 695 2634 non
740 2588 821 2633 est
865 2578 1053 2633 similis
1090 2580 1383 2633 substantia
1422 2579 1761 2640 substantia},
1804 2576 1899 2631 sed

302 2684 424 2722 una
468 2670 699 2737 zequalis
736 2685 832 2739 per
873 2671 1072 2744 omnia,
1120 2679 1175 2724 et
1220 2670 1345 2725 ideo
1376 2670 1663 2742 ὁμοούσιος,
1715 2668 1765 2722 id
1816 2681 1899 2723 est

303 2759 489 2813 unius
515 2760 849 2821 substantiae,
881 2776 984 2812 non
1012 2760 1321 2831 ὁμοιούσιον,
1354 2760 1407 2813 id
1433 2767 1532 2822 est,
1562 2758 1751 2812 similis
1775 2758 1899 2813 sub-

308 2838 565 2914 stantize,
599 2848 736 2903 sicut
757 2849 992 2902 hmretici
1022 2849 1323 2902 voluerunt.

931 2956 1154 3012 CAPUT
1208 2958 1294 3011 1V.

621 3025 695 3081 De
729 3028 1072 3081 immensitate
1100 3027 1480 3097 omnipotentim
1504 3026 1619 3079 Dei.

394 3117 672 3188 Quidquid
702 3120 756 3173 in
787 3127 976 3172 natura
1000 3128 1364 3172 creaturarum
1396 3125 1496 3179 est,
1538 3126 1780 3170 creatura
1816 3121 1896 3169 est

320 3208 444 3275 Dei,
472 3209 627 3277 cujus
650 3212 1032 3279 omnipotentis
1058 3226 1120 3265 ea
1145 3211 1422 3281 gubernat,
1456 3211 1610 3280 regit,
1635 3219 1689 3262 et
1714 3209 1896 3277 implet

324 3315 451 3368 quae
470 3302 695 3354 creavit.
729 3301 838 3355 Nec
871 3303 986 3355 ideo
1010 3302 1175 3354 Deum
1202 3302 1377 3355 omnia
1412 3300 1628 3369 implere
1648 3299 1893 3363 dicimus,

327 3396 387 3441 ut
409 3403 534 3441 eum
556 3390 881 3453 contineant,
911 3389 1003 3442 sed
1029 3397 1085 3441 ut
1109 3388 1221 3458 ipsa
1242 3388 1416 3457 potius
1436 3389 1810 3442 contineantur
1832 3388 1899 3441 ab

330 3491 418 3531 eo.
448 3476 557 3531 Nec
577 3478 935 3546 particulatim
964 3478 1103 3531 Deus
1132 3477 1310 3545 implet
1336 3477 1543 3541 omnia;
1577 3490 1675 3531 nec
1702 3477 1896 3529 ullate-

333 3584 438 3624 nus
462 3568 538 3622 ita
559 3569 846 3637 putandum
871 3577 950 3622 est
976 3569 1029 3622 in
1054 3570 1302 3623 omnibus
1329 3584 1446 3623 esse
1470 3568 1654 3633 Deum,
1680 3578 1738 3622 ut
1768 3560 1898 3622 una-

332 3660 563 3731 quaeque
602 3674 689 3713 res
723 3674 819 3728 per
858 3660 1273 3728 magnitudinem
1312 3660 1591 3726 positionis
1632 3657 1758 3729 [Αι.,
1799 3674 1896 3726 pro

345 3736 706 3821 magnitudine
729 3748 1013 3820 portionis]
1040 3764 1149 3803 sua:
1170 3749 1343 3819 capiat
1371 3764 1510 3809 eum,
1535 3748 1587 3801 id
1612 3755 1711 3810 est,
1731 3748 1897 3800 maxi-

347 3856 431 3895 ma
462 3842 646 3911 majus,
678 3841 896 3895 minima
944 3841 1302 3895 minuszdum
1339 3840 1411 3894 sit
1453 3839 1627 3909 potius
1675 3839 1785 3907 ipse
1819 3846 1898 3895 ιο-

347 3944 431 3988 ῑιιε
455 3934 507 3987 in
530 3934 793 3997 omnibus,
820 3934 930 3987 sive
956 3933 1135 3986 omnia
1162 3934 1214 3986 in
1241 3934 1373 4001 ipso,
1398 3933 1548 4002 cujus
1566 3932 1898 3999 omnipoten—

349 4024 421 4077 tia
456 4026 627 4078 omnia
670 4025 955 4079 concludit.
994 4024 1104 4079 Nec
1145 4024 1401 4078 evadendi
1440 4024 1732 4092 potentiam
1782 4020 1897 4090 ejus

350 4112 463 4179 quis
490 4112 685 4164 aditum
712 4113 951 4166 invenire
974 4113 1203 4181 poterit;
1238 4113 1329 4180 qui
1356 4114 1498 4166 enim
1526 4126 1646 4183 eum
1674 4127 1779 4164 non
1802 4111 1897 4162 ha-

354 4203 440 4259 bet
462 4202 720 4271 placatum
742 4243 757 4267 ,
785 4217 1116 4271 nequaquam
1143 4201 1332 4256 evadet
1357 4203 1572 4255 iratum.
1622 4200 1896 4254 l‘mmensi-

358 4302 436 4348 tas
460 4293 642 4348 divina:
663 4292 1041 4364 magnitudinis
1071 4293 1172 4347 ista
1195 4299 1297 4355 est,
1322 4300 1379 4345 ut
1397 4292 1754 4362 intelligamus
1773 4296 1894 4346 eum

350 4384 488 4439 intra
514 4385 707 4449 omnia,
732 4384 824 4438 sed
841 4399 946 4438 non
970 4382 1260 4447 inclusum;
1284 4390 1437 4436 extra
1456 4383 1655 4447 omnia,
1678 4383 1771 4439 sed
1792 4398 1896 4438 non

2606 494 2829 550 CAPUT
2877 495 2940 547 V.

1996 606 2170 677 Quare
2201 607 2341 667 Deus
2371 608 2577 660 dicatur
2601 605 2765 674 magis
2790 606 2847 658 in
2884 601 3007 658 caelo
3042 603 3277 659 habitare
3307 621 3464 677 quam
3497 606 3552 660 in

2701 684 2858 728 terra.

2064 786 2216 855 Quod
2238 802 2363 842 vero
2384 788 2437 841 in
2464 786 2735 841 Dominica
2761 786 3005 840 oratione
3028 784 3244 850 dicitur,
3265 783 3433 839 Pater
3454 799 3551 837 no-

1994 888 2121 941 ster,
2147 880 2235 947 qui
2262 894 2314 931 es
2342 879 2395 931 in
2424 877 2560 931 cmlis
2589 876 2797 946 (Matth.
2828 891 2902 939 γι,
2928 874 3019 944 9);
3044 874 3129 927 vel
3154 875 3298 941 quod
3328 874 3383 927 in
3406 871 3557 927 Psal-

1996 972 2097 1025 mis
2116 971 2326 1040 legitur,
2350 970 2430 1022 Ad
2443 979 2492 1025 te
2507 968 2666 1021 levavi
2684 966 2857 1021 oculos
2878 982 3034 1030 uaeas,
3056 966 3143 1033 qui
3166 964 3368 1058 habitfu
3385 964 3440 1017 in
3461 979 3561 1018 σω·-

1996 1064 2060 1120 lis
2075 1064 2242 1136 (Paul.
2265 1080 2431 1128 cxx",
2450 1062 2525 1134 1),
2540 1078 2644 1116 ιιοιι
2671 1062 3019 1133 corporaliter
3033 1060 3433 1131 intelligendum
3447 1067 3553 1124 est,

1999 1156 2091 1211 sed
2128 1154 2457 1224 spiritaliter,
2493 1153 2617 1221 quia
2647 1166 2752 1229 non
2788 1152 2960 1220 spatio
2988 1152 3223 1205 locorum
3250 1149 3556 1229 continetur
3634 1193 3647 1202 ,

1998 1246 2155 1300 Deus.
2208 1245 2344 1299 Sunt.
2378 1243 2517 1297 enim
2551 1226 2687 1314 [Al.,
2722 1240 2920 1312 autem]
2956 1240 3076 1295 οωΙί
3111 1226 3556 1294 excellentissima

1997 1337 2210 1404 quidem
2234 1335 2413 1388 mundi
2437 1349 2683 1402 corpora,
2705 1347 2823 1401 quas
2848 1332 3010 1402 716
3036 1345 3140 1384 non
3168 1337 3390 1398 possunt
3416 1342 3553 1392 esse,
3600 1322 3601 1325 “

1996 1427 2097 1480 nisi
2126 1426 2361 1479 inloco:
2389 1424 2481 1480 sed
2512 1425 2557 1479 si
2586 1424 2638 1478 in
2676 1422 2847 1487 caelis,
2886 1430 3139 1489 tanquam
3178 1421 3231 1473 in
3269 1419 3558 1488 superiori-

1996 1518 2096 1571 bus
2118 1517 2298 1570 mundi
2323 1517 2583 1588 partibus,
2610 1516 2756 1570 locus
2781 1513 2872 1567 Dei
2899 1528 3017 1567 esse
3040 1511 3290 1571 creditur,
3319 1508 3558 1564 melioris

1998 1608 2175 1662 meriti
2199 1616 2323 1661 sunt
2348 1622 2491 1671 aves,
2522 1610 2749 1675 quarum
2778 1605 2889 1659 vita
2912 1611 2992 1657 est
3021 1603 3129 1656 Deo
3156 1601 3398 1655 vicinior.
3438 1599 3555 1656 Non

2002 1707 2175 1751 autem
2206 1697 2459 1766 scriptum
2487 1705 2569 1750 est
2592 1714 2605 1749 :
2629 1696 2798 1763 Prope
2825 1703 2907 1748 est
2928 1693 3185 1771 Dominus
3211 1693 3437 1748 excelsis
3461 1692 3559 1747 bo-

2003 1788 2251 1850 minibus,
2290 1795 2377 1839 aut
2408 1786 2484 1840 eis
2511 1785 2601 1854 qui
2629 1786 2681 1838 in
2710 1784 2980 1838 montibus
3004 1783 3275 1846 habitant;
3303 1782 3397 1850 sed
3424 1781 3560 1835 scri-

1999 1886 2145 1946 ptum
2180 1884 2262 1930 est
2294 1893 2306 1929 :
2338 1875 2507 1944 Prope
2546 1884 2617 1929 est
2651 1874 2906 1927 Dominus
2944 1873 3145 1926 obtritis
3189 1872 3341 1925 corde
3399 1870 3555 1942 (Isai.

1999 1981 2128 2027 LVII,
2162 1964 2277 2035 l5);
2313 1963 2452 2030 quod
2489 1964 2658 2031 magis
2684 1963 2915 2033 pertinet
2940 1961 3005 2016 ad
3040 1962 3411 2016 humilitatem.
3451 1959 3559 2016 Sed

1997 2055 2440 2122 quemadmodum
2467 2062 2611 2107 terra
2636 2053 2927 2123 appellatus
2952 2060 3035 2106 est
3060 2060 3328 2121 peccator,
3359 2066 3480 2106 cum
3505 2052 3559 2107 ei

1997 2145 2194 2199 dictum
2219 2152 2301 2196 est
2327 2162 2338 2197 :
2370 2142 2528 2195 Terra
2550 2160 2639 2205 ea;
2658 2153 2704 2195 et
2730 2144 2784 2196 in
2814 2151 3004 2194 terram
3029 2141 3126 2194 ibis
3154 2137 3305 2211 (Gen.
3337 2156 3415 2203 ιιι,
3446 2138 3558 2210 l9),

1997 2232 2073 2287 sic
2102 2232 2292 2287 cmlum
2318 2230 2491 2299 justus
2516 2246 2545 2286 e
2573 2230 2843 2286 contrario
2868 2230 2969 2284 dici
2997 2237 3202 2298 potest;
3235 2227 3394 2297 justis
3415 2229 3560 2283 enim

1996 2322 2226 2375 dicitur:
2255 2299 2516 2390 Templum
2563 2320 2653 2373 Dei
2696 2328 2933 2373 sanctum
2977 2330 3083 2385 est,
3126 2315 3263 2389 quod
3307 2320 3429 2373 estis
3473 2336 3561 2374 eos

1998 2396 2049 2466 (1
2078 2407 2197 2461 Cor.
2228 2426 2310 2473 ιιι,
2340 2409 2443 2480 l7).
2493 2409 2822 2480 Quapropter
2846 2409 2891 2464 si
2928 2410 2980 2487 in
3009 2410 3206 2485 templo
3232 2425 3329 2465 suo
3353 2409 3560 2465 habitat

1996 2502 2156 2566 Deus,
2190 2503 2313 2570 quia
2350 2505 2516 2557 sancti
2553 2504 2806 2572 templum
2834 2502 2953 2571 ejus
2987 2511 3131 2569 sunt,
3164 2511 3311 2558 recte
3342 2503 3558 2566 dicitur,

1994 2591 2083 2660 qui
2105 2608 2155 2643 es
2186 2591 2239 2643 in
2270 2590 2430 2655 caelis,
2459 2592 2511 2644 id
2540 2600 2639 2656 est,
2678 2592 2729 2645 in
2759 2594 2988 2657 sanctis;
3023 2600 3079 2648 et
3114 2592 3557 2647 accommodatis-

1996 2682 2129 2735 siina
2160 2682 2257 2735 ista
2290 2682 2572 2736 similitudo
2598 2690 2700 2745 est,
2740 2690 2799 2735 ut
2833 2681 3147 2750 spiritaliter
3180 2688 3387 2734 tantum
3424 2680 3563 2734 inte-

1998 2789 2142 2827 resse
2170 2774 2412 2827 videatur
2449 2774 2587 2827 inter
2617 2771 2791 2839 justos
2834 2781 2887 2827 et
2927 2780 3257 2842 peccatores,
3298 2776 3557 2841 quantum

1996 2862 2345 2929 corporaliter
2367 2864 2505 2915 inter
2525 2862 2716 2915 omium
2741 2869 2795 2915 et
2816 2870 3032 2914 terram.
3074 2859 3237 2928 Cujus
3262 2860 3336 2914 rei
3360 2858 3563 2927 signiti-

1996 2948 2177 3002 canda:
2204 2948 2371 3015 gratia
2393 2934 2512 3002 eum
2542 2947 2609 2999 ad
2638 2949 2932 3002 orationem
2956 2957 3179 3012 stamus,
3211 2947 3275 3001 ad
3296 2947 3562 3001 orientem

1996 3038 2355 3091 convertimus
2397 3052 2495 3090 nos
2539 3034 2644 3106 [ΑΙ.
2669 3076 2683 3099 ,
2731 3035 3144 3108 convertimur],
3188 3038 3325 3090 unde
3367 3036 3561 3091 cadum

1999 3127 2187 3195 surgit,
2234 3135 2287 3178 et
2328 3126 2503 3179 lumen
2545 3125 2743 3189 oritur,
2792 3140 2895 3178 non
2938 3133 3190 3193 tanquam
3244 3126 3316 3178 ibi
3359 3125 3563 3190 habitet

2002 3220 2157 3283 Deus,
2202 3218 2354 3286 quasi
2401 3226 2619 3271 caeteras
2672 3216 2850 3269 mundi
2893 3223 3073 3285 partes
3114 3215 3429 3279 deseruerit,
3468 3214 3562 3282 qui

1997 3315 2191 3383 ubique
2218 3316 2459 3382 praesens
2476 3320 2579 3375 est,
2618 3328 2721 3365 non
2753 3311 2989 3365 locorum
3023 3309 3230 3379 spatiis,
3270 3308 3362 3362 sed
3398 3308 3573 3377 maje-v

1997 3408 2150 3461 statis
2174 3406 2411 3474 potentia
2442 3422 2453 3457 :
2484 3404 2576 3458 sed
2598 3412 2655 3457 ut
2678 3405 3028 3457 admoneatur
3055 3403 3268 3454 animus
3304 3400 3370 3453 ad
3405 3405 3560 3453 natué

1996 3514 2109 3551 ram
2142 3497 2572 3552 exetellentiorem
2601 3510 2657 3548 se
2683 3505 2994 3549 convertere
3014 3532 3029 3555 ,
3058 3492 3110 3545 id
3136 3500 3249 3553 est,
3277 3490 3341 3543 ad
3370 3489 3555 3551 Deum,

1995 3586 2086 3653 qui
2128 3592 2210 3639 est
2259 3584 2436 3636 lumen
2474 3596 2679 3651 verum,
2724 3579 3026 3637 illuminans
3062 3593 3263 3630 omnem
3301 3576 3559 3633 hominem

1994 3674 2271 3726 venientem
2317 3672 2371 3724 in
2417 3672 2552 3723 hunc
2591 3670 2841 3722 mundum
2888 3667 3065 3740 (Joan.
3117 3667 3186 3738 ι);
3230 3682 3352 3721 cum
3400 3666 3562 3720 homo

1995 3762 2168 3831 ipsum
2196 3775 2389 3833 corpus
2423 3774 2597 3823 suum,
2642 3758 2783 3827 quod
2815 3767 3083 3812 terrenum
3122 3766 3225 3821 est,
3267 3756 3334 3809 ad
3366 3771 3561 3824 corpus

1994 3848 2369 3912 excellentius,
2417 3848 2466 3903 id
2514 3855 2623 3917 est,
2671 3834 2977 3913 ad‘corpus
3016 3844 3230 3899 adeste
3274 3842 3560 3897 convertit.

1995 3940 2125 3994 Nam
2150 3941 2194 3994 si
2218 3932 2408 3995 omium
2435 3940 2573 3994 istud
2597 3936 2931 4004 corporeum,
2947 3931 3267 4007 quodoculis
3290 3933 3556 3998 videmus,

1996 4030 2416 4084 intellexerimus
2434 4040 2550 4079 esse
2582 4016 2963 4078 habitationem
2998 4021 3115 4089 Dei,
3155 4024 3443 4083 transitura
3482 4033 3564 4077 est

1993 4118 2250 4173 habitatio
2293 4118 2385 4172 Dei
2416 4131 2429 4170 :
2462 4115 2596 4181 Quia
2635 4113 2816 4191 caelum
2838 4114 2909 4168 'et
2944 4123 3082 4169 terra
3128 4102 3367 4173 transibit
3413 4113 3517 4185 [AL
3544 4153 3560 4177 ,

1993 4207 2305 4280 transibunt]
2346 4206 2558 4277 (Matth.
2587 4218 2735 4269 xxiv,
2760 4204 2872 4274 55).
2918 4202 3119 4257 Deinde
3163 4211 3448 4271 antequam
3469 4200 3564 4254 Ja-

1994 4314 2138 4359 ceret
2166 4303 2308 4357 Deus
2330 4302 2521 4357 ccelum
2547 4308 2601 4355 et
2631 4308 2851 4362 terram,
2877 4297 2965 4351 ubi
2998 4294 3320 4351 habitabat?
3354 4292 3458 4348 Sed
3482 4292 3563 4346 di-

1994 4397 2067 4450 cit
2093 4394 2323 4462 aliquis:
2349 4393 2415 4446 Et
2454 4398 2737 4458 antequam
2772 4387 3156 4468 laceret/Deus
3195 4393 3428 4447 sanctos,
3467 4383 3571 4459 ubi

364 4474 644 4537 exclusum;
671 4480 725 4527 et
751 4459 1244 4537 ideo’interiorem,
1279 4480 1340 4526 ut
1373 4473 1551 4526 omnia
1588 4462 1892 4537 contineat;

2000 4459 2309 4540 habitabat?
2328 4481 2424 4536 Cui
2460 4475 2885 4547 respondendum
2922 4459 3023 4539 est,
3066 4476 3119 4528 in
3159 4489 3217 4529 se
3260 4472 3559 4544 habitabat,

369 4567 473 4621 ideo
500 4563 833 4627 exteriorem,
860 4571 920 4615 ut
947 4550 1419 4631 incircumscriptre
1449 4560 1580 4633 [Αι.,
1613 4562 1897 4615 incircum-

318 4702 322 4706 .
370 4654 562 4727 scripta]
582 4652 961 4723 magnitudinis
983 4668 1093 4707 sua:
1114 4653 1470 4708 immensitate
1486 4653 1661 4707 omnia
1683 4650 1897 4706 conclu-

370 4746 465 4800 dat.
506 4744 597 4800 Per
626 4743 678 4798 id
706 4756 835 4812 ergo
870 4741 1012 4810 quod
1047 4743 1284 4815 exterior
1317 4751 1421 4808 est,
1450 4742 1747 4798 ostenditur
1781 4755 1896 4797 esse

356 4834 580 4897 creator;
605 4846 705 4902 per
731 4830 785 4885 id
809 4843 936 4883 vero
962 4825 1103 4903 quod
1129 4830 1366 4895 interior,
1398 4832 1694 4900 gubernare
1719 4831 1897 4886 omnia

375 4926 753 4982 demonstratur.
796 4923 875 4978 Ac
912 4936 980 4976 ne
1020 4932 1098 4976 cal
1122 4936 1245 4991 qua:
1268 4932 1448 4978 creata
1478 4934 1607 4981 sunt
1638 4928 1754 4982 sine
1792 4926 1897 4980 Deo

376 5027 542 5083 essent,
572 5017 709 5072 Deus
739 5019 877 5071 intra
904 5014 1079 5069 omnia
1106 5023 1217 5079 est;
1255 5021 1437 5067 verum
1462 5031 1529 5071 ne
1549 5027 1701 5072 extra
1732 5018 1897 5073 Deum

379 5116 550 5174 essent,
579 5109 719 5163 Deus
741 5108 975 5162 exterior
999 5116 1115 5172 est,
1136 5114 1195 5159 ut
1219 5105 1396 5159 omnia
1421 5105 1809 5161 concludantur
1830 5108 1898 5162 ab

383 5211 454 5260 eo,
476 5210 563 5250 non
582 5196 733 5251 locali
763 5196 1146 5272 magnitudine,
1173 5192 1263 5250 sed
1291 5195 1564 5265 potentiali
1590 5200 1895 5263 prtesentia,

384 5287 485 5359 quia
506 5284 624 5358 [ΑΛ.
643 5287 771 5359 qua]
794 5290 991 5360 ubique
1009 5303 1244 5357 praesens
1260 5296 1361 5347 est.
1384 5294 1438 5342 et
1456 5287 1632 5341 omnia
1658 5287 1731 5341 illi
1763 5305 1900 5357 pra:-

389 5375 554 5440 sentia;
584 5366 827 5445 quamvis
850 5378 1067 5445 quidam
1092 5377 1195 5433 hoc
1223 5377 1536 5447 intelligant,
1562 5376 1780 5446 quidam
1809 5394 1899 5433 ve-

390 5478 536 5521 ronon
554 5458 871 5535 intelligant;
894 5482 1021 5521 nam
1042 5483 1182 5525 caeco
1207 5469 1285 5523 sol
1314 5470 1506 5523 absens
1528 5474 1625 5528 est,
1655 5470 1899 5536 quamvis

344 5583 348 5588 -
392 5554 653 5621 titinsole,
681 5563 736 5609 et
770 5553 869 5609 soli
895 5552 1150 5624 presens.
1198 5557 1305 5613 Sed
1341 5559 1409 5614 de
1445 5558 1642 5614 talibus
1678 5557 1744 5612 de
1789 5557 1898 5614 Deo

395 5645 519 5704 dictis
532 5643 655 5699 nihil
680 5644 913 5699 humana
938 5659 1118 5712 mens,
1133 5647 1320 5703 localis
1337 5649 1423 5703 vel
1442 5648 1748 5719 temporalis
1774 5663 1894 5704 mu-

398 5725 640 5800 tabilitatis,
673 5734 871 5807 lingere
896 5735 979 5791 vel
1004 5738 1238 5808 cogitare
1264 5739 1426 5796 debet

1998 4574 2138 4641 apud
2164 4585 2222 4626 se
2244 4568 2536 4631 habitabat,
2568 4574 2621 4621 et
2651 4566 2789 4635 apud
2815 4579 2873 4619 se
2893 4556 2976 4619 εει
2995 4565 3157 4627 Deus,
3183 4566 3238 4618 et
3265 4563 3318 4616 in
3354 4578 3411 4617 se
3448 4577 3563 4615 ma-

1995 4671 2107 4715 net.
2152 4658 2257 4713 Sed
2296 4658 2415 4712 ideo
2451 4656 2647 4710 dicitur
2671 4655 2723 4708 in
2752 4654 2902 4708 caelis
2936 4654 3200 4717 habitare,
3229 4652 3355 4721 quia
3393 4650 3566 4720 major

1996 4750 2228 4821 cognitio
2249 4746 2382 4820 [Al.,
2407 4744 2628 4817 agnitio]
2655 4753 2736 4798 est
2764 4744 2816 4797 in
2842 4743 2996 4798 cmlis
3023 4743 3167 4799 illius
3204 4758 3426 4798 summze
3453 4760 3565 4799 ma-

1989 4841 2200 4913 jestatis
2221 4848 2274 4892 et
2299 4835 2543 4893 essentia
2563 4835 2617 4889 in
2640 4834 2861 4903 angelis,
2894 4834 2977 4887 vel
3013 4834 3068 4888 in
3115 4832 3318 4889 sanctis
3353 4832 3559 4886 anima-

1996 4933 2096 4987 bus
2133 4938 2457 4988 sanctorum.
2489 4942 2649 4997 quam
2687 4926 2743 4979 in
2771 4934 2915 4980 terra
2941 4924 3301 4979 habitantibus
3334 4922 3558 4987 sanctis,

1997 5027 2211 5091 propter
2237 5018 2549 5085 gravitatem
2578 5014 2707 5087 [Αι.,
2748 5011 3160 5085 gravitudinem]
3203 5011 3435 5066 carnalis
3472 5011 3565 5066 ha-

1996 5108 2288 5171 bitationis,
2317 5120 2436 5175 quae
2462 5105 2550 5158 vix
2578 5105 2838 5173 permittit
2858 5103 3090 5157 animam
3111 5100 3179 5154 ad
3201 5116 3399 5169 purum
3422 5099 3561 5154 veri-

1997 5202 2123 5257 tatis
2168 5199 2343 5253 lumen
2384 5195 2605 5274 Iavolare
2651 5193 2795 5266 [Αι.,
2833 5190 3067 5263 evolare]
3093 5208 3105 5243 :
3131 5191 3270 5246 sicut
3312 5191 3559 5247 dicitur:

1996 5289 2216 5358 Corpus,
2253 5285 2389 5358 quod
2419 5285 2789 5353 corrumpitur,
2822 5290 3072 5351 aggrauat
3108 5282 3358 5346 animam,
3391 5290 3440 5336 et
3470 5281 3561 5335 de-

1993 5378 2168 5448 primit
2202 5384 2405 5429 terrena
2449 5366 2755 5425 inhabitatio
2802 5386 3011 5424 sensum
3050 5370 3214 5423 multa
3251 5371 3561 5439 cogitatum

1997 5456 2161 5538 (δορί
2179 5481 2259 5529 ιι,
2290 5462 2396 5534 is).
2441 5460 2574 5514 Cum
2598 5459 2760 5528 igitur
2778 5468 2940 5514 exuta
2967 5462 3072 5515 erit
3093 5460 3272 5513 anima
3301 5459 3404 5511 hac
3418 5466 3562 5513 mor-

1998 5556 2086 5612 tali
2122 5553 2474 5615 habitatione,
2504 5559 2560 5605 et
2603 5565 2794 5605 sereno
2829 5549 3083 5604 reddetur
3116 5554 3399 5618 perpetuo,
3433 5556 3562 5604 tunc

1994 5645 2197 5701 videbit
2227 5643 2362 5698 facie
2398 5640 2464 5695 ad
2502 5636 2716 5701 faciem,
2751 5637 2893 5707 quod
2914 5651 3057 5691 nunc
3081 5650 3176 5707 per
3199 5634 3474 5705 speculum
3500 5636 3561 5691 in

1997 5738 2277 5807 :enigmate
2302 5730 2601 5789 considerat
2631 5727 2682 5800 (1
2711 5724 2831 5807 (lor.
2856 5741 2974 5791 sui,
3004 5725 3111 5796 12).

3236 72 3705 115 τέ-ιεξπ-ξπξς-ςῖλέὲέ,
3724 86 3785 115 ..⁵⁸
3816 82 3823 83 7
3854 84 3865 87 ἢ
3890 74 3925 109 ζᾼ
3996 72 4035 85 κγ
4072 72 4119 91 ἓῒ

1034 132 1065 141 μ
1910 130 1955 147 πνμ
1968 118 2241 149 Cia-6%“
2254 114 2387 139 ’πε-ρξ’
2606 116 2637 139 Τ..
2648 134 2669 139 ,-
2686 108 2891 141 MV
3504 84 3575 123 υνέῷ
3572 112 3641 125 μγ,-
3656 142 3659 143 ν
3694 118 3713 141 ἰ
3722 118 3737 121 μ
3782 100 3889 135 *ρο-
3888 96 4041 137 ..τρο-..υ
4052 94 4115 119 ,ιιι-⁴

2056 148 2059 149 7
2180 146 2319 152 ῌΫγμῦ
2404 149 2409 151 Δ
2542 150 2569 153 Ὗ
2598 146 2839 155 ᾼῌ-Ὶῌνξ
3406 160 3417 161 ί
3730 146 4137 168 m;,.~
