4228 6252
571 275 640 328 27
1409 281 1468 333 Β.
1509 283 1568 334 F.
1609 283 1832 336 ALBINI
1869 283 2000 337 εει]
2043 283 2163 336 ALtL

2157 283 2312 336 LL'INI
2351 283 2635 340 OPERU!
2668 284 2848 341 PARS
2883 287 2967 343 lll.
3482 336 3488 342 .
3741 293 3809 348 28

1171 394 1412 449 CAPUT
1445 397 1509 449 Vl

577 502 1090 580 Quanrris__li_anran)
1127 521 1270 556 inore
1305 504 1703 580 Scripturade
1717 507 1824 560 Deo
1859 507 2105 580 loquatur
2126 551 2142 572 ,

787 571 917 624 nihil
942 583 1113 625 tamen
1142 571 1558 628 comnmtationis
1585 578 1640 629 in
1671 577 1775 630 Deo
1800 571 1930 630 esse;

543 709 552 716 -
642 681 823 735 Sacra:
870 680 1164 750 Scriptura:
1210 685 1277 737 ad
1319 689 1743 751 cognoscendum
1779 687 1946 740 Deum
1990 689 2145 742 nobis

571 773 829 827 divinitus
854 787 951 840 per
973 781 1188 826 sanctos
1208 773 1456 827 doctores
1479 775 1879 838 administrate,
1911 791 1942 827 a
1975 784 2145 828 terre-

553 855 643 916 .no
669 872 719 915 et
749 864 982 916 humano
1004 877 1163 915 sensu
1188 863 1254 916 ad
1289 865 1525 918 divinum
1541 875 1603 918 et
1624 867 1897 919 cmlestem
1923 882 2020 919 nos
2039 866 2144 918 eri-

570 964 776 1023 gentes,
804 969 972 1022 usque
1001 955 1066 1006 ad
1089 970 1151 1007 ea
1181 956 1342 1007 verba
1367 953 1776 1019 descenderunt,
1816 958 2013 1025 quibus
2051 958 2143 1009 hu-

571 1061 728 1097 mana
757 1045 927 1096 utitur
953 1029 1278 1098 consuetudo
1311 1064 1324 1097 :
1361 1045 1431 1098 ita
1457 1046 1626 1099 etiam
1655 1055 1715 1099 ut
1755 1048 2142 1100 commotiones

570 1133 816 1186 humana:
858 1135 1071 1199 mentis,
1112 1143 1165 1188 et
1207 1136 1514 1203 passiones,
1562 1137 1644 1189 vel
1685 1135 1992 1190 alfeetiones
2030 1137 2141 1190 Deo
2191 1152 2195 1156 '

569 1225 898 1276 ascriberent
938 1223 1071 1292 HL,
1120 1225 1186 1277 de
1228 1227 1336 1278 Deo
1378 1226 1718 1296 scriberent],
1760 1227 1902 1281 sicut
1942 1227 2136 1292 zelare,

568 1314 746 1376 irasci,
772 1315 1115 1382 pmnituisse;
1147 1315 1345 1384 aliquid
1370 1332 1436 1370 ex
1467 1326 1707 1386 tempore
1731 1318 1864 1372 velle
1889 1319 1971 1371 vel
1997 1319 2138 1372 nolle

567 1407 733 1459 Deum
763 1405 1069 1478 [dicerent],
1099 1423 1217 1475 qua:
1241 1416 1365 1461 sunt
1389 1409 1634 1462 humana:
1661 1410 1854 1463 mentis
1875 1409 2139 1462 instabili-

563 1504 726 1557 tates,
755 1511 860 1548 non
889 1496 1081 1549 divina:
1101 1498 1403 1566 serenitatis
1423 1498 1842 1561 immutationes,-
1860 1514 1979 1566 quae
2003 1514 2140 1553 sem—

563 1599 662 1650 per
689 1583 829 1636 idem
855 1592 956 1637 est.
999 1584 1153 1650 Quod
1179 1601 1306 1653 ergo
1329 1585 1495 1638 Deum
1524 1584 1654 1656 [.«tl.,
1688 1586 1847 1656 Deus]
1878 1587 2034 1639 irasci
2065 1587 2140 1639 di-

561 1675 722 1737 citur,
748 1689 851 1727 non
875 1682 958 1728 est
977 1675 1301 1742 perturbata:
1325 1677 1518 1730 mentis
1544 1677 1729 1738 motio,
1761 1677 1886 1743 quia
1922 1676 2016 1729 Dei
2052 1676 2132 1729 ira

560 1852 677 1904 sine
699 1853 877 1921 aliqua
900 1867 1010 1905 sua:
1032 1853 1291 1922 simplicis
1318 1863 1523 1908 natura:
1543 1857 1894 1924 passibilitate
1915 1857 1998 1911 vel
2019 1874 2135 1926 per-

561 1944 884 2006 turbatione,
927 1945 1208 1997 autetiam
1246 1947 1634 2001 immutatione.
1693 1949 1766 2002 De
1801 1963 1867 2002 eo
1901 1965 2133 2019 namque

558 2034 757 2087 dicitur
781 2053 793 2086 :
823 2035 898 2088 Tu
925 2046 1097 2089 autent
1126 2037 1345 2091 Domine
1371 2040 1638 2105 virtutum,
1678 2058 1795 2093 cum
1827 2041 2129 2112 tranquilli-

557 2131 662 2175 tute
678 2123 890 2190 judicas
919 2122 1068 2193 (Sap.
1105 2141 1202 2186 xu,
1246 2126 1329 2196 l8)
1359 2129 1537 2194 :quod
1576 2138 1752 2182 autem
1786 2130 2132 2198 tranquillum

555 2221 658 2274 est,
687 2227 791 2265 non
815 2222 896 2266 est
918 2216 1308 2282 perturbatum.
1353 2215 1443 2270 Sic
1476 2217 1638 2270 etiam
1672 2227 1728 2269 et
1758 2218 1976 2271 humani
2009 2234 2132 2273 cor-

555 2304 705 2372 poris
733 2305 971 2356 membra
996 2305 1104 2357 Deo
1137 2307 1412 2360 ascribunt
1447 2305 1578 2373 [Al.,
1613 2307 2014 2379 ascribuntur];
2058 2309 2132 2364 Ii-

556 2403 646 2448 (θυι
673 2412 686 2422 ·
719 2393 911 2446 Manus
939 2404 1044 2446 tum
1075 2394 1306 2459 fecerunt
1334 2413 1414 2448 me
1455 2395 1625 2466 (Psal.
1667 2412 1856 2460 cxvrrr,
1895 2397 1986 2468 78)
2022 2416 2034 2451 :
2066 2399 2132 2453 Et

557 2486 788 2540 iterum:
817 2485 1107 2538 Ambulabo
1135 2487 1270 2539 inter
1310 2504 1432 2551 eos;
1469 2497 1524 2544 et
1563 2490 1756 2543 iterum
1788 2508 1802 2541 :
1833 2488 1986 2542 Oculi
2025 2490 2133 2542 Do-

558 2568 684 2627 rnini
707 2577 1068 2644 snperjustos,
1091 2587 1138 2628 et
1161 2595 1312 2631 aures
1340 2578 1451 2646 ejus
1474 2579 1528 2631 in
1547 2597 1722 2647 preces
1743 2597 1921 2633 eorum
1951 2578 2131 2649 (Psal.

560 2682 752 2729 xum,
784 2666 868 2736 l6)
896 2685 909 2718 :
937 2668 1063 2719 dum
1087 2652 1394 2741 omnimodo
1422 2669 1556 2721 nihil
1586 2670 1708 2733 tale,
1738 2671 1823 2723 vel
1852 2670 2132 2742 corporale

556 2757 623 2810 de
647 2755 755 2808 Deo
777 2742 931 2809 mens
949 2756 1178 2810 humana
1199 2766 1390 2824 putare
1413 2757 1588 2812 debet.
1616 2759 1747 2812 Tam
1771 2758 1906 2830 [ΑΛ.
1926 2762 2132 2856 tamen]

556 2844 851 2911 clementer
898 2845 1037 2898 Deus
1086 2846 1330 2900 humana:
1377 2848 1643 2902 consuluit
1687 2851 2025 2918 inﬁrmitati,
2071 2844 2131 2906 ut

554 2936 678 3002 quia
700 2949 842 2997 eum,
867 2935 1006 2989 sicut
1031 2945 1135 2999 est,
1167 2951 1270 2989 non
1293 2938 1558 3006 possimus
1581 2955 1870 3008 agnoscere
1889 2982 1906 3004 ,
1933 2948 2130 2995 nostra

555 3022 842 3077 locutionis
875 3039 1022 3077 more
1054 3025 1289 3093 seipsum
1325 3027 1480 3080 nobis
1503 3028 1764 3081 insinuari
1790 3029 1970 3092 vellet,
1995 3045 2128 3098 qua-

557 3122 716 3166 tenus
742 3115 810 3166 ad
831 3130 927 3167 sua
961 3130 1057 3183 per
1092 3125 1275 3169 nostra
1313 3131 1413 3171 nos
1443 3118 1704 3183 traheret,
1741 3128 1797 3172 et
1834 3118 1961 3173 dum
1999 3134 2129 3173 con—

555 3203 826 3256 descendit
865 3220 961 3271 per
997 3206 1250 3272 pietatem
1289 3216 1486 3261 nostrae
1523 3209 1838 3270 inlinnitati,
1879 3212 2130 3280 ascenda-

557 3305 678 3342 mus
711 3305 808 3342 nos
833 3305 929 3358 per
955 3291 1314 3359 intelligentia:
1343 3294 1631 3360 puritatem
1662 3297 1730 3350 ad
1759 3295 1906 3350 illum
1943 3312 2130 3352 sermn-

557 3381 685 3435 dum
705 3396 816 3435 sua:
837 3381 1034 3436 donum
1057 3383 1265 3450 gratiae.

1046 3493 1205 3562 717
1251 3492 1477 3571 QAPUT
1534 3494 1640 3548 vu.
1700 3551 1704 3553 .

663 3599 818 3663 Quod
841 3600 978 3653 Deus
1012 3603 1200 3671 ubique
1221 3604 1286 3655 sit
1313 3615 1471 3670 totus,
1493 3615 1742 3674 potestate
1766 3609 2018 3662 naturali.

623 3706 737 3764 Hoc
761 3710 990 3764 maxime
1019 3711 1314 3781 intelligere
1341 3714 1596 3768 debemus
1619 3725 1819 3769 sancta:
1845 3718 2125 3773 Trinitatis

551 3817 713 3855 unam
743 3802 1092 3871 eamdemque
1118 3810 1362 3855 naturam
1387 3802 1457 3855 ita
1481 3811 1648 3856 totum
1673 3805 1913 3873 implere,
1935 3804 2122 3859 utnon

551 3891 624 3943 sit
655 3891 855 3958 aliquid
890 3892 980 3944 ubi
1020 3906 1125 3944 non
1170 3893 1260 3945 sit.
1313 3890 1465 3945 Sicut
1498 3893 1806 3947 acutissime
1835 3894 2121 3962 quemdam

552 3977 941 4042 Christianum,
975 3980 1290 4048 philosopho
1333 3983 1696 4053 interrogante
1733 3983 1826 4038 ubi
1859 3992 1944 4039 est
1983 3983 2120 4057 [Al.,

551 4065 714 4136 esset]
746 4066 909 4131 Deus,
933 4070 1281 4138 respondisse,
1300 4071 1471 4125 fertur
1497 4091 1510 4126 :
1538 4074 1631 4129 Dic
1658 4083 1713 4127 tu
1745 4075 1914 4144 prius,
1941 4092 1975 4130 o
1998 4077 2118 4148 phi-

551 4156 795 4225 losophe,
839 4158 930 4212 ubi
974 4174 1083 4220 non
1108 4161 1198 4212 sit.
1249 4161 1384 4212 Tota
1422 4162 1600 4229 itaque
1635 4165 1888 4220 divinitas
1922 4167 2122 4234 ubique

550 4251 662 4296 tota
686 4252 789 4307 est,
819 4255 874 4298 et
899 4245 1044 4298 nullo
1066 4246 1370 4300 continetur
1390 4247 1523 4309 loco,
1551 4250 1674 4317 quia
1700 4266 1806 4304 non
1829 4262 1913 4305 est
1931 4253 2118 4308 l'ocalis

717 4353 731 4398 ;
777 4345 890 4390 tota
936 4337 1143 4392 scilicet
1184 4339 1238 4392 iu'
1281 4339 1609 4408 spiritalibus
1649 4350 1705 4395 et
1752 4344 2119 4410 corporalibus

546 4425 787 4493 singulis.
817 4434 871 4479 et
894 4434 1002 4481 tota
1024 4428 1183 4482 simul
1210 4429 1261 4482 in
1281 4430 1530 4485 omnibus
1551 4433 1831 4487 creaturis.
1881 4433 1992 4487 Nec
2021 4436 2116 4489 ad-
2145 4425 2190 4483 υ

547 4517 654 4570 huc
680 4517 745 4570 de
765 4517 938 4585 gratia
961 4518 1248 4587 loquimur,
1274 4535 1378 4589 qua
1411 4535 1470 4574 se
1499 4522 1732 4590 gratuito
1761 4536 1982 4577 munere
2016 4525 2116 4578 mi-

545 4612 854 4666 sericordia:
875 4629 987 4668 sua:
1011 4614 1280 4669 salvandis
1308 4617 1610 4672 hominibus
1643 4621 1845 4688 priebet
1869 4639 1884 4685 ;
1921 4623 2015 4675 sed
2049 4624 2117 4677 de

544 4712 754 4763 natura,
782 4719 888 4772 qua
914 4704 1055 4758 Deus
1077 4707 1256 4759 omnia
1283 4722 1403 4774 qua:
1427 4707 1572 4771 fecit,
1598 4717 1654 4764 et
1673 4711 1877 4777 implet,
1904 4721 1959 4766 et
1993 4728 2118 4766 eon-

545 4792 699 4856 tinet,
743 4793 1034 4848 secundum
1069 4810 1229 4862 quam
1274 4796 1404 4850 dicit
1431 4797 1672 4863 εβωιιιηι
1714 4810 1764 4852 et
1799 4810 1992 4853 terram
2023 4821 2114 4871 ego

545 4880 733 4948 impleo
760 4881 896 4950 (Jer.
927 4899 1087 4948 mn,
1114 4882 1226 4955 24).
1272 4885 1339 4940 Et
1369 4889 1662 4941 secundum
1688 4903 1847 4956 quam
1877 4891 1976 4957 ipsi
2007 4893 2116 4946 Deo

546 4968 738 5022 beatus
769 4971 935 5026 David
960 4974 1126 5028 dicit:
1154 4973 1270 5039 Quo
1296 4973 1380 5028 ibo
1407 4994 1441 5029 a
1475 4976 1673 5046 Spiritu
1701 4988 1789 5030 tuo
1812 4993 1832 5031 :
1853 4988 1900 5031 et
1925 4996 1957 5031 a
1982 4980 2118 5046 [acie

542 5070 635 5115 tua
658 5080 758 5130 quc
783 5067 981 5136 fugiant
1004 5069 1174 5138 (Psal.
1198 5086 1458 5136 cxxxvrrr,
1474 5073 1564 5144 7)?
1590 5075 1737 5128 Etde
1761 5074 1996 5139 Christo,
2021 5077 2112 5145 qui

544 5161 629 5204 est
650 5156 912 5222 sapientia
959 5160 1073 5224 Dei,
1113 5164 1311 5218 dicitur
1341 5184 1353 5218 :
1383 5164 1597 5234 Attingit
1637 5185 1670 5219 a
1707 5166 1812 5233 fine
1851 5184 2010 5237 usque
2044 5170 2115 5222 ad

543 5242 702 5333 ﬁnem
732 5246 958 5314 fortiter,
979 5262 1026 5303 et
1049 5253 1274 5324 disponit
1298 5259 1473 5310 omnia
1493 5260 1717 5311 suaviter
1734 5257 1884 5327 (Sap.
1901 5261 2109 5333 v1rr,l).

544 5332 618 5386 De
641 5333 844 5404 Spiritu
871 5355 1084 5410 quoque
1112 5355 1296 5399 sancto
1327 5347 1605 5417 Scriptura
1631 5357 1817 5404 sancta
1841 5349 1918 5403 sic
1939 5332 2112 5421 loqui-
2138 5375 2142 5378 ·

545 5427 829 5508 “inQui:
869 5430 1100 5501 Spiritus
1149 5434 1358 5490 Domini
1396 5439 1598 5508 replevit
1636 5441 1809 5493 orbem
1853 5450 2110 5495 terrarum

545 5507 693 5580 (δίῳ.
723 5529 766 5578 r,
791 5517 867 5588 7).
915 5521 1151 5579 Trinitas
1181 5525 1380 5595 itaque,
1410 5507 1528 5597 qua:
1553 5539 1637 5584 est
1664 5530 1804 5584 Deus
1830 5546 1987 5598 unus,
2016 5549 2108 5588 ve-

617 5635 645 5664 ι
679 5623 880 5687 Encas
906 5633 1075 5693 Paris.
1105 5655 1221 5711 cap.
1249 5643 1335 5697 82.

2209 1218 2217 1223 ,
2241 1170 2455 1225 natura,
2483 1178 2585 1230 qua
2611 1177 2703 1217 eos
2732 1161 2860 1216 facit

2164 401 2211 455 Α
2241 411 2350 458 rus,
2378 406 2434 450 et
2461 397 2652 462 bonus,
2686 409 2936 463 aeternus,
2969 401 3440 469 incommutabilis,
3471 406 3670 475 ubique
3691 417 3805 464 tota

2245 493 2330 537 est
2369 487 2661 540 secundum
2699 488 3109 543 immensitatein
3160 501 3321 560 atque
3363 484 3804 561 omnipotentiam

2245 575 2566 638 naturalem,
2593 577 2838 644 quamvis
2857 593 2964 631 non
2986 578 3247 634 inhabitet
3270 581 3324 634 in
3351 583 3599 637 omnibus
3617 599 3802 640 secun-

2247 663 2376 716 dum
2398 665 2584 733 gratiae
2603 665 2930 735 largitatem.

2825 779 3054 835 CAPUT
3096 780 3204 834 Vlll

2246 887 2401 970 Quod
2445 887 2586 943 Deus
2629 890 2782 944 aliter
2816 891 2873 944 in
2907 893 3102 973 sanctis
3139 893 3229 958 sit,
3265 892 3418 947 aliter
3452 897 3807 960 peccatoribus

2303 967 2307 970 ’
2921 967 3116 1029 pra'sit.

2310 1073 2451 1127 Deus
2493 1088 2624 1143 ergo
2668 1073 2826 1127 bonis
2872 1081 3063 1128 natura
3107 1075 3447 1144 propinquat,
3491 1085 3548 1132 et
3590 1077 3800 1146 gratia:

2933 1149 3172 1229 omines;
3213 1167 3408 1235 gratia,
3447 1183 3552 1236 qua
3587 1153 3805 1224 eosdem

2237 1261 2548 1318 peccatores
2567 1251 2861 1320 justiﬁeat.-
2879 1251 3123 1324 ﬂatura,
3153 1269 3257 1321 qua
3285 1270 3380 1311 eos
3407 1273 3473 1311 ex
3501 1258 3808 1316 hominibus

2238 1344 2387 1396 nasci
2410 1360 2424 1406 ;
2455 1344 2648 1412 gratia,
2678 1359 2783 1412 qua
2811 1344 2901 1411 dat
2927 1345 3008 1398 eis
3029 1353 3346 1414 potestatem
3373 1347 3508 1403 ﬁlios
3532 1349 3622 1402 Dei
3643 1349 3802 1421 ﬁeri].

2239 1431 2458 1496 Natura,
2486 1449 2591 1501 qua
2616 1432 2746 1486 facit
2766 1439 2824 1486 ut
2843 1434 3054 1499 vivant;
3093 1437 3287 1502 gratia,
3325 1452 3429 1505 qua
3465 1438 3592 1492 facit
3625 1449 3681 1494 ut
3717 1456 3805 1496 so-

2236 1520 2354 1576 brie
2383 1520 2546 1592 [justo
2577 1521 2774 1595 et’pie]
2815 1523 3014 1576 vivant.
3058 1524 3281 1590 Natura,
3317 1541 3419 1595 qua
3455 1540 3548 1582 eos
3583 1527 3712 1582 facit
3749 1530 3802 1583 in

2237 1612 2340 1666 hoc
2366 1613 2566 1665 mundo
2593 1628 2758 1681 parvo
2795 1620 3035 1682 tempore
3067 1630 3312 1679 manere;
3343 1619 3534 1685 gratia,
3570 1634 3676 1688 qua
3709 1635 3804 1675 eos

563 1705 578 1724 ¹
598 1705 722 1737 ἰιην
749 1705 851 1727 ¹¹υ¹·
875 1705 958 1728 εδ*
979 1705 1301 1742 l’c“"~""‘“‘lc
1325 1705 1518 1730 ¹¹¹ι⁵¹¹ι¹³
1544 1705 1729 1738 ¹¹³υ⁸¹υν
1761 1705 1886 1743 Ψ³¹⁴³
1922 1705 2016 1729 π’
2052 1705 2132 1729 ¹¹⁴
2237 1705 2366 1760 facit
2388 1707 2440 1758 in
2463 1707 2601 1761 οωΙο
2627 1708 2744 1760 sine
2767 1706 2871 1761 line
2895 1723 3140 1777 regnare.
3179 1709 3234 1761 In
3265 1711 3417 1765 malis
3443 1727 3570 1765 vero
3589 1712 3701 1768 sola
3723 1722 3806 1767 est

563 1780 668 1817 non
694 1776 773 1816 est
794 1765 1059 1832 passibilis
1077 1765 1218 1818 sicut
1239 1765 1488 1819 hominis.
1514 1766 1769 1821 Irascitur
1791 1769 1970 1835 itaque
1991 1769 2132 1822 Deus
2163 1732 2210 1792 Β
2234 1797 2331 1850 Dei
2373 1797 2708 1851 immensitas
2741 1805 2901 1851 “(me
2941 1801 3324 1851 omnimmnua
3370 1769 3646 1851 mam";
3697 1819 3800 1851 ml,

2741 1805 2901 1866 atque
2941 1801 3324 1868 omnipotentia
3370 1803 3646 1865 naturalis,
3697 1819 3802 1872 qua

2232 1899 2326 1938 eos
2357 1883 2489 1939 facit
2513 1888 2655 1950 esSe,
2685 1886 2885 1949 vivere,
2913 1895 3073 1954 atque
3095 1889 3314 1951 sentire,
3347 1890 3634 1945 rationales
3657 1907 3800 1959 esse,

2232 1974 2460 2030 liberum
2492 1991 2706 2044 quoque
2727 1978 2929 2032 habere
2956 1979 3244 2034 voluntatis
3270 1981 3580 2047 arbitrium;
3618 1985 3713 2040 sed
3738 1984 3803 2040 li-

2231 2065 2442 2131 berum,
2472 2083 2579 2121 non
2600 2067 2904 2122 liberatum.
2944 2068 3195 2123 Liberum
3215 2071 3356 2123 enim
3380 2074 3661 2128 arbitrium
3684 2090 3800 2129 ma-

2230 2165 2343 2220 net,
2369 2158 2532 2211 etiam
2560 2158 2774 2212 nuncin
2801 2159 3108 2222 hominibus
3136 2159 3266 2230 [Al.,
3291 2163 3559 2234 omnibus]
3587 2179 3684 2232 per
3707 2181 3803 2219 na-

2229 2257 2437 2313 turam,
2468 2250 2611 2317 quod
2637 2249 2689 2302 in
2715 2249 2909 2318 quibus
2929 2250 3164 2304 voluerit
3191 2251 3330 2307 Deus
3349 2294 3364 2316 ,
3396 2255 3644 2323 dignatur
3671 2256 3801 2310 libe-

2230 2357 2353 2396 rare
2376 2357 2472 2410 per
2491 2342 2740 2410 gratiam,
2765 2355 2830 2394 ne
2858 2341 3053 2394 malam
3082 2343 3314 2398 habeant
3342 2344 3686 2399 voluntatem.
3710 2347 3789 2400 Ex

2228 2448 2338 2502 quo
2374 2433 2518 2486 enim
2561 2433 2767 2501 primus
2786 2429 2957 2487 homo
2993 2432 3162 2509 libero
3199 2433 3422 2486 arbitrio
3466 2435 3802 2491 venundatus

2228 2533 2312 2578 est
2345 2525 2446 2578 sub
2470 2533 2711 2592 peccato,
2749 2525 2868 2579 ideo
2891 2525 3032 2578 mala
3058 2526 3219 2594 etrapit
3244 2539 3362 2579 esse
3387 2525 3606 2580 libertas
3631 2528 3802 2582 homi-

2228 2615 2334 2677 nis,
2363 2616 2488 2682 quia
2515 2616 2616 2683 ipsi
2640 2614 2808 2667 libero
2830 2614 3055 2668 arbitrio
3079 2601 3254 2669 ablata
3280 2622 3363 2668 est
3388 2615 3599 2670 bonitas
3617 2616 3801 2671 volun—

2219 2703 2376 2766 tatis,
2403 2719 2566 2772 quam
2591 2703 2783 2756 exinde
2809 2717 2966 2756 nemo
2995 2717 3028 2756 a
3057 2695 3457 2771 seipso-hahere
3479 2706 3670 2773 potuit,
3697 2705 3798 2760 nisi

2229 2791 2400 2860 gratia
2443 2791 2636 2866 divina:
2670 2791 3049 2846 misericordiae
3085 2793 3298 2862 adjutus
3332 2793 3638 2858 habuisset;
3684 2795 3800 2850 sine

2227 2881 2381 2950 cujus
2407 2879 2671 2948 adiutorio
2689 2879 2912 2935 liberum
2935 2883 3215 2937 arbitrium
3245 2898 3346 2938 nec
3366 2885 3603 2938 converti
3626 2893 3802 2953 potest

2229 2973 2297 3026 ad
2332 2973 2531 3038 Deum,
2557 2988 2658 3026 nec
2687 2973 2948 3041 prolicere
2983 2973 3037 3026 in
3074 2974 3201 3029 Deo.
3249 2974 3544 3043 Utrumque
3581 2977 3801 3032 credere

2150 3067 2199 3129 ο
2228 3062 2486 3116 debemus
2506 3103 2520 3124 ,
2561 3071 2618 3116 et
2641 3063 2871 3132 gratiam
2897 3063 3022 3127 Dei,
3051 3071 3107 3117 et
3137 3061 3367 3118 liberum
3393 3058 3674 3120 arbitrium
3703 3068 3800 3122 ho-

2230 3149 2411 3203 minis.
2437 3148 2495 3202 Si
2521 3165 2650 3218 ergo
2684 3165 2788 3204 non
2817 3158 2902 3204 est
2924 3150 3019 3204 Dei
3052 3149 3241 3221 gratia,
3267 3154 3532 3221 quomodo
3561 3155 3800 3209 salvatur

2229 3241 2496 3294 mundus?
2530 3240 2597 3294 Et
2624 3242 2668 3295 si
2699 3257 2804 3296 non
2827 3250 2910 3298 est
2936 3241 3164 3299 liberum
3193 3245 3503 3313 arbitrium,
3531 3248 3798 3315 quomodo

2220 3328 2551 3400 iudicabitur
2571 3334 2838 3389 mundus?

2830 3446 3056 3504 CAPUT
3098 3448 3190 3503 IX.
3263 3486 3266 3496 .

2566 3536 2639 3591 De
2664 3538 2956 3593 diversitate
2977 3557 3156 3594 eorum
3183 3559 3299 3611 qua:
3320 3550 3460 3596 sunt.

2297 3649 2468 3705 Omne
2496 3650 2639 3717 quod
2666 3657 2781 3714 est,
2811 3658 2904 3704 aut
2932 3667 3140 3719 semper
3168 3651 3300 3715 fuit,
3327 3663 3382 3706 et
3410 3667 3514 3706 non
3545 3666 3663 3708 esse
3687 3668 3796 3710 εω-

2223 3738 2334 3806 pit;
2361 3747 2456 3792 aut
2476 3753 2582 3798 non
2606 3753 2819 3806 semper
2841 3738 2975 3803 fuit,
2995 3730 3055 3792 'ct
3077 3754 3197 3794 esse
3225 3743 3410 3810 capit.
3438 3743 3588 3808 Quod
3615 3745 3796 3814 itaque

2222 3842 2328 3880 non
2356 3827 2521 3895 erepit
2547 3841 2686 3891 esse,
2714 3829 2805 3880 sed
2835 3843 3048 3898 semper
3070 3829 3202 3895 fuit,
3228 3834 3372 3888 solus
3396 3836 3538 3889 Deus
3566 3846 3669 3900 est,
3692 3838 3796 3890 Pa-

2222 3925 2326 3980 ter,
2362 3925 2416 3970 et
2447 3916 2651 3982 Filius,
2689 3927 2744 3972 et
2780 3917 3011 3987 Spiritus
3057 3932 3303 3989 sanctus;
3343 3926 3483 3993 quod
3520 3943 3648 3982 vero
3675 3945 3798 3985 esse

2221 4007 2403 4074 carpit,
2431 4008 2606 4062 omnis
2626 4014 2709 4062 est
2732 4015 3002 4062 creatura.
3024 4010 3146 4065 ldeo
3169 4013 3221 4065 in
3246 4029 3424 4069 rerum
3449 4021 3656 4074 naturis
3681 4021 3794 4076 haec

2219 4096 2325 4152 duo
2361 4107 2567 4152 tantum
2604 4106 2765 4165 sunt,
2805 4100 2860 4155 id
2905 4110 2988 4156 est
3028 4113 3259 4170 creator,
3285 4115 3642 4164 ct‘ereatura.
3689 4114 3794 4168 Sed

2219 4187 2362 4267 quod
2385 4203 2598 4257 semper
2625 4190 2726 4244 fuit
2760 4201 2817 4244 et
2848 4206 3062 4260 semper
3085 4203 3198 4258 est,
3238 4204 3334 4249 aut
3369 4197 3663 4266 ingenitum
3690 4212 3790 4263 est,

2219 4287 2312 4330 aut
2338 4280 2606 4345 genitum;
2640 4289 2732 4332 aut
2773 4282 2871 4334 nec
2916 4283 3234 4352 ingenitum,
3279 4303 3378 4342 nec
3419 4294 3677 4360 genitum.
3727 4294 3792 4346 Et

2221 4377 2346 4424 sunt
2374 4371 2487 4424 haec
2521 4372 2624 4424 tria
2646 4371 2974 4427 aiterna'liter
2997 4376 3119 4429 tria.
3142 4388 3166 4416 ο
3196 4377 3346 4451 Quod
3372 4381 3664 4452 ingenitum
3687 4394 3786 4448 est,

2217 4457 2377 4513 Pater
2402 4470 2484 4513 est
2512 4460 2687 4523 solus,
2717 4462 2842 4528 quia
2877 4479 2909 4516 a
2957 4465 3101 4520 nullo
3148 4482 3268 4522 esse
3311 4470 3474 4524 habet
3506 4473 3648 4538 quod
3684 4480 3787 4527 est.

2216 4550 2319 4603 nisi
2345 4565 2377 4602 a
2405 4551 2610 4617 seipse;
2648 4551 2788 4618 quod
2810 4553 3045 4621 genitum
3067 4565 3169 4620 est,
3199 4559 3365 4612 Filius
3389 4569 3492 4622 est,
3518 4561 3657 4613 cuia
3687 4559 3790 4612 Pa-

2214 4647 2299 4692 tre
2325 4647 2407 4693 est
2431 4654 2550 4692 esse
2576 4639 2716 4708 quod
2745 4648 2858 4705 est;
2885 4645 3027 4711 quod
3071 4661 3197 4701 vero
3235 4663 3336 4702 nec
3379 4648 3674 4715 ingenitum
3706 4659 3790 4702 est

2216 4746 2318 4786 nec
2344 4731 2604 4801 genitum,
2637 4731 2866 4801 Spiritus
2891 4745 3109 4790 sanctus
3132 4746 3237 4802 est,
3263 4739 3346 4792 cui
3376 4746 3461 4809 est
3484 4754 3605 4792 esse
3632 4755 3662 4792 a
3691 4740 3790 4793 Pa-

2218 4828 2304 4886 tre
2329 4828 2386 4873 et
2413 4820 2549 4875 Filio
2576 4825 2887 4892 procedere.
2913 4827 2982 4880 Et
3002 4829 3116 4882 hac
3144 4829 3248 4881 tria
3268 4827 3505 4881 Trinitas
3530 4839 3612 4883 est
3639 4846 3786 4896 vera,

2221 4910 2690 4967 eonsubstantialis
2709 4922 2766 4967 et
2788 4923 3070 4970 coaeterna.
3092 4915 3228 4981 Quia
3256 4916 3416 4984 igitur
3434 4918 3575 4973 aliud
3595 4930 3679 4975 est
3698 4938 3789 4992 ge-

2220 5001 2420 5066 nuisse,
2441 5019 2601 5072 quam
2629 5012 2811 5056 natum
2839 5020 2991 5068 esse;
3021 5004 3163 5057 aliud
3185 5012 3268 5057 est
3295 4993 3604 5075 procedere,
3624 5028 3785 5080 quam

2220 5092 2383 5162 718
2430 5095 2706 5162 genuisse,
2742 5093 2827 5148 vel
2867 5101 3048 5145 natum
3096 5087 3215 5148 esse
3262 5113 3275 5148 :
3326 5099 3667 5158 manifestum
3703 5112 3787 5157 est

2217 5184 2470 5252 quoniam
2500 5183 2634 5256 [Αι.,
2658 5182 2948 5253 quomodo]
2970 5182 3107 5238 alius
3126 5193 3210 5238 est
3234 5185 3412 5255 Pater,
3436 5192 3571 5248 alius
3595 5195 3780 5261 Filius,

2217 5276 2353 5331 alius
2391 5277 2626 5346 Spiritus
2664 5284 2897 5330 sanctus.
2941 5277 3176 5334 Trinitas
3212 5281 3389 5353 itaque
3423 5288 3491 5340 ad
3525 5304 3785 5357 personas

2213 5369 2418 5434 Patris,
2444 5377 2503 5423 et
2529 5369 2685 5430 Filii,
2711 5377 2767 5421 et
2807 5366 3037 5436 Spiritus
3075 5375 3242 5428 sancti
3282 5377 3512 5432 refertur
3540 5397 3553 5430 :
3595 5379 3784 5434 Unitas

2213 5460 2281 5513 ad
2310 5467 2554 5513 naturam
2579 5465 2791 5510 aeterna:
2832 5459 3054 5514 Deitatis
3078 5467 3325 5533 pertinet.
3363 5468 3530 5524 Porro
3553 5471 3779 5540 plurima

2213 5550 2266 5602 in
2289 5550 2369 5604 eis
2392 5563 2510 5618 qua:
2548 5545 2686 5599 facta
2718 5557 2860 5612 sunt,
2893 5558 2946 5603 et
2973 5565 3037 5605 ex
3069 5562 3306 5624 tempore
3332 5567 3609 5629 coeperunt
3643 5557 3776 5630 [ΑΛ.
