4192 6214
522 282 585 339 3i
1341 276 1399 329 Β.
1444 276 1504 329 F.
1545 271 1769 328 ALBlNl
1807 268 1936 326 εει]
1975 261 2091 321 ΑΒ(

2191 224 2570 319 aliorsum
2602 257 2780 321 PARS
2816 256 2901 311 ιιι.
3689 246 3762 305 ss

519 402 703 457 l‘atre.
730 398 919 456 Restat
942 400 1117 467 itaque
1138 405 1194 450 ut
1216 396 1391 449 anima
1414 394 1615 447 Christi
1646 389 1905 459 Spiritum
1934 396 2087 437 acce—
2116 386 2165 438 Α
2190 385 2355 445 atque
2380 376 2539 430 idem.
2582 354 2649 429 Et
2677 374 2779 428 hoc
2802 380 2995 467 totum
3034 368 3276 439 simplex,
3321 376 3491 467 totum
3545 365 3732 422 Unitas

521 492 683 561 perit,
724 505 883 560 quem
903 498 1078 543 tamen
1124 502 1228 542 non
1260 486 1325 539 ad
1350 498 1655 539 mensuram
1686 479 1910 548 accepit,
1950 474 2077 544 quia

522 592 691 635 totum
736 581 961 649 accepit.
1005 578 1102 634 Ubi
1135 580 1279 631 enim
1306 590 1556 630 mensura
1591 573 1789 626 dicitur
1825 584 1927 627 non
1954 579 2095 627 esse,

518 673 792 741 plenitudo
822 670 1161 741 perfectionis
1186 679 1240 723 et
1266 669 1527 738 perfectio
1556 663 1903 734 plenitudinis
1947 661 2097 714 inve-

521 763 685 816 nitur.
714 760 815 815 Ροιι·
837 776 994 830 quam
1022 760 1185 814 etiam
1214 759 1594 828 plenitudinem
1619 753 1899 825 [Spiritus,
1925 748 2098 819 pleni-

521 851 781 922 tudinem]
810 853 1001 906 divina:
1027 848 1348 919 cognitionis
1382 848 1581 901 habere
1603 842 1943 897 manifestum
1969 846 2091 892 est:

519 943 571 995 in
596 950 855 1011 quantum
878 941 1021 995 enim
1052 940 1273 993 cuilibet
1317 944 1626 991 sanctorum
1654 932 1888 1002 Spiritus
1912 930 2088 991 datur,

518 1034 572 1085 in
603 1042 807 1087 tantum
835 1031 1068 1102 cegnitio
1110 1028 1417 1083 Divinitatis
1454 1026 1717 1094 accipitur
1758 1023 1828 1077 ab
1844 1036 1930 1075 eo.
1974 1018 2092 1073 Non

517 1123 663 1175 enim
689 1123 1058 1175 :estimandum
1085 1131 1166 1175 est
1205 1120 1403 1173 anima!
1428 1118 1646 1177 Christi,
1668 1114 1723 1169 in
1754 1114 1933 1183 aliquo
1972 1110 2090 1181 ple-

515 1228 639 1265 nam
671 1212 975 1266 Divinitatis
1002 1212 1185 1266 deesse
1218 1210 1482 1270 notitiam,
1541 1206 1693 1274 cujus
1715 1220 1819 1259 una
1856 1212 1940 1257 est
1962 1216 2091 1271 pera

514 1318 645 1357 suna
695 1303 1037 1362 cumVerbo,
1069 1315 1230 1369 quam
1267 1300 1345 1353 sic
1398 1297 1671 1368 Sapientia
1723 1292 1976 1361 suscepit,
2031 1298 2092 1343 ut

513 1407 635 1446 cum
666 1393 779 1457 ipsa
810 1390 1088 1446 divinitate
1114 1406 1209 1445 sua
1238 1405 1344 1443 una
1367 1389 1438 1442 sit
1459 1387 1514 1440 in
1548 1385 1812 1439 Trinitate
1836 1394 2086 1451 persona,

514 1481 568 1535 id
612 1491 715 1545 est,
765 1482 1011 1536 Christus
1034 1481 1342 1541 crucifixus,
1370 1492 1530 1546 quem
1564 1474 1658 1529 Dei
1686 1475 1939 1527 virtutem
1969 1471 2090 1525 Dei-

512 1586 617 1639 quc
670 1573 984 1642 sapientiam
1027 1570 1223 1623 Paulus
1270 1567 1545 1639 apostolus
1592 1565 1851 1635 praedicat
1889 1561 1940 1634 (I
1961 1560 2085 1615 Cor.

513 1680 553 1725 ι,
586 1663 698 1734 24).
1654 1671 1661 1678 ’

1125 1774 1349 1831 CAPUT
1379 1772 1494 1827 XII.

512 1870 574 1924 Si
602 1871 776 1922 anima
799 1869 989 1922 Christi
1009 1868 1213 1936 plenum
1239 1867 1389 1919 habet
1414 1864 1703 1936 divinitatis
1726 1858 2088 1936 cognitionem,

579 1940 833 1998 tummodo
861 1927 1053 1999 dicitur
1092 1938 1144 1988 in
1172 1936 1472 2005 Evangelia,
1524 1932 1723 1986 Filium
1751 1927 2093 1983 nescirediem

572 2010 763 2079 jndirii
789 2009 979 2077 (.llarc.
1012 2023 1131 2071 xm,
1160 2007 1273 2077 5‘2).

577 2122 633 2174 In
687 2119 982 2188 Seripturis
1029 2117 1232 2171 sanctis
1262 2131 1427 2185 genus
1466 2123 1549 2168 est
1604 2110 1909 2173 locutionis,
1950 2108 2093 2176 quod

509 2212 647 2281 apud
695 2208 1074 2275 grammaticos
1100 2206 1423 2276 metonymia
1466 2204 1689 2266 dicitur,
1722 2202 1774 2255 id
1802 2209 1907 2264 est,
1964 2198 2090 2253 dum

510 2314 607 2368 per
662 2297 981 2351 ellieientem
1041 2296 1353 2363 designatur
1393 2294 1445 2347 id
1488 2292 1630 2362 quod
1679 2290 1926 2345 efficitur.
1982 2288 2095 2343 Hoc

510 2392 652 2443 enim
692 2403 887 2459 genere
936 2388 1220 2442 locutionis
1268 2388 1406 2441 Deus
1455 2386 1662 2440 nescire
1704 2385 1917 2449 dicitur,
1968 2382 2091 2452 quia

509 2480 813 2545 nescientes
847 2477 1002 2539 facit;
1056 2478 1218 2531 etiam
1263 2482 1315 2531 et
1338 2476 1475 2531 scire
1523 2475 1664 2528 Dens
1695 2474 1913 2537 dicitur,
1964 2473 2090 2541 quia

508 2571 738 2622 scientes
768 2570 915 2632 facit,
969 2573 1105 2624 sient
1136 2571 1397 2640 scripturn
1427 2580 1505 2623 est
1546 2587 1556 2621 :
1591 2568 1770 2621 Tentat
1794 2585 1880 2620 ros
1911 2566 2091 2619 Domi-

510 2676 606 2711 nns
637 2660 769 2712 Dens
793 2671 971 2723 rester,
1001 2671 1055 2711 ut
1087 2662 1239 2721 sciat,
1278 2662 1321 2710 si
1351 2659 1579 2727 diligatis
1602 2674 1721 2710 eum
1745 2656 1941 2724 (Exod.
1975 2671 2087 2719 xvr,

506 2748 571 2809 ις
624 2750 774 2803 Deut.
803 2767 921 2813 xm,
963 2752 1038 2819 3).
1088 2750 1201 2802 Non
1250 2750 1390 2802 enim
1425 2750 1501 2803 sic
1544 2748 1949 2817 intelligendum
1978 2757 2082 2809 est,

507 2843 661 2910 quasi
714 2843 851 2895 Deus
879 2843 1081 2895 nesciat
1128 2842 1170 2893 si
1208 2841 1430 2909 diligant
1472 2857 1616 2903 eum,
1667 2840 1733 2893 de
1758 2840 1954 2908 quibus
1983 2839 2084 2891 hoc

507 2934 706 2987 dicitur
737 2952 747 2985 :
802 2934 894 2986 sed
919 2942 971 2985 ut
1002 2933 1071 2984 illi
1106 2933 1201 3001 ipsi
1244 2933 1438 2995 sciant,
1478 2939 1735 3000 quantum
1790 2934 1844 2986 in
1873 2932 2085 3000 Domini

507 3024 789 3076 tlilectimie
818 3022 1137 3093 profecerim
1190 3022 1322 3092 [.ll.,
1366 3020 1745 3094 proficerent];
1786 3023 1926 3091 quod
1983 3021 2083 3074 nisi

511 3113 897 3165 tentationibus
941 3127 1057 3179 qum
1085 3112 1352 3175 accidunt,
1417 3128 1524 3166 non
1558 3114 1710 3183 plene
1739 3114 1805 3166 ab
1853 3111 2085 3166 homini-

507 3199 610 3252 bus
637 3201 962 3267 agnoscitur.
998 3202 1059 3253 Et
1096 3202 1266 3269 ipsum
1290 3212 1475 3265 tentat,
1508 3219 1603 3270 pro
1638 3219 1703 3257 eo
1723 3204 1956 3272 positum
1984 3209 2086 3263 est,

512 3292 655 3357 quod
688 3293 878 3344 tentari
912 3293 1069 3345 sinat.
1106 3292 1195 3347 Sic
1223 3302 1277 3346 et
1303 3310 1422 3346 cum
1444 3295 1646 3348 dicitur
1666 3297 1872 3350 nescire
1897 3296 2088 3357 Deum,

512 3390 603 3433 aut
643 3398 738 3450 pro
769 3398 832 3434 eo
857 3383 1053 3435 dicitur
1097 3382 1239 3453 quod
1266 3398 1370 3437 nun
1398 3384 1681 3453 approbat,
1733 3387 1875 3439 sicut
1911 3385 2090 3453 impiis

508 3470 753 3526 dieturns
784 3482 864 3526 est
903 3492 913 3525 :
960 3472 1148 3535 Nescio
1176 3492 1261 3528 vos
1292 3474 1508 3543 (Matth.
1540 3492 1665 3545 xxv,
1698 3477 1817 3548 12);
1880 3486 1973 3530 aut
1994 3491 2091 3546 pro

515 3577 578 3614 eo
602 3563 742 3629 quod
794 3563 995 3617 utiliter
1020 3566 1323 3619 nescientes
1352 3564 1501 3631 facit,
1553 3569 1665 3621 sive
1693 3569 1857 3622 etiam
1889 3584 1985 3638 pro
2026 3583 2091 3622 eo

514 3654 654 3722 quod
678 3666 781 3705 non
805 3661 885 3705 est
912 3662 1116 3721 tempus
1141 3655 1365 3719 sciendi,
1400 3658 1538 3710 sicut
1564 3656 1616 3710 in
1648 3659 1937 3729 Evangelia
1963 3659 2093 3714 dici—

515 3755 631 3796 tur:
664 3743 737 3795 De
760 3744 843 3796 die
864 3752 911 3795 et
938 3743 1064 3795 hora
1079 3759 1224 3796 nemo
1246 3746 1364 3807 scit,
1389 3762 1550 3814 neque
1567 3748 1737 3815 angeli
1760 3747 1981 3821 in‘raelo,
2006 3765 2094 3802 ne-

515 3853 613 3905 que
631 3833 797 3888 Filius
822 3836 984 3904 720
1005 3835 1103 3888 nisi
1122 3835 1281 3888 Pater
1306 3835 1519 3905 (.llntth.
1543 3853 1664 3901 xm,
1681 3837 1792 3907 5‘2).
1819 3836 1932 3891 Hoc
1952 3830 2093 3891 enim

513 3941 711 3995 genere
738 3925 1023 3977 locutionis
1049 3928 1258 3980 nescire
1287 3927 1485 3981 dicitur
1500 3927 1687 3992 Filius,
1706 3928 1829 3997 quia
1858 3929 2098 3983 nescien-

514 4023 598 4068 tes
644 4014 792 4078 feeit,
825 4016 965 4083 quod
1016 4016 1145 4070 utile
1176 4018 1281 4072 illis
1306 4018 1404 4073 fuit
1446 4022 1679 4087 nescire,
1726 4022 1779 4077 id
1825 4032 1925 4085 est,
1955 4024 2097 4091 quod

469 4169 473 4172 g
516 4120 621 4156 non
656 4105 727 4157 ita
774 4105 998 4167 sciebat,
1050 4113 1109 4157 ut
1134 4119 1226 4158 eos
1271 4108 1411 4160 seire
1456 4107 1691 4163 fecisset.
1746 4109 1881 4175 Quia
1913 4110 2098 4164 utilius

517 4196 623 4249 illis
670 4194 770 4248 fuit
790 4194 931 4249 diem
952 4193 1141 4261 judicii
1177 4196 1386 4253 nescire
1414 4211 1576 4264 qnam
1600 4199 1763 4261 scire,
1796 4208 1856 4252 ut
1884 4212 2098 4267 semper

516 4286 689 4352 parati
742 4292 924 4339 essent
973 4273 1035 4337 et
1093 4283 1407 4353 vigilantes,
1454 4286 1581 4339 dum
1638 4302 1742 4355 qua
1798 4287 1930 4341 hora
1981 4289 2098 4344 dies

513 4373 721 4427 Domini
774 4377 926 4443 quasi
970 4375 1057 4429 fur
1098 4376 1325 4440 veniret,
1380 4385 1597 4446 paratos
1621 4377 1887 4432 inveniret
1914 4393 2029 4433 eos.

1107 4487 1334 4543 CAPUT
1366 4487 1500 4543 XIII.

760 4553 911 4619 Quod
940 4572 1099 4609 unum
1128 4574 1255 4626 opus
1278 4558 1344 4611 sit
1385 4558 1564 4612 Patris
1595 4568 1642 4611 et
1670 4557 1819 4613 Filii.

584 4643 850 4712 Operatur
886 4648 1029 4699 enim
1066 4647 1227 4703 Pater
1267 4666 1363 4721 per
1390 4650 1601 4713 Filium,
1634 4667 1731 4721 per
1775 4668 1935 4721 quem
1964 4652 2095 4708 fecit

514 4735 718 4799 omnia,
744 4742 799 4788 et
819 4750 1033 4804 semper
1073 4748 1325 4807 aperatur
1354 4758 1366 4792 :
1400 4742 1541 4795 sicut
1588 4743 1788 4796 dictum
1821 4754 1941 4797 est:
1968 4743 2095 4798 0m—

515 4825 603 4876 nia
652 4840 743 4893 per
761 4824 929 4893 ipsum
956 4823 1097 4892 facta
1122 4834 1240 4878 sunt
1301 4825 1479 4896 (Jaan.
1524 4844 1567 4893 ι,
1594 4831 1682 4896 5);
1736 4830 1899 4883 item:
1932 4827 2094 4884 Pater

515 4931 660 4967 meus
682 4931 845 4983 usque
883 4914 1034 4967 modo
1069 4924 1336 4985 operatur,
1368 4925 1415 4969 et
1461 4932 1554 4985 ego
1601 4933 1787 4986 operor
1816 4915 1996 4988 (Joan.
2039 4934 2093 4985 v,

519 5006 605 5079 l7)
632 5022 646 5071 ;
711 5024 815 5061 non
840 5008 1207 5062 diversitatem
1236 5008 1415 5075 operis
1433 5008 1741 5079 designans,
1780 5010 1903 5076 quia
1929 5024 2095 5062 unum

442 5158 450 5164 ,
517 5112 653 5164 opus
672 5107 758 5151 est
796 5093 972 5154 Patris
1001 5106 1054 5152 et
1102 5098 1241 5161 Filii,
1288 5097 1381 5151 sed
1408 5112 1757 5168 personarum
1799 5100 2098 5168 proprieta-

454 5186 457 5189 ’
520 5195 628 5240 tem
655 5190 959 5244 ostendens.
989 5191 1103 5260 Ipsa
1132 5192 1312 5260 itaque
1341 5191 1582 5260 operatio
1602 5190 1719 5256 Dei,
1751 5191 1803 5244 id
1830 5200 1935 5256 est,
1967 5207 2093 5246 san-

520 5286 622 5331 eta:
670 5279 970 5345 Trinitatis,
1030 5282 1276 5338 voluntas
1313 5293 1397 5338 est
1444 5283 1559 5345 Dei,
1609 5292 1664 5337 et
1701 5282 1951 5338 voluntas
2002 5284 2097 5338 Dei

520 5371 747 5440 simplex
776 5382 878 5440 est,
936 5384 993 5429 et
1028 5378 1307 5444 semperin
1336 5380 1523 5447 requie
1565 5377 1933 5433 beatitudinis.
1987 5366 2097 5431 Nec

524 5460 669 5515 aliud
692 5472 777 5517 est
806 5466 915 5520 Deo
938 5469 1170 5538 cperari,
1219 5466 1362 5523 aliud
1386 5470 1543 5533 velle,
1598 5471 1691 5525 sed
1736 5470 1876 5523 idem
1910 5469 2095 5524 est.illi

526 5550 662 5605 velle
682 5560 738 5605 et
755 5558 988 5623 operari,
1026 5559 1151 5628 quia
1200 5558 1447 5615 voluntas
1474 5561 1567 5615 Dei
1596 5562 1839 5615 etfectiva
1876 5570 1959 5615 est
2003 5577 2095 5631 po-

527 5642 713 5695 tentia.
744 5642 849 5699 Nec
880 5646 988 5701 Deo
1012 5648 1151 5703 aliud
1170 5647 1260 5706 est
1288 5666 1427 5717 esse,
1454 5650 1595 5706 aliud
1617 5651 1775 5718 velle,
1809 5652 1900 5708 sed
1929 5669 2092 5709 unum

2121 4415 2171 4477 Ι)

2197 477 2368 522 totum
2411 467 2670 530 Trinitas,
2714 474 2880 520 totum
2933 464 3224 536 agiteadem;
3283 463 3407 532 quia
3446 476 3564 516 esse
3614 461 3752 530 quod

2196 557 2546 615 substantiale
2580 564 2683 620 est,
2712 570 2875 610 unum
2907 564 2988 607 est
3018 555 3069 608 in
3094 553 3270 617 Patre,
3309 562 3363 606 et
3389 553 3545 616 Filio,
3564 561 3618 606 et
3637 550 3755 621 Spi-

2195 649 2303 703 ritu
2330 655 2553 711 sancto;
2607 654 2663 699 et
2688 646 2877 700 borum
2910 659 3011 697 una
3058 644 3197 697 actio
3225 651 3329 706 est,
3364 643 3503 697 sicut
3529 658 3633 697 una
3666 658 3756 695 vo-

2193 746 2389 799 luntas.
2444 738 2684 791 Fuerunt
2748 736 2891 789 enim
2920 735 3097 789 omnia
3124 736 3192 788 ab
3241 733 3565 806 teternoﬁn]
3624 735 3752 788 Deo.

2192 829 2512 901 Operatione
2535 837 2735 891 autem,
2760 826 2811 880 id
2834 835 2934 890 est,
2962 828 3158 879 virtute
3186 826 3302 889 Dei,
3326 826 3416 894 qui
3457 834 3541 879 est
3567 826 3755 887 Filius,

2191 933 2556 994 apparuerunt
2609 922 2810 981 omnia,
2852 930 2907 974 et
2942 919 3081 975 facta
3133 928 3258 975 sunt
3290 921 3430 973 sicut
3465 919 3655 983 voluit,
3704 925 3757 970 et

2190 1013 2404 1083 quando
2427 1012 2615 1077 voluit,
2650 1020 2704 1067 et
2727 1013 2991 1081 quomodo
3023 1011 3221 1075 voluit,
3271 1012 3361 1079 qui
3387 1010 3513 1065 fecit
3531 1013 3712 1067 omnia
3739 1030 3750 1064 :

2190 1102 2283 1157 sed
2319 1119 2426 1157 non
2455 1102 2541 1157 ille
2560 1100 2751 1165 factus,
2780 1116 2875 1172 per
2899 1117 3057 1170 quem
3087 1100 3225 1155 facta
3255 1110 3381 1169 sunt
3414 1103 3613 1157 omnia.
3648 1102 3755 1156 Na-

2189 1200 2276 1246 tus
2300 1202 2383 1247 cst
2428 1207 2558 1263 ergo
2598 1178 2767 1245 Filiud
2806 1192 2919 1255 Dei,
2946 1207 3007 1247 ex
3032 1200 3234 1246 (eterna
3272 1199 3526 1257 :eternus,
3552 1192 3618 1245 de
3647 1192 3756 1245 Deo

2188 1286 2352 1348 Deus,
2385 1287 2450 1340 de
2489 1287 2689 1339 lumine
2725 1286 2926 1351 lumen,
2966 1286 3103 1339 sicut
3127 1285 3420 1355 saepissime
3444 1284 3679 1343 diximus
3703 1296 3758 1343 et

2188 1390 2403 1446 semper
2426 1376 2685 1430 dicemus.

2751 1444 2976 1501 CAPUT
3013 1445 3149 1500 XIV.

2189 1556 2380 1611 Omnia
2418 1574 2510 1627 per
2553 1555 2816 1613 Christum
2867 1558 3005 1697 Ῑαιίιη
3044 1575 3172 1624 esse,
3202 1560 3370 1629 ipsum
3412 1576 3527 1614 vero
3577 1569 3759 1614 natum

2806 1644 2908 1681 non
2954 1640 3144 1681 artant.

2806 1644 2908 1681 non
2933 1634 3144 1681 lactant.
3771 1634 3779 1646 '

2122 1726 2170 1787 Β
2265 1739 2331 1794 In
2356 1740 2607 1811 principio
2632 1742 2749 1811 fecit
2781 1743 2921 1797 Deus
2944 1744 3124 1797 malum
3144 1752 3193 1798 et
3213 1753 3404 1799 terram
3430 1742 3583 1815 (Gen.
3608 1759 3648 1809 ι,
3679 1744 3755 1816 l);

2194 1831 2247 1887 id
2266 1840 2367 1895 est,
2401 1833 2454 1886 in
2485 1831 2699 1887 Christo
2726 1834 2850 1889 fecit
2890 1835 3051 1899 Deus,
3077 1837 3169 1904 qui
3195 1845 3277 1890 est
3304 1836 3470 1890 Filius
3506 1836 3621 1901 Dei,
3663 1836 3759 1906 qui

2194 1933 2278 1979 est
2306 1923 2539 1979 Verbum
2588 1925 2701 1990 Dei,
2753 1927 2843 1995 qui
2884 1936 2969 1980 est
2997 1927 3183 1989 virtus,
3248 1934 3303 1980 et
3332 1926 3594 1995 sapientia
3633 1910 3753 1991 Dei,

2195 2015 2335 2070 sicut
2362 2015 2556 2069 dicitur
2585 2016 2637 2068 in
2678 2015 2887 2071 Psalmo
2921 2031 2936 2069 :
2968 2014 3156 2071 Omnia
3199 2016 3253 2071 in
3300 2016 3551 2087 sapientia
3599 2015 3764 2085 fecisti

2195 2102 2368 2176 (Psal.
2414 2120 2529 2169 cur,
2559 2104 2673 2174 24).
2731 2105 2836 2159 Sed
2861 2106 2971 2175 ipse
2998 2106 3137 2160 idem
3176 2105 3307 2177 [Αι.,
3356 2106 3409 2161 id
3431 2105 3536 2177 est]
3571 2104 3759 2169 Filius,

2195 2203 2319 2250 ante
2370 2195 2548 2250 omnia
2568 2210 2779 2266 semper
2804 2204 2905 2261 est,
2956 2204 3010 2250 et
3045 2212 3256 2268 semper
3290 2199 3448 2261 Deus,
3472 2206 3532 2251 et
3549 2210 3764 2267 semper

2174 2286 2249 2361 ~in
2283 2286 2417 2350 Deo;
2464 2286 2666 2339 idcirco
2692 2286 2955 2354 ὁμοούσιον
2980 2286 3136 2342 Pater
3161 2295 3217 2343 et
3237 2287 3421 2342 Filius.
3450 2286 3509 2340 In
3540 2302 3606 2342 eo
3627 2300 3755 2340 vero

2196 2375 2326 2447 [Al.,
2374 2376 2492 2430 ideo
2519 2375 2668 2447 vero]
2721 2378 2862 2446 quod
2888 2378 3054 2433 Filius
3097 2380 3291 2433 dicitur
3316 2388 3371 2435 et
3419 2388 3522 2446 est,
3554 2381 3766 2449 genitus

2193 2475 2298 2532 cst,
2350 2482 2455 2521 non
2474 2468 2685 2533 factus;
2732 2470 2979 2538 quamvis
3006 2470 3292 2540 Apostolus
3343 2463 3621 2528 dixisset:
3662 2455 3783 2537 Qui

2193 2559 2365 2627 factus
2403 2568 2479 2612 est
2508 2559 2761 2635 sapientia
2803 2561 2948 2613 nobis
2995 2578 3026 2614 a
3052 2562 3160 2615 Deo
3188 2561 3240 2629 (I
3264 2560 3385 2616 Cor.
3418 2580 3456 2627 ι,
3498 2563 3624 2635 50);
3660 2577 3764 2617 non

2196 2651 2340 2719 quod
2396 2650 2570 2705 factus
2598 2653 2667 2705 sit
2707 2634 2763 2705 in
2786 2652 3084 2706 substantia
3118 2669 3214 2707 sua
3236 2662 3295 2707 ut
3328 2656 3489 2719 esset,
3521 2656 3613 2710 sed
3639 2655 3767 2710 effe-

2193 2750 2314 2794 ctus
2353 2750 2437 2794 est
2465 2750 2524 2794 ut
2576 2743 2831 2796 DOIllanS
2868 2752 3008 2798 esset
3036 2745 3277 2798 omnium
3304 2761 3422 2814 qua“:
3452 2745 3589 2800 facta
3617 2756 3763 2809 sunt.

2195 2833 2321 2886 dum
2368 2832 2584 2885 fuerunt
2634 2834 2826 2902 quibus
2848 2834 3103 2889 Dominus
3132 2845 3293 2890 esset.
3319 2836 3609 2892 Creaturas
3636 2852 3764 2909 ergo

2194 2925 2321 2981 fecit
2381 2927 2520 2981 Deus
2587 2942 2684 2995 per
2729 2927 2939 2990 Filium,
2992 2928 3085 2982 sed
3133 2944 3237 2982 non
3267 2929 3460 2983 Filium
3489 2929 3635 2993 fecit,
3672 2943 3767 2999 per

2194 3036 2352 3089 quem
2405 3020 2530 3073 fecit
2584 3021 2797 3083 omnia;
2848 3020 2941 3073 sed
2990 3023 3171 3089 genuit
3207 3022 3272 3074 de
3321 3022 3618 3075 substantia
3672 3035 3766 3074 sua

2192 3108 2451 3176 aequalem
2483 3108 2603 3161 sibi.
2654 3107 2819 3161 Natus
2841 3116 2925 3162 est
2951 3124 3077 3179 ergo
3106 3109 3372 3173 Christus,
3431 3124 3535 3164 non
3562 3109 3762 3164 factus.

2193 3197 2510 3265 Ubicunque
2550 3213 2678 3267 ergo
2719 3199 2913 3252 dicitur
2954 3201 3205 3267 quoniam
3252 3199 3427 3255 factus
3472 3212 3574 3266 est,
3637 3211 3765 3272 post

2192 3287 2419 3357 primam
2449 3290 2848 3356 generationem
2903 3291 3122 3354 dicitur,
3150 3306 3268 3360 qua:
3310 3308 3379 3345 ex
3404 3280 3605 3347 aeterno
3631 3292 3764 3364 [Al.,

2193 3395 2313 3451 qua:
2341 3390 2543 3434 :eterna
2574 3382 2677 3454 est]
2711 3389 2813 3446 est,
2855 3391 2907 3437 et
2933 3400 3036 3436 una
3072 3392 3172 3447 est,
3200 3392 3254 3438 et
3274 3394 3483 3449 sancta,
3511 3394 3566 3440 et
3587 3384 3769 3441 ineﬂ'a-

2192 3472 2335 3531 bilis.
2397 3472 2615 3541 Legitur
2657 3474 2708 3526 in
2750 3474 2974 3529 Actibus
3020 3473 3394 3544 Apostolorum
3428 3491 3441 3529 :
3475 3466 3772 3529 Certissiiue

2192 3560 2353 3631 igitur
2386 3562 2513 3615 sciat
2554 3562 2737 3615 domus
2784 3562 2973 3627 Israel,
3013 3566 3135 3633 quia
3170 3566 3309 3639 hunc
3333 3563 3597 3617 Christum
3620 3564 3760 3617 Deus

2194 3654 2337 3725 fecit,
2368 3673 2519 3727 quem
2551 3673 2636 3709 eos
2690 3656 3026 3725 suspendistis
3066 3657 3122 3709 in
3156 3673 3308 3709 cruce
3343 3656 3478 3721 (Act.
3514 3672 3589 3721 It,
3640 3656 3766 3727 56);

2194 3754 2251 3799 et
2269 3746 2550 3814 Apostolus
2594 3765 2605 3798 :
2659 3744 2761 3809 Qui
2798 3747 2966 3815 [actus
3007 3756 3080 3799 est
3104 3762 3167 3798 ex
3208 3745 3421 3799 muliere
3466 3744 3662 3817 (Colat.
3690 3761 3767 3810 tv,

2195 3835 2249 3901 4)
2280 3852 2293 3898 ;
2327 3844 2384 3889 ει
2428 3835 2756 3905 evangelista
2789 3850 2803 3888 :
2849 3833 3065 3888 Verbum
3091 3852 3212 3887 caro
3236 3835 3432 3903 factum
3457 3820 3551 3889 est—
3587 3835 3767 3909 (Joan.

2197 3941 2234 3989 ι,
2266 3923 2376 3994 lt).
2415 3922 2521 3979 ista
2559 3927 2738 3979 omnia
2770 3939 2877 3979 non
2925 3924 2977 3978 in
2999 3925 3112 3992 ejus
3142 3926 3505 3991 existentiam,
3539 3928 3620 3981 vel
3646 3929 3769 3983 sub—

2196 4018 2469 4081 stantiam,
2530 4018 2623 4072 sed
2663 4019 2716 4072 in
2746 4027 2917 4083 actus,
2968 4026 3022 4071 et
3064 4020 3131 4071 in
3166 4019 3616 4074 ministratinnem
3657 4020 3772 4088 ejus

2196 4113 2450 4180 potentia:
2474 4121 2634 4181 atque
2684 4113 2901 4166 virtutis
2950 4112 3219 4166 dicuntur.
3266 4112 3417 4178 Quod
3473 4113 3765 4181 Apostolus

2197 4201 2276 4256 ait
2310 4198 2583 4257 Christum
2611 4204 2705 4256 Dei
2735 4202 2989 4257 virtutem
3016 4212 3071 4256 et
3099 4204 3193 4255 Dei
3216 4204 3535 4271 sapientiam
3567 4202 3619 4273 (1
3644 4201 3769 4257 Cbr.

2198 4312 2239 4359 ι,
2292 4294 2408 4363 24),
2444 4309 2565 4364 non
2584 4294 2658 4345 ita
2690 4294 3090 4361 intelligendum
3147 4302 3247 4354 est,
3298 4294 3441 4361 quod
3486 4293 3647 4347 Pater
3666 4293 3773 4348 dici

2197 4403 2301 4441 non
2327 4386 2497 4457 possit
2519 4386 2709 4450 virtus,
2737 4384 2820 4439 vel
2846 4369 3127 4454 sapientia,
3168 4385 3307 4440 sicut
3329 4385 3433 4439 dici
3456 4400 3562 4439 non
3594 4392 3776 4454 potest

2201 4478 2387 4542 Filius,
2414 4477 2496 4532 vel
2525 4478 2789 4541 Verbum;
2823 4476 2945 4546 quia
2978 4477 3091 4531 hzec
3138 4476 3357 4531 relativa
3380 4484 3505 4531 sunt
3533 4476 3771 4539 nomina,

2198 4570 2337 4624 sicut
2371 4568 2617 4638 superius
2646 4568 2845 4622 dictum
2891 4576 2970 4622 est
3008 4583 3019 4621 :
3052 4567 3141 4621 illa
3188 4583 3339 4632 vero,
3392 4567 3447 4621 id
3480 4574 3565 4621 est
3598 4566 3774 4627 virtus

2197 4670 2252 4715 et
2279 4661 2570 4730 sapientia,
2599 4660 2971 4715 substantialis
3009 4669 3134 4714 sunt
3172 4679 3184 4712 :
3214 4659 3335 4714 ideo
3365 4660 3548 4725 Pater,
3598 4659 3772 4715 virtus

2198 4759 2253 4805 et
2297 4751 2590 4819 sapientia,
2627 4761 2682 4817 et
2708 4750 2873 4805 Filius
2892 4752 3063 4804 virtus
3099 4758 3154 4803 et
3185 4750 3481 4819 sapientia;
3518 4757 3574 4802 et
3602 4748 3774 4817 Spiri-

2201 4849 2287 4895 tus
2320 4851 2538 4897 sanctus
2565 4842 2732 4896 virtus
2758 4851 2809 4897 et
2832 4841 3124 4910 sapientia;
3158 4854 3267 4893 non
3308 4846 3486 4893 tamen
3528 4847 3638 4894 tres
3665 4839 3774 4893 vir-

2205 4941 2364 4999 tutes,
2418 4949 2519 4989 nec
2584 4942 2695 4988 tres
2737 4933 3030 5003 sapientiae,
3088 4931 3180 4985 sed
3204 4945 3309 4983 una
3336 4930 3531 4996 virtus,
3590 4938 3645 4987 et
3664 4946 3771 4986 una

2203 5025 2461 5092 sapientia
2510 5025 2671 5079 Pater
2706 5034 2760 5079 et
2806 5008 2996 5087 Filius,
3032 5030 3085 5076 et
3112 5022 3346 5090 Spiritus
3373 5032 3621 5090 sanctus;
3667 5024 3771 5080 sic-

2201 5124 2262 5169 ut
2290 5132 2394 5169 nna
2424 5115 2739 5178 substantia,
2780 5124 2833 5168 et
2869 5129 2973 5166 una
3013 5113 3418 5181 omnipotentia,
3446 5124 3499 5169 et
3522 5115 3623 5171 alia
3651 5107 3771 5186 qum

2202 5204 2269 5258 de
2295 5204 2595 5260 substantia
2622 5203 2916 5269 divinitatis
2944 5202 3209 5257 dicuntur.
3276 5203 3344 5259 Et
3386 5206 3458 5259 ita
3500 5206 3767 5277 intelliga-

2203 5303 2293 5350 tur
2331 5296 2499 5355 Filius
2525 5293 2785 5364 sapientia
2811 5292 3004 5357 Patris,
3046 5284 3312 5362 quomodo
3348 5298 3546 5352 dicitur
3590 5297 3771 5352 lumen

2202 5384 2416 5449 Patris;
2469 5385 2521 5438 id
2566 5392 2667 5445 est,
2711 5390 2772 5437 ut
2806 5383 3253 5452 quemadmodum
3292 5386 3473 5441 lumen
3513 5387 3580 5441 de
3604 5385 3766 5452 lnmi-
3810 5458 3815 5461 τ

2203 5486 2289 5535 ne,
2312 5481 2365 5526 et
2387 5480 2673 5539 utrumque
2697 5486 2862 5524 unum
2887 5470 3086 5537 lumen,
3111 5474 3189 5529 sic
3213 5473 3543 5545 intelligatur
3561 5474 3769 5544 sapiens

2203 5564 2274 5616 tia
2324 5565 2385 5618 de
2432 5562 2690 5633 sapientia
2716 5602 2730 5627 ,
2770 5572 2825 5618 et
2851 5570 3136 5633 utrumque
3161 5581 3263 5620 una
3291 5566 3553 5635 sapientia
3571 5582 3592 5630 ες
3641 5578 3762 5633 quia

2201 5655 2253 5710 in
2287 5654 2376 5709 illa
2399 5653 2739 5725 simplicitate
2767 5654 2955 5710 divina:
2981 5666 3182 5712 natura:
3210 5657 3363 5728 72],
3392 5672 3498 5713 non
3522 5650 3767 5711 estaliud
