4228 6248
506 244 575 297 ss
1183 298 1191 310 ,
1321 239 1383 293 s.
1410 238 1475 294 r.
1502 238 1729 294 suum
1766 236 1899 295 seu
1931 212 2206 295 neum
2240 237 2526 297 OPEBUI
2559 238 2740 294 PARS
2772 238 2858 296 tu.
3578 240 3587 247 ‘
3654 245 3727 300 ss

843 360 1021 425 potest
1046 368 1143 407 cur
1170 308 1443 422 Scriptura
1469 367 1578 407 non
1601 352 1744 407 dicat
1770 370 1784 406 :
1807 350 2067 421 Apparuit
2090 355 2142 411 Α
2164 349 2232 403 de
2254 314 2416 425 Patre
2436 350 2708 420 procedit,
2734 357 2791 404 et
2816 356 2959 406 totus
2989 351 3058 406 de
3094 351 3259 418 Filio;
3296 360 3443 409 totus
3477 354 3534 414 in
3565 354 3730 415 Patro

509 447 757 516 angelus,
786 444 871 500 vel
915 445 1125 499 locutus
1166 453 1251 499 est
1296 442 1515 511 angelus
1556 443 1774 498 cuilibet
1809 442 2071 497 Patrum?

326 577 329 580 μ
396 608 399 609 ν
509 539 763 605 Quamvis
797 537 1013 607 quidem
1050 551 1226 605 prmo
1262 536 1426 589 verba
1467 534 1668 589 referat
1708 534 1922 602 iudicis,
1963 551 2071 589 non

508 629 765 683 scribitur
784 629 839 681 in
857 628 1021 697 gestis
1045 645 1059 679 :
1085 627 1269 681 Przeco
1290 626 1426 681 dixit
1445 627 1532 679 vel
1549 625 1709 690 fecit;
1739 628 1831 681 sed
1859 644 1873 679 :
1900 625 2071 680 Iudex

510 720 647 772 dixit
679 718 765 772 vel
798 716 942 772 fecit.
981 716 1318 787 Quapropter
1352 714 1614 785 probabili
1661 715 1865 769 ratione
1902 714 2070 768 videri

508 818 703 878 potest,
731 808 975 877 patrihus
1009 807 1206 861 nostris
1244 814 1370 859 ante
1414 804 1835 882 incarnationem
1873 802 2072 857 Christi

510 896 611 950 sub
632 910 859 965 persona
884 895 1095 949 Domini
1120 886 1455 964 apparuisse,
1487 893 1572 947 vel
1596 893 1805 947 locutos
1827 906 1947 946 esse
1972 907 2072 944 an-

511 986 659 1056 gelos
687 1004 701 1039 :
732 1001 831 1048 nec
857 986 975 1040 illos
1010 985 1173 1038 etiam
1208 986 1261 1038 in
1301 999 1398 1038 sua
1433 983 1743 1053 apparuisse
1777 982 2071 1036 substantia

510 1076 833 1131 credendum
858 1084 959 1139 est,
985 1076 1079 1130 sed
1104 1076 1157 1129 in
1178 1073 1414 1141 subjecta
1439 1082 1702 1134 creatura,
1732 1087 1851 1140 qua:
1876 1072 1946 1125 ab
1966 1071 2071 1125 illis

512 1158 1065 1241 temporeopportuno
1092 1171 1362 1233 assumpta
1391 1172 1474 1218 est
1491 1204 1507 1227 ,
1533 1165 1599 1217 ad
1627 1162 2069 1216 ministrationem

507 1253 671 1308 oﬂicii
706 1256 805 1308 sui.
852 1253 1003 1308 Sicut
1044 1254 1220 1307 anima
1255 1253 1486 1307 hominis
1535 1252 1817 1307 invisibilis
1850 1259 1961 1315 est,
1996 1252 2070 1305 ita

506 1345 669 1398 etiam
696 1344 987 1412 angelicam
1016 1342 1320 1397 carnalibus
1349 1343 1520 1398 oculis
1549 1350 1799 1397 naturam
1827 1343 2072 1397 invisibio

509 1436 612 1488 lem
645 1450 765 1490 esse
787 1436 1146 1488 certissimum
1171 1442 1273 1488 est.

1060 1541 1287 1596 CAPUT
1323 1541 1504 1597 XVIII.

2168 442 2367 499 manet,
2394 445 2451 491 et
2477 444 2622 491 totus
2643 438 2698 491 in
2722 437 2879 503 Filio,
2913 439 3039 507 quia
3067 440 3145 494 sic
3172 448 3352 494 manet
3375 448 3438 496 ut
3456 444 3733 515 procetht,

2170 522 2248 577 sic
2268 523 2510 592 procedit
2536 532 2596 600 ut
2615 533 2847 579 maneat.
2880 525 3032 581 Unde
3065 527 3382 582 naturaliter
3405 529 3546 585 hanc
3572 531 3739 588 habet

2169 627 2289 666 cum
2314 611 2476 666 Patre
2518 620 2574 667 et
2600 612 2738 667 Filio
2763 614 2985 667 unitatis
3007 614 3409 683 plenitudinem,
3428 626 3484 673 et
3504 618 3738 689 plenitu—

2169 701 2308 755 dinis
2337 702 2629 767 unitatem,
2661 711 2723 757 ut
2746 712 2919 759 totum
2954 704 3167 759 Patrem
3208 705 3435 773 habeat,
3462 716 3738 779 totumque

2168 790 2395 856 Filium;
2425 791 2643 860 ipseque
2678 789 2812 863 [Al.,
2842 793 2955 862 ipse
2977 794 3209 867 quoque]
3244 804 3387 851 totus
3422 797 3681 862 habeatur
3702 815 3736 855 a

2168 878 2358 946 Patre,
2399 888 2547 934 totus
2576 882 2840 937 habeatur
2873 899 2905 937 a
2932 884 3100 950 Filio;
3138 886 3229 955 qui
3258 886 3421 941 etiam
3446 904 3477 941 a
3498 888 3658 945 Patre
3678 900 3738 947 et

2167 969 2306 1025 Filio
2325 970 2601 1040 aequaliter
2624 973 2798 1036 datur,
2824 974 2932 1037 imo
2953 982 3008 1028 et
3034 990 3064 1027 a
3088 975 3266 1044 seipso
3287 978 3463 1041 datur,
3490 978 3628 1033 sicut
3647 977 3737 1034 Fi-

2168 1056 2272 1111 lius
2306 1058 2372 1113 de
2407 1072 2473 1113 eo
2509 1059 2638 1114 dicit
2665 1078 2679 1112 :
2711 1060 2955 1130 Spiritus,
2985 1062 3073 1115 ubi
3101 1063 3228 1129 vult,
3254 1066 3419 1135 spirat
3443 1064 3623 1137 (locu.
3646 1083 3735 1133 tu,

2168 1145 2246 1218 8).
2274 1146 2390 1216 lpse
2416 1148 2471 1200 in
2497 1148 2776 1217 prophetis
2805 1149 3012 1203 locutus
3034 1157 3148 1214 est,
3175 1166 3273 1220 per
3299 1152 3471 1220 ipsum
3493 1152 3735 1222 Apostoli

2169 1237 2287 1291 sine
2310 1237 2504 1291 timore
2526 1236 2861 1292 saecularium
2883 1246 3207 1307 potestatum
3234 1240 3595 1295 testimonium
3613 1254 3741 1310 pro-

2170 1327 2413 1382 ferebant
2458 1328 2527 1382 de
2571 1326 2825 1395 Christo,
2872 1330 2996 1398 quia
3042 1330 3157 1399 ipse
3192 1317 3511 1400 loquebatur
3542 1333 3598 1386 in
3630 1331 3739 1388 illis

2170 1416 2305 1485 (Act.
2336 1431 2410 1479 ιι,
2436 1431 2510 1481 iv,
2540 1432 2617 1480 τι,
2650 1419 2825 1487 mu),
2854 1418 2994 1472 sicut
3028 1419 3142 1487 ipse
3176 1419 3433 1475 Dominus
3467 1421 3583 1475 ait:
3613 1418 3740 1475 Non

2169 1505 2304 1557 enim
2330 1520 2417 1557 eos
2438 1506 2559 1558 estis
2581 1506 2671 1575 qui
2700 1504 2991 1575 loquimini,
3016 1506 3106 1560 sed
3132 1506 3360 1577 Spiritus
3386 1506 3562 1561 Patris
3585 1509 3740 1562 uestri

2167 1582 2256 1662 qui
2279 1592 2509 1663 loquitur
2533 1596 2587 1648 in
2619 1595 2759 1649 vobis
2786 1595 2995 1666 (Matth.
3026 1612 3083 1659 x.
3111 1595 3224 1666 20).
3253 1594 3311 1649 ln
3341 1596 3457 1665 ipso
3480 1598 3624 1651 enim
3642 1596 3740 1650 ha-

417 1664 420 1668 λ
511 1655 635 1709 N“
662 1654 727 1707 d‘
764 1653 1796 1752 ³⁰ιΈςξὲᾇθέξὲἔξὲῗέῖἱίῗῖῖηῗίῖί
1829 1654 2022 1709 ἀδείην
2047 1671 2068 1713 ε
2099 1680 2145 1739 Β
2169 1653 2299 1734 bent
2323 1653 2511 1737 amnes
2541 1681 2723 1736 ﬁdeles
2748 1653 3116 1738 remissionem
3142 1653 3508 1752 peccatorum,
3536 1684 3649 1738 sive
3677 1684 3740 1738 in’
3776 1671 3793 1682 ‘

810 1723 911 1789 Qui
934 1721 1062 1776 facit
1087 1721 1350 1776 mirabilia
1376 1738 1567 1793 magna
1597 1724 1769 1778 solus:

582 1835 893 1901 Ubicunque
914 1833 967 1886 in
989 1830 1269 1900 Scriptura
1289 1841 1473 1887 sancta
1503 1832 1715 1902 legitur,
1741 1832 1883 1886 solus
1909 1832 2068 1898 Deus,

508 1943 616 1981 non
641 1928 708 1981 de
725 1923 1063 1992 unaqualibet
1078 1938 1303 1992 persona
1331 1924 1385 1977 in
1408 1931 1593 1978 sancta
1619 1923 1881 1977 Trinitate
1916 1924 2073 1978 intel-

508 2020 774 2089 ligendum
793 2024 897 2081 est,
919 2015 1014 2069 sed
1032 2015 1098 2067 de
1120 2023 1233 2067 tota
1254 2022 1438 2067 sancta
1461 2014 1740 2078 Trinitate,
1754 2029 1874 2081 qua:
1891 2028 2072 2081 :equa-

507 2109 630 2163 liter
654 2108 909 2176 operatur
934 2104 1112 2158 omnia
1136 2118 1468 2171 quaecunque
1498 2104 1765 2172 operanda
1792 2117 1911 2156 esse
1932 2102 2075 2171 judi-

508 2200 671 2253 dicat.
695 2196 849 2252 Unde
874 2195 1013 2262 quod
1038 2194 1092 2245 in
1115 2192 1344 2245 Psalmis
1363 2192 1559 2245 dicitur
1586 2208 1601 2244 :
1631 2190 1735 2256 Qui
1760 2191 1887 2259 facit
1914 2191 2074 2244 mira-

503 2288 634 2342 oilia
652 2302 841 2356 magna
860 2282 1002 2338 solus
1027 2280 1198 2353 (Psal.
1220 2298 1365 2346 uxr,
1388 2280 1509 2350 l8);
1531 2282 1621 2351 qui
1641 2282 1766 2350 facit
1791 2281 2071 2335 luminaria

281 2398 285 2401 ·
390 2416 393 2417 ν
506 2377 649 2431 solus
676 2374 845 2447 (Psal.
882 2387 1079 2436 cxxxv,
1105 2369 1179 2440 7),
1210 2386 1314 2424 non
1341 2364 1407 2424 de
1446 2370 1561 2423 solo
1592 2369 1782 2434 Patre,
1814 2370 1953 2423 sicut
1979 2368 2073 2421 ad-‘

504 2466 729 2539 versat-ii
754 2465 936 2519 Volunt
956 2462 1264 2529 intelligitur
1285 2460 1509 2523 dictum,
1537 2460 1630 2512 sed
1656 2459 1723 2513 de
1745 2466 1855 2512 tota
1883 2466 2072 2512 sancta

508 2557 800 2617 Trinitate,
839 2569 959 2621 qua:
998 2559 1082 2605 est
1123 2563 1292 2614 unus,
1333 2548 1479 2603 solus
1515 2548 1673 2602 Deus.
1711 2547 1969 2602 Similiter
2004 2548 2071 2602 de

383 2629 387 2633 ’
506 2647 668 2701 Patre
696 2644 808 2699 solo
829 2658 933 2697 non
954 2652 1036 2695 est
1060 2639 1457 2709 intelligendum
1482 2637 1624 2706 quod
1650 2636 1935 2705 Apostolus
1956 2638 2067 2690 ait:

508 2738 724 2798 Beatus,
750 2742 798 2787 et
821 2731 961 2787 solus
986 2740 1185 2801 potens,
1200 2729 1311 2783 Rea:
1337 2743 1513 2798 regum
1546 2736 1593 2780 et
1618 2727 1871 2780 Dominus
1906 2727 2073 2779 domi—

508 2827 743 2881 nantium
762 2865 778 2889 ,
813 2824 902 2893 qui
946 2821 1085 2875 solus
1130 2820 1280 2872 habet
1303 2816 1789 2887 immortalitatem,
1823 2824 1871 2870 et
1906 2815 2071 2869 lucem

468 2932 481 2938 ‘
503 2914 707 2968 habitat
729 2909 1151 2973 inamssibilem,
1176 2924 1327 2978 quem
1353 2923 1500 2961 nemo
1525 2906 1790 2959 hominum
1809 2905 1953 2969 uidit,
1980 2922 2073 2959 nec

503 3004 678 3057 ridere
709 3008 872 3071 potest
910 2998 964 3070 (1
1004 2996 1137 3051 Tim.
1166 3013 1243 3062 γι,
1279 2995 1379 3061 l5,
1412 2994 1522 3064 l6).
1559 2994 1619 3049 ln
1655 2993 1847 3062 quibus
1868 2994 2066 3058 verbis,
2096 3011 2145 3074 ρ

506 3108 609 3145 nec
650 3091 810 3145 Pater
844 3088 1062 3157 proprie
1106 3085 1413 3139 nominatus
1445 3090 1558 3148 est,
1598 3098 1701 3137 nec
1738 3083 1938 3149 Filius,
1970 3098 2073 3137 nec

510 3158 744 3249 Spiritus
767 3188 1031 3240 sanctus;
1071 3174 1166 3229 sed
1204 3173 1473 3239 absolute,
1502 3173 1691 3228 beatus
1722 3179 1778 3225 et
1810 3171 1955 3225 solus
1976 3186 2073 3239 po-

506 3281 647 3335 tens,
677 3269 795 3324 Rex
820 3282 1005 3337 regum
1029 3274 1084 3321 et
1108 3265 1367 3320 Dominus
1390 3263 1795 3327 dominantium,
1823 3262 1966 3331 quod
1987 3269 2073 3317 est

506 3376 669 3424 unus,
694 3360 839 3414 solus
856 3399 874 3424 ,
897 3344 1120 3422 beatus,
1138 3364 1356 3424 potens,
1382 3354 1690 3418 invisibilis,
1720 3369 1880 3407 verus
1908 3353 2065 3416 Deus,

506 3450 899 3520 ipsa-Trinitas,
926 3464 1045 3518 qua:
1064 3446 1341 3517 aequaliter
1375 3446 1530 3500 beata
1568 3451 1672 3509 est,
1701 3444 1859 3514 723
1892 3459 2071 3511 :equa—

504 3537 629 3591 liter
660 3544 878 3605 potens,
914 3536 1021 3589 imo
1058 3535 1425 3603 omnipotens,
1460 3534 1623 3588 etiam
1668 3542 1725 3587 et
1763 3534 2065 3602 unipotens,

503 3628 631 3697 quia
656 3642 758 3681 una
782 3627 1018 3697 potentia
1045 3633 1130 3679 est
1150 3626 1313 3679 totius
1335 3632 1534 3679 sancte
1558 3624 1854 3678 Trinitatis.
1884 3623 2069 3692 Neque

504 3717 649 3770 enim
676 3714 800 3784 quia
828 3714 943 3784 ipse
985 3712 1153 3767 Filius
1187 3711 1315 3765 alibi
1359 3711 1584 3780 loquens
1628 3726 1756 3765 voce
1796 3712 2068 3778 sapientia:

502 3806 643 3876 (ipse
666 3814 749 3859 est
774 3806 918 3859 enim
959 3803 1219 3871 sapientia
1246 3800 1398 3873 Dei),
1428 3801 1506 3855 ait
1544 3817 1559 3853 :
1598 3796 1793 3869 Cyrum
1825 3798 1938 3852 ccli
1966 3800 2069 3851 cir-

503 3898 639 3951 cuiri
679 3892 1008 3965 sola’(Eccl.
1053 3905 1202 3957 uiv,
1240 3892 1317 3964 8),
1354 3894 1620 3962 separavit
1654 3908 1686 3945 a
1724 3907 1781 3947 se
1805 3892 2063 3945 Patrem:

501 3996 704 4058 quanto
725 3987 897 4056 magis
932 4000 1060 4055 ergo
1082 4001 1190 4039 non
1223 3993 1306 4039 est
1336 4000 1588 4050 necesse,
1613 3993 1672 4037 ut
1702 3983 2065 4037 tantummodo

502 4082 570 4134 de
589 4079 749 4132 Patre
775 4084 969 4147 praeter
1000 4074 1196 4128 Filium
1224 4073 1310 4127 vel
1334 4073 1591 4140 Spiritum
1634 4082 1875 4126 sanctum
1909 4072 2068 4125 intel-

502 4170 698 4239 ligatur
732 4167 874 4235 quod
908 4166 1110 4218 dictum
1150 4171 1235 4217 est
1273 4179 1288 4215 :
1328 4160 1486 4217 Solus
1522 4163 1673 4215 habet
1709 4162 2066 4215 immortalita-

501 4270 699 4327 tem,,et
721 4259 889 4312 lucem
909 4256 1106 4309 habitat
1133 4253 1533 4309 inaccessibilem
1556 4254 1581 4305 .’

1083 4362 1307 4417 CAPUT
1342 4361 1480 4415 XIX.

607 4459 685 4510 De
709 4458 907 4510 unitate
918 4453 1162 4527 ﬁpiritus
1184 4452 1352 4505 sancti
1380 4468 1495 4503 cum
1524 4449 1683 4502 Patre
1715 4459 1761 4503 et
1797 4449 1953 4502 Filio.

574 4579 601 4607 ι
641 4564 873 4633 Spiritus
912 4564 1093 4631 itaque
1130 4559 1376 4623 sanctus,
1427 4561 1564 4614 sicut
1597 4558 1757 4612 Pater
1788 4569 1842 4612 et
1876 4560 2059 4623 Filius,

504 4656 692 4725 plenus
724 4659 807 4707 est
841 4650 985 4706 Deus
1018 4660 1075 4703 et
1106 4651 1405 4720 perfectus;
1448 4650 1555 4701 imo
1589 4664 1725 4702 unus
1746 4647 1901 4722 Deus
1942 4665 2063 4703 cum

506 4747 663 4799 Patre
683 4753 739 4796 et
760 4742 927 4805 Filio,
957 4749 1117 4806 atque
1141 4754 1245 4791 una
1268 4740 1582 4801 substantia,
1606 4738 1744 4791 sicut
1766 4754 1923 4805 supra
1948 4752 2063 4791 me-

508 4832 829 4887 moravimus
865 4847 879 4883 :
913 4828 1163 4898 quoniam
1192 4827 1305 4893 ipse
1329 4836 1412 4879 est
1438 4826 1669 4894 Spiritus
1696 4838 1939 4889 sanctus,
1967 4825 2057 4894 qui

508 4924 559 4975 in
576 4920 868 4990 Scripturis
882 4919 1077 4972 dicitur
1098 4916 1327 4983 Spiritus
1350 4914 1463 4977 Dei,
1485 4916 1566 4969 vel
1593 4915 1822 4982 Spiritus
1838 4915 2058 4980 Christi,

507 5012 616 5062 sive
642 5007 873 5075 Spiritus
898 5006 1070 5058 Patris
1086 5045 1100 5067 ,
1126 5004 1238 5057 sive
1271 5001 1501 5070 Spiritus
1535 5002 1873 5067 Paracletus,
1899 5003 2059 5057 etiam

506 5108 560 5154 et
590 5098 822 5167 Spiritus
842 5098 1111 5159 veritatis;
1144 5114 1242 5153 nec
1273 5114 1376 5152 non
1405 5105 1462 5150 et
1479 5096 1710 5166 Spiritus
1732 5099 1881 5161 vitae,
1905 5099 1994 5167 qui
2026 5114 2057 5152 a

508 5187 663 5239 Patre
694 5193 749 5238 et
784 5184 922 5237 Filio
958 5184 1555 5253 :eqnaliter.[procedit,
1581 5192 1637 5237 et
1668 5200 1787 5237 cum
1820 5184 1976 5239 Patre
2006 5194 2062 5241 et

506 5264 642 5329 Filio
676 5271 973 5345 :equaliter]
1008 5274 1281 5337 aduratur,
1320 5275 1444 5341 quia
1481 5274 1755 5344 aequaliter
1783 5283 1866 5329 est
1900 5276 2061 5342 Deus,

509 5372 651 5416 totus
675 5364 849 5417 Patris
871 5370 926 5417 et
955 5370 1101 5415 totus
1130 5361 1249 5416 Filii
1285 5359 1545 5429 Spiritus;
1582 5366 1704 5433 quia
1744 5380 1882 5418 unus
1910 5376 2065 5419 natu-

510 5453 689 5506 raliter
714 5450 945 5518 Spiritus
968 5461 1063 5513 est,
1097 5462 1151 5507 et
1178 5451 1376 5515 Patris,
1397 5460 1454 5508 et
1477 5453 1631 5520 Filii;
1667 5455 1891 5525 proinde
1920 5464 2079 5512 totus’

542 5592 545 5595 ‹
575 5574 597 5599 ι
642 5559 840 5613 .Eneas
864 5560 1055 5623 Paris.,
1097 5578 1211 5631 cap.
1242 5564 1328 5617 8i.

2166 1767 2455 1838 baptismo,
2478 1769 2590 1825 sive
2616 1770 2778 1824 etiam
2804 1771 2858 1824 in
2876 1770 3209 1840 pmnitentia.
3233 1770 3349 1839 Ipse
3376 1771 3615 1826 charitas
3639 1771 3737 1827 Dei

2167 1856 2387 1922 dicitur,
2416 1858 2662 1927 quamvis
2694 1857 2875 1923 Pater,
2903 1867 2957 1913 et
2990 1858 3157 1913 Filius
3192 1860 3261 1913 sit
3292 1860 3547 1914 charitas.
3587 1860 3742 1916 Sicut

2168 1945 2311 1999 enim
2356 1943 2501 2017 [Al.,
2549 1949 2688 2003 sicut
2726 1947 2813 2019 et]
2858 1949 3025 2003 Filius
3072 1950 3329 2020 sapientia
3374 1950 3472 2006 Dei
3520 1952 3737 2025 dicitur,

2169 2034 2414 2099 quamvis
2449 2035 2521 2087 sit
2549 2035 2710 2088 Pater
2728 2044 2784 2089 et
2809 2035 3045 2104 Spiritus
3072 2045 3287 2090 sanctus
3311 2037 3597 2107 sapientia,
3625 2041 3741 2108 ipse

2170 2118 2511 2188 Paracletus,
2552 2123 2607 2177 id
2642 2132 2754 2189 est,
2792 2124 3095 2185 consolator
3128 2125 3343 2191 dicitur,
3388 2128 3513 2197 quia
3551 2144 3741 2185 revera

2169 2206 2298 2262 dum
2324 2211 2459 2264 dona
2488 2223 2949 2269 sacramentorum
2981 2214 3280 2282 distribuit,
3318 2218 3740 2275 consolationem

2171 2296 2362 2350 anima:
2380 2300 2583 2366 prashet
2610 2319 2625 2353 :
2648 2315 2749 2369 per
2766 2317 2927 2369 quam
2949 2301 3083 2372 [ΑΙ.⁹
3103 2317 3199 2371 per
3223 2304 3405 2375 quem]
3430 2305 3743 2361 diﬂ‘unditur

2170 2383 2225 2436 in
2253 2383 2504 2440 cordibus
2533 2388 2733 2442 nostris
2756 2389 2851 2443 Dei
2878 2390 3146 2457 charitas,
3171 2408 3269 2461 per
3300 2411 3463 2465 quam
3495 2414 3594 2453 nos
3626 2408 3740 2454 tota

2171 2469 2433 2525 inhabitat
2460 2472 2714 2529 Trinitas.
2743 2475 3004 2543 Quocirca
3037 2472 3333 2537 rectissime
3360 2482 3594 2553 Spiritus
3616 2502 3742 2542 san-

2170 2569 2309 2626 ctus,
2337 2577 2459 2616 cum
2482 2566 2553 2618 sit
2578 2565 2721 2621 Deus
2739 2606 2756 2631 ,
2783 2577 3008 2622 vocatur
3030 2571 3192 2623 etiam
3217 2571 3412 2625 donum
3441 2574 3571 2641 Dei;
3596 2576 3741 2645 quod

2172 2648 2368 2701 donum
2406 2653 2649 2720 proprie,
2684 2653 2813 2721 quid
2848 2656 2947 2708 nisi
2977 2656 3214 2711 charitas
3252 2658 3569 2728 intelligitur
3604 2660 3735 2732 [Al.,

2171 2736 2512 2808 intelligenda
2524 2741 2665 2813 est],
2694 2758 2815 2810 qua:
2838 2743 3080 2811 perducit
3100 2745 3168 2799 ad
3194 2745 3363 2800 Deum
3378 2787 3394 2811 ,
3421 2756 3476 2801 et
3495 2748 3611 2803 sine
3631 2765 3737 2819 qua

2172 2826 2424 2894 quaelibet
2465 2826 2584 2883 alia'
2609 2830 2781 2885 virtus
2824 2832 3005 2899 operis
3052 2829 3199 2887 boni-
3225 2848 3330 2889 non
3375 2836 3621 2904 perducit
3669 2838 3740 2894 ad

2172 2914 2340 2969 Deum
2355 2916 2382 2968 ἲ

2766 3009 2991 3068 CAPUT
3023 3013 3141 3067 XX.

2172 3110 2325 3167 Nihil
2360 3115 2535 3197 itaque
2575 3118 2856 3197 temporale
2888 3121 2943 3173 in
2980 3138 3041 3197 eo
3066 3124 3315 3197 debemus
3350 3125 3634 3197 intelligere
3672 3131 3739 3186 de

2365 3183 2567 3254 Spiritu
2594 3198 2796 3253 sancto,
2823 3190 2945 3243 dum
2974 3192 3167 3245 dicitur
3188 3194 3386 3249 donum
3419 3183 3536 3251 Dei:

2240 3313 2353 3369 Hoc
2378 3330 2505 3370 vero
2532 3316 2731 3372 donum
2772 3320 2867 3375 Dei
2893 3361 2910 3385 ,
2937 3324 3076 3392 quod
3111 3334 3195 3380 est
3232 3325 3465 3397 Spiritus
3496 3341 3736 3399 Sanctus,

2170 3416 2492 3463 maternum
2517 3418 2601 3465 est
2622 3418 2678 3465 et
2700 3416 3153 3473 consubstantiale
3180 3405 3425 3477 donatori
3449 3441 3465 3475 :
3490 3426 3617 3491 quia
3643 3426 3738 3480 do-

2169 3511 2297 3550 num
2327 3497 2575 3554 donabile
2603 3500 2717 3555 ﬁeri
2746 3504 2982 3571 poterit,
3007 3509 3253 3575 quamvis
3276 3524 3383 3563 non
3420 3511 3492 3564 sit
3526 3512 3613 3565 cui
3643 3513 3738 3567 do-

2168 3595 2344 3641 netur.
2368 3586 2520 3653 Quod
2546 3588 2769 3655 donum,
2798 3593 2853 3647 id
2878 3600 2982 3657 est,
3017 3590 3505 3664 Spiritus/sanctus,
3532 3615 3639 3658 non
3663 3615 3733 3655 ex

2168 3686 2437 3746 tempore,
2468 3680 2561 3733 sed
2589 3680 2657 3734 ab
2698 3684 2997 3738 aeternitate
3042 3688 3310 3754 procedit;
3356 3692 3449 3743 sed
3493 3691 3616 3759 quia
3656 3692 3736 3743 sic

2166 3768 2489 3834 procedebat
2527 3779 2585 3823 ut
2627 3781 2769 3827 esset
2817 3775 3091 3840 donabile,
3124 3776 3236 3845 jam
3273 3779 3469 3832 donum
3502 3788 3654 3843 erat,
3681 3788 3737 3833 et

2168 3867 2455 3927 antequam
2488 3868 2633 3914 esset
2660 3862 2748 3915 cui
2784 3864 3016 3916 daretur.
3048 3863 3217 3917 Aliter
3250 3866 3392 3917 enim
3421 3866 3736 3935 intelligitur

2168 3965 2290 4003 cum
2310 3950 2509 4004 dicitur
2528 3951 2745 4014 donum,
2768 3952 2925 4005 aliter
2944 3966 3064 4005 cum
3085 3952 3282 4005 dicitur
3300 3953 3574 4008 donatum.
3597 3955 3732 4011 Nam

2167 4040 2365 4093 donum
2391 4048 2568 4111 potest
2590 4056 2709 4095 esse
2737 4049 2794 4096 et
2812 4050 3097 4109 antequam
3126 4045 3283 4095 detur
3313 4060 3327 4094 :
3360 4043 3612 4097 donatum
3638 4059 3734 4098 au-

2168 4135 2274 4194 tem
2296 4129 2399 4181 nisi
2423 4116 2640 4182 ‘cuilibet
2658 4127 2840 4181 datum
2860 4127 3039 4190 luerit,
3063 4128 3209 4182 nullo
3234 4130 3392 4183 modo
3416 4120 3519 4183 dici
3533 4139 3731 4200 potest.

2168 4218 2237 4269 Et
2259 4219 2361 4271 hoc
2385 4219 2564 4286 itaque
2592 4218 2788 4270 donum
2815 4216 2910 4271 Dei
2934 4217 3199 4271 occultum
3228 4217 3329 4271 fuit
3355 4218 3423 4272 ab
3448 4228 3650 4275 aeterno
3676 4221 3732 4275 in

2088 4340 2142 4420 D-
2167 4306 2325 4359 Patre
2349 4314 2404 4360 et
2430 4307 2595 4370 Filio;
2642 4306 3087 4361 manifestandum
3133 4315 3433 4375 opportuno
3470 4316 3728 4377 tempore,

2167 4394 2287 4420 ιι...-
2325 4404 2503 4420 M..-_a
2538 4395 2725 4420 ..-ει-υ.
2764 4395 3094 4420 ..η-ζοηηιΑΔ
3137 4396 3350 4420 Διιι.--ιιι
3402 4396 3463 4420 IP-
3503 4396 3605 4420 ι--
3647 4398 3705 4420 ..1,

2164 4394 2290 4449 dum
2324 4404 2505 4451 essent
2534 4395 2729 4462 quibus
2764 4395 3095 4449 manifestari
3134 4396 3371 4449 deberet.
3402 4396 3467 4448 Et
3503 4396 3605 4451 hoc
3642 4398 3732 4453 do-

2162 4498 2311 4548 num,
2344 4485 2397 4538 id
2420 4494 2530 4550 est,
2566 4485 2798 4554 Spiritus
2824 4493 3042 4540 sanctus
3066 4486 3125 4539 in
3155 4486 3340 4539 eadem
3376 4478 3576 4540 unitate
3605 4488 3731 4542 sub-

2162 4573 2374 4627 stantia:
2418 4581 2471 4626 et
2511 4575 2815 4641 aqualitate
2852 4590 2974 4628 cum
3014 4576 3172 4629 Patre
3196 4582 3252 4627 et
3291 4574 3427 4630 Filio
3463 4577 3727 4632 consistit.

2162 4660 2193 4700 δ
2224 4660 2351 4714 Sive
2375 4662 2519 4714 enim
2552 4664 2623 4714 sit
2647 4662 2824 4716 unitas
2849 4662 3127 4717 amborum
3143 4702 3159 4725 ,
3183 4663 3295 4717 sive
3313 4665 3591 4727 sanctitas,
3616 4664 3731 4719 sive

2163 4747 2431 4817 charitas;
2468 4748 2581 4801 sive
2604 4748 2722 4801 ideo
2746 4749 2925 4803 unitas
2947 4750 3073 4819 quia
3098 4750 3355 4815 charitas,
3385 4757 3439 4804 et
3467 4751 3584 4805 idco
3603 4753 3727 4805 cba-

2163 4835 2296 4888 ritas
2318 4836 2441 4903 quia
2471 4838 2725 4891 sanctitas
2754 4855 2765 4888 :
2800 4852 3134 4904 nequaquam
3162 4837 3335 4889 minor
3364 4844 3447 4891 est
3471 4838 3525 4901 in
3550 4837 3726 4907 aliquo

2112 4942 2131 4955 ‘-
2161 4924 2266 4977 illis
2286 4938 2351 4977 ex
2374 4925 2566 4993 quibus
2588 4925 2841 4993 procedit.
2874 4926 2944 4978 Et
2978 4924 3092 4978 [nec
3115 4934 3197 4978 est
3234 4942 3441 4979 summa
3468 4927 3725 4991 charitas,

2160 5027 2263 5081 qua
2291 5013 2501 5081 genitus
2521 5028 2550 5064 a
2572 5014 2821 5081 gignente
2846 5013 3117 5083 diligatur,
3140 5016 3543 5087 genitoremque
3570 5034 3722 5071 suum

2161 5102 2375 5170 diligat,
2406 5111 2459 5156 et
2498 5104 2617 5158 ideo
2646 5119 2749 5157 non
2778 5104 2938 5176 724
2976 5106 3203 5175 amplius
3229 5121 3386 5174 quam
3423 5108 3524 5161 tris
3553 5117 3677 5162 sunt
3707 5122 3722 5161 :

2160 5209 2299 5247 unus
2323 5193 2549 5262 diligens
2575 5198 2833 5263 eum,‘qui
2859 5198 2926 5249 de
2962 5196 3052 5248 illo
3078 5202 3194 5259 est;
3235 5202 3291 5248 et
3327 5211 3464 5250 unus
3500 5195 3726 5264 diligens

2160 5295 2305 5346 eum,
2329 5296 2360 5334 a
2386 5296 2490 5349 quo
2510 5293 2635 5349 est;
2653 5290 2708 5336 et
2736 5285 2851 5353 ipsa
2874 5282 3106 5346 dilectio,
3134 5282 3201 5337 de
3227 5298 3334 5352 qua
3359 5282 3569 5344 dicitur,
3598 5284 3721 5354 quia

2162 5369 2301 5424 Deus
2331 5371 2559 5425 charitas
2582 5382 2677 5425 est.
2704 5371 2772 5425 Et
2794 5374 2908 5425 haec
2930 5387 3137 5426 summa
3161 5378 3217 5426 et
3240 5369 3525 5425 ineffabilia
3548 5371 3725 5427 Trini-

2162 5466 2248 5514 tas
2270 5475 2374 5514 non
2401 5461 2561 5515 unius
2582 5462 2676 5515 Dei
2703 5463 2805 5516 dici
2834 5463 3011 5527 debet,
3041 5463 3132 5518 sed
3154 5476 3293 5515 unus
3320 5460 3474 5515 Deus.

2235 5569 2263 5608 δ
2297 5568 2463 5636 idem,
2486 5586 2602 5640 cap.
2632 5569 2717 5623 85.
