4228 6308
943 494 1169 552 CAPUT
1203 496 1343 552 XXI.

366 606 479 663 Car
497 606 637 662 idest
658 603 885 679 Spiritus
901 619 1111 662 sanctus
1132 608 1209 662 bis
1227 626 1260 661 ιι
1281 606 1394 667 Deo
1419 606 1627 663 Christo
1646 606 1803 660 dotus
1827 606 1895 659 sit
1908 606 1937 659 .’

436 732 466 762 II
492 719 709 788 Absque
730 718 1063 774 dubitatione
1087 719 1208 774 ideo
1234 718 1467 788 Spiritus
1488 725 1708 773 sancttm
1729 716 1818 772 bis
1845 718 1937 772 da-

368 818 454 865 tus
480 819 583 872 est,
607 817 670 863 ut
684 807 1188 864 commendarentur
1208 808 1316 864 duo
1338 818 1603 878 prtecepta
1628 806 1934 863 charitatis.

369 898 486 953 Duo
511 901 638 953 sunt
662 900 807 954 enim
841 892 1135 977 praecepta,
1163 901 1257 954 sed
1282 915 1386 954 una
1427 908 1511 954 est
1550 899 1819 963 charitas;
1855 897 1938 952 sic

368 990 528 1043 etiam
544 1006 692 1049 unus
728 978 988 1059 Spiritus;
1014 974 1083 1043 ἐι
1110 991 1217 1046 duo
1248 990 1390 1045 data.
1422 992 1529 1044 Nec
1554 980 1664 1044 sui
1700 989 1939 1043 charitas

368 1076 543 1150 dil'git
583 1079 916 1148 proximum,
958 1092 1121 1146 quam
1161 1078 1250 1134 illa
1293 1093 1415 1148 quae
1445 1078 1621 1146 diligit
1649 1078 1838 1133 Donni.
1875 1077 1937 1131 In

370 1173 516 1220 terra
538 1165 698 1220 datur
725 1164 980 1244 Spiritus,
1005 1173 1066 1220 ut
1086 1166 1339 1237 diligatur
1359 1165 1639 1235 proximus
1664 1183 1679 1217 :
1710 1164 1777 1219 de
1800 1162 1939 1218 celo

370 1254 546 1318 datur,
583 1263 645 1309 ut
676 1255 927 1334 diligatur
963 1257 1124 1317 Deus.
1175 1256 1449 1324 Quamvis.
1474 1257 1547 1311 sit
1589 1253 1732 1309 aliud
1772 1254 1939 1318 Deus,

372 1343 517 1399 aliud
540 1346 845 1414 proximus,
870 1346 1048 1401 tamen
1090 1361 1199 1401 una
1224 1346 1488 1401 charitate
1524 1343 1825 1415 diligendus
1855 1349 1943 1397 est

373 1435 516 1490 Deus
541 1445 599 1491 et
619 1437 915 1507 proximus.
957 1436 1128 1490 Deum
1158 1435 1279 1506 plus
1304 1435 1508 1503 seipse,
1544 1431 1848 1502 proximum
1880 1436 1944 1483 ut
1972 1496 1991 1515 .

373 1526 610 1596 scipsum
631 1535 841 1587 amator
861 1534 1025 1581 amet.
1054 1525 1114 1581 In
1154 1533 1301 1581 terra
1329 1523 1574 1580 Christus
1599 1523 1746 1577 dedit
1771 1521 1941 1591 Spiri-

376 1623 512 1678 tum,
538 1614 633 1669 sed
653 1614 721 1668 de
746 1614 885 1670 ctelo
907 1625 994 1669 est
1014 1614 1158 1684 quod
1184 1613 1349 1669 dedit.
1371 1613 1465 1668 Ille
1494 1613 1639 1666 enim
1663 1611 1831 1675 dedit,
1849 1609 1940 1679 qui

375 1700 611 1756 de-ctelo
636 1701 930 1758 descendit.
952 1700 1061 1757 llic
1095 1702 1300 1758 invenit
1323 1702 1409 1757 cui
1453 1702 1641 1766 daret,
1685 1700 1778 1755 sed
1818 1700 1944 1754 inde

375 1789 557 1844 attulit
593 1788 885 1862 quid°[At.,
912 1790 1076 1863 quod]
1104 1791 1277 1846 daret.
1304 1789 1411 1846 Sed
1439 1790 1543 1845 ista
1572 1790 1807 1845 charitas
1831 1803 1940 1843 non

375 1884 591 1932 tenetur
609 1877 714 1933 nisi
740 1878 795 1932 in
820 1878 1026 1939 unitate
1049 1869 1301 1935 Ecclesia:
1318 1877 1541 1943 Christi,
1561 1892 1662 1932 nec
1682 1877 1826 1932 illam
1849 1879 1973 1945 ham

376 1961 525 2030 bent,
552 1965 647 2036 qui
673 1979 734 2021 se
755 1966 1000 2022 divith
1021 1968 1091 2022 ab
1115 1967 1318 2022 unitate
1340 1966 1618 2023 catholica:
1644 1968 1812 2038 pacis.

948 2075 1178 2131 CAPUT
1209 2072 1374 2130 XXII.

383 2180 628 2247 Quamvis
654 2184 858 2238 dit-crsu
891 2184 995 2238 sint
1032 2182 1131 2237 Dei
1156 2184 1296 2238 dona
1321 2185 1377 2241 in
1404 2151 1621 2250 sanctis,
1642 2188 1708 2241 ab
1731 2203 1836 2241 uno
1861 2202 1949 2241 eo-

606 2253 824 2323 demque
840 2250 1040 2324 Spiritu
1056 2252 1277 2347 singulis
1296 2256 1504 2326 singula
1522 2256 1737 2311 dantur.

449 2359 596 2417 Dona
633 2364 806 2418 sancti
843 2362 1078 2434 Spiritus
1112 2348 1371 2420 membris
1396 2364 1650 2421 Ecclesia:
1680 2364 1948 2436 sigillatim
1994 2382 1997 2385 λ

379 2446 713 2519 dividuntur,
740 2451 1061 2523 et-singulis
1096 2451 1307 2521 singula
1346 2452 1486 2507 dona
1526 2454 1853 2509 tribuuntur.
1888 2453 1950 2508 In

379 2532 597 2589 Christo
647 2536 910 2604 siquidem
964 2537 1080 2592 solo
1124 2538 1299 2592 omnis
1346 2538 1621 2609 plenitudo
1664 2540 1947 2604 donorum,

379 2625 505 2692 quia
531 2625 706 2679 omnis
730 2623 1004 2695 plenitudo
1042 2625 1339 2682 divinitatis
1371 2628 1425 2683 in
1450 2642 1517 2682 eo
1541 2628 1765 2684 habitat.
1800 2628 1950 2683 Unde

357 2715 568 2785 plenus
606 2715 793 2787 gratia:
819 2724 874 2770 et
897 2715 1142 2771 veritatis
1174 2714 1244 2771 ah
1268 2718 1594 2789 evangelista
1626 2719 1952 2791 pradicatur

382 2802 563 2871 (Joan.
587 2819 627 2867 ι,
652 2803 761 2871 ti).
783 2802 841 2857 In
862 2798 1066 2874 Spiritu
1093 2813 1281 2859 sancto
1299 2807 1476 2863 omnis
1493 2807 1669 2876 gratia
1688 2806 1950 2862 donorum

381 2891 626 2944 consistit
653 2889 788 2961 [Αι.,
814 2890 1197 2969 esistit];ipsc
1218 2892 1384 2958 enim,
1414 2903 1574 2963 prout
1590 2894 1725 2960 vult,
1747 2896 1952 2966 gratias

381 2975 644 3030 donorum
690 2976 932 3048 largitur,
975 2978 1096 3033 aliis
1132 2978 1267 3034 dans
1312 2994 1614 3036 sermonem
1651 2982 1948 3052 sapientiae,

382 3064 503 3120 aliis
527 3066 794 3131 scientiae,
823 3066 944 3122 aliis
984 3067 1179 3133 ﬁdem;
1228 3077 1390 3138 atque
1418 3068 1539 3141 [ita]
1575 3070 1862 3140 unicuique
1887 3071 1949 3127 .in

2503 75 2516 79 _
2539 73 2552 76 _
2715 67 2720 70 -
2785 61 2804 70 -ι
3183 55 3186 58 “
3247 69 3268 78 ._
3305 66 3340 76 ,-
3383 55 3464 78 —'-—;-_
3611 69 3614 72 .
3653 55 3658 58 '
3697 65 3708 70 .-

1184 47 4147 163 Μῌπνπῌ

1110 148 1247 164 -.ἱεῖς-ρει·
1340 162 1347 163 κ
1386 162 1393 163 κ
1468 162 1475 163 κ
1538 160 1547 163 ι
1582 156 1669 163 __........_
1958 158 1979 161 _
2006 156 2105 163 ..ρ-φ
2196 156 2421 163 ..μ-..Α-..
2450 158 2465 161 _
2504 158 2535 161 Α.
2582 160 2599 161 7
2628 160 2635 161 κ
2710 146 2883 161 ,πμ-
2920 152 2957 161 ..ᾼ
3407 143 3474 150 ““”’
3924 144 4147 161 Μ

309 421 314 425 -
367 388 441 448 37
969 381 1387 440 DOCMA'I‘ICA.
1425 411 1494 422 —-
1529 380 1620 436 DE
1655 380 1812 436 FIDE
1849 381 1910 435 ὃ.
1948 378 2131 435 'I‘BINI

2008 378 2341 435 RINITA'US
2378 379 2556 434 LIBRI
2594 377 2680 432 ill.
2723 376 2850 431 LIB.
2893 376 2981 431 III.
3170 356 3196 369 I'
3525 374 3600 430 38

468 516 479 524 ο
943 494 1169 552 CAPUT
1203 496 1343 552 XXI.
1656 536 1659 537 ν
1952 498 2007 558 Α
2030 493 2292 548 Iuntatem
2321 490 2613 561 largitoris,
2641 497 2698 543 et
2723 489 2777 543 in
2802 488 3052 543 omnibus
3072 485 3214 540 idem
3241 483 3475 556 Spiritus
3500 486 3601 540 ba-

2032 582 2215 642 betur,
2241 580 2383 636 sicut
2402 579 2456 632 in
2476 577 2754 649 prophetis
2777 592 2914 631 unus
2934 574 3263 644 atqueidem
3291 566 3500 629 locutus
3520 581 3608 628 est

2033 670 2270 742 Spiritus
2296 668 2351 738 (1
2372 668 2496 722 Cor.
2517 683 2618 732 xu,
2639 666 2675 719 4
2696 668 2850 737 seq.).
2876 665 2995 735 Ipse
3014 668 3175 720 etiam
3201 662 3491 718 ineﬁ‘abilia
3512 663 3606 715 do-

2032 766 2153 824 cet,
2189 772 2311 827 qua!
2336 756 2583 826 proferre
2620 755 2887 808 humanus
2912 769 3092 808 sermo
3116 767 3222 806 non
3251 760 3459 823 potest;
3494 751 3610 819 ipse

2032 848 2177 903 enim
2218 846 2415 900 dicitur
2450 844 2522 899 ab
2556 843 2809 914 Apostolo
2846 843 3132 913 gemitibus
3160 840 3611 896 incnarrabilibus

2034 936 2307 1006 postulare
2332 949 2431 1003 pro
2452 933 2608 988 nobis
2639 931 2817 1002 (Rom.
2843 948 2965 996 vm,
2992 931 3084 1000 26)
3109 948 3125 983 :
3155 930 3429 1001 posuilare
3452 929 3611 999 plane

2035 1024 2252 1089 dicitur,
2290 1024 2415 1092 quia
2453 1037 2552 1076 nos
2590 1021 2920 1091 postulantes
2962 1022 3094 1075 facit
3133 1020 3388 1075 inell'abili
3429 1019 3611 1074 cordis

2034 1113 2258 1184 gemitu.
2306 1111 2412 1167 Sed
2455 1127 2562 1165 non
2602 1125 2741 1165 nunc
2764 1151 2781 1175 ,
2811 1119 2886 1164 ’ut
2921 1111 3399 1180 quondam,_dona
3434 1111 3609 1164 sancti

2038 1205 2273 1274 Spiritus
2313 1212 2440 1259 sunt
2470 1204 2526 1257 in
2556 1205 2892 1268 hominibus;
2931 1218 3057 1256 nam
3096 1200 3289 1280 paucis
3322 1200 3377 1254 in
3413 1198 3611 1269 populo

2036 1292 2201 1347 Israel
2229 1293 2366 1347 dona
2403 1293 2741 1360 emicuerunt
2773 1292 2944 1346 sancti
2974 1278 3227 1361 Spiritus'
3241 1278 3340 1359 per
3362 1288 3616 1358 quaslibet

2038 1381 2222 1452 signa,
2245 1379 2330 1434 vel
2357 1381 2696 1450 prophetias;
2750 1396 2895 1435 nunc
2922 1388 3099 1434 autem
3125 1380 3180 1433 in
3208 1378 3353 1433 omni
3391 1376 3613 1431 creden-

2038 1470 2173 1524 tium
2209 1470 2549 1524 multitudine
2586 1469 2819 1539 Spiritus
2856 1470 3027 1525 sancti
3069 1468 3241 1540 gratia
3278 1465 3614 1529 diﬂ'unditur,

2039 1558 2332 1613 secundum
2384 1558 2709 1613 voluntatem
2766 1558 3138 1614 distribuentis
3192 1556 3425 1625 Spiritus
3477 1552 3612 1625 ML,

2040 1646 2181 1718 Dei].
2209 1647 2276 1701 Et
2298 1648 2401 1702 hoc
2422 1656 2526 1712 est,
2556 1648 2698 1715 quod
2717 1648 2770 1701 in
2799 1646 3087 1716 Evangelio
3108 1645 3336 1700 dicitur:
3364 1644 3614 1699 Nondum
3710 1704 3719 1712 ,

2039 1736 2178 1790 enim
2213 1744 2337 1788 erat.
2359 1734 2587 1806 Spiritus
2614 1734 2803 1800 datus,
2830 1735 2957 1804 quia
2989 1732 3147 1788 Iesus
3185 1733 3415 1788 nondum
3443 1733 3616 1802 fuerat

1973 1833 2019 1892 Β
2041 1822 2365 1894 gloriﬁcatur
2403 1822 2539 1894 [Al.,
2564 1821 2906 1894 clariﬁcatus]
2945 1822 3126 1894 (Joan.
3165 1837 3264 1882 vn,
3308 1822 3421 1891 39).
3466 1820 3619 1875 Sicut

2041 1914 2187 1969 enim
2213 1914 2375 1969 unius
2404 1913 2650 1984 corporis
2680 1914 2921 1969 membra
2955 1912 3165 1967 diversa
3193 1912 3392 1965 habent
3415 1909 3616 1973 ofﬁcia,

2042 2020 2163 2075 quae
2191 2013 2369 2058 tamen
2403 2003 2583 2058 omnia
2608 2018 2715 2057 una
2743 2010 3008 2072 operatur
3036 2003 3216 2055 anima
3238 2009 3295 2054 et
3318 2000 3478 2071 regit,
3505 1998 3618 2054 disc

2044 2096 2288 2151 tribuens
2327 2094 2617 2162 unicuique
2667 2094 2939 2156 membro,
2965 2092 3095 2160 quid
3127 2089 3322 2154 faciat;
3350 2089 3526 2152 oculo,
3558 2096 3622 2143 ut

2043 2184 2260 2247 videat;
2289 2183 2494 2247 manui,
2520 2190 2582 2236 ut
2609 2190 2889 2251 operetur;
2917 2180 3075 2250 pedi,
3097 2190 3159 2233 ut
3183 2178 3449 2243 ambulet;
3477 2177 3617 2242 auri,

2045 2279 2108 2326 ut
2129 2271 2312 2326 audiat
2337 2288 2352 2323 :
2377 2271 2456 2325 sic
2480 2278 2607 2325 sunt
2624 2270 2786 2325 etiam
2809 2269 3020 2322 diversa
3050 2268 3189 2323 dona
3217 2266 3463 2321 ﬁdelibus
3491 2275 3617 2319 tan-

2044 2375 2207 2431 quam
2232 2360 2492 2414 membris
2510 2361 2577 2414 ad
2601 2373 2907 2414 mensuram
2923 2357 3117 2426 cuique
3136 2356 3407 2426 propriam
3429 2355 3617 2410 distri-

2044 2447 2194 2502 buta.
2224 2444 2477 2511 Quamvis
2499 2447 2663 2510 enim,
2684 2456 2741 2500 et
2770 2446 2823 2499 in
2852 2445 2999 2499 omni
3023 2444 3258 2498 ﬁdelium
3278 2443 3621 2497 multitudine

2046 2533 2272 2587 diversa:
2295 2534 2404 2587 sint
2421 2533 2682 2588 donorum
2701 2534 2910 2602 gratim,
2933 2547 3102 2585 unum
3121 2539 3301 2585 nmen
3321 2546 3518 2602 corpus
3536 2544 3622 2586 est

2046 2620 2299 2676 Ecclesiae
2322 2616 2423 2691 per
2447 2637 2614 2675 unum
2640 2620 2922 2690 Spiritum,
2940 2636 3047 2674 una
3066 2620 3345 2675 cbaritatis
3363 2635 3622 2691 compage

2045 2712 2468 2783 conglutinatum
2513 2705 2675 2781 atque
2715 2726 3012 2766 connexum
3045 2728 3059 2764 :
3089 2712 3183 2779 qui
3219 2710 3455 2780 Spiritus
3486 2726 3622 2765 nica:
3738 2764 3743 2769 ,

2047 2800 2366 2855 humilitatis
2399 2800 2612 2868 spiritui
2640 2799 2904 2868 inspirare
2928 2799 3201 2872 dignetur,
3218 2797 3351 2866 quid
3369 2798 3623 2866 deinceps

2047 2889 2331 2944 dicendum
2358 2889 2432 2942 sit
2455 2889 2523 2942 de
2548 2886 2802 2941 ineﬁ‘abili
2826 2885 3028 2941 Christi
3053 2883 3181 2939 Jesu
3195 2885 3416 2938 Domini
3447 2886 3620 2939 nostri

2046 2978 2355 3043 Nativitate,
2382 2977 2450 3032 de
2472 2992 2580 3047 quo
2615 2977 2883 3046 Propheta
2920 2977 2997 3030 ait
3031 2992 3046 3029 :
3082 2973 3476 3030 Cossutianus:
3506 2975 3621 3045 ejus

2046 3071 2165 3142 quis
2194 3054 2455 3124 manabit
2485 3068 2637 3141 (lsai.
2671 3084 2789 3131 un,
2817 3066 2873 3136 8)
2886 3066 3081 3135 Lquod
3107 3066 3178 3120 ah
3224 3064 3330 3120 alio
3356 3065 3617 3135 incipien-

380 3152 579 3208 virtute
605 3155 777 3210 sancti
800 3154 1032 3226 Spiritus
1056 3148 1230 3228 gratia
1254 3157 1510 3214 tribuitur
1534 3160 1830 3216 seamdum
1854 3175 1950 3216 vo—
1968 3148 2021 3211 c
2049 3159 2179 3216 dum
2201 3173 2320 3239 esse
2339 3157 2559 3213 exordio
2585 3156 2777 3211 melius
2799 3153 3052 3209 arbitror.

457 3292 483 3322 ι
520 3281 724 3339 Encas
742 3284 915 3349 Paris,
943 3301 1063 3355 cap.
1096 3285 1187 3343 86.

395 3372 1178 3447 _————__J_

978 3597 1360 3701 pitowous.
1690 3694 1700 3702 ,

456 3714 601 3769 Duas
624 3714 769 3770 enim
784 3722 1080 3793 creaturas
1114 3716 1400 3773 rationales
1428 3716 1666 3773 condidit
1685 3724 1897 3773 creatur
1927 3735 1942 3771 :

385 3818 549 3858 unam
585 3804 885 3868 cmlestcm,
915 3804 1138 3866 alteram
1176 3816 1517 3873 temutrem;
1558 3815 1625 3863 et
1663 3816 1947 3877 utramque

281 3889 291 3899 ’
384 3892 541 3947 liberi
575 3892 784 3948 arbitrii
819 3902 1085 3963 potestate
1118 3893 1448 3962 nobilitavit,
1473 3903 1535 3950 ut
1567 3894 1865 3951 voluntarie
1890 3895 1947 3950 in

385 3976 672 4036 dilectione
692 3979 810 4046 Dei,
828 3989 886 4035 et
904 3981 1097 4037 divinat
1118 3981 1369 4052 potentia:
1391 3981 1548 4038 laude
1569 3979 1949 4061 perpetualiter

387 4077 552 4138 atque
576 4069 734 4124 beate
748 4079 1112 4137 permaneret.
1144 4069 1251 4125 Sed
1275 4072 1401 4141 quia
1429 4074 1598 4141 prior,
1624 4072 1675 4126 id
1707 4080 1811 4135 cst,
1845 4087 1945 4125 an-

384 4156 577 4228 gelica,
600 4170 705 4211 non
732 4164 913 4211 tamen
934 4164 1072 4221 tota,
1092 4158 1308 4227 propria
1325 4158 1638 4213 delectando
1662 4157 1825 4228 725
1846 4171 1947 4227 po-

386 4248 592 4313 tentia,
618 4247 688 4313 ab
712 4260 896 4301 amore
928 4245 1121 4300 summi
1156 4245 1282 4301 boni
1321 4246 1595 4310 recedens,
1635 4246 1690 4300 in
1717 4246 1949 4315 seipsam

1659 3508 1892 3579 unca
1932 3478 2293 3581 manus.
2575 3537 2585 3549 ο
3260 3490 3261 3493 ‘
3392 3576 3411 3598 χ

1974 3688 1984 3699 ,
2047 3634 2263 3691 nostra,
2292 3626 2434 3681 unde
2460 3625 2607 3681 salva
2630 3640 2728 3682 sua
2755 3619 3190 3690 immortalitate,
3216 3625 3461 3680 mortalis
3480 3626 3623 3681 esset

2050 3714 2184 3789 [Al.,
2212 3715 2353 3772 mori
2378 3714 2682 3788 potuisset],
2707 3723 2766 3771 et
2785 3714 3055 3771 diabolum
3092 3716 3327 3770 hominis
3351 3717 3621 3788 victorem

2048 3810 2223 3881 magis
2243 3808 2485 3864 vinceret
2497 3806 2705 3876 iustitia
2730 3822 2894 3877 quam
2920 3808 3158 3877 potentia
3175 3845 3192 3868 ,
3230 3814 3289 3858 ut
3314 3804 3624 3858 ostenderet

2048 3908 2367 3970 utrumque,
2388 3905 2446 3952 et
2466 3903 2775 3973 perpeutam
2810 3894 3080 3963 aquitatis
3113 3908 3224 3947 sua:
3241 3891 3535 3959 justitiam,
3565 3902 3624 3948 ct

2050 3997 2266 4045 atem
2303 3984 2561 4040 bonitatis
2596 3982 2751 4055 [suae]
2787 3980 3531 4044 misericordiam._lustitiam
3565 3982 3623 4038 in

2050 4077 2239 4148 angelo
2260 4073 2527 4130 homicida
2554 4074 2639 4128 sui
2666 4074 2833 4144 ipsius
2852 4082 3012 4142 atque
3029 4072 3292 4138 hominis;
3323 4074 3378 4140 in
3405 4067 3623 4130 homine

2048 4179 2181 4220 vero
2203 4164 2274 4219 ab
2295 4163 2486 4219 eodem
2511 4162 2720 4234 perdito
2744 4150 3191 4227 misericordiam,
3208 4178 3368 4232 quem
3387 4165 3623 4233 gratuito

2052 4266 2261 4322 magna:
2284 4251 2499 4322 pietatis
2521 4265 2632 4306 sua:
2652 4266 2878 4307 munere
2901 4244 3165 4307 redimere
3182 4250 3370 4305 voluit.
3390 4251 3541 4318 Quod
3562 4252 3620 4307 in

388 4337 630 4408 delapsa,
657 4336 741 4392 sui
785 4336 1051 4393 homicida
1088 4334 1228 4392 facta
1258 4345 1363 4402 est,
1399 4350 1752 4393 mrumnosam
1791 4344 1954 4406 atque
1981 4351 2031 4417 ς
2057 4341 3618 4417 sequentibusdivinanobisdonantegratiadicturisumus.

388 4398 658 4498 malem
682 4425 973 4505 impietatis
996 4439 1106 4480 suae
1136 4398 1490 4481 aeternitatem
1518 4434 1740 4495 experta
1775 4439 1791 4477 :
1977 4398 2035 4462 Β

388 4513 520 4570 inde
772 4522 962 4570 contra
1002 4506 1272 4569 huminem
1303 4513 1669 4578 inardescens,
1702 4528 1772 4568 ne
1797 4513 1960 4584 cmic-

334 4661 345 4672 ,
388 4613 534 4664 stem
556 4603 902 4659 beatitudinis
926 4603 1107 4659 sedem
1134 4602 1450 4673 possideret,
1479 4601 1723 4656 incitavit
1744 4615 1868 4655 eum
1891 4600 1958 4655 ad

388 4692 747 4768 peccandum,
771 4690 1011 4747 efﬁciens
1027 4706 1149 4747 eum
1176 4707 1286 4747 sua:
1305 4691 1508 4768 socium
1535 4690 1785 4754 miseriae,
1804 4689 1958 4759 quasi

276 4784 291 4798 '
387 4782 685 4856 quoddam'
702 4779 953 4835 solatium
997 4780 1100 4834 sibi
1136 4788 1283 4852 esset
1318 4796 1440 4837 cum
1487 4779 1734 4852 plurimis
1774 4793 1961 4849 ptenas

280 5780 295 5813 ι

310 5824 369 5843 ³.

358 4874 510 4948 pati
535 4890 551 4927 :
578 4871 666 4927 vel
690 4870 854 4927 etiam
888 4874 950 4921 ut
981 4867 1174 4938 injuria
1210 4870 1443 4925 creatori
1478 4869 1783 4935 inureretur
1825 4866 1958 4940 [Αι.,

388 4960 777 5032 ingerentur],
797 4960 844 5015 si
871 4965 1119 5013 creatura
1144 4957 1210 5011 ad
1231 4958 1518 5027 imaginem
1546 4973 1697 5012 suam
1724 4958 1959 5023 condita,

385 5047 609 5127 perdito
624 5049 897 5120 dignitatis
917 5063 1027 5103 sua:
1054 5046 1267 5101 nomine
1281 5053 1340 5100 et
1352 5046 1571 5100 numine
1589 5044 1721 5115 [Al.,
1744 5048 1962 5101 nomine

384 5142 457 5197 in
481 5146 743 5194 aeternum
777 5141 955 5210 ignem
986 5137 1141 5212 sum],
1175 5153 1286 5193 sua:
1318 5137 1635 5192 subderetur
1676 5138 1957 5206 impietati.

386 5228 551 5299 Quod
569 5218 692 5298 pius
712 5229 961 5284 conditor
977 5245 1085 5284 non
1107 5243 1295 5299 passus
1308 5267 1326 5293 ,
1356 5228 1642 5282 miseratus
1669 5226 1959 5286 hominem.

386 5317 698 5377 reformare
721 5331 845 5372 eum
868 5318 1053 5374 volens
1076 5320 1147 5374 ad
1422 5318 1694 5389 dignitatis
1718 5318 1965 5375 nobilita-

386 5419 535 5476 tem,
555 5406 707 5463 misit
728 5407 945 5461 unicum
972 5406 1167 5462 Filium
1190 5422 1344 5462 suum
1370 5408 1640 5463 hominem
1669 5408 1961 5477 suscipere,

384 5496 1091 5569 ﬁWm,quiDemerat
1126 5512 1195 5551 es
1236 5497 1737 5563 Deo,essethomo
1769 5499 1961 5553 exho-

388 5588 579 5651 ιιίιο,
611 5594 673 5643 et
706 5586 1026 5642 immortalis
1055 5587 1282 5642 haberet
1305 5588 1505 5657 aliquid
1531 5588 1671 5641 unde
1704 5587 1843 5641 mori
1867 5604 1963 5657 po-

388 5679 611 5749 tuisset.
639 5675 942 5749 Assumpsit
984 5676 1163 5747 itaque
1188 5676 1284 5732 Dei
1322 5677 1488 5731 Filius
1529 5693 1594 5732 es
1638 5676 1963 5735 mortalitate

214 5962 223 5977 Ι
344 5952 359 5959 .-

380 5982 407 5999 ο

220 6034 239 6051 ιι
284 6030 299 6043 ³
376 6028 395 6051 ,τ

220 6052 375 6089 rer-'1".

2562 4450 2791 4508 CAPUT
2828 4449 3118 4507 PRIHUII.

2227 4519 2310 4573 Do
2330 4519 2504 4590 gratia
2529 4519 2645 4583 Dei,
2674 4536 2778 4590 qua
2797 4519 2938 4574 Dm
2962 4521 3119 4574 homo
3147 4519 3442 4589 [σείεται.
3467 4582 3475 4591 ,

2120 4605 2182 4662 In
2209 4608 2315 4663 hoc
2337 4607 2503 4663 etiam
2530 4608 2809 4663 evidenter
2838 4609 3251 4664 commendatur
3270 4611 3419 4679 quod
3447 4598 3620 4680 Spiri-

2055 4704 2147 4754 tus
2161 4707 2392 4765 ,sauctus
2423 4699 2497 4753 sit
2519 4698 2718 4753 donum
2748 4698 2865 4763 Dei,
2894 4698 3034 4756 sicut
3067 4715 3227 4769 supra
3262 4701 3617 4765 ostendimus,

2057 4784 2184 4841 dum
2208 4786 2406 4841 dicitur
2429 4787 2482 4840 in
2519 4785 2775 4856 Symbolo
2802 4787 3082 4842 catholica:
3124 4788 3267 4851 ﬁdei,
3293 4788 3433 4857 quod
3462 4776 3619 4841 Chri-

2058 4887 2174 4935 stus
2207 4880 2274 4935 de
2309 4879 2513 4949 Spiritui
2539 4887 2727 4934 sancto
2755 4891 3065 4951 conceptus,
3100 4889 3159 4934 et
3202 4897 3266 4934 ex
3297 4880 3464 4933 Maria
3502 4880 3613 4933 vir-

2059 4969 2181 5039 gine
2210 4969 2284 5024 sit
2306 4958 2483 5024 natus.
2513 4968 2647 5024 Cum
2668 4970 2825 5024 aliter
2850 4973 2917 5026 de
2943 4973 3053 5038 illo,
3076 4971 3234 5037 aliter
3262 4972 3327 5024 de
3348 4970 3436 5023 illa
3460 4981 3619 5025 natus

2058 5048 2150 5122 sit,
2176 5074 2283 5113 non
2320 5060 2386 5114 de
2413 5058 2503 5114 illo
2533 5059 2674 5114 sicut
2712 5061 2780 5116 de
2814 5060 2994 5127 Patre,
3031 5063 3097 5116 de
3116 5061 3204 5116 illa
3241 5076 3370 5114 vero
3393 5059 3619 5115 sicutde

2059 5146 2229 5203 Matre
2266 5167 2279 5202 :
2310 5148 2438 5218 quid
2458 5156 2635 5204 tamen
2667 5150 2757 5204 hic
2781 5154 2953 5207 sancti
2984 5151 3218 5219 Spiritus
3246 5151 3447 5204 mentio
3476 5147 3618 5204 facta

2060 5243 2161 5302 est,
2214 5238 2317 5292 nisi
2370 5237 2512 5307 quod
2557 5254 2748 5309 gna
2799 5240 2893 5295 Dei
2948 5243 3121 5311 gratia
3180 5240 3620 5296 commendatur?

2036 5322 2197 5388 'Quid
2230 5327 2372 5380 enim
2422 5334 2610 5381 natura
2650 5329 2880 5384 humana
2910 5330 2963 5384 in
2991 5330 3209 5386 homine
3242 5330 3462 5385 Christo
3508 5342 3620 5384 me-

2062 5411 2189 5480 ruit,
2222 5424 2282 5470 ut
2316 5418 2370 5472 in
2422 5418 2628 5487 unitate
2674 5418 2808 5490 [Αι.,
2849 5422 3136 5495 unitatem]
3182 5438 3427 5491 persons
3475 5424 3618 5481 unici

2059 5504 2182 5559 Filii
2238 5505 2333 5562 Dei
2371 5508 2715 5577 singulariter
2769 5523 2915 5568 esset
2957 5514 3267 5581 assumpta?
3477 5516 3620 5571 bona

2060 5593 2343 5650 voluntas?
2393 5582 2558 5665 Cujus
2583 5598 2709 5654 boni
2732 5603 2990 5671 propositi
3035 5601 3309 5659 studium?
3348 5602 3481 5671 Qua
3523 5605 3620 5660 bo-

2062 5697 2129 5735 na
2153 5697 2316 5751 opera
2338 5693 2978 5761 przecesserunt,.quibus
3016 5688 3315 5749 mereretur
3347 5694 3451 5751 ista
3480 5693 3616 5766 [ΑΙ-ο
