4228 6242
657 279 726 333 so
1142 236 1145 241 ’
1491 267 1551 321 Β.
1590 266 1651 321 r.
1690 264 1921 342 Λωίδι
1948 263 2079 321 εει]
2116 263 2327 321 Αιουι

2196 263 2387 321 .CUlNl
2423 263 2701 323 OPERUM
2736 266 2912 323 PARS
2948 267 3032 324 lll.
3796 276 3866 331 ιο

659 397 785 469 iste]
804 397 985 456 homo,
1017 405 1120 445 una
1149 371 1264 442 ﬁcri
1282 398 1505 456 persona
1535 398 1653 437 cum
1675 382 1801 444 Deo,
1839 379 1945 433 imo
1969 388 2022 432 et
2048 378 2208 433 homo
2234 379 2286 441 Α
2307 384 2431 432 eum
2477 380 2543 433 dc
2567 380 2783 451 Virgine
2812 382 2997 436 nasci?
3039 380 3171 448 Quia
3197 384 3297 438 hoc
3324 399 3458 453 opus
3504 384 3747 444 mirabile
3777 402 3861 446 ιο-

662 490 773 557 ipse
799 482 973 539 Deus?
997 481 1195 547 Nempe
1223 477 1336 545 ipse
1361 489 1424 528 ex
1451 488 1555 541 quo
1575 487 1693 525 esse
1711 472 1872 525 homo
1896 470 2074 537 ccepit,
2102 482 2209 557 non

659 556 803 630 aliud
832 572 995 643 cmpit
1016 583 1135 625 esse
1155 581 1311 635 quam
1335 563 1425 617 Dei
1448 562 1637 624 Filius,
1660 561 1833 615 ethoc
1853 558 2058 621 unicus,
2091 556 2209 610 uni-

592 722 601 730 .
654 668 869 739 genitus
887 674 941 720 et
975 661 1253 732 proprius;
1310 667 1364 711 et
1390 664 1609 725 propter
1637 653 1732 706 Dei
1782 652 2038 715 Verbum,
2067 649 2210 718 quod

659 772 786 811 caro
808 755 1007 809 factum
1035 758 1136 813 est,
1167 749 1351 815 utique
1373 746 1513 798 Deus
1536 760 1551 808 ;
1583 750 1643 796 ut
1663 740 2101 810 quemadmodum
2128 745 2211 820 est

659 861 765 900 una
785 857 1009 915 persona
1029 839 1255 909 quilibet
1275 836 1454 899 homo,
1479 833 1656 887 anima
1700 830 1906 884 scilicet
1933 827 2211 883 rationalis

658 945 713 989 et
757 948 901 995 caro,
941 932 1016 984 ita
1063 928 1135 982 sit
1175 926 1420 981 Christus
1467 938 1570 976 una
1598 934 1850 990 persona,
1878 919 2111 973 Verbum
2155 926 2210 971 et

659 1040 786 1079 caro
813 1021 945 1095 [Al.,
1000 1027 1055 1073 et
1080 1018 1301 1071 verbum
1328 1010 1500 1082 caro].
1540 1010 1691 1066 Unde
1719 1016 1923 1062 natura:
1965 1007 2209 1093 humana:

661 1122 808 1168 tanta
851 1111 1018 1183 gloria
1072 1108 1229 1162 nullis
1250 1102 1673 1174 praecedentibus
1696 1099 1917 1163 meritis,
1960 1100 2073 1153 sine
2119 1100 2213 1153 du-

658 1204 918 1259 bitatione
965 1197 1195 1271 gigatulto
1230 1207 1471 1257 munere,
1526 1189 1625 1245 nisi
1655 1189 1777 1258 quia
1826 1203 2019 1258 magna
2044 1188 2132 1242 hic
2158 1195 2211 1241 et

659 1292 770 1349 sola
818 1273 924 1345 Dei'
960 1272 1131 1358 gratia
1184 1284 1410 1339 ﬁdeliter
1441 1289 1493 1336 et
1527 1280 1703 1334 sobrie
1749 1277 2211 1332 considerantibus

655 1384 932 1438 evidenter
986 1366 1315 1433 ostenditur?
1380 1380 1448 1426 ut.
1482 1370 1777 1437 intelligant
1830 1367 2072 1433 homines
2116 1381 2211 1435 per

656 1456 899 1527 eamdem
938 1467 1163 1537 gratiam
1191 1480 1248 1521 se
1270 1461 1553 1535 iustiﬁcari
1586 1473 1741 1527 posse
1780 1472 1807 1510 a
1836 1458 2087 1526 peccatis,
2117 1472 2211 1525 per

656 1577 817 1630 quam
872 1558 1067 1613 factum
1108 1563 1192 1610 est
1219 1562 1279 1607 ut
1328 1555 1491 1606 homo
1516 1549 1761 1603 Christus
1798 1546 1998 1600 nullum
2042 1546 2211 1615 possit

657 1651 853 1705 habere
892 1654 1191 1716 peccatum.
1243 1641 1336 1695 Sic
1382 1645 1620 1709 sanctam
1656 1635 1929 1705 Virginem
1984 1642 2209 1687 matrem

2308 478 2419 523 tum
2450 470 2587 525 dono
2628 471 2758 543 [Al.,
2806 473 3025 545 donum]
3067 474 3161 528 Dei
3205 474 3402 531 factum
3455 486 3559 543 est,
3585 487 3641 534 et
3666 481 3864 538 donum

2306 559 2401 616 Dei
2444 563 2660 631 proprie
2701 561 2936 632 Spiritus
2984 572 3201 620 sanctus
3232 567 3445 622 dicitur.
3489 568 3675 640 Neque
3719 573 3863 627 enim

2304 650 2430 718 quia
2484 652 2739 706 mundum
2787 653 2947 708 istum
2993 653 3119 709 fecit
3167 656 3328 720 Deus,
3360 657 3465 711 dici
3510 673 3634 713 eum
3672 658 3755 716 fas
3782 672 3867 717 est

2306 739 2399 795 Dei
2426 740 2649 806 Filium;
2681 740 2825 797 haud
2852 744 2996 797 enim
3048 759 3169 799 eum
3216 754 3427 816 Oportet
3459 749 3636 803 dicere
3681 761 3865 806 natum

2306 828 2372 881 de
2398 829 2528 894 Deo,
2558 830 2651 884 sed
2693 830 2916 895 factum,
2939 832 3023 887 vel
3070 843 3328 897 creatum.
3352 837 3436 891 vel
3457 839 3749 905 conditum,
3780 841 3866 897 vel

2306 918 2606 972 institutum
2646 918 2714 973 ab
2751 920 2864 984 illo,
2887 921 2972 975 vel
2998 921 3045 975 si
3073 924 3200 990 quid
3241 921 3546 990 huiusmodi
3570 934 3714 982 recte
3742 944 3867 998 pos-

2306 1021 2491 1061 sumus
2509 1006 2704 1062 dicere.
2728 1006 2836 1063 Nec
2869 1009 3034 1078 igitur
3057 1012 3453 1067 concedendum
3469 1023 3572 1079 est,
3602 1017 3865 1085 quidquid

2307 1100 2374 1152 de
2413 1099 2587 1169 aliqua
2630 1096 2688 1155 re
2724 1109 3017 1165 nascatur,-
3041 1104 3295 1158 continuo
3317 1103 3554 1171 ejusdem
3582 1108 3659 1161 rei
3697 1108 3865 1163 ﬁlium

2306 1190 2738 1258 nuncupandum.
2772 1189 2843 1245 Ut
2868 1190 2934 1244 de
2958 1191 3136 1246 multis
3156 1194 3416 1262 exemplis
3441 1195 3541 1249 hoc
3564 1195 3864 1264 proferam,

2306 1284 2451 1330 certe
2494 1278 2586 1345 qui
2624 1285 2925 1351 nascuntur
2940 1293 3005 1332 ex
3042 1295 3178 1349 aqua
3206 1289 3260 1335 et
3305 1280 3506 1350 Spiritui
3535 1293 3739 1347 sancto,
3774 1301 3868 1345 ne-

2308 1381 2411 1434 que
2442 1366 2577 1420 ﬁlios
2604 1382 2697 1421 eos
2727 1375 2872 1422 recte
2902 1364 3181 1437 quisquam
3214 1372 3407 1425 dixerit
3434 1388 3605 1442 aqum,
3634 1374 3719 1428 vel
3745 1374 3868 1444 Spi-

2310 1457 2443 1509 ritus
2469 1457 2659 1521 sancti,
2691 1457 2785 1511 sed
2827 1458 2984 1526 plane
3026 1460 3275 1514 dicuntur
3303 1460 3421 1515 Filii
3450 1463 3543 1516 Dei
3591 1462 3767 1517 Patris
3813 1472 3869 1517 et

2308 1545 2497 1598 matris
2517 1545 2788 1600 Ecclesiae.
2812 1545 2901 1600 Sic
2924 1561 3054 1617 ergo
3073 1552 3139 1602 de
3160 1548 3364 1619 Spiritu
3391 1559 3576 1606 sancto
3598 1561 3758 1609 natus
3782 1562 3868 1609 est

2308 1632 2475 1689 Filius
2504 1634 2598 1688 Dei
2643 1634 2840 1700 Patris,
2886 1644 2941 1690 et
2986 1653 3093 1691 non
3122 1637 3354 1707 Spiritus
3397 1643 3588 1696 sancti.
3637 1642 3692 1697 Si
3722 1644 3866 1699 enim

604 1794 605 1797 η
653 1739 862 1794 scilicet
897 1715 1024 1789 Filii
1049 1733 1164 1798 Dei,
1191 1729 1409 1801 angelus
1450 1727 1716 1795 salutavit,
1743 1725 1955 1793 quando
1992 1724 2040 1777 ei
2072 1723 2209 1776 futu-
2241 1715 2279 1770 Β
2308 1721 2474 1777 Filius
2515 1722 2748 1792 Spiritus
2790 1727 2962 1779 sancti
2992 1727 3259 1782 diceretur
3299 1730 3546 1785 Christus
3573 1734 3867 1788 secundum

656 1824 785 1883 rum
817 1825 1080 1891 nuntiavit
1127 1829 1340 1892 partum
1374 1837 1389 1876 :
1421 1819 1525 1871 Ave
1554 1816 1766 1888 (inquit)
1803 1815 1971 1885 gratia
2019 1812 2205 1883 plena;

653 1928 711 1974 et
754 1916 911 1987 paulo
952 1921 1114 1983 post:
1146 1910 1395 1965 Invenisti
1435 1906 1549 1980 (ait)
1598 1904 1819 1977 gratiam
1861 1903 2000 1973 apud
2040 1903 2207 1955 Deum

652 1990 810 2078 (Luc.
840 2020 881 2068 I,
925 2003 1020 2068 28,
1064 2002 1178 2075 ω).
1218 2000 1285 2055 Ει
1314 2000 1428 2053 hmo
1475 1998 1688 2068 quidem
1734 1988 1903 2067 gratia
1947 1994 2127 2065 plena,
2153 1999 2211 2047 et

652 2094 921 2150 invenisse
947 2092 1089 2165 apud
1107 2088 1277 2145 Deum
1300 2089 1526 2159 gratiam
1548 2086 1760 2149 dicitur,
1788 2093 1849 2138 ut
1866 2084 2075 2137 Domini
2100 2083 2205 2146 sui,

653 2187 763 2240 imo
784 2183 995 2239 Domini
1027 2183 1285 2243 omnium,
1309 2177 1470 2233 salva
1490 2176 1817 2246 virginitate,
1848 2181 2018 2226 mater
2044 2179 2206 2226 esset.

1268 2308 1490 2365 CAPUT
1531 2306 1591 2363 ll.

652 2427 734 2482 Ad
757 2422 1247 2494 commendationem
1274 2419 1505 2494 ejusdem
1529 2417 1732 2494 gratim,
1773 2415 2205 2494 beatus._evarrge-

759 2496 878 2549 lista
907 2489 1169 2547 Christum
1197 2486 1532 2559 ait,'plenum
1558 2486 1729 2557 gratia
1772 2492 1825 2538 et
1857 2486 2101 2538 veritate.

720 2605 799 2660 De
832 2606 948 2675 ipso
975 2613 1153 2657 autem
1204 2600 1429 2654 Domino
1459 2596 1690 2651 Joannes
1726 2594 2047 2662 evangelista
2087 2606 2209 2645 cum

654 2699 877 2755 dixisset
914 2714 929 2748 :
977 2694 1200 2747 Verbum
1245 2708 1366 2743 caro
1408 2689 1601 2758 factum
1648 2687 1743 2749 eiu,
1786 2694 1835 2737 et
1879 2682 2124 2735 habitavit
2155 2682 2209 2733 in

653 2789 831 2852 nobis;
887 2783 1174 2852 adiunxit:
1226 2780 1483 2842 Vidimus,
1551 2776 1743 2845 inquit,
1805 2774 2024 2844 gloriam
2071 2772 2206 2841 ejus,
2291 2822 2295 2837 ,

652 2876 873 2946 gloriam
924 2873 1074 2943 quasi
1118 2860 1368 2939 unigeniti
1419 2885 1450 2919 a
1482 2866 1659 2929 Patre,
1688 2863 1894 2935 plenum
1939 2862 2121 2932 gratia:
2161 2870 2209 2914 et

654 2964 883 3018 veritatis
914 2960 1093 3033 (Joan.
1124 2958 1300 3029 1,“).
1330 2956 1479 3023 Quod
1523 2957 1599 3009 ait
1640 2971 1653 3007 :
1697 2951 1920 3006 Verbum
1961 2968 2082 3003 caro
2126 2950 2209 3018 {a-

2307 1810 2718 1877 humanitatem,
2742 1813 2847 1867 duo
2870 1812 3060 1869 Patres
3089 1825 3270 1871 essent
3298 1818 3351 1870 in
3376 1828 3561 1873 sancta
3583 1819 3863 1886 Trinitate,

2305 1908 2360 1953 et
2385 1899 2528 1954 Deus
2565 1901 2726 1957 homo
2751 1902 2945 1969 factus,
2976 1904 3111 1959 duos
3151 1907 3426 1964 habuisset
3453 1908 3662 1975 Patres,
3698 1928 3866 1966 unum

2306 1992 2614 2057 divinitatis,
2666 1995 2893 2051 alterum
2939 1997 3308 2054 humanitatis.
3365 2000 3472 2058 Sed
3503 2002 3623 2071 quis
3659 2004 3762 2059 hoc
3787 2004 3867 2059 di-

2306 2097 2428 2139 cere
2459 2083 2708 2141 audebit?

2903 2177 3127 2241 CAPUT
3180 2181 3265 2237 IV.

2378 2285 2646 2352 Quomodo
2680 2288 3010 2361 intelligenda
3037 2294 3104 2346 sit
3147 2295 3325 2348 missio
3372 2294 3501 2350 Filii
3528 2314 3560 2351 a
3593 2294 3798 2353 Patre?

2376 2392 2729 2459 Quaerendum
2773 2410 2857 2452 est
2902 2401 3168 2467 quomodo
3205 2404 3530 2476 intelligatur
3562 2407 3748 2462 missio
3773 2408 3867 2462 Fi-

2304 2480 2402 2535 lii?
2428 2481 2587 2537 Pater
2627 2486 2768 2538 enim
2805 2487 2948 2541 solus
2990 2505 3250 2558 nusquam
3283 2492 3475 2561 legitur
3514 2492 3748 2559 missus;
3800 2495 3871 2549 de

2307 2571 2442 2626 Filio
2470 2573 2685 2641 quidem
2711 2575 2784 2626 ita
2814 2576 3001 2628 scribit
3028 2577 3313 2645 Apostolus
3340 2596 3352 2631 :
3382 2577 3512 2632 Cum
3534 2590 3706 2634 autem
3736 2583 3867 2645 venit

2306 2658 2567 2728 plenitudo
2597 2662 2860 2728 temporis,
2892 2664 3031 2715 misit
3060 2664 3201 2717 Deus
3243 2664 3435 2719 Filium
3469 2684 3639 2731 suum,
3674 2669 3868 2738 factum

2308 2761 2371 2798 ea:
2394 2744 2624 2807 muliere,
2655 2747 2849 2814 factum
2872 2749 2965 2802 sub
2995 2749 3122 2820 lege,
3156 2761 3209 2805 ut
3231 2769 3315 2806 eos
3338 2755 3427 2823 qui
3450 2756 3542 2809 sub
3572 2755 3679 2825 lege
3700 2769 3866 2818 erant.

2310 2833 2578 2886 redemiret
2604 2832 2745 2905 (Gal.
2786 2852 2860 2900 IV,
2895 2837 2972 2909 4).
2999 2838 3131 2893 Cum
3180 2850 3358 2907 autem
3381 2845 3456 2896 ait
3504 2862 3514 2895 :
3559 2843 3705 2898 Misit
3735 2844 3868 2899 Deus

2309 2921 2506 2977 Filium
2552 2926 2724 2990 suum,
2765 2925 2960 2995 factum
2987 2946 3051 2984 ea;
3085 2932 3319 2996 muliere,
3366 2935 3499 2989 satis
3542 2937 3775 2992 ostendit
3801 2952 3866 2991 eo

651 3017 791 3107 eum
810 3017 1033 3116 ωἰῂοϐ
1068 3017 1172 3113 est;
1200 3017 1406 3119 plénu~m
1429 3045 1646 3115 gratim;
1671 3039 1811 3110 quod
1848 3040 1923 3093 an
1949 3056 1962 3093 ε
1989 3038 2206 3108 gloriam
2233 3037 2278 3097 ρ
2310 3017 2693 3119 ipso-missum
2734 3017 2948 3119 gilium,
3003 3037 3109 3090 quo
3159 3023 3464 3119 metusest
3498 3042 3594 3119 ex,
3619 3028 3866 3082 muliere.

652 3141 800 3212 quasi
832 3138 1083 3210 unigeniti
1134 3154 1166 3190 a
1194 3136 1374 3198 Patre,
1409 3135 1513 3187 hoc
1544 3139 1647 3196 est,
1698 3129 1905 3200 plenum
1956 3127 2203 3181 veritatis.

654 3230 865 3285 Veritas
914 3228 1109 3296 quippe
1147 3225 1262 3294 ipsa
1286 3222 1591 3293 unigenitus
1613 3227 1695 3273 est
1740 3218 1833 3271 Dei
1871 3216 2061 3281 Filius,
2100 3230 2206 3269 non

654 3320 845 3391 gratia,
876 3316 971 3373 sed
1014 3324 1225 3370 natura.
1256 3312 1441 3369 Gratia
1487 3308 1717 3377 suscepit
1762 3307 2206 3361 hominemvtanta

656 3409 857 3464 unitate
880 3418 1142 3477 personat,
1170 3410 1228 3457 ut
1253 3402 1393 3456 idem
1421 3400 1535 3467 ipse
1558 3405 1699 3451 esset
1727 3396 1890 3449 etiam
1932 3393 2072 3447 ﬁlius
2107 3393 2207 3447 ho-

656 3498 832 3562 minis,
858 3496 949 3565 qui
990 3493 1085 3548 Dei
1110 3491 1276 3546 Filius
1307 3484 1495 3543 unicus
1518 3485 1837 3555 unigenitus.
1860 3483 1919 3536 In
1959 3483 2073 3552 ipso
2103 3496 2208 3536 uno

656 3585 765 3639 Deo
807 3592 862 3637 et
888 3583 1123 3645 homine,
1159 3581 1315 3649 plena
1358 3577 1526 3647 gratia
1554 3572 1920 3635 humanitatis,
1949 3571 2209 3639 plenaque

655 3673 947 3730 divinitatis
984 3662 1183 3725 veritas
1210 3670 1549 3738 agnoscitur;
1583 3666 1745 3734 726
1789 3664 1901 3717 haec
1936 3662 2207 3731 plenitudo

654 3763 949 3819 divinitatis
981 3762 1035 3815 in
1062 3759 1234 3828 seipsa
1271 3755 1661 3826 plenitudinem.
1688 3754 1849 3805 habet
1872 3752 2071 3820 gratiae,
2104 3766 2207 3820 qua

636 3858 740 3909 est
760 3852 892 3923 [Al.,
918 3866 1039 3920 qua:
1057 3847 1162 3919 est]
1187 3856 1298 3901 tota
1322 3844 1626 3900 humanitas
1647 3828 1995 3895 in'divinitate
2013 3856 2107 3893 sua
2123 3857 2137 3903 ;
2155 3849 2209 3893 et

656 3938 925 4010 plenitudo
966 3934 1554 4007 gratim’plenitudinem
1586 3931 1636 3984 in
1678 3945 1737 3984 se
1759 3929 1921 3983 habet
1948 3928 2205 3990 veritatis,

658 4030 899 4097 quaest
969 4023 1102 4096 [Al.,
1158 4037 1275 4092 qua:
1312 4019 1414 4091 est]
1461 4026 1570 4074 tota
1617 4020 1868 4074 divinitas
1914 4018 1967 4072 in
2018 4020 2207 4072 huma-

658 4120 824 4173 nitate
898 4126 1013 4171 sua’.
1086 4116 1167 4169 lta
1221 4119 1281 4166 ut
1341 4111 1614 4181 plenitudo
1670 4110 1912 4164 veritatis
1979 4110 2207 4179 plenitu-

658 4209 835 4263 dinem
890 4207 943 4259 in
1001 4194 1305 4262 sefhabeat
1353 4202 1558 4271 gratim,
1608 4209 1663 4254 et
1702 4201 1976 4268 plenitudo
2022 4202 2207 4272 gratim

659 4296 1037 4364 plenitudinem
1075 4295 1130 4347 in
1174 4307 1233 4347 se
1274 4291 1468 4346 habeat
1514 4290 1773 4345 veritatis.
1824 4289 1939 4362 [Sic
1964 4300 2045 4346 est
2077 4301 2205 4361 ergo

2309 3104 2461 3171 Quod
2482 3119 2610 3175 ergo
2636 3107 2702 3161 de
2742 3108 2851 3162 Deo
2873 3118 3029 3165 natus
3052 3121 3136 3167 est
3163 3114 3256 3168 Dei
3285 3114 3470 3179 Filius,
3495 3117 3549 3170 in
3582 3118 3686 3173 hoc
3714 3135 3870 3173 mun-

2306 3193 2373 3247 do
2400 3202 2535 3258 erat,
2582 3195 2719 3250 sicut
2744 3196 3080 3268 Evangelista
3124 3202 3199 3257 ait
3251 3222 3263 3257 :
3311 3204 3378 3258 In
3415 3206 3608 3261 mundo
3653 3218 3781 3271 erat,
3822 3219 3870 3262 et

2303 3282 2529 3337 mundus
2565 3300 2657 3354 per
2686 3286 2855 3355 ipsum
2879 3288 3049 3357 factus
3069 3300 3142 3345 est
3164 3292 3341 3363 (Joan.
3367 3310 3405 3357 ι,
3438 3294 3557 3361 10);
3606 3297 3745 3364 quod
3772 3312 3869 3351 au-

2305 3380 2412 3427 tem
2454 3374 2521 3428 de
2562 3374 2727 3429 Maria
2776 3377 2984 3447 virgine
3028 3369 3186 3434 natus
3225 3391 3329 3445 est,
3357 3384 3409 3437 in
3438 3385 3581 3438 hunc
3611 3387 3868 3440 mundum

2305 3462 2501 3516 missus
2547 3463 2780 3518 advenit.
2825 3466 2959 3521 Nam
3004 3476 3058 3522 et
3103 3470 3213 3539 ipse
3256 3472 3513 3527 Dominus
3555 3475 3669 3529 ait:
3704 3476 3866 3546 Egon

2308 3550 2466 3605 Patre
2491 3554 2642 3619 exivi,
2670 3564 2717 3607 et
2749 3558 2859 3611 veni
2880 3558 2931 3610 in
2952 3559 3087 3612 hunc
3114 3562 3359 3615 mundum
3386 3562 3565 3633 (Joan.
3607 3581 3720 3629 va,
3752 3565 3863 3633 28).

2307 3640 2475 3712 [Ergo
2500 3658 2527 3695 a
2553 3643 2715 3698 Patre
2744 3646 2912 3711 exire,
2936 3656 2990 3702 et
3016 3651 3196 3704 venire
3223 3652 3274 3704 in
3299 3653 3441 3709 hunc
3463 3656 3738 3726 mundum]
3770 3656 3871 3708 hoc

2305 3740 2388 3785 est
2414 3732 2571 3786 mitti.
2620 3733 2756 3799 Quid
2800 3736 2963 3803 igitur
3000 3747 3081 3793 est
3135 3743 3277 3809 quod
3326 3743 3390 3797 de
3447 3746 3536 3798 illo
3586 3747 3724 3798 idem
3756 3746 3868 3811 ipse

2306 3822 2629 3889 evangelista
2671 3823 2799 3877 dicit
2840 3840 2854 3878 :
2904 3826 2970 3879 In
3020 3830 3211 3881 mundo
3249 3841 3382 3892 erat,
3438 3842 3483 3882 et
3518 3833 3742 3883 mundus
3778 3848 3871 3898 per

2305 3925 2421 3962 eum
2447 3912 2614 3978 factus
2645 3923 2739 3976 est,
2792 3923 2837 3967 et
2880 3918 3105 3969 mundus
3144 3935 3259 3969 eum
3290 3934 3391 3969 non
3437 3921 3665 3987 cognovit
3688 3918 3864 3989 (Joan.

2308 4012 2343 4059 ι,
2402 3999 2527 4069 10);
2579 4001 2772 4057 deinde
2827 4002 3096 4075 subiungit
3128 4021 3141 4058 :
3178 4004 3243 4058 In
3290 4022 3384 4059 sua
3440 4009 3646 4077 propria
3696 4010 3869 4063 venit?

2308 4099 2333 4127 α
2364 4087 2492 4143 llluc
2518 4093 2704 4160 utique
2754 4094 2949 4166 missus
2981 4103 3085 4161 est,
3123 4111 3227 4165 quo
3275 4098 3439 4150 venit.
3471 4096 3539 4150 At
3580 4099 3624 4151 si
3648 4099 3702 4152 in
3728 4099 3868 4153 hunc

2303 4175 2785 4237 mundum’missus
2824 4190 2924 4248 est,
2972 4183 3097 4238 illuc
3130 4193 3213 4251 est
3260 4186 3481 4246 missus.
3511 4188 3603 4241 ubi
3643 4196 3775 4243 erat.
3810 4188 3865 4242 ln

2304 4270 2503 4332 mundo
2543 4279 2678 4333 erat,
2711 4280 2765 4325 et
2806 4273 2859 4326 in
2888 4274 3142 4327 mundum
3180 4276 3376 4329 missus
3399 4286 3501 4331 est.
3539 4277 3708 4345 Quam
3734 4279 3863 4332 mis-

658 4354 902 4439 Christus
932 4384 1129 4451 plenus.
1147 4381 1331 4451 gratia).
1355 4388 1411 4435 et
1434 4379 1717 4451 veritatis],
1744 4387 1804 4433 ut
1826 4354 1980 4434 .sicut
2010 4396 2041 4434 a
2068 4354 2204 4435 divi-
2230 4373 2283 4435 D
2307 4370 2328 4410 ⁸

2195 4411 2204 4420 ,
2230 4373 2283 4435 υ
2307 4354 2509 4411 sionem
2548 4366 2725 4414 tamen
2751 4375 2884 4429 opus
2913 4376 3030 4417 esse
3076 4372 3273 4419 sanctte
3303 4365 3581 4422 Trinitatis
3622 4368 3752 4423 nulli
3778 4383 3865 4422 ca-

661 4470 828 4527 nitate
873 4470 1145 4540 plenitudo
1193 4469 1537 4524 humanitatis
1568 4477 1815 4537 suscepta
1874 4478 1972 4532 est,
2026 4470 2121 4523 ita.
2150 4469 2206 4522 in

660 4561 989 4617 humanitate
1031 4562 1147 4630 ejus
1194 4559 1467 4631 plenitudo
1499 4560 1569 4613 sit
1596 4559 1905 4624 divinitatis,
1954 4559 2207 4626 Apostolo

658 4657 909 4713 testante,
937 4649 1027 4717 qui
1056 4650 1163 4703 ait:
1206 4648 1270 4703 In
1290 4666 1391 4721 quo
1414 4649 1612 4703 habitat
1655 4649 1818 4701 omnis
1846 4647 2105 4716 plenitudo
2135 4649 2208 4701 di-

662 4738 885 4793 vinitatis
905 4738 1241 4807 corporaliter
1265 4738 1483 4809 (Coloss.
1516 4757 1575 4803 ιι,
1605 4739 1679 4810 9).
1776 4782 1781 4785 .

1259 4846 1481 4904 CAPUT
1518 4849 1601 4903 lll.

665 4956 929 5029 Quomng
946 4975 1050 5029 non
1071 4960 1139 5014 sit
1166 4958 1398 5012 cursim
1416 4958 1589 5029 Filius
1613 4960 1839 5029 Spiritus
1860 4931 2052 5021 sancti,
2084 4962 2206 5013 dum

728 5028 783 5107 in
813 5025 1050 5107 ngbolo
1077 5030 1288 5107 dicitur,
1314 5029 1380 5082 de
1406 5027 1607 5097 Spiritu
1653 5025 1918 5087 sancto‘et
1954 5046 2020 5084 ex
2043 5030 2207 5083 Maria

730 5096 939 5164 virgine
954 5098 1147 5152 natus?

732 5204 859 5257 Illud
904 5220 1032 5259 vero
1066 5220 1279 5263 movere
1334 5210 1551 5277 poterit.
1599 5204 1861 5277 quomodo
1890 5209 2090 5265 dictum
2137 5212 2207 5265 sit

664 5286 1023 5359 Christum‘de
1050 5294 1251 5364 Spiritu
1266 5306 1459 5351 sancto
1486 5305 1667 5351 natum
1697 5305 1750 5351 et
1792 5296 1955 5351 Maria
1982 5299 2207 5370 virgine,

667 5395 786 5435 cum
834 5383 1003 5440 Filius
1049 5387 1192 5449 nullo
1240 5387 1395 5461 modo
1450 5389 1521 5442 sit
1566 5389 1797 5459 Spiritus
1826 5393 1995 5446 sancti
2038 5393 2212 5447 ﬁlius?

666 5467 747 5519 An
773 5468 890 5523 ideo
938 5475 1131 5526 dicitur
1156 5476 1220 5529 de
1265 5473 1467 5543 Spiritu
1498 5488 1679 5534 sancto
1711 5488 1891 5569 natus,
1919 5485 2041 5551 quia
2086 5482 2211 5537 fecit

742 5590 763 5616 ι
798 5580 928 5635 Vide
952 5583 1007 5636 S.
1039 5586 1173 5657 Aug.
1199 5588 1289 5644 lib.
1323 5606 1359 5644 ιι
1380 5590 1446 5645 de
1470 5591 1750 5661 Trinitate,
1777 5611 1921 5651 num.
1950 5596 1977 5649 7
2007 5605 2061 5651 et
2084 5599 2137 5656 8.

2308 4446 2507 4502 tholico
2544 4449 2893 4507 dubitandum
2918 4462 3022 4507 est.
3286 4515 3305 4551 ι

2825 4578 2827 4580 ·
2919 4562 3141 4619 CAPUT
3187 4565 3245 4618 V.

2377 4668 2645 4734 Quomodo
2671 4664 2845 4724 missio
2890 4674 3054 4725 sancti
3084 4673 3312 4743 Spiritus
3342 4677 3407 4728 sit
3435 4676 3786 4747 intelligenda.

2377 4779 2407 4817 δ
2430 4776 2579 4831 Sicut
2600 4780 2740 4853 enim
2772 4794 2800 4831 a
2823 4779 2981 4835 Patre
3009 4781 3237 4851 Spiritus
3267 4795 3480 4841 sanctus
3509 4787 3757 4851 mittitur,
3790 4788 3860 4841 lta

2310 4873 2363 4919 et
2384 4881 2413 4919 a
2442 4865 2610 4932 Filio;
2638 4876 2922 4945 utrumque
2948 4871 3090 4924 enim
3120 4873 3172 4926 in
3210 4874 3500 4944 Evangelio
3530 4875 3719 4943 legitur
3746 4877 3861 4946 ipso

2308 4954 2532 5009 Domino
2554 4958 2761 5012 dicente
2791 4975 2803 5009 :
2830 4958 2967 5011 Dum
3013 4970 3182 5013 autem
3212 4967 3399 5016 venerit
3430 4962 3671 5031 Spiritus
3690 4960 3861 5025 Para-

2307 5043 2465 5098 cletus
2493 5085 2505 5105 ,
2551 5063 2700 5115 quem
2750 5046 2909 5101 Pater
2950 5049 3110 5101 mittet
3163 5051 3217 5102 in
3270 5052 3474 5103 nomine
3519 5068 3631 5105 meo
3678 5052 3857 5123 (Joan.

2307 5148 2415 5197 xxv,
2444 5136 2556 5208 26).
2582 5137 2649 5190 Et
2668 5137 2793 5191 illud
2824 5138 2888 5190 de
2915 5138 3087 5205 seipso
3117 5156 3129 5189 :
3171 5137 3299 5191 Cum
3327 5150 3497 5193 autem
3522 5145 3715 5196 venerit
3742 5143 3861 5211 Spiv

2310 5224 2438 5277 ritus
2464 5224 2783 5287 Paracletus,
2813 5242 2961 5293 quem
3006 5242 3097 5295 ego
3132 5228 3328 5278 mittam
3358 5230 3410 5281 in
3452 5232 3655 5283 nomine
3686 5229 3861 5285 Patris

2310 5312 2442 5375 mei;
2473 5312 2563 5366 sed
2590 5312 2689 5365 ista
2715 5312 2895 5365 missio
2926 5328 3020 5382 per
3049 5314 3301 5381 quasdam
3328 5316 3563 5371 visibiles
3586 5316 3651 5369 ad
3675 5318 3859 5371 horam

2312 5398 2449 5454 facta
2495 5408 2578 5453 est
2611 5395 3101 5455 creaturas.~liacta
3140 5412 3222 5457 est
3256 5406 3393 5459 enim
3437 5407 3675 5474 quaedam
3705 5422 3857 5461 crea-

2311 5498 2444 5551 turae
2464 5494 2667 5560 species
2693 5506 2757 5545 ex
2802 5501 3055 5560 tempore,
3082 5478 3139 5545 in
3182 5508 3286 5563 qua
3314 5496 3591 5550 visibiliter
3615 5497 3860 5552 ostende-

2383 5604 2409 5643 ι
2440 5604 2637 5661 Encas
2670 5606 2863 5673 Paris.,
2893 5621 3009 5677 cap.
3043 5607 3128 5661 87.
