4228 6232
599 238 680 294 45
1274 288 1279 297 ,
1414 233 1472 288 Β.
1513 231 1574 286 F.
1615 227 1837 285 ALBINI
1878 226 2006 283 SEU
2047 224 2178 280 ALC

2260 222 2320 277 Nl
2360 219 2642 278 OPERUM
2680 218 2858 275 PARS
2891 218 2977 274 Ill.
3792 215 3880 270 ιι.

613 355 750 411 ritus
786 349 1071 425 [sanctus],
1116 350 1197 404 vel
1232 349 1380 403 illum
1425 345 1629 408 ﬂatum,
1674 342 1755 398 vel
1804 341 1951 396 illum
1981 339 2177 409 ignem,
2211 339 2257 394 Α
2284 332 2417 387 duas
2433 346 2708 401 personas,
2739 331 2790 384 id
2817 338 2921 393 est,
2946 327 3058 384 veri
3079 327 3198 381 Filii
3225 327 3420 425 Dei,_et
3447 325 3679 396 adoptivi
3711 327 3852 425 Ml...

613 443 823 513 sibique
847 450 900 496 et
926 453 1162 510 personae
1187 455 1296 494 sua:
1322 439 1376 492 in
1401 437 1661 490 unitatem
1686 435 2036 501 habitumque
2060 447 2183 487 con-

611 531 789 601 junxit
842 531 893 583 in
958 538 1239 592 internum,
1309 526 1405 580 sed
1457 531 1820 595 apparuerunt
1865 523 1986 586 ista,
2045 519 2184 575 sicut

591 623 910 691 ‘opportnne
958 633 1216 691 apparere
1245 618 1567 682 debuemnt,
1614 623 1863 672 creatura
1914 614 2184 670 serviente

599 713 868 775 creatori,
896 721 962 765 er
981 711 1046 764 ad
1074 719 1261 764 nutum
1290 708 1422 777 eius,
1454 708 1546 777 qui
1596 703 2104 761 incommutabiliter
2129 704 2184 757 in

614 802 790 870 seipse
819 807 1120 869 permanet,
1152 799 1220 852 ad
1271 812 1394 852 cum
1425 795 1837 868 signiﬁcandum
1883 801 1940 848 et
1964 793 2185 848 demon-

615 891 912 953 strandum,
952 891 1092 944 sicut
1121 888 1412 960 signiﬁcari
1452 895 1508 942 et
1534 885 1896 942 demonstrari
1937 884 2182 941 mortali-

616 983 716 1037 bus
765 982 1062 1051 oportebat,
1118 988 1320 1035 mutata
1389 987 1551 1047 atque
1597 992 1876 1033 conversa.
1929 975 2186 1044 Quamvis

609 1069 848 1139 Spiritus
887 1079 1102 1125 sanctus
1136 1069 1474 1139 apparuisset
1501 1067 1556 1121 in
1599 1068 1778 1137 specie
1807 1068 2068 1122 columba:
2101 1067 2185 1121 vel

607 1161 774 1232 ignis,
801 1178 904 1216 non
927 1177 1210 1232 possumus
1239 1169 1419 1215 tamen
1447 1159 1627 1215 dicere
1648 1159 1911 1229 Spiritum
1938 1167 2184 1213 sanctum

614 1253 784 1307 Deum
813 1262 868 1308 et
895 1253 1220 1318 columbam,
1244 1260 1337 1306 aut
1367 1251 1536 1306 Deum
1564 1259 1618 1305 et
1646 1251 1846 1320 ignem,
1884 1251 2024 1305 sicut
2049 1250 2183 1305 dici-

616 1359 735 1397 mus
785 1343 979 1397 Filium
1008 1341 1177 1397 Deum
1211 1350 1265 1396 et
1290 1340 1584 1396 hominem.
1618 1339 1846 1410 Propter
1875 1340 1975 1395 has
2021 1341 2187 1410 igitur

616 1435 926 1504 corporales
969 1433 1191 1498 formas,
1223 1433 1278 1487 in
1308 1433 1504 1502 quibus
1527 1431 1772 1501 apparuit
1799 1430 2034 1502 Spiritus
2061 1446 2185 1487 san-

614 1537 752 1588 ctus,
800 1525 996 1579 missus
1021 1523 1240 1588 dicitur,
1289 1537 1396 1577 non
1444 1531 1665 1592 propter
1703 1536 1796 1576 eas
1823 1521 2003 1576 minor
2027 1519 2188 1576 Patre

617 1617 725 1670 dici
775 1623 970 1685 potest,
1026 1615 1166 1669 sicut
1213 1613 1382 1668 Filius
1445 1620 1667 1684 propter
1717 1611 1948 1667 formam
2007 1612 2183 1677 servi;

2283 425 2396 480 veri
2431 423 2552 478 Filii
2580 431 2634 477 et
2677 421 2972 492 adoptivi];
3004 419 3514 499 cumvcertissimum
3542 426 3777 483 constet,
3799 418 3854 472 iu

2284 513 2430 566 illam
2469 526 2774 582 personam,
2816 525 2979 580 quam
3025 510 3210 564 habuit
3247 508 3568 563 mternalitcr
3596 507 3664 563 de
3699 508 3859 562 Patre

2282 604 2512 673 genitus,
2573 602 2668 656 Dei
2709 601 2902 656 Filium
2949 601 3237 655 humanam
3293 599 3652 669 assumpsisse
3702 607 3858 654 natu-

2285 708 2420 755 ram,
2449 706 2611 761 quam
2642 705 2800 746 nemo
2821 690 3114 745 catholicus
3142 691 3245 744 ﬁde
3272 689 3622 744 conﬁrmatus
3654 689 3860 758 adopti-

2285 797 2406 835 vam
2425 797 2544 836 esse
2573 795 2736 835 ausus
2755 781 3055 836 estdicere.
3081 779 3224 835 Deus
3251 781 3345 835 Dei
3375 778 3543 833 Filius
3563 779 3856 834 humanam

2283 870 2576 940 assumpsit
2602 879 2873 934 naturam,
2897 884 3002 924 non
3028 884 3337 939 personam,
3362 869 3416 922 in
3450 878 3709 923 mternam
3737 883 3854 922 sus-

2283 961 2486 1029 cipiens
2515 973 2802 1030 personam
2836 958 3135 1014 divinitatis
3175 959 3519 1028 temporalem
3558 958 3859 1013 humanita-

2284 1050 2354 1103 tis
2391 1051 2766 1105 substantiam.
2795 1049 2968 1105 Βοωο
2992 1051 3315 1105 transivitin
3345 1052 3532 1114 Deum,
3561 1065 3669 1106 non
3688 1049 3862 1102 versi-

2284 1140 2492 1195 bilitate
2543 1149 2771 1205 naturae,
2806 1141 2902 1196 sed
2947 1147 3168 1211 propter
3207 1141 3401 1195 divina:
3443 1141 3705 1195 unitatem
3734 1153 3858 1213 per-

2284 1245 2448 1284 senm.
2479 1231 2604 1285 Ideo
2633 1246 2738 1285 non
2787 1240 2914 1285 sunt
2941 1232 3046 1286 duo
3069 1230 3293 1297 Christi,
3333 1247 3433 1286 nec
3460 1231 3564 1286 duo
3589 1229 3732 1295 Filii,
3764 1228 3860 1283 sed

2286 1335 2425 1374 unus
2444 1319 2711 1381 Christus,
2743 1328 2799 1374 et
2825 1335 2963 1374 unus
2992 1319 3183 1385 Filius,
3205 1320 3347 1374 Deus
3377 1320 3557 1374 homo.

2901 1429 3129 1487 CAPUT
3177 1431 3246 1486 Χ.

2318 1543 2335 1561 ⁸
2359 1541 2510 1608 Quod
2545 1558 2636 1597 nec
2671 1542 2833 1613 Pater
2865 1559 2959 1598 nec
2993 1543 3223 1613 Spiritus
3257 1552 3500 1608 sanctus,
3539 1542 3630 1597 sed
3663 1541 3807 1598 solus

2754 1612 2927 1668 Filius
2963 1612 3271 1668 internatus
3308 1615 3396 1667 sit.

619 1707 743 1776 quia
776 1707 865 1760 ma
910 1705 1104 1797 mm?
1124 1703 1522 1797 mﬂij'hms“
1569 1702 1644 1756 im
1677 1702 1746 1797 3‘!
1775 1702 2040 1757 animam
2069 1717 2189 1797 P8"
2221 1695 2266 1757 Β
2361 1726 2678 1797 Quanquam
2715 1744 2820 1782 una
2855 1729 2926 1783 sit
2959 1737 3152 1782 natura
3184 1699 3729 1793 sanctae-Trinitatis,
3755 1741 3864 1782 non

618 1811 762 1851 senm
816 1794 1218 1865 perpetualiter,
1269 1792 1370 1847 illa:
1423 1806 1550 1847 vero
1598 1791 1806 1862 species
1861 1791 2185 1860 corporales,

622 1886 672 1938 id
722 1894 824 1949 est,
849 1884 1094 1939 columba
1143 1891 1198 1938 et
1239 1882 1398 1954 ignis,
1451 1882 1518 1936 ad
1541 1881 2018 1937 demonstrandum
2044 1883 2186 1952 quod

618 1993 754 2046 opus
797 1975 914 2041 fuit,
966 1977 1032 2031 ad
1086 1983 1296 2045 tempus
1341 1981 1725 2045 apparuerunt,
1758 1981 1958 2030 etesse
2002 1981 2189 2042 postea

618 2066 955 2120 destiterunt.

1218 2154 1443 2213 CAPUT
1501 2155 1592 2209 IX.

621 2247 772 2312 Quod
803 2247 956 2301 aliter
1001 2247 1395 2316 intelligendum
1437 2247 1503 2300 sit
1557 2244 1780 2300 Verbum
1813 2263 1936 2300 cura
1965 2245 2186 2315 factum,

687 2328 838 2387 atque
873 2317 1024 2371 aliter
1074 2316 1292 2371 Verbum
1330 2317 1504 2371 Dei-in
1544 2317 1770 2387 quolibet
1794 2327 2112 2371 sanctorum.

690 2425 872 2479 Multis
920 2427 1107 2490 modis,
1139 2425 1268 2480 dicit
1297 2425 1576 2494 deiloquus
1597 2424 1813 2490 Paulus,
1851 2425 2019 2478 Deum
2046 2424 2189 2478 locu-

622 2529 729 2568 tum
781 2533 889 2570 esse
939 2517 1172 2584 patribus
1229 2516 1284 2568 in
1329 2515 1610 2584 prophetis,
1673 2514 1963 2568 novissimis
2018 2515 2192 2584 itaque

624 2609 801 2659 diebus
845 2606 1073 2659 locutum
1109 2605 1252 2658 nobis
1281 2620 1390 2658 esse
1418 2606 1472 2657 in
1523 2603 1662 2658 Filio
1693 2621 1786 2658 suo
1812 2603 1941 2675 [Al.,
1971 2604 2191 2658 novissi-

629 2711 706 2748 me
729 2693 865 2765 vero]
895 2693 1078 2765 (Hebr.
1113 2709 1152 2756 ι,
1180 2693 1252 2763 l).
1282 2693 1348 2746 Et
1376 2701 1435 2746 ut
1457 2692 1760 2746 certissime
1785 2691 2190 2762 intelligeretur,

625 2787 690 2838 de
721 2798 826 2852 quo
871 2782 1005 2837 Filio
1047 2783 1290 2847 dixisset,
1327 2797 1449 2836 mox
1475 2781 1751 2850 subiunxit
1771 2782 1955 2837 dicens
1982 2797 1997 2835 :
2026 2779 2192 2847 Quem

625 2873 889 2926 constituit
932 2872 1186 2924 Iucredem
1230 2873 1609 2934 universorum,
1642 2887 1736 2941 per
1780 2887 1932 2940 quem
1974 2870 2095 2938 fecit
2146 2878 2194 2922 et

625 2973 670 3016 et
697 2962 890 3016 sa'cula
920 2961 1108 3034 (lbid.,
1130 2961 1206 3030 Ξ).
1227 2961 1328 3016 Per
1351 2961 1496 3015 illum
1523 2976 1673 3023 vero,
1701 2975 1797 3030 per
1824 2975 1982 3029 quem
2013 2960 2195 3014 omnia

624 3054 846 3118 creavit,
895 3041 946 3107 id
977 3061 1080 3116 est,
1125 3051 1396 3105 Christum
1445 3049 1539 3104 Dei

626 3141 931 3196 novissimis
970 3138 1151 3192 sreculi
1183 3139 1511 3208 temporibus
1547 3139 1748 3192 sanctis
1776 3137 1928 3202 suis;
1953 3137 2198 3207 quamvis

628 3232 794 3286 Deum
837 3230 1071 3284 locutum
1115 3243 1234 3284 esse
1263 3229 1314 3282 in
1353 3229 1631 3299 prophetis
1659 3227 1867 3297 legatur
1893 3225 2026 3296 [Al.,
2053 3226 2198 3294 lega-

628 3321 788 3394 mus].
829 3321 978 3376 Sicut
1026 3320 1225 3374 dieitur
1259 3320 1423 3390 729
1465 3320 1777 3390 principium
1826 3318 2066 3386 loquendi
2097 3317 2200 3369 Do—

629 3413 770 3465 mino
801 3413 852 3465 in
898 3410 1033 3465 Osee
1062 3409 1214 3480 (Osee
1236 3426 1271 3472 ι,
1294 3408 1352 3479 ‘2)
1384 3427 1396 3462 :
1429 3408 1514 3462 vel
1538 3409 1721 3472 etiam,
1755 3406 1961 3460 verbum
1991 3405 2198 3458 Domini

629 3501 824 3568 factum
855 3501 922 3554 ad
942 3502 1233 3568 quemlibet
1255 3501 1595 3570 prophetam,
1620 3498 1762 3553 sicut
1790 3497 1985 3566 legitur
2016 3513 2030 3550 :
2073 3493 2197 3548 Ver-

629 3595 748 3648 bum
772 3593 980 3646 Domini
1027 3592 1223 3660 factum
1251 3606 1324 3646 est
1349 3592 1416 3644 ad
1464 3591 1663 3644 Isaiam
1687 3591 1986 3660 prophetam
2018 3587 2202 3658 (Isaia:

632 3701 853 3749 xxxvm,
879 3686 959 3755 4).
1007 3683 1121 3739 Νοη
1166 3683 1328 3754 igitur
1352 3683 1426 3736 ita
1449 3681 1695 3736 Christus
1723 3681 1946 3747 verbum
1987 3679 2082 3734 Dei
2107 3680 2201 3733 ha-

635 3778 748 3833 buit
804 3777 859 3829 in
887 3792 964 3840 se,
1005 3776 1144 3829 sicut
1173 3775 1262 3828 alii
1307 3772 1499 3836 sancti,
1558 3771 1651 3825 sed
1689 3771 1804 3838 ipse
1850 3777 1936 3824 est
1963 3769 2200 3822 Verbum

633 3866 747 3920 Dei.
778 3865 934 3918 Aliud
963 3871 1048 3917 est
1072 3863 1216 3916 enim
1241 3862 1473 3915 Verbum
1502 3861 1553 3914 iu
1575 3875 1759 3924 carne,
1794 3858 1938 3915 aliud
1957 3867 2040 3912 est
2070 3857 2201 3913 Ver-

635 3955 762 4010 bum
800 3971 927 4031 caro
953 3953 1187 4018 factum;
1234 3951 1376 4005 aliud
1409 3960 1492 4005 est
1526 3950 1669 4004 Deus
1707 3951 1764 4007 in
1795 3950 2033 4016 homine,
2057 3949 2200 4005 aliud

634 4058 716 4103 est
770 4047 911 4102 Deus
967 4048 1148 4101 homo.
1177 4045 1299 4099 ideo
1337 4043 1432 4096 Dei
1462 4041 1631 4095 Filius
1674 4056 1780 4095 non
1805 4042 1981 4096 solum
2009 4054 2202 4096 secun-

633 4141 756 4194 dum
779 4155 959 4194 verum
1001 4138 1358 4200 divinitatem,
1396 4149 1559 4204 quam
1586 4133 1750 4187 habet
1792 4133 1858 4188 de
1887 4125 2080 4189 natura
2102 4131 2201 4189 De!

636 4230 828 4292 Patris,
879 4229 972 4284 sed
1017 4228 1180 4300 etiam
1210 4227 1500 4280 secundum
1547 4239 1788 4289 carnem,
1819 4239 1981 4294 quam
2017 4214 2203 4279 veram

637 4319 950 4375 naturaliter
989 4318 1152 4372 habet
1175 4319 1239 4372 de
1268 4333 1492 4386 corpore
1515 4317 1684 4372 beatae
1709 4315 2021 4383 Genitricis,
2056 4317 2198 4372 Deus

636 4431 817 4481 verus,
855 4425 909 4470 et
927 4414 1166 4468 creditur
1200 4422 1253 4468 et
1279 4415 1604 4484 praedicaqu
1631 4413 1700 4467 ab
1726 4413 1974 4469 omnibus
2022 4414 2204 4468 catho-

637 4510 754 4564 licis
780 4527 792 4561 :
825 4508 1074 4578 quoniam
1106 4516 1306 4560 aeterna
1332 4505 1584 4563 divinitas
1625 4504 1899 4561 Filii'cum
1925 4505 2079 4573 plena
2106 4505 2206 4558 hu—

639 4601 895 4653 manitate
937 4612 1051 4658 sua,
1089 4605 1144 4649 et
1181 4596 1366 4650 eadem
1394 4594 1553 4664 plena
1601 4593 1907 4647 humanitas
1934 4591 2055 4646 Filii
2084 4606 2207 4646 cum

640 4702 840 4745 interna
888 4689 1166 4745 divinitate
1217 4701 1332 4749 sua,
1363 4701 1466 4740 una
1517 4692 1600 4738 est
1633 4684 1686 4736 in
1712 4691 1899 4738 sancta
1943 4681 2208 4743 Trinitate

642 4793 899 4847 persona;
952 4788 1006 4832 et
1045 4779 1160 4831 haec
1200 4791 1304 4828 non
1350 4775 1619 4844 adoptiva,
1646 4774 1741 4829 sed
1769 4772 1984 4843 propria
2014 4779 2067 4826 et
2088 4786 2210 4840 per.

642 4870 801 4930 recta,
831 4877 884 4921 et
929 4869 1039 4935 ipse
1065 4876 1209 4920 totus
1238 4865 1290 4918 in
1333 4863 1612 4917 divinitate
1660 4871 1823 4933 atque
1873 4861 2210 4917 humanitate

641 4975 738 5015 sua
768 4960 1068 5028 unigenitus
1107 4967 1165 5012 et
1192 4971 1350 5012 verus
1384 4954 1479 5009 Dei
1509 4952 1699 5019 Filius,
1737 4954 1879 5008 idem
1902 4952 2035 5024 [Al.,
2065 4950 2208 5022 ideo]

642 5066 765 5105 cum
799 5047 956 5102 Patre
989 5057 1042 5101 et
1082 5047 1285 5115 Spiritu
1309 5053 1520 5108 sancto,
1556 5058 1694 5098 unus
1719 5051 1803 5098 est
1853 5042 1999 5096 Deus
2025 5056 2207 5105 verus,

644 5157 749 5194 non
788 5138 1198 5205 nuncupativus,
1255 5137 1394 5191 sicut
1441 5134 1733 5205 Hispanias
1784 5133 1995 5187 heresis
2043 5132 2208 5202 impia

644 5231 946 5284 temeritate
990 5226 1260 5282 atiirmare
1317 5214 1672 5297 prauumpsit.
1719 5237 1969 5279 asserens
1997 5221 2092 5277 Dei
2119 5219 2210 5278 Fi-

648 5322 778 5372 lium
825 5322 878 5373 ln
919 5321 1096 5374 divina
1136 5326 1327 5373 natura
1353 5317 1523 5371 Deum
1552 5333 1672 5372 esse
1708 5330 1922 5380 verum,
1949 5321 2005 5369 et
2031 5314 2085 5367 in
2110 5315 2210 5370 hu-

649 5425 805 5462 mana
854 5412 1169 5478 nuncupativ
1184 5426 1300 5474 um;
1334 5409 1582 5463 similiter
1621 5418 1676 5462 et
1725 5409 1781 5463 in
1811 5407 1990 5463 divina
2017 5415 2207 5460 natura

649 5499 921 5565 proprium
943 5498 1135 5552 Filium
1157 5493 1275 5564 Dei,
1302 5510 1356 5555 et
1381 5501 1435 5553 in
1457 5500 1689 5553 humana
1715 5497 2045 5564 adoptivum,
2073 5497 2209 5553 divi-

650 5591 776 5643 deus
838 5607 994 5644 unam
1053 5607 1332 5658 personam
1387 5593 1503 5646 Filii
1549 5589 1642 5644 Dei
1698 5600 1825 5642 cum
1863 5585 2108 5643 Nestorio
2156 5590 2210 5643 in

2291 1826 2470 1872 tamen
2498 1826 2607 1873 tota
2635 1818 2872 1878 Trinitas
2897 1819 3176 1873 incarnata
3202 1827 3315 1882 est;
3343 1819 3437 1874 sed
3462 1818 3574 1873 sola
3599 1816 3720 1872 Filii
3744 1833 3867 1888 per-

2290 1926 2423 1965 sona
2447 1912 2734 1965 humanam
2756 1911 3179 1966 misericorditer
3201 1917 3439 1981 suscepit
3464 1920 3729 1965 naturam.
3756 1910 3866 1964 Nec

2291 2009 2471 2053 tamen
2508 2000 2582 2052 ita
2613 1999 2708 2054 Dei
2753 2001 2920 2055 Filius
2960 2003 3272 2055 incarnatus
3315 2009 3427 2064 est,
3471 2009 3531 2054 ut
3571 2017 3678 2055 una
3721 2008 3866 2055 esset

2293 2092 2348 2146 in
2388 2107 2454 2147 eo
2489 2100 2682 2145 natura
2721 2093 3016 2148 divinitatis
3063 2103 3118 2148 et
3154 2093 3367 2148 carnis.
3400 2092 3584 2164 Neque
3634 2092 3778 2159 enim
3811 2091 3866 2146 in

2292 2181 2510 2236 Christo
2548 2181 2651 2236 hoc
2679 2181 2852 2237 deitas
2884 2184 3060 2252 potuit
3091 2198 3211 2239 esse
3243 2185 3387 2253 quod
3424 2198 3578 2248 caro,
3610 2192 3704 2238 aut
3737 2197 3867 2237 caro

2291 2273 2436 2342 quod
2473 2272 2685 2328 deitas:
2724 2275 2852 2343 quia
2889 2283 3117 2346 utraque
3154 2286 3348 2330 natura
3371 2317 3387 2342 ,
3433 2274 3486 2329 id
3518 2283 3634 2341 est,
3675 2274 3869 2329 divini-

2295 2363 2420 2416 tatis
2457 2373 2512 2417 et
2549 2364 2932 2431 humanitatis,
2963 2365 3014 2419 in
3053 2380 3150 2420 sua
3187 2367 3482 2436 permansit
3519 2366 3865 2436 proprietate.

2294 2451 2585 2522 Pr0pterea
2622 2453 2814 2522 utique
2850 2455 3142 2510 humanam
3183 2466 3464 2520 naturam,
3506 2455 3559 2509 id
3593 2466 3709 2519 est,
3747 2470 3866 2510 ear-

2294 2559 2418 2598 nem
2448 2546 2926 2615 rationabilemque
2955 2547 3189 2600 animam
3218 2563 3323 2601 non
3357 2565 3386 2600 a
3415 2555 3526 2602 tota
3560 2546 3866 2624 Trinitate,

2296 2635 2387 2688 sed
2428 2650 2457 2688 a
2497 2636 2611 2709 solo
2639 2637 2778 2692 Filio
2807 2639 3127 2693 conﬁtemur
3151 2648 3484 2708 susceptam,
3517 2640 3572 2693 in
3606 2639 3868 2694 unitatem

2295 2725 2492 2795 quippe
2527 2739 2797 2793 personas,
2839 2743 2942 2780 non
2986 2728 3040 2781 iu
3085 2729 3346 2801 unitatem
3397 2739 3624 2785 natum.
3673 2725 3870 2798 Utique

2296 2831 2520 2885 persona
2555 2816 2676 2870 Filii
2710 2833 2817 2871 non
2855 2825 2937 2871 est
2972 2818 3189 2883 eadem,
3225 2834 3347 2888 qua:
3394 2818 3572 2875 Patris
3613 2819 3746 2882 est,’
3777 2827 3872 2872 aut

2298 2904 2534 2971 Spiritus
2562 2907 2753 2959 sancti.
2790 2906 2980 2961 Unitas
3003 2923 3132 2978 ergo
3157 2922 3400 2977 persona!
3417 2948 3432 2972 ,
3458 2909 3871 2971 manentedun-

2301 3002 2451 3047 taxat
2498 2995 2778 3064 utriusque
2829 2997 3161 3065 proprietate
3210 2999 3567 3062 substantiae,
3626 3000 3766 3055 sicut
3815 2999 3871 3054 iu

2214 3044 2260 3106 C
2297 3084 2512 3140 Christo
2541 3044 2964 3155 personamrnoii
2995 3087 3122 3144 fecit
3158 3089 3425 3158 duplicem
3447 3130 3461 3155 ,
3503 3091 3581 3145 sic
3621 3090 3872 3146 humana:

2299 3183 2506 3229 natura:
2563 3177 2963 3247 susceptionem
3017 3193 3122 3232 non
3180 3179 3311 3234 fecit
3364 3189 3564 3236 sancta:
3618 3181 3872 3236 Trinitati

2300 3279 2663 3318 communem.
2714 3266 2795 3319 Ad
2842 3280 3127 3334 personam
3174 3269 3371 3338 quippe
3418 3269 3513 3324 Dei
3544 3270 3706 3325 Verbi
3754 3278 3875 3326 tan-

2302 3355 2572 3408 tummodo
2611 3357 2852 3426 acceptio
2887 3357 2975 3410 illa
3011 3358 3221 3414 servilis
3252 3357 3439 3414 formis
3471 3361 3744 3429 pertinet:
3780 3361 3875 3415 sed

2299 3445 2434 3499 nihil
2458 3446 2650 3501 divina:
2675 3447 3018 3516 plenitudinis
3043 3449 3265 3503 abstulit
3289 3466 3303 3514 ;
3333 3450 3466 3504 nihil
3492 3449 3876 3504 dominationis

2299 3539 2500 3593 ademit
2539 3541 2593 3593 in
2631 3539 2845 3598 Christo
2881 3542 3236 3596 humanitatis
3279 3543 3754 3613 susceptio..Hinc
3793 3551 3878 3597 est

2300 3633 2445 3702 quod
2483 3633 2536 3686 in
2574 3648 2684 3688 uno
2720 3635 3016 3704 eodemque
3053 3633 3271 3691 Christo
3303 3644 3358 3688 et
3386 3636 3635 3689 humanae
3668 3643 3875 3688 natura:

2300 3722 2501 3776 veritas
2536 3723 2770 3790 claruit,
2809 3733 2863 3780 et
2899 3726 3095 3780 diviute
3132 3715 3338 3781 natura:
3367 3724 3879 3780 incommutabilitas

2301 3812 2601 3881 permansit
2644 3823 2866 3867 aeterna.
2913 3814 3026 3868 Hoc
3073 3825 3252 3869 tamen
3297 3816 3569 3869 sciendum
3612 3823 3695 3868 est
3736 3812 3879 3883 quod

2303 3907 2442 3962 hanc
2465 3908 2716 3964 servilem
2747 3908 2975 3962 formam
2995 3947 3010 3973 ,
3039 3923 3200 3977 quam
3231 3908 3376 3962 solus
3404 3908 3502 3962 Dei
3532 3908 3700 3962 Filius
3725 3921 3881 3962 acce-

2301 4005 2410 4070 pit,
2451 4010 2562 4056 tota
2601 4003 2840 4056 Trinitas
2877 4003 3022 4065 fecit,
3065 4002 3236 4069 Quam
3270 4013 3448 4058 tamen
3486 4011 3693 4058 certum
3727 4011 3814 4058 est
3847 4018 3880 4058 a

2303 4102 2415 4147 tota
2461 4077 2646 4147 sancta
2697 4094 2960 4150 Trinitate
3005 4094 3234 4158 factam,
3284 4095 3351 4148 ad
3400 4094 3569 4148 solam
3617 4094 3739 4148 run
3784 4093 3881 4148 Dei

2304 4183 2576 4251 pertinere
2599 4197 2904 4250 personam.
2931 4182 3047 4238 Non
3073 4185 3215 4239 enim
3244 4183 3404 4240 Pater
3430 4199 3648 4240 carnem
3675 4197 3883 4240 assum-

2242 4325 2254 4336 _
2301 4275 2443 4343 psit,
2473 4289 2649 4344 neque
2692 4273 2922 4342 Spiritus
2951 4283 3196 4338 sanctus,
3232 4276 3326 4330 sed
3356 4274 3521 4329 Filius
3551 4283 3758 4330 tantum
3777 4314 3792 4339 ,
3824 4282 3884 4328 ut

2234 4375 2282 4435 ι)
2305 4367 2395 4436 qui
2426 4374 2544 4420 erat
2571 4366 2623 4420 in
2651 4365 2930 4420 divinitate
2957 4365 3050 4420 Dei
3081 4365 3258 4421 Patris
3288 4366 3474 4430 Filius,
3501 4366 3617 4436 ipse
3639 4366 3792 4420 ﬁeret
3827 4365 3882 4419 in

2307 4458 2524 4511 homine
2551 4458 2740 4510 matris
2768 4457 2990 4528 virginis
3019 4457 3191 4528 (ilius,
3220 4473 3287 4511 ne
3315 4458 3437 4511 Filii
3475 4472 3670 4512 nomen
3711 4457 3767 4513 in
3807 4454 3883 4510 al-

2309 4558 2477 4602 teram
2506 4548 2766 4605 transiret
2793 4562 3076 4618 personam
3096 4588 3114 4613 ,
3149 4549 3240 4617 qui
3269 4564 3396 4603 non.
3417 4558 3564 4603 esset
3602 4549 3884 4612 nativitate

2310 4639 2471 4694 ﬁlius.
2505 4640 2601 4692 Dei
2628 4631 2757 4708 ergo
2776 4638 2973 4703 Filius,
3003 4639 3234 4694 hominis
3260 4639 3437 4696 factus
3463 4650 3548 4695 est
3576 4639 3717 4693 ﬁlius
3736 4657 3755 4692 :
3786 4652 3883 4693 na-

2311 4739 2399 4784 tus
2425 4730 2717 4784 secundum
2750 4730 3032 4785 veritatem
3060 4741 3266 4785 natura:
3291 4746 3356 4786 ex
3387 4730 3540 4803 [Deo
3582 4731 3674 4784 Dei
3715 4729 3885 4784 Filius

2311 4827 2365 4873 et
2392 4820 2682 4874 secundum
2711 4821 2992 4877 veritatem
3021 4829 3227 4882 natura
3251 4806 3360 4893 es]
3397 4821 3615 4876 homine
3653 4817 3885 4880 nominis

2311 4912 2453 4968 illius
2490 4914 2544 4968 in
2573 4925 2804 4983 utraque
2833 4922 3025 4968 natura
3048 4955 3062 4977 ,
3091 4929 3200 4969 non
3241 4913 3597 4982 appellatione
3637 4922 3882 4978 ιὲιιων

2311 5005 2393 5059 vel
2416 5006 2734 5076 adoptione,
2760 5006 2856 5061 sed
2884 5006 3108 5061 veritate
3135 5003 3232 5059 Dei
3257 5004 3445 5060 Filius.

2821 5115 2983 5187 730
3013 5113 3240 5173 CAPUT
3279 5116 3366 5170 XI.

2317 5224 2392 5282 De
2432 5244 2493 5282 eo
2533 5227 2672 5296 quod
2714 5225 2944 5283 Verbum,
2977 5226 3106 5302 Dei,
3151 5246 3263 5285 sua
3303 5232 3477 5302 ιε’-ηεξ
3521 5230 3882 5302 conceptione,

2629 5307 2930 5368 conceptum
2957 5309 3030 5354 sit
3055 5300 3110 5354 in
3139 5309 3286 5357 utero
3326 5298 3572 5370 Virginis.

2384 5414 2542 5470 Solus
2585 5414 2803 5482 itaque,
2844 5414 2991 5468 sicut
3028 5413 3296 5480 diximus,
3329 5410 3497 5472 Filius
3539 5413 3634 5469 Dei
3678 5407 3883 5494 accepit

2250 5563 2257 5568 ,
2314 5520 2528 5562 carnem
2547 5546 2561 5571 ,
2593 5515 2652 5560 ut
2679 5504 2850 5574 possit
2885 5502 3036 5574 (AL,
3057 5504 3281 5577 posset]
3309 5506 3582 5575 corporeis
3607 5501 3776 5558 mulis
3805 5499 3854 5552 vi
3887 5541 3924 5572 ,.

2315 5596 2460 5662 deri,
2493 5606 2545 5650 et
2573 5596 2843 5666 corporeis
2870 5597 3117 5651 manibus
3143 5598 3480 5653 contrectari.
3510 5595 3672 5652 Solus
3695 5593 3788 5647 hu'
3823 5621 3929 5674 ρ.
