4228 6248
605 258 668 308 47
1252 312 1257 323 ,
1404 251 1463 303 B.
1508 250 1566 303 ι’.
1602 242 1826 304 ALBlNl
1867 247 1997 304 seu
2036 244 2275 302 ALCUl)

2164 244 2311 300 :um
2349 242 2632 300 opsnuu
2672 240 2849 297 rans
2884 241 2969 296 ιιι.
3402 300 3405 305 ,
3470 272 3473 273 ν
3765 235 3834 292 is

608 367 813 436 Spiritu
849 375 1064 428 sancto,
1095 372 1148 418 et
1189 360 1382 416 virtute
1426 360 1686 414 Altissimi
1726 359 2083 422 obumbratm,
2119 366 2178 411 ut
2203 360 2252 417 Α
2280 355 2561 425 distinguit
2596 354 2755 426 (AL,
2787 334 3156 424 distinguunt]
3194 352 3245 406 in
3294 351 3538 418 Christo,
3590 350 3839 408 divinitas

608 457 779 527 digna:
818 456 983 509 Deum
1021 468 1275 523 generare
1314 452 1701 506 invenirentur.
1743 449 1867 504 llaec
1903 458 2082 503 autem
2117 455 2172 502 et

609 552 944 625 Χριστοτὸκος
963 590 977 615 ,
1010 558 1065 603 et
1101 547 1213 603 sola
1254 547 1520 610 Θεοτόκος,
1548 552 1603 598 et
1632 542 1744 598 sola
1773 542 1927 611 virgo
1955 554 2022 594 ex
2053 537 2173 608 Spi-

612 643 718 695 ritu
760 649 946 697 sancto
987 648 1041 693 et
1080 640 1279 693 virtute
1318 635 1581 690 Altissimi
1625 633 1964 701 concipiens,
2006 646 2069 685 ac
2096 630 2175 684 sic

610 731 907 801 gloriﬁcata
926 771 939 795 ,
972 739 1031 784 ut
1059 730 1226 783 Deum
1252 726 1347 781 Dei
1389 726 1581 779 Filium
1611 732 1934 779 comternum
1965 731 2019 777 et
2046 736 2176 777 con-

611 822 1017 880 substantialem
1046 820 1191 873 Patri
1220 825 1517 888 generaret.
1552 816 1717 886 Virgo
1759 822 1883 868 ante
1922 821 2137 882 partum
2158 852 2174 878 ,

614 914 760 981 virgo
800 913 853 969 in
892 918 1077 980 partu,
1121 908 1279 983 virgo
1304 915 1427 975 post
1473 914 1729 983 partum:
1773 906 1991 974 dignum
2033 902 2176 958 enim

611 980 763 1066 erat,
794 1010 852 1054 ut
879 1001 989 1055 Deo
1017 980 1293 1061 nascente,
1320 980 1569 1051 meritum
1595 1002 1864 1049 cresceret
1892 993 2175 1058 castitatis,

614 1110 683 1149 ne
700 1108 808 1162 iper
835 1094 949 1162 ejus
973 1093 1259 1148 adventum
1284 1089 1613 1159 violarentur
1639 1086 1869 1155 integra,
1899 1086 1991 1155 qni
2019 1099 2179 1140 vene-

607 1193 695 1236 rat
736 1197 925 1238 sanare
966 1188 1236 1251 corrupta.
1284 1177 1393 1233 Nec
1442 1184 1693 1249 regnator
1734 1176 1856 1232 emli
1902 1175 2179 1247 virginalis

612 1275 753 1328 uteri
799 1272 1114 1341 dedignatus
1163 1268 1324 1340 [Αι.,
1361 1265 1710 1339 indignatus]
1764 1276 1849 1320 est
1903 1266 2180 1337 angustias

614 1367 851 1429 intrare,
883 1364 973 1432 qui
1018 1361 1255 1416 omnium
1299 1370 1670 1418 creaturarum
1719 1357 1905 1427 implet
1943 1356 2180 1413 latitudi-

615 1472 737 1513 nem
756 1496 772 1522 ,
796 1455 882 1509 cui
907 1453 1213 1524 angelorum
1240 1450 1431 1505 militia
1455 1459 1582 1504 nato
1611 1450 1894 1505 decantare
1916 1460 2175 1505 venerat:

612 1546 795 1602 Gloria
818 1547 871 1598 in
892 1544 1103 1599 excelsis
1125 1542 1254 1605 Deo,
1276 1542 1400 1595 etin
1427 1549 1565 1594 terra
1589 1556 1695 1610 pax
1718 1536 2011 1592 hominibus
2034 1539 2181 1607 bono:

615 1637 889 1691 voluntatis
920 1634 1086 1707 (Luc.
1117 1648 1185 1699 IL,
1216 1631 1281 1686 ﬂ
1301 1631 1340 1702 ).

1172 1755 1199 1785 ι
1234 1740 1457 1797 CAPUT
1494 1738 1612 1794 XV.

784 1814 921 1881 Quid
948 1815 1129 1883 cuique
1158 1821 1360 1865 natura:
1387 1810 1442 1863 in
1470 1808 1677 1863 Christo
1708 1810 1999 1863 conveniat.

677 1907 1009 1961 Firmissime
1044 1902 1266 1959 credere
1303 1901 1559 1956 debemus
1595 1900 1696 1955 sub
1737 1898 1897 1953 unius
1934 1913 2175 1969 persona:

616 1998 936 2068 proprietate
992 1994 1218 2050 duarum
1257 2005 1377 2047 esse
1411 1992 1465 2045 in
1500 1989 1717 2045 Christo
1754 1999 2063 2044 naturarum
2096 1990 2179 2045 in.

612 2088 787 2159 signia
820 2105 832 2139 :
874 2101 982 2140 non
1018 2092 1079 2138 ut
1114 2083 1429 2137 divisionem
1463 2080 1725 2135 faciamus
1761 2079 1923 2132 unius
1956 2077 2173 2143 Christi,

614 2179 710 2234 sed
738 2184 801 2231 ut
825 2178 879 2230 in
907 2190 1012 2229 uno
1039 2174 1135 2227 Dei
1162 2171 1299 2228 Filio
1330 2180 1387 2226 et
1420 2186 1531 2227 uno
1564 2168 1780 2225 Christo
1812 2168 1946 2223 duas
1984 2167 2176 2222 distin-

616 2282 840 2337 guamus
876 2264 1203 2320 substantias
1232 2280 1245 2315 :
1286 2276 1450 2331 unam
1486 2275 1606 2331 qua:
1640 2259 1850 2313 initium
1890 2258 2078 2312 habuit
2107 2272 2175 2311 ex

616 2355 856 2427 virginali
886 2363 1058 2417 utero,
1087 2352 1309 2407 alteram
1336 2365 1456 2419 qua:
1481 2350 1598 2403 sine
1625 2348 1778 2402 initio
1805 2356 2068 2402 coteterna
2094 2355 2182 2402 est

617 2448 725 2501 Deo
757 2444 902 2499 Patri
927 2461 941 2509 ;
970 2458 1133 2498 unam
1161 2456 1279 2510 qua:
1305 2437 1804 2509 tetateproﬁeiebat
1827 2446 1883 2492 et
1917 2437 2177 2507 sapientia

617 2536 778 2605 (Luc.
807 2552 842 2589 ιι
861 2574 877 2598 ,
902 2533 1003 2604 52)
1024 2573 1040 2599 ,
1068 2532 1292 2584 alteram
1320 2544 1438 2599 quis
1464 2537 1666 2583 interna
1694 2536 1779 2581 est
1805 2528 1899 2581 Dei
1926 2527 2096 2581 virtus
2126 2535 2181 2589 et

618 2625 713 2678 Dei
741 2623 1016 2692 sapientia.
1048 2620 1119 2675 Ut
1147 2621 1212 2674 de
1238 2618 1483 2687 plurimis
1510 2632 1681 2686 pauca
1712 2617 1951 2672 dicamus
1970 2658 1986 2684 ,
2016 2632 2179 2671 unam

622 2727 739 2780 qua:
775 2710 1071 2764 dormiebat
1106 2709 1159 2761 in
1197 2722 1331 2761 nave
1358 2715 1413 2760 et
1438 2708 1667 2761 excitata
1698 2716 1780 2759 est
1808 2722 1837 2761 a
1865 2707 2139 2777 discipulis
2161 2748 2177 2772 ,

622 2800 847 2854 alteram
885 2814 1003 2868 quae
1041 2798 1339 2867 imperabat
1369 2798 1541 2851 ventis
1575 2806 1631 2853 et
1660 2796 1906 2859 ﬂuctibus
1944 2797 1961 2869 (
1989 2798 2177 2853 Matth.

623 2906 716 2945 vui
741 2890 799 2959 );
837 2905 996 2943 unam
1026 2904 1130 2957 qua
1162 2886 1309 2959 [Al.,
1339 2903 1488 2957 qum,
1520 2898 1568 2941 et
1593 2886 1668 2941 sic
1698 2890 1752 2940 in
1786 2887 1968 2959 seqq.]
2002 2889 2184 2957 plorat

621 2981 849 3036 amicum
877 2987 1140 3034 mortuum
1162 3018 1176 3043 ,
1202 2978 1425 3033 alteram
1451 2993 1556 3045 qua
1582 2992 1713 3031 voce
1738 2978 1851 3032 sola
1878 2988 2035 3033 vocat
2056 2994 2178 3039 eum

620 3073 687 3127 de
713 3071 954 3141 sepulcro
981 3079 1036 3123 et
1065 3069 1349 3122 resuscitat
1372 3067 1437 3121 ad
1464 3068 1627 3124 vitam
1658 3067 1836 3138 (Joan.
1862 3068 1947 3139 ιι)
1972 3086 1988 3135 ;
2018 3084 2176 3125 unam

621 3180 725 3233 qua
750 3163 992 3216 tristatur
1016 3173 1184 3227 usque
1210 3158 1274 3213 ad
1299 3166 1524 3213 mortem
1553 3159 1776 3230 (Matth.
1802 3160 1991 3231 xxvi),
2022 3160 2179 3216 aliam

621 3266 724 3320 qua
750 3249 937 3304 liberat
964 3256 1175 3302 sanctos
1200 3262 1230 3301 a
1256 3248 1471 3303 tristitia
1496 3258 1550 3303 et
1572 3249 1663 3303 dat
1685 3250 1763 3307 eis
1787 3251 2034 3319 gaudium
2059 3251 2181 3305 vitae

622 3350 887 3412 perpetua:
907 3358 923 3405 ;
955 3354 1113 3394 unam
1136 3354 1240 3408 qua
1264 3339 1564 3394 videntibus
1586 3341 1839 3408 apostolis
1863 3343 2101 3397 ascendit
2126 3342 2180 3397 in

618 3433 788 3489 corios
823 3430 1038 3501 (Actor.
1066 3430 1155 3501 1).,
1192 3439 1247 3484 et
1282 3430 1433 3485 sedet
1466 3430 1531 3484 ad
1568 3432 1844 3486 dexteram
1870 3430 2075 3496 Patris,
2106 3434 2183 3486 al-

623 3531 793 3575 teram
827 3521 985 3590 732
1013 3536 1118 3589 qua
1143 3521 1207 3575 de
1233 3521 1352 3575 sinu
1386 3520 1561 3576 Patris
1588 3538 1860 3592 nunquam
1886 3524 2181 3591 abscessit,

621 3611 715 3665 sed
749 3624 959 3678 semper
987 3624 1109 3662 cum
1145 3608 1306 3664 Patre
1333 3618 1389 3664 et
1415 3611 1469 3664 in
1495 3610 1659 3665 Patre
1686 3610 1817 3675 fuit,
1849 3620 1902 3665 et
1926 3627 2046 3668 esse
2075 3629 2183 3668 non

621 3700 836 3755 desinit.
870 3697 1028 3753 Salva
1063 3699 1226 3769 igitur
1255 3700 1583 3770 proprietate
1617 3702 1895 3769 utriusque
1933 3711 2142 3756 natura)
2165 3744 2181 3768 ,

621 3790 755 3845 etin
787 3804 944 3843 unam
975 3798 1201 3844 coeunte
1223 3803 1507 3859 personam
1527 3828 1543 3854 ,
1571 3796 1819 3858 suscepta
1845 3798 1931 3843 est
1954 3805 1985 3842 a
2014 3790 2181 3857 maje-

621 3884 764 3934 State
790 3877 1085 3940 humilitas,
1112 3885 1166 3931 et
1208 3892 1240 3930 a
1280 3878 1477 3933 virtute
1516 3878 1825 3941 inﬁrmitas,
1861 3879 1930 3933 ab
1971 3881 2184 3934 δειετηί-

623 3975 735 4024 tate
758 3966 1055 4022 mortalitas
1079 3982 1094 4029 ;
1124 3973 1178 4019 et
1203 3965 1269 4018 ad
1295 3965 1674 4035 perﬁciendum
1701 3982 1836 4035 opus
1862 3966 2050 4022 salutis
2076 3968 2179 4023 hu-

623 4076 829 4125 manae,
880 4067 1068 4113 natura
1118 4057 1601 4122 incommutabilis,
1648 4067 1855 4112 naturae
1902 4068 1985 4112 est
2031 4059 2180 4113 unita

623 4149 861 4219 passibili
884 4188 899 4213 ,
935 4156 993 4201 ut
1025 4147 1289 4202 mediator
1320 4145 1416 4200 Dei
1452 4154 1505 4199 et
1539 4146 1813 4200 hominum
1840 4148 2000 4206 homo
2026 4147 2177 4203 Chri-

626 4248 742 4293 stus
772 4235 929 4291 Jesus
961 4243 1017 4289 et
1046 4237 1182 4290 mori
1208 4236 1388 4305 possit
1422 4233 1546 4306 [ΑΙ.
1564 4276 1579 4301 ,
1606 4234 1827 4306 posset]
1864 4251 1928 4291 ex
1958 4251 2098 4303 uno,
2126 4246 2181 4292 et

2271 444 2507 498 deseruit
2541 444 2962 507 humanitatem,
3004 458 3104 497 nec
3142 442 3195 496 in
3231 442 3345 510 ipsa
3381 441 3546 495 etiam
3570 440 3839 511 passione.

2272 533 2423 600 Quod
2451 544 2510 588 ut
2534 534 2745 590 facilius
2771 536 2989 607 intelligi
3017 534 3215 604 possit,
3242 534 3501 604 exemplis
3527 532 3657 589 ﬁdes
3685 533 3845 590 robo—

2274 628 2443 682 randa
2468 636 2570 683 est.
2600 628 2760 683 Verbi
2787 610 2980 698 gratia,
3004 628 3049 681 si
3075 626 3279 681 securis
3303 626 3408 680 ictu
3436 626 3681 680 arborem
3709 624 3839 698 [ΑΙ.,

2273 718 2520 775 dicamus
2546 720 2751 774 securis
2780 721 2885 775 ictu
2917 720 3164 774 arborem
3201 716 3401 789 quam]
3437 718 3806 772 verberaveris
3826 758 3839 779 .

2274 823 2341 868 et»
2362 815 2699 885 Splendorem
2730 816 2784 869 in
2822 830 2885 870 ea
2918 812 3076 871 simul
3113 813 3442 883 percusseris
3474 811 3636 878 solis,
3663 812 3842 867 arbori

2275 906 2490 975 quidem
2518 905 2713 960 vulnus
2741 904 2963 976 inﬁigis,
2992 903 3158 959 solem
3189 918 3349 969 vero,
3380 903 3536 974 cujus
3572 910 3628 957 et
3665 902 3843 973 splen-

2276 1000 2461 1054 dorem
2492 994 2650 1054 simul
2680 999 2915 1069 percutis
2944 1006 3000 1052 et
3031 996 3262 1051 calorem
3282 1037 3298 1062 ,
3334 995 3715 1068 impassibilem
3753 996 3847 1051 de-

2275 1090 2555 1160 relinquis.
2592 1089 2744 1156 Quod
2784 1090 2829 1144 si
2870 1089 3115 1143 arborem
3157 1088 3262 1143 ictu
3302 1088 3509 1143 securis
3535 1102 3844 1156 percussam

2277 1181 2355 1236 sol
2396 1196 2504 1236 non
2539 1180 2771 1246 deserit,
2814 1190 3014 1250 quanto
3052 1180 3223 1251 magis
3262 1188 3505 1235 sanctum
3548 1194 3703 1234 suum
3746 1178 3844 1239 Dei

2277 1271 2467 1337 Filius,
2494 1271 2637 1341 quod
2665 1279 2751 1326 est
2775 1272 3009 1326 Verbum
3032 1311 3047 1335 ,
3078 1260 3130 1325 in
3158 1270 3409 1340 passione
3434 1285 3541 1324 non
3574 1268 3809 1323 deseruit
3827 1307 3844 1331 ,

2277 1362 2522 1432 quamvis
2564 1362 2679 1431 ipsa
2720 1361 2973 1415 divinitas
3012 1360 3353 1430 impassibilis
3396 1374 3610 1429 semper
3654 1359 3708 1413 in
3750 1372 3846 1413 sua

2277 1461 2589 1522 permaneat
2628 1461 2840 1506 natura.
2879 1451 3030 1507 Sicut
3062 1450 3228 1523 Moysi
3266 1450 3426 1522 [ΑΙ.,
3458 1448 3673 1523 Moyse]
3710 1451 3847 1506 duce

2265 1541 2455 1613 populi
2486 1542 2581 1597 Dei
2607 1542 2820 1597 vidente
2837 1582 2851 1605 ,
2883 1541 3048 1611 rubus
3074 1540 3342 1595 ﬁammam
3369 1541 3587 1607 habuit,
3615 1540 3696 1595 sic
3721 1554 3847 1597 vere

2280 1648 2438 1702 passa
2462 1626 2874 1687 est'humanitas
2892 1630 3126 1695 Christi;
3153 1638 3207 1685 et
3228 1631 3367 1687 sicut
3382 1646 3507 1686 vere
3533 1646 3636 1686 non
3659 1630 3847 1708 incen-

2281 1740 2375 1793 sus
2413 1732 2533 1789 est,
2574 1724 2652 1778 sic
2694 1737 2822 1779 vere
2860 1739 2967 1778 non
3002 1738 3158 1793 passa
3194 1732 3278 1777 est
3309 1723 3581 1779 divinitas.
3614 1721 3731 1777 Non
3766 1731 3846 1778 ta-

2277 1830 2399 1869 men
2428 1813 2619 1868 alicubi
2651 1813 2904 1869 divinitas
2930 1813 3315 1869 humanitatem
3335 1854 3351 1878 ,
3381 1828 3450 1867 ex
3477 1805 3585 1882 quo
3626 1812 3681 1867 in
3725 1813 3846 1868 uni-

2276 1912 2441 1959 tatem
2470 1918 2580 1959 suae
2604 1917 2849 1973 personae
2874 1910 3146 1973 assumpta
3180 1910 3294 1968 est,
3336 1903 3611 1966 deseruit;
3655 1917 3844 1958 verum

2273 1995 2437 2049 etiam
2460 1994 2528 2049 de
2552 1994 2739 2050 eodem
2766 1994 2956 2049 matris
2980 2002 3163 2059 utero,
3192 1994 3331 2049 idem
3372 1993 3513 2048 Deus
3553 1979 3716 2049 homo
3758 1992 3840 2046 fa-

2232 2158 2235 2159 r
2274 2093 2396 2139 ctus
2422 2084 2618 2148 exivit,
2646 2093 2701 2138 et
2728 2084 2781 2138 in
2810 2098 2969 2139 cruce
2998 2084 3137 2138 idem
3166 2084 3333 2146 Deus,
3363 2083 3524 2138 homo
3553 2082 3727 2138 factus
3751 2097 3845 2153 pe-

2275 2174 2494 2243 pendit,
2518 2173 2651 2227 etin
2677 2172 2921 2242 sepulcro
2948 2172 3088 2227 idem
3112 2171 3254 2226 Deus
3278 2172 3438 2227 homo
3462 2170 3633 2227 factus
3650 2172 3843 2242 jacuit,

2276 2263 2371 2317 sed
2409 2264 2464 2316 in
2494 2262 2742 2332 sepulcro
2771 2262 3062 2317 secundum
3091 2260 3259 2315 solam
3289 2276 3508 2315 carnem
3535 2260 3675 2316 idem
3704 2248 3846 2316 Deus

2276 2354 2437 2409 homo
2459 2352 2670 2421 iacuit;
2701 2360 2758 2406 et
2791 2353 2844 2406 in
2891 2351 3159 2407 infernum
3190 2351 3480 2409 secundum
3523 2350 3688 2405 solam
3730 2352 3847 2406 ani-

2276 2459 2421 2500 mam
2464 2442 2759 2499 descendit.
2804 2441 3070 2511 Quidquid
3113 2441 3255 2517 enim
3298 2442 3353 2495 in
3398 2440 3612 2508 Christo
3643 2441 3843 2497 factum

2278 2550 2397 2589 esse
2438 2533 2655 2604 legitur,
2686 2532 2756 2587 ab
2802 2548 2909 2588 uno
2937 2531 3180 2597 Christo,
3224 2539 3277 2586 et
3320 2533 3386 2585 ab
3422 2547 3531 2587 uno
3572 2532 3666 2587 Dei
3706 2533 3846 2588 Filio

2278 2622 2487 2696 gestum
2514 2638 2662 2691 esse,
2692 2624 2871 2678 nullus
2899 2622 3193 2677 catholicus
3222 2621 3467 2678 dubitare
3496 2614 3673 2677 debet.
3719 2622 3844 2679 Haec

2278 2730 2407 2771 vero
2434 2716 2613 2770 omnia
2643 2714 2996 2786 personaliter
3021 2721 3166 2768 totus
3192 2711 3440 2768 Christus
3477 2713 3723 2785 dignatus
3763 2725 3848 2770 est

2279 2820 2459 2876 agere.
2506 2804 2625 2875 Ipse
2668 2805 2863 2875 quippe
2905 2808 3029 2860 suas
3052 2805 3329 2875 passiones
3356 2806 3629 2861 invenitur
3653 2820 3846 2877 opera-

2280 2906 2401 2962 tus,
2445 2898 2538 2966 qui
2582 2896 2717 2951 nihil
2756 2897 2935 2951 habuit
2982 2896 3124 2965 quod
3164 2903 3439 2965 pateretur
3467 2896 3685 2953 invitus.
3730 2896 3844 2966 Ipse

2283 2976 2446 3041 etiam
2475 2994 2530 3041 et
2550 3001 2683 3055 opus
2710 2995 2770 3045 et.
2791 2994 2977 3042 auctor
3002 2986 3197 3055 operis.
3224 2984 3342 3040 1am
3366 3000 3522 3052 vero,
3551 3001 3671 3041 cum
3697 2986 3846 3041 Chri-

2282 3086 2396 3133 stus
2423 3092 2530 3144 unp
2557 3080 2849 3148 eodemque
2875 3086 3113 3148 tempore
3138 3086 3191 3133 et
3218 3078 3274 3132 in
3303 3078 3545 3149 sepulcro
3566 3079 3763 3147 jacuit.
3790 3088 3846 3135 et

2278 3171 2331 3224 in
2361 3170 2627 3225 infernum
2652 3170 2953 3237 descendit,
2986 3171 3104 3240 quis
3130 3187 3235 3225 non
3266 3162 3617 3242 inseparabile
3640 3182 3845 3229 natura:

2279 3260 2558 3329 utriusque
2597 3275 2731 3327 opus
2767 3260 2988 3313 videat?
3024 3260 3093 3314 Et
3129 3261 3250 3328 quis
3290 3261 3343 3314 in
3384 3262 3501 3329 ipso
3539 3278 3646 3317 uno
3681 3273 3843 3332 atque

2282 3348 2619 3420 inseparabili
2647 3363 2810 3419 opere
2830 3389 2845 3413 ,
2872 3348 3088 3418 propria
3117 3350 3298 3403 carnis
3326 3357 3381 3403 et
3409 3351 3599 3405 anima:
3617 3392 3631 3413 ,
3661 3365 3724 3405 ac
3764 3353 3845 3407 di-

2279 3441 2517 3495 vinitatis
2544 3438 2787 3511 [opera]
2815 3438 2923 3494 non
2950 3440 3223 3495 evidenter
3247 3442 3546 3511 agnoscat?
3589 3442 3657 3498 Ut
3700 3445 3842 3499 enim

2281 3532 2570 3587 secundum
2598 3547 2813 3587 carnem
2833 3532 2893 3586 in
2917 3532 3161 3601 sepulcro
3179 3534 3411 3603 iaceret,
3436 3544 3579 3591 totus
3600 3536 3847 3593 Christus

2282 3621 2409 3676 fecit
2423 3622 2563 3677 ?,sed
2596 3623 2881 3694 sepulturae
2904 3638 3071 3693 capax
3096 3624 3204 3680 sola
3229 3610 3359 3681 caro
3384 3627 3697 3683 naturaliter
3722 3628 3840 3683 fuit.

2281 3711 2338 3765 ln
2367 3711 2631 3767 infernum
2648 3729 2869 3784 quoque
2896 3724 2957 3768 ut
2975 3715 3274 3771 secundum
3318 3716 3554 3773 animam
3598 3717 3845 3776 Christus

2283 3800 2659 3865 descenderet,
2689 3813 2893 3858 natura:
2918 3804 3218 3873 utriusque,
3246 3805 3299 3859 id
3324 3814 3440 3868 est,
3469 3808 3660 3861 divinae
3686 3816 3847 3877 atque

2281 3890 2527 3945 humanae
2550 3908 2715 3946 unum
2739 3892 2836 3947 fuit
2860 3908 3031 3962 opus;
3060 3893 3153 3947 sed
3183 3893 3344 3947 solius
3371 3896 3561 3950 animae
3590 3898 3847 3953 naturalis

2281 3978 2383 4032 luit
2420 3980 2508 4035 ille
2550 3982 2877 4047 descensus;
2908 3984 3047 4037 sicut
3086 3984 3273 4039 eodem
3314 3993 3592 4055 tempore,
3619 3996 3762 4043 totus
3791 3990 3844 4044 in

2280 4070 2415 4125 cmlo
2455 4080 2509 4125 et
2537 4074 2589 4127 in
2621 4082 2765 4127 terra
2784 4115 2799 4137 ,
2829 4090 2940 4129 non
2964 4077 3207 4131 cessabat
3232 4076 3477 4133 Christus
3503 4083 3715 4150 operari
3743 4101 3755 4137 :
3789 4092 3845 4137 at

2279 4161 2445 4216 solius
2470 4151 2764 4219 divinitatis
2788 4164 2890 4219 fuit
2907 4206 2922 4229 ,
2952 4175 3007 4219 et
3032 4167 3153 4220 loco
3178 4182 3284 4235 non
3314 4170 3612 4237 contineri,
3643 4181 3698 4227 et
3724 4189 3843 4243 qua:
3906 4232 3909 4237 ,

2280 4251 2347 4305 ad
2367 4252 2805 4321 gubernationem
2829 4255 3192 4310 universitatis
3214 4259 3579 4327 pertinebant,
3601 4278 3720 4318 cum
3742 4263 3846 4319 Pa-

628 4328 765 4383 mori
800 4341 905 4381 non
938 4326 1108 4396 possit
1140 4341 1206 4379 ex
1242 4326 1429 4381 altero.
1465 4325 1691 4395 Propter
1737 4327 1895 4381 unius
1937 4342 2180 4397 personae
2208 4348 2298 4423 Di

2169 4344 2180 4423 ζ
2208 4362 2258 4423 ι)
2283 4348 2364 4395 tre
2388 4342 2704 4397 naturaliter
2724 4352 2779 4398 et
2803 4346 3079 4415 mqualiter
3106 4325 3335 4418 operari.
3363 4350 3491 4407 Inde
3516 4325 3760 4423 estquod
3785 4356 3839 4410 in

625 4416 989 4480 identitatem,
1036 4414 1331 4469 communis
1376 4415 1485 4468 Deo
1528 4423 1583 4469 et
1614 4416 1816 4469 homini
1845 4416 2061 4482 dicitur,
2095 4416 2178 4473 vel

624 4508 794 4579 gloria
830 4505 913 4559 vel
947 4503 1263 4559 contumelia
1293 4522 1305 4555 :
1338 4503 1558 4572 proinde
1607 4505 1684 4557 sic
1724 4505 1780 4559 in
1823 4520 1929 4558 uno
1967 4505 2180 4561 Christo

624 4594 929 4651 communia
963 4602 1165 4648 natura:
1197 4594 1477 4662 utriusque
1513 4594 1855 4655 inveniuntur
1890 4593 2060 4647 ollicia
2080 4635 2094 4659 ,
2123 4602 2184 4647 ut

625 4701 750 4739 cum
786 4699 893 4738 non
928 4682 1191 4737 dividatur
1226 4684 1280 4736 in
1311 4682 1597 4737 virtutibus
1626 4690 1791 4750 atque
1815 4683 1869 4736 in
1905 4682 2185 4738 inﬁrmita-

634 4774 777 4828 tibus
804 4772 1077 4835 Christus,
1110 4779 1285 4825 tamen
1319 4774 1372 4825 in
1407 4788 1568 4840 opere
1607 4771 1808 4840 aliquid
1844 4773 2057 4841 utrique
2087 4789 2183 4827 na-

630 4875 761 4919 tura:
788 4880 891 4933 non
921 4864 990 4918 sit
1016 4877 1316 4917 commune.
1349 4863 1822 4932 Quidquidtameu
1853 4872 2061 4934 gestum
2098 4872 2185 4919 est

629 4954 685 5006 in
728 4951 970 5019 Christo,
1018 4969 1155 5009 unus
1203 4953 1305 5007 hoc
1346 4951 1570 5022 gerebat
1608 4953 1887 5019 Christus,
1937 4971 2045 5010 non
2078 4956 2183 5011 duo

628 5041 847 5096 Christi.
883 5041 940 5093 In
975 5043 1226 5111 operibus
1260 5042 1563 5112 proprietas
1595 5043 1920 5098 discernitur
1966 5056 2185 5101 natura-

627 5143 748 5183 rum
764 5166 783 5195 ,
810 5127 865 5183 in
890 5136 1149 5198 potestate
1178 5131 1353 5201 unitas
1377 5144 1618 5200 persona:
1643 5130 1971 5201 intelligitur.

1205 5237 1427 5293 CAPUT
1465 5238 1601 5295 XVI.

625 5324 779 5392 Quod
818 5326 1059 5381 divinitas
1087 5326 1523 5447 Ιιοηιὶηειᾶιίἕιιὲἓῗ
1572 5332 1885 5399 assumpsit,
1922 5350 2182 5405 nunquam

1347 5412 1523 5450 ιπωη.

1310 5413 1523 5450 atmmt.

694 5481 752 5536 in
779 5481 920 5534 nulla
944 5482 1201 5549 siquidem
1225 5472 1552 5553 proprietate
1575 5500 1794 5555 operum
1820 5504 1938 5559 quae
1963 5502 2186 5550 naturas

701 5604 727 5634 ι
764 5590 874 5647 Hoc
903 5602 1057 5667 caput
1089 5595 1351 5649 omittitur
1381 5596 1434 5676 in
1466 5595 1584 5650 cod.
1620 5595 1918 5653 V'indobon.

2279 4432 2528 4488 omnibus
2552 4434 2656 4490 illis
2678 4437 2929 4505 operibus
2948 4439 3216 4506 passionis
3238 4447 3293 4493 et
3314 4442 3524 4499 mortis.
3548 4444 3839 4499 auctoritas

2279 4520 2568 4589 apostolica
2588 4563 2601 4587 ,
2628 4524 2770 4591 quod
2803 4532 2952 4579 totus
2984 4527 3048 4579 in
3090 4542 3149 4582 se
3175 4537 3425 4597 operatus
3450 4538 3532 4584 est
3557 4530 3802 4588 Christus
3820 4574 3836 4597 ,
3930 4518 3933 4523 ﬁ
3988 4510 4002 4525 ’

2281 4611 2359 4663 sic
2388 4611 2491 4671 ,uni
2526 4626 2775 4681 personae
2813 4615 3087 4683 operantis
3125 4617 3390 4687 assignat,
3431 4628 3493 4674 ut
3531 4621 3657 4690 quid
3687 4614 3841 4693 ciijns

2281 4706 2487 4752 natura
2530 4701 2637 4765 sit,
2680 4701 3044 4758 indubitanter
3078 4707 3341 4761 ostendat.
3388 4709 3522 4765 Nam
3551 4721 3605 4765 et
3646 4712 3840 4768 beatus

2282 4784 2477 4842 Paulus
2504 4789 2569 4843 de
2596 4805 2702 4844 uno
2726 4792 3018 4863 eodemque
3045 4795 3259 4853 Christo
3287 4799 3418 4854 dicit
3446 4800 3560 4865 περ
3596 4802 3645 4855 si
3669 4804 3842 4858 cruci—

2275 4875 2418 4943 ﬁxus
2454 4888 2533 4933 est
2576 4896 2640 4934 ea:
2680 4881 3011 4951 inﬁmitate,
3035 4884 3129 4940 sed
3158 4889 3279 4942 vivit
3311 4906 3375 4943 ex
3402 4890 3707 4947 virtuteibei
3733 4890 3836 4964 (11

2285 4963 2402 5019 Cor.
2436 4984 2571 5033 xui,
2604 4969 2697 5041 4).
2746 4972 2813 5025 Et
2853 4974 3042 5028 beatus
3085 4976 3307 5043 Petrus,
3352 4981 3719 5050 propheticum
3747 4963 3838 5038 sic

2283 5058 2503 5125 protulit
2528 5058 2595 5113 de
2631 5060 2857 5115 Psalmis
2900 5063 3199 5134 eloquium,
3229 5076 3289 5121 ut
3330 5067 3529 5125 Christi
3570 5074 3835 5137 animam.

2285 5159 2445 5213 quam
2473 5146 2528 5200 in
2560 5146 2829 5203 infernum
2853 5162 3074 5207 noverat
3101 5155 3465 5225 descendisse,
3497 5161 3667 5229 ipsam
3696 5162 3839 5216 dice-

2284 5240 2369 5285 ret
2409 5232 2463 5285 in
2505 5234 2714 5290 inferno
2756 5254 2883 5323 nouv
2900 5241 3209 5297 derelictam
3254 5244 3407 5317 (Act.
3448 5263 3520 5301 ιι.
3548 5247 3649 5313 27;
3689 5249 3835 5309 Psal.

2286 5336 2376 5386 xv,
2404 5323 2550 5395 10);
2581 5340 2685 5394 qua
2712 5328 2778 5382 de
2802 5330 2991 5387 inieris
3020 5334 3085 5389 ad
3114 5350 3331 5393 carnem
3358 5339 3446 5393 die
3471 5341 3631 5396 tertio
3655 5358 3836 5399 rever-

2286 5418 2465 5477 tente,
2492 5414 2630 5475 idem
2659 5415 2797 5472 Deus
2822 5423 3110 5479 secundum
3150 5442 3400 5492 carnem,
3428 5444 3533 5498 qua
3572 5431 3625 5485 in
3664 5432 3839 5500 sepul-

2288 5514 2381 5555 cro
2417 5503 2616 5572 jaeuit,
2647 5504 2713 5561 de
2741 5508 2985 5578 sepulcro
3028 5516 3279 5569 surrexit.
3328 5517 3391 5571 Et
3431 5520 3840 5589 quadragesimo
