4228 6266
357 340 473 397 49·

928 323 1343 410 poenarias.
1380 382 1449 395 -
1481 353 1571 411 ns
1605 352 1761 410 mor.
1797 354 1856 412 s.
1893 318 2279 415 nummus
2311 360 2490 418 unm
2528 363 2611 417 Ill.
2646 394 2712 404 -
2746 365 2869 420 LIB.
2908 366 2994 421 ill.
3028 320 3033 321 ί

3428 373 3622 432 ,ω

356 465 483 527 post
519 463 963 522 resurrectionem
1006 465 1097 523 die
1134 461 1275 524 idem
1315 466 1485 533 Deus,
1514 468 1677 551 homo
1702 467 1906 535 Iactus,
1934 471 1982 530 Δ
2010 488 2127 526 cum
2148 472 2372 543 Christo,
2398 453 2523 549 qua:
2559 496 2765 535 sursum
2793 494 2913 538 sunt
2932 486 3167 555 ᾳιιαννὶιε,
3197 488 3284 543 ubi
3329 489 3561 551 Christus
3594 541 3599 546 .

358 546 416 603 in
432 548 630 606 omium
648 553 943 612 ascendens
959 555 1015 612 in
1031 556 1252 616 dextera
1266 558 1361 614 Dei
1379 560 1557 627 sedet,
1580 540 1706 619 inde
1727 562 1782 617 in
1804 562 1911 619 line

355 639 536 727 saeculi
561 642 628 697 ad
649 641 998 714 judicaudum
1021 648 1172 705 vivos
1197 657 1539 722 mortuosque
1562 661 1840 710 venturus.

803 762 985 853 7'33
1010 779 1235 875 carm
1268 782 1428 840 xvu.

206 920 215 929 ς
320 864 333 868 4
353 880 433 939 De
452 883 703 968 baptismo
736 886 955 968 (Christi.
981 869 1031 945 et
1051 891 1215 968 quod
1236 894 1415 949 omnia
1437 911 1556 967 qua
1599 897 1911 968 gerebantur
1987 856 1992 864 Δ

489 955 547 1011 in
572 955 807 1034 Christo,
832 968 1027 1015 nostra.
1056 955 1244 1017 inlutis
1274 979 1437 1019 causa
1450 955 1773 1035 'gests'sunt.

420 1084 564 1143 Dicit
578 1089 909 1159 evangelista
933 1088 1223 1148 Christum
1242 1090 1403 1149 beato
1427 1089 1769 1166 respondisse
1805 1096 1910 1154 Ba-

347 1178 546 1248 ptistae.
585 1178 713 1235 dum
741 1180 809 1235 ad
835 1180 954 1252 ejus
976 1182 1126 1238 venit
1163 1182 1526 1259 baptismum':
1556 1183 1688 1243 Sine
1729 1177 1906 1256 modo,

344 1267 423 1322 sic
448 1268 587 1323 enim
621 1268 765 1324 decet
792 1285 887 1327 nos
913 1287 1117 1327 omnem
1139 1272 1353 1343 implere
1387 1271 1648 1343 justitiam
1691 1274 1905 1347 (Matth.

345 1370 432 1418 tu,
461 1353 575 1428 15).
597 1354 736 1424 Quid
761 1357 913 1421 aliud
937 1358 1088 1439 [est],
1109 1361 1251 1431 quod
1271 1361 1355 1416 ait
1388 1377 1605 1419 omnem
1638 1364 1908 1436 justitiam

345 1443 589 1516 implere,
634 1446 737 1502 nisi
756 1448 899 1517 quod
924 1449 980 1504 in
1020 1446 1404 1521 seipsol‘totius
1425 1451 1549 1507 vitae
1593 1461 1795 1510 nostra;
1818 1469 1911 1511 or-

341 1532 525 1590 dinem
549 1535 837 1591 ostendere
862 1535 1051 1604 voluit,
1079 1545 1141 1593 ut
1188 1538 1303 1609 ipse
1342 1539 1450 1596 alio
1478 1540 1813 1599 demonstrat
1850 1544 1907 1598 in

343 1622 465 1681 loco
491 1624 679 1683 dicens
710 1644 725 1683 :
758 1625 861 1692 Qui
882 1629 1115 1700 sequitur
1149 1646 1251 1695 me,
1279 1645 1383 1685 non
1405 1631 1635 1701 ambulat
1670 1634 1728 1690 in
1767 1643 1909 1690 tene-

340 1711 472 1778 bris,
495 1714 588 1768 sed
613 1714 818 1771 habebit
842 1702 1153 1783 (umentia:
1170 1718 1350 1790 (Joan.
1369 1736 1489 1786 ms,
1506 1721 1630 1793 ην
1656 1721 1906 1795 Baptiza—

2010 558 2159 614 estin
2182 561 2393 619 dextera
2419 564 2510 619 Dei
2530 567 2745 634 sedens;
2771 586 2887 640 qua:
2909 586 3115 627 sursum
3127 585 3245 630 sunt
3263 578 3448 649 sapite,
3460 598 3569 639 non

2010 662 2127 717 qua:
2166 662 2325 718 super
2346 658 2542 706 terram
2564 666 2583 705 :
2610 656 2801 711 mortui
2827 658 2962 712 enim
2986 661 3130 727 estis,
3158 672 3205 716 et
3248 667 3351 720 vita
3382 662 3575 726 “vestra.

2010 736 2315 794 abscondite
2340 750 2414 796 est
2436 758 2552 796 cum
2575 741 2781 805 Christo
2809 747 2864 801 in
2891 748 2998 804 Deo
3024 748 3246 823 (Coloss.
3277 773 3358 824 ut,
3383 760 3456 832 I).

2563 853 2789 913 CAPUT
2818 857 2997 917 XVIII.
3068 898 3071 903 -

2011 934 2321 1024 Quedpeus
2348 939 2506 1024 Pater
2520 945 2935 1024 quirdam‘opera
2961 949 3087 1024 facit
3108 970 3200 1024 per
3223 952 3420 1016 Filium
3463 965 3576 1021 sibi.

2060 1016 2398 1096 tererem.
2435 1012 2491 1065 ίπ
2530 1012 2701 1096 Tm"!
2748 1012 2865 1096 ἐξὲξ,
2911 1012 3160 1096 θάμάαῇιῄ
3189 1042 3284 1096 per
3328 1012 3576 1096 ὲᾶἱηᾱᾶιῖ
3650 1071 3654 1075 ‹

2077 1072 2278 1131 Filium
2293 1079 2349 1133 in
2368 1072 2541 1150 [armti
2566 1085 2721 1150 servi,
2750 1072 3269 1149 Filiurithainiiiisf"
3328 1072 3470 1135 "-m'

2072 1182 2192 1254 Ipse
2216 1186 2361 1264 enim
2406 1186 2663 1245 Dominus
2691 1191 2757 1246 de
2794 1204 3078 1263 potestate,
3105 1215 3266 1268 quam
3310 1204 3473 1263 habet
3493 1223 3560 1265 ex

2005 1279 2206 1359 aeterno
2225 1288 2348 1329 cum
2373 1274 2550 1336 Patre.
2575 1286 2634 1334 et
2657 1278 2725 1334 de
2750 1291 3032 1351 potestate,
3059 1302 3219 1357 quam
3240 1295 3443 1364 accepit
3492 1311 3561 1354 ex

2006 1353 2247 1430 tempore
2289 1362 2346 1418 in
2396 1363 2571 1451 forma
2601 1370 2764 1436 servi,
2806 1371 2884 1428 sic
2908 1373 3021 1429 ait:
3049 1353 3194 1432 Sicut
3222 1353 3383 1437 enim.
3401 1353 3563 1441 Pater

2005 1448 2156 1505 habet
2179 1452 2336 1506 vitam
2362 1454 2416 1508 in
2442 1448 2735 1530 sernetipso,
2765 1461 2840 1515 sic
2858 1462 2999 1517 dedit
3021 1473 3071 1519 et
3097 1465 3237 1523 Filio
3266 1470 3422 1527 vitam
3463 1473 3561 1531 ha-

1991 1533 2122 1593 here
2143 1541 2201 1595 in
2235 1545 2526 1615 semetipso,
2561 1556 2611 1601 et
2632 1558 2932 1618 potestatem
2959 1552 3100 1609 dedit
3124 1557 3172 1611 ei
3188 1558 3450 1629 judicium
3479 1564 3561 1634 fa-

2004 1644 2139 1719 cere,
2175 1632 2299 1703 quia
2323 1630 2372 1687 ιθ
2373 1633 2496 1688 ilius
2515 1637 2740 1694 hominis
2784 1651 2860 1695 est
2896 1640 3076 1714 (Joan.
3123 1659 3177 1710 γ,
3208 1647 3340 1719 26).
3368 1630 3575 1713 (ienuit;

2004 1717 2185 1790 itaque
2215 1719 2354 1778 Deus
2385 1721 2545 1779 Pater
2590 1725 2787 1782 Filium
2838 1730 3003 1787 vitam
3028 1742 3084 1788 et
3130 1717 3451 1807 potestatem
3506 1742 3575 1798 in-

339 1810 429 1859 tus
468 1810 554 1860 est
589 1819 719 1877 ergo
757 1805 1029 1874 Christus,
1074 1823 1181 1871 non
1207 1817 1270 1864 ut
1308 1808 1426 1880 ejus
1464 1811 1573 1866 ulla
1611 1812 1907 1870 dilueretur
1935 1810 1982 1871 Β
2008 1812 2298 1881 semetipso
2340 1813 2647 1872 habentem.
2694 1818 2850 1875 Dedit
2872 1823 3013 1878 enim
3032 1805 3357 1895 potestatem
3385 1832 3559 1890 eidem

339 1894 619 1966 iniquitas,
665 1898 759 1967 qui
800 1898 1019 1956 omnino
1063 1900 1266 1957 nullam
1309 1901 1515 1970 habuit,
1564 1904 1659 1960 sed
1688 1913 1748 1960 ut
1788 1904 1907 1975 ejus

338 1999 532 2056 magna
568 1989 1041 2046 commendaretur
1065 1992 1372 2061 humilitas;
1415 1995 1492 2050 ita
1520 1996 1717 2067 quippe
1755 1996 1810 2052 in
1836 2012 1904 2055 eo

337 2073 766 2147 baptismarquod
785 2077 1047 2145 ablueret,
1074 2081 1219 2138 sicut
1241 2084 1391 2140 mors
1413 2084 1545 2140 nihil
1570 2087 1712 2156 quod
1747 2089 1905 2160 puni-

336 2171 440 2230 ret,
462 2164 703 2234 invenit;
730 2168 823 2238 qui
850 2167 998 2225 solus
1025 2170 1211 2242 itaque
1227 2172 1310 2228 sic
1337 2175 1492 2230 nasci
1522 2176 1720 2246 potuit,
1767 2184 1829 2233 ut
1849 2180 1902 2235 ei

336 2266 446 2308 non
486 2268 623 2325 opus
667 2263 815 2311 esset
838 2258 1091 2314 renasci:
1130 2274 1236 2315 non
1263 2261 1407 2316 enim
1457 2259 1899 2332 renascebantur,

335 2346 425 2416 qui
447 2346 865 2419 baptizabantur
888 2350 1211 2423 baptismate
1229 2340 1476 2423 Joannis,
1499 2364 1667 2429 aquo
1703 2364 1761 2413 et
1785 2359 1902 2430 ipse

334 2438 638 2510 baptizatus
663 2450 764 2498 est.
793 2441 1132 2514 Quapropter
1149 2443 1415 2515 baptisma
1442 2446 1642 2510 Christi
1664 2464 1772 2505 non
1799 2449 1902 2506 fuit

332 2531 386 2588 in
415 2548 555 2603 aqua
591 2541 801 2589 tantum
820 2534 961 2590 sicut
982 2534 1224 2604 Joannis,
1250 2537 1345 2597 sed
1368 2538 1425 2593 in
1453 2537 1657 2610 Spiritu
1682 2543 1896 2608 sancto,

331 2621 389 2681 in
409 2624 785 2680 remissionem
808 2634 1174 2697 peccatorum,
1198 2628 1315 2699 ipso
1335 2628 1463 2685 alibi
1490 2628 1706 2687 dicente
1729 2649 1744 2687 :
1776 2630 1899 2687 Nisi

329 2714 446 2786 quis
478 2723 691 2769 renatus
715 2713 871 2785 fuerit
896 2733 962 2771 ea:
990 2734 1127 2790 aqua
1149 2728 1199 2773 et
1220 2716 1421 2791 Spiritu
1443 2730 1643 2789 sancto,
1676 2739 1779 2778 non
1799 2740 1896 2795 po-

327 2808 427 2861 test
469 2805 692 2883 introire
733 2806 790 2860 in
826 2814 1059 2878 regnum
1243 2807 1441 2881 (hanc
1479 2827 1565 2877 tu,
1607 2810 1662 2879 5)
1694 2830 1708 2868 :
1736 2806 1898 2869 ut'de

331 2893 536 2966 Spiritu
581 2904 771 2951 sancto
796 2899 1119 2967 regenerati,
1158 2900 1248 2970 qui
1267 2900 1322 2956 in
1347 2901 1622 2960 Christum
1647 2904 1895 2971 credam,

326 2984 563 3041 habeant
591 2987 832 3041 omnium
871 2980 1245 3045 remissionem
1290 2999 1666 3063 peccatorum;
1693 2995 1761 3051 de
1787 3009 1895 3066 quo

326 3072 532 3143 Spiritu
550 3074 801 3133 Christus
820 3085 1127 3148 generatus,
1152 3082 1560 3152 regeneratione
1580 3100 1686 3141 non
1709 3087 1890 3158 eguit:

2002 1897 2138 1956 Filio
2155 1900 2415 1971 judicium
2442 1903 2640 1974 facere,
2670 1909 2844 1979 quiin
2887 1910 3058 1970 forma
3105 1918 3439 1978 servifactus
3476 1932 3564 1983 est

2002 1988 2182 2044 homo.
2207 1989 2349 2048 Deus
2379 1990 2543 2050 Pater
2565 2011 2664 2068 per
2687 1997 2821 2056 duas
2859 2001 2914 2057 in
2940 2002 3156 2062 Christo
3178 2020 3432 2079 operatur
3459 2030 3559 2070 na-

2000 2086 2152 2134 turas
2174 2094 2316 2156 :_per
2356 2097 2519 2138 unam
2554 2100 2673 2155 quas
2715 2088 2767 2151 ei
2811 2095 3111 2150 communis
3155 2105 3239 2153 est
3282 2116 3404 2158 cum
3449 2104 3578 2161 Deo.

1998 2165 2179 2236 Patre,
2203 2184 2270 2225 ex
2298 2184 2363 2226 eo
2389 2186 2497 2243 quo
2522 2172 2661 2235 Deus
2685 2184 2801 2244 est;
2828 2194 2926 2249 per
2956 2180 3203 2252 alteram,
3222 2203 3328 2259 qua
3356 2206 3423 2246 ex
3446 2194 3559 2248 virs

1998 2259 2126 2337 gius
2168 2260 2338 2322 Maria
2363 2263 2522 2320 homo
2560 2264 2735 2323 iactus
2770 2278 2873 2326 est.
2904 2270 3009 2329 Per
3034 2274 3134 2332 has
3159 2277 3293 2335 duas
3338 2289 3560 2339 naturas

1998 2349 2053 2405 in
2081 2366 2188 2407 uno
2213 2352 2350 2409 Filio
2373 2354 2481 2415 Dei
2498 2356 2639 2415 Deus
2659 2357 2842 2423 Pater,
2876 2359 3015 2420 duas
3036 2363 3168 2422 facit
3207 2374 3560 2429 resurrectio-

1997 2455 2095 2536 n-es
2112 2440 2333 2499 humani
2362 2447 2613 2516 generis,
2632 2449 2687 2507 id
2709 2462 2815 2519 est,
2848 2456 3147 2515 animarum
3171 2470 3228 2517 et
3251 2478 3555 2536 corporum.
3638 2462 3639 2465 “

1997 2526 2206 2587 Habent
2233 2531 2378 2589 cnim
2405 2542 2468 2593 et
2486 2535 2680 2592 animae
2697 2538 2865 2613 735
2899 2554 3127 2602 mortem
3178 2526 3420 2608 suam-in
3450 2556 3554 2612 im-

1993 2625 2194 2695 pietate
2248 2635 2411 2698 atque
2463 2633 2719 2700 peccatis,
2768 2637 3079 2696 secundum.
3116 2657 3276 2713 quam
3325 2656 3550 2704 mortem

1996 2718 2195 2774 mortui
2242 2729 2405 2776 sunt:
2457 2725 2524 2779 de
2556 2723 2749 2793 quibus
2801 2727 2943 2783 idem
2974 2728 3233 2788 Dominus
3277 2734 3396 2789 ait:
3426 2735 3554 2792 Sine
3590 2762 3601 2767 “

1994 2820 2226 2870 mortuas
2253 2816 2466 2888 sepelire
2486 2829 2718 2875 mortuos
2744 2838 2869 2878 suos
2890 2822 3039 2894 (Luc.
3065 2841 3141 2891 ix,
3173 2826 3284 2898 60),-
3319 2836 3377 2882 ut
3404 2829 3547 2884 sciii-

1993 2910 2080 2958 cet
2100 2903 2363 2961 inanima
2389 2909 2604 2974 mortui,
2632 2909 2686 2963 in
2716 2924 2942 2980 corpore
2970 2923 3209 2971 mortuos
3242 2917 3546 2987 sepelirent;

1994 2991 2137 3050 Mors
2171 3001 2258 3050 est
2279 2994 2525 3051 videlicet
2558 2998 2768 3065 animae,
2795 3002 3007 3070 quando
3050 3002 3190 3061 Deus
3215 3006 3412 3063 deserit
3429 3022 3550 3065 eam

1992 3082 2063 3138 ob
2085 3089 2432 3152 peccatorum
2484 3085 2932 3157 magnitudinem;
2977 3095 3214 3163 corporis
3261 3096 3406 3153 mors
3443 3086 3548 3164 est,

324 3165 416 3234 qui
443 3163 677 3237 Spiritus
696 3146 940 3235 sancms,
957 3184 1023 3224 eo
1042 3146 1331 3241 baptizato,
1355 3172 1410 3228 in
1432 3175 1613 3245 specie
1630 3146 1893 3234 columbae
1921 3146 1967 3210 θ
1995 3146 2209 3250 quando
2253 3175 2322 3230 ab
2351 3177 2529 3233 anima
2572 3146 2856 3234 deseritur.
2999 3146 3095 3237 his

325 3254 672 3313 descendisse
691 3271 999 3329 supersum
1019 3256 1169 3334 visus
1192 3269 1295 3317 est.
1320 3261 1431 3318 Nec
1461 3265 1786 3336 credendum
1811 3276 1895 3325 est

324 3353 451 3400 tunc
470 3346 613 3401 dona
630 3361 752 3419 eum
781 3348 952 3404 sancti
982 3348 1214 3419 Spiritus
1237 3351 1413 3421 primo
1448 3355 1771 3424 suscepisse,
1799 3358 1892 3427 qui

324 3446 353 3486 a
379 3434 553 3505 prima
579 3436 928 3505 conceptione
941 3436 1141 3507 Spiritu
1159 3447 1348 3497 sancto
1362 3440 1552 3513 plenus
1572 3456 1784 3514 semper
1796 3460 1893 3500 ex-

319 3524 456 3580 stitit
491 3524 624 3598 [.4l.,
655 3527 882 3601 existit],
915 3531 1009 3585 sed
1034 3538 1095 3585 ut
1122 3540 1321 3588 sanctae
1363 3541 1419 3588 et
1453 3535 1742 3592 individua:
1769 3537 1891 3591 Tri-

206 3670 211 3677 ,
321 3614 507 3673 uitatis
567 3616 620 3670 in
671 3615 995 3693 baptismate
1041 3621 1502 3680 demonstraretur
1550 3627 1884 3707 mysterium.

319 3700 483 3760 Filius
508 3704 607 3759 Dei
635 3706 938 3778 baptizatur
957 3708 1010 3765 in
1034 3709 1272 3776 homine,
1295 3709 1529 3781 Spiritus
1547 3714 1641 3769 Dei
1665 3700 1890 3772 descen-

316 3794 395 3851 dit
418 3797 471 3853 in
496 3798 766 3864 columba,
805 3800 966 3857 Pater
986 3801 1128 3876 Deus
1151 3803 1301 3859 adest
1328 3805 1383 3860 in
1419 3821 1574 3873 voce,
1597 3808 1711 3863 sine
1735 3808 1887 3883 cujus

290 3896 295 3899 ‘
317 3884 681 3954 invocatione,
720 3891 775 3946 id
793 3900 898 3958 est,
929 3902 1130 3948 sancta:
1155 3894 1454 3963 Trinitatis,
1480 3897 1684 3952 nullum
1709 3900 1886 3971 bapti-

316 3988 433 4061 sma
475 3978 739 4049 prodesse
789 3981 1007 4050 poterit.
1060 3982 1183 4039 ideo
1220 3983 1315 4039 Dei
1336 3984 1504 4041 Filius
1540 3988 1747 4058 primus
1773 3990 1913 4061 ipse,

315 4060 444 4133 [ΑΛ.
466 4066 591 4136 ipso
618 4066 739 4137 suo]
764 4083 863 4122 suo
889 4070 944 4123 in
973 4071 1293 4140 baptismate
1322 4082 1486 4129 totam
1532 4060 1903 4145 personaliter

315 4154 596 4212 ostendere
616 4155 784 4211 voluit
806 4158 999 4213 adesse
1027 4159 1377 4226 Trinitatem;
1393 4162 1485 4230 qui
1520 4173 1884 4220 sacramento-

316 4257 431 4299 rum
474 4254 698 4301 suorum
742 4246 1203 4318 dispensatoribus
1229 4257 1348 4305 erat
1374 4260 1760 4323 przecepturus,
1789 4254 1885 4309 do-

313 4348 422 4389 cere
450 4351 631 4392 omnes
658 4346 852 4407 gentes,
879 4348 926 4391 et
952 4338 1215 4409 baptizare
1233 4356 1320 4395 eas
1359 4342 1414 4396 in
1448 4344 1651 4398 nomine
1680 4342 1880 4413 Patris,

312 4433 362 4477 et
390 4423 544 4492 Filii,
573 4437 621 4481 et
649 4427 875 4497 Spiritus
922 4431 1091 4484 sancti
1114 4430 1328 4501 (Matth.
1358 4449 1549 4499 xxvm,
1577 4433 1686 4507 15).
1718 4434 1884 4502 Quid-

311 4516 438 4587 quid
463 4518 630 4588 igitur
652 4527 859 4587 gestum
881 4527 963 4573 est
990 4521 1051 4573 in
1076 4535 1239 4576 cruce
1262 4520 1481 4587 Christi,
1509 4523 1564 4577 in
1584 4525 1877 4593 sepultura,

311 4604 793 4665 in‘resurrectione
820 4610 975 4665 tertia
1002 4610 1192 4676 die,.in
1228 4613 1542 4668 ascensione
1576 4614 1631 4668 in
1660 4615 1876 4681 coelum,

310 4708 364 4755 et
388 4701 519 4758 sede
566 4700 637 4755 ad
665 4698 941 4755 dexteram
988 4697 1085 4756 Dei
1110 4699 1309 4767 Patris,
1352 4701 1424 4757 ita
1456 4712 1663 4774 gestum
1690 4714 1790 4767 est,
1820 4714 1891 4761 ut‘

313 4786 394 4845 his
411 4791 578 4847 rebus
630 4804 737 4844 non
764 4789 996 4859 mystice
1016 4797 1224 4857 tantum
1256 4789 1437 4859 dictis,
1482 4794 1578 4848 sed
1602 4795 1763 4850 etiam
1787 4810 1877 4867 ge-

309 4876 425 4944 stis,
454 4878 892 4951 condguraretur
912 4879 1023 4934 vita
1052 4879 1377 4943 Christiana,
1402 4896 1519 4951 quae
1539 4881 1627 4939 hic
1647 4883 1871 4953 geritur.

309 4959 441 5023 Nam
488 4977 719 5040 propter
753 4968 869 5039 ejus
920 4984 1135 5025 crucem
1167 4971 1364 5025 dictum
1407 4983 1491 5026 est
1522 4989 1536 5026 :
1570 4972 1672 5038 Qui
1701 4985 1874 5031 autem

312 5045 499 5107 Christi
540 5055 678 5109 Iesu
725 5066 865 5122 sunt,
908 5072 1115 5111 carnem
1150 5072 1300 5111 suam
1342 5058 1712 5126 cruci/inerunt
1755 5078 1903 5116 cum.

309 5142 666 5210 pastionibus.
695 5155 742 5200 ei
789 5148 1211 5218 concupiscentiis
1239 5145 1407 5219 (Gala
1426 5163 1478 5213 ν,
1510 5147 1619 5219 24).
1649 5148 1875 5220 Propter

310 5234 637 5306 sepulturam
673 5250 688 5289 :
720 5238 1016 5311 Consepulti
1043 5243 1176 5295 enim
1216 5241 1337 5295 estis
1378 5258 1493 5294 cum
1542 5239 1745 5294 Christo
1780 5259 1875 5311 per

194 5396 201 5403 _
310 5321 561 5399 baptisma
599 5326 659 5380 in
696 5339 911 5382 mortem
938 5330 1112 5401 (Rom.
1143 5347 1218 5395 vr,
1248 5330 1325 5404 4).
1375 5330 1600 5401 Propter
1632 5347 1869 5387 resurre-

306 5414 538 5485 stionem
567 5434 581 5469 :
628 5413 697 5469 Ut
719 5418 1148 5486 quemadmodum
1172 5419 1406 5476 Christus
1434 5422 1656 5475 surrexit
1680 5439 1709 5476 α
1732 5439 1870 5476 mor-

1990 3259 2275 3331 generibns
2304 3265 2651 3321 resuscitatos
2694 3265 2828 3323 duas
2854 3268 3079 3341 dicimus
3128 3276 3552 3335 resurrectiones

1990 3348 2208 3405 habere.
2236 3349 2387 3407 Nunc
2412 3361 2589 3407 autem
2638 3355 2938 3411 animarum
2976 3359 3029 3413 in
3070 3358 3309 3418 Ecclesia
3339 3379 3437 3434 per
3459 3365 3547 3420 ΡΞ·

1988 3436 2118 3494 lium
2158 3437 2253 3494 Dei
2281 3439 2387 3513 [ΑΙ.
2419 3443 2585 3496 omitt.
2624 3442 2765 3517 Dei],
2795 3446 3026 3504 Verbum
3054 3448 3171 3517 Dei,
3218 3454 3280 3507 ﬁt
3308 3469 3547 3510 resurre—

1986 3525 2116 3613 ctio,
2167 3530 2380 3597 quando
2405 3546 2501 3600 per
2534 3532 2763 3601 gratiam
2813 3534 2908 3589 Dei
2953 3536 3550 3613 viviﬁcatceresurgent

1989 3612 2121 3693 [41η
2149 3617 2459 3690 resurgunt]
2491 3634 2521 3671 a
2544 3627 2717 3677 morte
2734 3620 3054 3689 iniquitatis.
3084 3624 3150 3687 Et
3187 3627 3301 3683 haec
3320 3637 3403 3683 est
3431 3612 3548 3701 pri-

1985 3720 2073 3761 ma
2101 3709 2443 3774 resurrectio,
2468 3726 2630 3779 quam
2651 3709 2788 3784 [qui]
2817 3713 3037 3781 habent,
3069 3717 3120 3771 in
3144 3722 3397 3787 secunda,
3430 3738 3554 3791 quae

1984 3803 2069 3851 est
2086 3811 2388 3869 corporum,
2418 3797 2644 3855 feliciter
2670 3812 2952 3876 resurgent
2982 3806 3036 3884 in
3074 3807 3237 3863 vitam
3268 3820 3541 3866 aeternam.

1986 3890 2151 3947 Filius
2202 3907 2331 3948 vero
2380 3894 2613 3951 hominis
2661 3897 2867 3965 accepit
2914 3907 3230 3966 potestatem
3278 3900 3540 3968 judicium

1985 3979 2182 4047 facere,
2204 3983 2349 4051 quod
2367 3983 2625 4052 judicium
2653 3983 2706 4035 in
2733 3983 2838 4037 tine
2872 3986 2974 4039 erit
2994 3986 3190 4052 saeculi,
3222 3997 3276 4044 et
3315 3988 3385 4044 ibi
3432 4007 3555 4048 non.

1983 4073 2087 4126 erit
2112 4074 2432 4127 resurrectio
2469 4073 2787 4140 animarum,
2821 4077 2913 4131 sed
2941 4092 3243 4148 corporum.
3285 4080 3404 4137 Ideo
3430 4083 3541 4153 ipse

1983 4156 2239 4214 Dominus
2266 4160 2365 4215 has
2409 4161 2539 4215 duas
2563 4161 2803 4233 designat
2828 4165 2881 4219 in
2911 4166 3094 4222 eodem
3130 4168 3246 4223 loco
3298 4176 3539 4225 resurre-

1982 4247 2186 4303 ctiones
2213 4266 2225 4300 :
2254 4249 2577 4315 animarum,
2603 4250 2694 4305 ubi
2720 4252 2830 4307 ait:
2856 4252 3037 4321 Amen,
3064 4271 3210 4310 amen
3234 4255 3349 4309 dico
3377 4258 3537 4324 vobis,

1979 4337 2440 4407 quia't'enithora,
2470 4349 2518 4393 et
2562 4357 2697 4398 nunc
2724 4351 2819 4406 est,
2857 4344 3063 4414 quando
3093 4346 3280 4399 mortui
3296 4374 3301 4377 -
3323 4346 3536 4402 audient

1982 4444 2159 4482 vocent
2180 4426 2308 4482 Filii
2350 4429 2446 4483 Dei
2465 4429 2657 4500 (Joan.
2688 4447 2751 4495 v,
2771 4431 2890 4502 25);
2918 4448 3199 4527 corporum
3230 4450 3356 4490 vero
3382 4453 3395 4489 :
3439 4430 3537 4493 Ve.-

1981 4519 2084 4572 niet
2110 4518 2261 4583 hora,
2299 4520 2354 4572 in
2400 4534 2504 4591 qua
2543 4526 2749 4584 omnis,
2799 4523 2886 4590 qui
2911 4522 2965 4576 in
3009 4518 3351 4581 monumentis
3392 4541 3534 4593 sunt,

1978 4607 2191 4664 audient
2215 4625 2383 4663 vocem
2403 4609 2515 4679 ejus
2543 4607 2729 4680 [lbid.,
2747 4611 2858 4679 28).
2884 4611 3028 4667 liora
3055 4624 3233 4671 autem
3263 4634 3401 4673 nunc
3425 4630 3537 4687 est,

1977 4705 2037 4753 ut
2067 4707 2348 4769 resurgant
2366 4700 2563 4767 mortui
2581 4717 2594 4765 ;
2629 4701 2762 4760 hora
2789 4703 2893 4756 crit
2918 4703 2972 4758 in
3014 4703 3122 4761 ﬁne
3150 4709 3329 4763 saeculi
3355 4719 3411 4764 ut
3448 4701 3533 4764 re-

1975 4797 2198 4860 surgant
2225 4791 2448 4856 mortui;
2480 4792 2572 4846 sed
2591 4802 2875 4863 resurgunt
2899 4810 3041 4852 nunc
3086 4797 3140 4853 in
3181 4808 3377 4861 mente,
3407 4807 3531 4854 tunc

1977 4881 2031 4936 in
2059 4897 2251 4944 carne;
2283 4892 2737 4955 resurguntnunc
2764 4887 2817 4940 in
2841 4894 3019 4942 mente
3046 4902 3142 4956 per
3183 4887 3405 4941 Verbum
3434 4886 3526 4941 Dei

1978 4973 2170 5029 Filium
2217 4974 2341 5041 Dei;
2392 4985 2674 5048 resurgcnt
2721 4985 2849 5034 tunc
2894 4978 2947 5031 in
2975 4993 3135 5033 carne
3159 4989 3255 5045 per
3294 4977 3528 5033 Verbum

1977 5063 2090 5129 Dei,
2142 5080 2359 5120 carnem
2402 5066 2623 5133 factum,
2660 5066 2853 5124 Filium
2880 5068 3126 5123 hominis.
3152 5066 3372 5122 Animas
3399 5085 3543 5139 ergo

1976 5168 2114 5208 nunc
2140 5156 2363 5210 suscitat
2399 5156 2538 5210 Deus
2568 5171 2663 5225 per
2694 5156 2938 5219 Verbum,
2977 5156 3169 5209 Filium
3196 5156 3308 5222 Dei,
3333 5166 3391 5212 ut
3437 5160 3529 5213 \-i-.

1972 5252 2100 5296 vant
2118 5244 2171 5297 in
2196 5244 2440 5310 Christo;
2469 5261 2690 5316 corpora
2710 5248 2933 5303 suscitat
2950 5247 3088 5302 Deus
3115 5248 3166 5301 in
3193 5248 3296 5303 ﬁne
3315 5250 3516 5316 saeculi,

1972 5353 2066 5408 per
2100 5339 2343 5394 eumdem
2369 5338 2560 5394 Filium
2601 5340 2863 5405 hominis,
2892 5349 2952 5395 ut
2976 5342 3297 5397 zeuernaliter
3342 5342 3523 5397 vivant

1973 5441 2092 5481 cum
2137 5426 2367 5481 Christo.
2398 5426 2579 5495 Neque
2626 5428 2766 5482 enim
2806 5428 2873 5483 ad
2895 5426 3159 5505 judicium
3185 5431 3421 5483 vivorum
3461 5437 3521 5485 et

278 5505 411 5567 ,Ittis
450 5504 506 5561 in
550 5504 779 5577 gloriam
824 5502 1020 5571 Patris,
1066 5525 1140 5562 rm
1184 5520 1231 5564 et
1262 5528 1351 5564 nos
1382 5512 1433 5563 in
1479 5510 1697 5564 ueritate
1750 5512 1867 5564 rita:

256 5630 265 5637 -
290 5598 651 5667 inﬁdelitas.
674 5598 899 5667 Pmptcr
927 5602 1293 5657 ascensionem
1332 5603 1381 5657 in
1410 5603 1620 5663 caelum,
1656 5601 1865 5656 sedem-

456 5692 529 5750 ad
556 5672 861 5748 ’dexteram
912 5690 1082 5747 Patris
1113 5712 1124 5746 :
1164 5695 1226 5752 Si
1255 5706 1422 5751 autem
1476 5694 1863 5750 t'ovtsurrcaistis

1974 5524 2303 5571 mortuorum
2347 5518 2505 5570 Pater
2531 5516 2641 5585 ipse
2665 5528 2919 5576 venturus
2938 5526 3047 5583 est;
3075 5532 3173 5571 nec
3207 5524 3381 5572 tamen
3428 5532 3518 5573 re-

1973 5607 2111 5661 cedit
2131 5621 2159 5661 a
2182 5607 2313 5661 Filio
2334 5607 2520 5671 Pater;
2553 5610 2816 5677 quomodo
2840 5624 2964 5678 ergo
2990 5622 3091 5660 non
3124 5606 3233 5675 ipse
3262 5618 3515 5666 venturus

1973 5696 2095 5751 est?
2138 5695 2270 5763 Quia
2329 5712 2430 5751 non
2489 5696 2599 5764 ipse
2652 5697 2863 5752 indutus
2906 5705 2986 5751 cst
3029 5693 3197 5748 forma
3226 5699 3386 5761 scn'i,
3417 5711 3513 5755 nec

188 5872 191 5873 ,
258 5872 351 5929 ᾖ,

152 5926 419 6150 eiii?
456 5966 471 6021 :
512 5940 535 6011 ’ἶ
580 5994 589 6001 -

488 6092 637 6149 re..-
