  <div class='ocr_page' id='page_1' title='image "/cluster/home/n/w/nwhite01/storage/ocr_20150623/101/uva.x000834944/033.png"; bbox 0 0 4228 6248; ppageno 0'>
   <div class='ocr_carea' id='block_1_1' title="bbox 676 245 3940 314">
    <p class='ocr_par' dir='ltr' id='par_1_1' title="bbox 676 245 3940 314">
     <span class='ocr_line' id='line_1_1' title="bbox 676 245 3940 314; baseline 0 -4"><span class='ocrx_word' id='word_1_1' title='bbox 676 257 738 310; x_wconf 80' lang='lat' dir='ltr'><strong>5i</strong></span> <span class='ocrx_word' id='word_1_2' title='bbox 1314 245 1321 252; x_wconf 71' lang='grc'><strong>’</strong></span> <span class='ocrx_word' id='word_1_3' title='bbox 1513 257 1573 310; x_wconf 79' lang='grc' dir='ltr'><strong>Β.</strong></span> <span class='ocrx_word' id='word_1_4' title='bbox 1613 257 1677 312; x_wconf 82' lang='lat' dir='ltr'><strong>F.</strong></span> <span class='ocrx_word' id='word_1_5' title='bbox 1717 255 1944 312; x_wconf 68' lang='lat' dir='ltr'><strong>ALBINI</strong></span> <span class='ocrx_word' id='word_1_6' title='bbox 1982 255 2114 312; x_wconf 78' lang='lat' dir='ltr'><strong>SEU</strong></span> <span class='ocrx_word' id='word_1_7' title='bbox 2151 254 2748 313; x_wconf 60' lang='lat' dir='ltr'><strong>ALCUINIOPERUSI</strong></span> <span class='ocrx_word' id='word_1_8' title='bbox 2785 255 2966 312; x_wconf 76' lang='lat' dir='ltr'><strong>PARS</strong></span> <span class='ocrx_word' id='word_1_9' title='bbox 3003 256 3090 314; x_wconf 90' lang='lat' dir='ltr'><strong>III.</strong></span> <span class='ocrx_word' id='word_1_10' title='bbox 3867 254 3940 310; x_wconf 69' lang='lat' dir='ltr'><strong>Si</strong></span> 
     </span>
    </p>
   </div>
   <div class='ocr_carea' id='block_1_2' title="bbox 677 366 2330 438">
    <p class='ocr_par' dir='ltr' id='par_1_2' title="bbox 677 366 2330 438">
     <span class='ocr_line' id='line_1_2' title="bbox 677 366 2330 438; baseline -0.002 -14"><span class='ocrx_word' id='word_1_11' title='bbox 677 370 944 427; x_wconf 87' lang='lat' dir='ltr'><strong>videbitur</strong></span> <span class='ocrx_word' id='word_1_12' title='bbox 967 367 1020 423; x_wconf 94' lang='lat' dir='ltr'><strong>in</strong></span> <span class='ocrx_word' id='word_1_13' title='bbox 1037 367 1259 438; x_wconf 84' lang='lat' dir='ltr'><strong>judicio.</strong></span> <span class='ocrx_word' id='word_1_14' title='bbox 1297 366 1549 421; x_wconf 64' lang='lat' dir='ltr'><strong>Videbunt</strong></span> <span class='ocrx_word' id='word_1_15' title='bbox 1573 382 1804 438; x_wconf 80' lang='lat' dir='ltr'><strong>namque</strong></span> <span class='ocrx_word' id='word_1_16' title='bbox 1827 367 2008 437; x_wconf 86' lang='lat' dir='ltr'><strong>impii,</strong></span> <span class='ocrx_word' id='word_1_17' title='bbox 2029 369 2086 422; x_wconf 78' lang='lat' dir='ltr'><strong>in</strong></span> <span class='ocrx_word' id='word_1_18' title='bbox 2104 383 2256 438; x_wconf 78' lang='lat' dir='ltr'><strong>quem</strong></span> <span class='ocrx_word' id='word_1_19' title='bbox 2286 373 2330 427; x_wconf 73' lang='grc' dir='ltr'><strong>Α</strong></span> 
     </span>
    </p>
   </div>
   <div class='ocr_carea' id='block_1_3' title="bbox 674 459 2254 534">
    <p class='ocr_par' dir='ltr' id='par_1_3' title="bbox 674 459 2254 534">
     <span class='ocr_line' id='line_1_3' title="bbox 674 459 2254 534; baseline -0.003 -15"><span class='ocrx_word' id='word_1_20' title='bbox 674 470 1090 534; x_wconf 67' lang='lat' dir='ltr'><strong>complanarunt</strong></span> <span class='ocrx_word' id='word_1_21' title='bbox 1114 459 1299 532; x_wconf 71' lang='lat' dir='ltr'><strong>(lock.</strong></span> <span class='ocrx_word' id='word_1_22' title='bbox 1331 477 1430 524; x_wconf 74' lang='lat' dir='ltr'><strong>xu,</strong></span> <span class='ocrx_word' id='word_1_23' title='bbox 1459 460 1571 533; x_wconf 74' lang='grc'><strong>10).</strong></span> <span class='ocrx_word' id='word_1_24' title='bbox 1594 460 1792 516; x_wconf 80' lang='lat' dir='ltr'><strong>Forma</strong></span> <span class='ocrx_word' id='word_1_25' title='bbox 1827 460 1915 515; x_wconf 85' lang='lat' dir='ltr'><strong>illa</strong></span> <span class='ocrx_word' id='word_1_26' title='bbox 1938 461 2044 516; x_wconf 91' lang='lat' dir='ltr'><strong>erit</strong></span> <span class='ocrx_word' id='word_1_27' title='bbox 2065 460 2254 530; x_wconf 69' lang='lat' dir='ltr'><strong>iudex,</strong></span> 
     </span>
    </p>
   </div>
   <div class='ocr_carea' id='block_1_4' title="bbox 674 549 2256 626">
    <p class='ocr_par' dir='ltr' id='par_1_4' title="bbox 674 549 2256 626">
     <span class='ocr_line' id='line_1_4' title="bbox 674 549 2256 626; baseline -0.003 -17"><span class='ocrx_word' id='word_1_28' title='bbox 674 569 797 626; x_wconf 76' lang='lat' dir='ltr'><strong>qua:</strong></span> <span class='ocrx_word' id='word_1_29' title='bbox 847 553 1001 608; x_wconf 88' lang='lat' dir='ltr'><strong>stetit</strong></span> <span class='ocrx_word' id='word_1_30' title='bbox 1027 552 1129 608; x_wconf 91' lang='lat' dir='ltr'><strong>sub</strong></span> <span class='ocrx_word' id='word_1_31' title='bbox 1152 550 1332 620; x_wconf 83' lang='lat' dir='ltr'><strong>judice</strong></span> <span class='ocrx_word' id='word_1_32' title='bbox 1363 570 1376 602; x_wconf 91' lang='lat'>:</span> <span class='ocrx_word' id='word_1_33' title='bbox 1423 551 1515 606; x_wconf 89' lang='lat' dir='ltr'><strong>illa</strong></span> <span class='ocrx_word' id='word_1_34' title='bbox 1545 549 1832 620; x_wconf 74' lang='lat' dir='ltr'><strong>iudicabit,</strong></span> <span class='ocrx_word' id='word_1_35' title='bbox 1862 565 1984 622; x_wconf 71' lang='lat' dir='ltr'><strong>qua:</strong></span> <span class='ocrx_word' id='word_1_36' title='bbox 2015 549 2256 620; x_wconf 75' lang='lat' dir='ltr'><strong>iudicata</strong></span> 
     </span>
    </p>
   </div>
   <div class='ocr_carea' id='block_1_5' title="bbox 673 642 2257 714">
    <p class='ocr_par' dir='ltr' id='par_1_5' title="bbox 673 642 2257 714">
     <span class='ocr_line' id='line_1_5' title="bbox 673 642 2257 714; baseline 0.001 -15"><span class='ocrx_word' id='word_1_37' title='bbox 673 654 780 704; x_wconf 86' lang='lat' dir='ltr'><strong>est.</strong></span> <span class='ocrx_word' id='word_1_38' title='bbox 825 642 1072 700; x_wconf 66' lang='lat' dir='ltr'><strong>iudicata</strong></span> <span class='ocrx_word' id='word_1_39' title='bbox 1099 652 1184 700; x_wconf 89' lang='lat' dir='ltr'><strong>est</strong></span> <span class='ocrx_word' id='word_1_40' title='bbox 1209 644 1353 699; x_wconf 86' lang='lat' dir='ltr'><strong>enim</strong></span> <span class='ocrx_word' id='word_1_41' title='bbox 1400 644 1582 714; x_wconf 92' lang='lat' dir='ltr'><strong>inique</strong></span> <span class='ocrx_word' id='word_1_42' title='bbox 1601 687 1613 708; x_wconf 91' lang='lat'><strong>,</strong></span> <span class='ocrx_word' id='word_1_43' title='bbox 1634 643 1901 714; x_wconf 77' lang='lat' dir='ltr'><strong>iudicabit</strong></span> <span class='ocrx_word' id='word_1_44' title='bbox 1925 642 2102 713; x_wconf 84' lang='lat' dir='ltr'><strong>juste;</strong></span> <span class='ocrx_word' id='word_1_45' title='bbox 2133 644 2257 701; x_wconf 88' lang='lat' dir='ltr'><strong>talis</strong></span> 
     </span>
    </p>
   </div>
   <div class='ocr_carea' id='block_1_6' title="bbox 674 734 2257 809">
    <p class='ocr_par' dir='ltr' id='par_1_6' title="bbox 674 734 2257 809">
     <span class='ocr_line' id='line_1_6' title="bbox 674 734 2257 809; baseline -0.001 -15"><span class='ocrx_word' id='word_1_46' title='bbox 674 734 956 809; x_wconf 74' lang='lat' dir='ltr'><strong>apparebit</strong></span> <span class='ocrx_word' id='word_1_47' title='bbox 990 737 1178 807; x_wconf 81' lang='lat' dir='ltr'><strong>judcx,</strong></span> <span class='ocrx_word' id='word_1_48' title='bbox 1222 735 1399 805; x_wconf 82' lang='lat' dir='ltr'><strong>qualis</strong></span> <span class='ocrx_word' id='word_1_49' title='bbox 1432 737 1603 792; x_wconf 84' lang='lat' dir='ltr'><strong>videri</strong></span> <span class='ocrx_word' id='word_1_50' title='bbox 1622 738 1868 808; x_wconf 85' lang='lat' dir='ltr'><strong>possitet</strong></span> <span class='ocrx_word' id='word_1_51' title='bbox 1895 737 1964 792; x_wconf 85' lang='lat' dir='ltr'><strong>ab</strong></span> <span class='ocrx_word' id='word_1_52' title='bbox 1989 737 2070 792; x_wconf 88' lang='lat' dir='ltr'><strong>eis</strong></span> <span class='ocrx_word' id='word_1_53' title='bbox 2095 736 2257 809; x_wconf 84' lang='lat' dir='ltr'><strong>[quos</strong></span> 
     </span>
    </p>
   </div>
   <div class='ocr_carea' id='block_1_7' title="bbox 673 826 2252 900">
    <p class='ocr_par' dir='ltr' id='par_1_7' title="bbox 673 826 2252 900">
     <span class='ocr_line' id='line_1_7' title="bbox 673 826 2252 900; baseline -0.003 -16"><span class='ocrx_word' id='word_1_54' title='bbox 673 835 1030 884; x_wconf 89' lang='lat' dir='ltr'><strong>coronaturus</strong></span> <span class='ocrx_word' id='word_1_55' title='bbox 1071 835 1179 892; x_wconf 89' lang='lat' dir='ltr'><strong>est,</strong></span> <span class='ocrx_word' id='word_1_56' title='bbox 1224 826 1369 882; x_wconf 88' lang='lat' dir='ltr'><strong>etab</strong></span> <span class='ocrx_word' id='word_1_57' title='bbox 1413 827 1516 892; x_wconf 88' lang='lat' dir='ltr'><strong>eis,</strong></span> <span class='ocrx_word' id='word_1_58' title='bbox 1555 826 1715 900; x_wconf 90' lang='lat' dir='ltr'><strong>quos]</strong></span> <span class='ocrx_word' id='word_1_59' title='bbox 1769 827 2124 883; x_wconf 88' lang='lat' dir='ltr'><strong>damnaturus</strong></span> <span class='ocrx_word' id='word_1_60' title='bbox 2148 835 2252 882; x_wconf 89' lang='lat' dir='ltr'><strong>cst.</strong></span> 
     </span>
    </p>
   </div>
   <div class='ocr_carea' id='block_1_8' title="bbox 673 917 2253 989">
    <p class='ocr_par' dir='ltr' id='par_1_8' title="bbox 673 917 2253 989">
     <span class='ocr_line' id='line_1_8' title="bbox 673 917 2253 989; baseline 0.001 -15"><span class='ocrx_word' id='word_1_61' title='bbox 673 917 870 975; x_wconf 78' lang='lat' dir='ltr'><strong>Forma</strong></span> <span class='ocrx_word' id='word_1_62' title='bbox 900 934 1030 989; x_wconf 87' lang='lat' dir='ltr'><strong>ergo</strong></span> <span class='ocrx_word' id='word_1_63' title='bbox 1046 918 1192 974; x_wconf 89' lang='lat' dir='ltr'><strong>servi</strong></span> <span class='ocrx_word' id='word_1_64' title='bbox 1222 918 1517 984; x_wconf 72' lang='lat' dir='ltr'><strong>videbitur;</strong></span> <span class='ocrx_word' id='word_1_65' title='bbox 1546 919 1758 975; x_wconf 88' lang='lat' dir='ltr'><strong>occulta</strong></span> <span class='ocrx_word' id='word_1_66' title='bbox 1780 920 1886 975; x_wconf 91' lang='lat' dir='ltr'><strong>erit</strong></span> <span class='ocrx_word' id='word_1_67' title='bbox 1934 919 2106 975; x_wconf 79' lang='lat' dir='ltr'><strong>forma</strong></span> <span class='ocrx_word' id='word_1_68' title='bbox 2135 919 2253 983; x_wconf 89' lang='lat' dir='ltr'><strong>Dei,</strong></span> 
     </span>
    </p>
   </div>
   <div class='ocr_carea' id='block_1_9' title="bbox 672 1009 2254 1083">
    <p class='ocr_par' dir='ltr' id='par_1_9' title="bbox 672 1009 2254 1083">
     <span class='ocr_line' id='line_1_9' title="bbox 672 1009 2254 1083; baseline -0.001 -16"><span class='ocrx_word' id='word_1_69' title='bbox 672 1028 792 1082; x_wconf 78' lang='lat' dir='ltr'><strong>qua:</strong></span> <span class='ocrx_word' id='word_1_70' title='bbox 805 1009 969 1080; x_wconf 86' lang='lat' dir='ltr'><strong>justis</strong></span> <span class='ocrx_word' id='word_1_71' title='bbox 986 1011 1170 1067; x_wconf 88' lang='lat' dir='ltr'><strong>videre</strong></span> <span class='ocrx_word' id='word_1_72' title='bbox 1196 1010 1534 1067; x_wconf 75' lang='lat' dir='ltr'><strong>solummodo</strong></span> <span class='ocrx_word' id='word_1_73' title='bbox 1552 1012 1890 1083; x_wconf 78' lang='lat' dir='ltr'><strong>promittitur</strong></span> <span class='ocrx_word' id='word_1_74' title='bbox 1908 1013 1977 1068; x_wconf 86' lang='lat' dir='ltr'><strong>ad</strong></span> <span class='ocrx_word' id='word_1_75' title='bbox 1992 1020 2254 1068; x_wconf 66' lang='lat' dir='ltr'><strong>eternum</strong></span> 
     </span>
    </p>
   </div>
   <div class='ocr_carea' id='block_1_10' title="bbox 671 1101 1345 1171">
    <p class='ocr_par' dir='ltr' id='par_1_10' title="bbox 671 1101 1345 1171">
     <span class='ocr_line' id='line_1_10' title="bbox 671 1101 1345 1171; baseline -0.003 -14"><span class='ocrx_word' id='word_1_76' title='bbox 671 1101 1022 1158; x_wconf 81' lang='lat' dir='ltr'><strong>beatitudinis</strong></span> <span class='ocrx_word' id='word_1_77' title='bbox 1045 1101 1345 1171; x_wconf 67' lang='lat' dir='ltr'><strong>premium.</strong></span> 
     </span>
    </p>
   </div>
   <div class='ocr_carea' id='block_1_11' title="bbox 1261 1185 1771 1289">
    <p class='ocr_par' dir='ltr' id='par_1_11' title="bbox 1261 1185 1771 1289">
     <span class='ocr_line' id='line_1_11' title="bbox 1261 1185 1771 1289; baseline 0 0"><span class='ocrx_word' id='word_1_78' title='bbox 1261 1231 1489 1289; x_wconf 83' lang='lat' dir='ltr'><strong>CAPUT</strong></span> <span class='ocrx_word' id='word_1_79' title='bbox 1524 1233 1667 1289; x_wconf 73' lang='lat' dir='ltr'><strong>XIX.</strong></span> <span class='ocrx_word' id='word_1_80' title='bbox 1758 1185 1771 1193; x_wconf 43' lang='lat'><em>.</em></span> 
     </span>
    </p>
   </div>
   <div class='ocr_carea' id='block_1_12' title="bbox 977 1345 1950 1420">
    <p class='ocr_par' dir='ltr' id='par_1_12' title="bbox 977 1345 1950 1420">
     <span class='ocr_line' id='line_1_12' title="bbox 977 1345 1950 1420; baseline 0.004 -20"><span class='ocrx_word' id='word_1_81' title='bbox 977 1345 1055 1401; x_wconf 89' lang='lat' dir='ltr'><strong>De</strong></span> <span class='ocrx_word' id='word_1_82' title='bbox 1081 1347 1375 1402; x_wconf 75' lang='lat' dir='ltr'><strong>novissimis</strong></span> <span class='ocrx_word' id='word_1_83' title='bbox 1401 1347 1584 1402; x_wconf 64' lang='lat' dir='ltr'><strong>seculi</strong></span> <span class='ocrx_word' id='word_1_84' title='bbox 1612 1349 1950 1420; x_wconf 73' lang='lat' dir='ltr'><strong>temporibus.</strong></span> 
     </span>
    </p>
   </div>
   <div class='ocr_carea' id='block_1_13' title="bbox 739 1457 2254 1532">
    <p class='ocr_par' dir='ltr' id='par_1_13' title="bbox 739 1457 2254 1532">
     <span class='ocr_line' id='line_1_13' title="bbox 739 1457 2254 1532; baseline 0.004 -21"><span class='ocrx_word' id='word_1_85' title='bbox 739 1457 994 1526; x_wconf 73' lang='lat' dir='ltr'><strong>Quicdam</strong></span> <span class='ocrx_word' id='word_1_86' title='bbox 1043 1459 1295 1516; x_wconf 71' lang='lat' dir='ltr'><strong>videlicet</strong></span> <span class='ocrx_word' id='word_1_87' title='bbox 1342 1462 1517 1532; x_wconf 84' lang='lat' dir='ltr'><strong>signa,</strong></span> <span class='ocrx_word' id='word_1_88' title='bbox 1572 1476 1696 1531; x_wconf 67' lang='lat' dir='ltr'><strong>quae</strong></span> <span class='ocrx_word' id='word_1_89' title='bbox 1742 1461 1858 1532; x_wconf 84' lang='lat' dir='ltr'><strong>ipse</strong></span> <span class='ocrx_word' id='word_1_90' title='bbox 1900 1460 2160 1517; x_wconf 86' lang='lat' dir='ltr'><strong>Dominus</strong></span> <span class='ocrx_word' id='word_1_91' title='bbox 2200 1462 2254 1517; x_wconf 91' lang='lat' dir='ltr'><strong>in</strong></span> 
     </span>
    </p>
   </div>
   <div class='ocr_carea' id='block_1_14' title="bbox 668 1547 2254 1636">
    <p class='ocr_par' dir='ltr' id='par_1_14' title="bbox 668 1547 2254 1636">
     <span class='ocr_line' id='line_1_14' title="bbox 668 1547 2254 1636; baseline 0.001 -32"><span class='ocrx_word' id='word_1_92' title='bbox 668 1547 958 1620; x_wconf 76' lang='lat' dir='ltr'><strong>Evangelio</strong></span> <span class='ocrx_word' id='word_1_93' title='bbox 983 1558 1113 1604; x_wconf 82' lang='lat' dir='ltr'><strong>ante</strong></span> <span class='ocrx_word' id='word_1_94' title='bbox 1162 1549 1324 1606; x_wconf 87' lang='lat' dir='ltr'><strong>ﬁnem</strong></span> <span class='ocrx_word' id='word_1_95' title='bbox 1377 1551 1565 1606; x_wconf 86' lang='lat' dir='ltr'><strong>mundi</strong></span> <span class='ocrx_word' id='word_1_96' title='bbox 1610 1549 1790 1636; x_wconf 80' lang='lat' dir='ltr'><strong>futura</strong></span> <span class='ocrx_word' id='word_1_97' title='bbox 1820 1566 1942 1607; x_wconf 89' lang='lat' dir='ltr'><strong>esse</strong></span> <span class='ocrx_word' id='word_1_98' title='bbox 1983 1552 2254 1620; x_wconf 71' lang='lat' dir='ltr'><strong>praedixit,</strong></span> 
     </span>
    </p>
   </div>
   <div class='ocr_carea' id='block_1_15' title="bbox 668 1638 2255 1711">
    <p class='ocr_par' dir='ltr' id='par_1_15' title="bbox 668 1638 2255 1711">
     <span class='ocr_line' id='line_1_15' title="bbox 668 1638 2255 1711; baseline 0.001 -18"><span class='ocrx_word' id='word_1_99' title='bbox 668 1645 939 1694; x_wconf 86' lang='lat' dir='ltr'><strong>transacta</strong></span> <span class='ocrx_word' id='word_1_100' title='bbox 970 1638 1251 1711; x_wconf 87' lang='lat' dir='ltr'><strong>leguntur;</strong></span> <span class='ocrx_word' id='word_1_101' title='bbox 1288 1641 1534 1711; x_wconf 65' lang='lat' dir='ltr'><strong>quaedam</strong></span> <span class='ocrx_word' id='word_1_102' title='bbox 1579 1654 1711 1696; x_wconf 87' lang='lat' dir='ltr'><strong>vero</strong></span> <span class='ocrx_word' id='word_1_103' title='bbox 1735 1639 2075 1695; x_wconf 86' lang='lat' dir='ltr'><strong>imminentia</strong></span> <span class='ocrx_word' id='word_1_104' title='bbox 2119 1655 2255 1710; x_wconf 91' lang='lat' dir='ltr'><strong>quo-</strong></span> 
     </span>
    </p>
   </div>
   <div class='ocr_carea' id='block_1_16' title="bbox 2952 368 3338 427">
    <p class='ocr_par' dir='ltr' id='par_1_16' title="bbox 2952 368 3338 427">
     <span class='ocr_line' id='line_1_16' title="bbox 2952 368 3338 427; baseline -0.003 -2"><span class='ocrx_word' id='word_1_105' title='bbox 2952 368 3181 427; x_wconf 76' lang='lat' dir='ltr'><strong>CAPU&#39;I‘</strong></span> <span class='ocrx_word' id='word_1_106' title='bbox 3217 369 3338 427; x_wconf 76' lang='lat' dir='ltr'><strong>XX.</strong></span> 
     </span>
    </p>
   </div>
   <div class='ocr_carea' id='block_1_17' title="bbox 2494 501 3791 571">
    <p class='ocr_par' dir='ltr' id='par_1_17' title="bbox 2494 501 3791 571">
     <span class='ocr_line' id='line_1_17' title="bbox 2494 501 3791 571; baseline 0.004 -14"><span class='ocrx_word' id='word_1_107' title='bbox 2494 501 2574 557; x_wconf 86' lang='lat' dir='ltr'><strong>De</strong></span> <span class='ocrx_word' id='word_1_108' title='bbox 2602 505 2975 559; x_wconf 70' lang='lat' dir='ltr'><strong>resurrectione</strong></span> <span class='ocrx_word' id='word_1_109' title='bbox 2996 521 3271 571; x_wconf 76' lang='lat' dir='ltr'><strong>corporum</strong></span> <span class='ocrx_word' id='word_1_110' title='bbox 3292 506 3350 561; x_wconf 81' lang='lat' dir='ltr'><strong>iri</strong></span> <span class='ocrx_word' id='word_1_111' title='bbox 3378 504 3658 562; x_wconf 66' lang='lat' dir='ltr'><strong>novissimo</strong></span> <span class='ocrx_word' id='word_1_112' title='bbox 3682 505 3791 564; x_wconf 70' lang='lat' dir='ltr'><strong>die.</strong></span> 
     </span>
    </p>
   </div>
   <div class='ocr_carea' id='block_1_18' title="bbox 2425 633 3937 705">
    <p class='ocr_par' dir='ltr' id='par_1_18' title="bbox 2425 633 3937 705">
     <span class='ocr_line' id='line_1_18' title="bbox 2425 633 3937 705; baseline 0.004 -15"><span class='ocrx_word' id='word_1_113' title='bbox 2425 633 2543 705; x_wconf 87' lang='lat' dir='ltr'><strong>Ipse</strong></span> <span class='ocrx_word' id='word_1_114' title='bbox 2586 634 2846 692; x_wconf 84' lang='lat' dir='ltr'><strong>Dominus</strong></span> <span class='ocrx_word' id='word_1_115' title='bbox 2895 647 3081 693; x_wconf 87' lang='lat' dir='ltr'><strong>noster</strong></span> <span class='ocrx_word' id='word_1_116' title='bbox 3125 635 3284 694; x_wconf 84' lang='lat' dir='ltr'><strong>Jesus</strong></span> <span class='ocrx_word' id='word_1_117' title='bbox 3309 636 3562 694; x_wconf 82' lang='lat' dir='ltr'><strong>Christus</strong></span> <span class='ocrx_word' id='word_1_118' title='bbox 3587 639 3642 694; x_wconf 89' lang='lat' dir='ltr'><strong>in</strong></span> <span class='ocrx_word' id='word_1_119' title='bbox 3691 653 3937 696; x_wconf 66' lang='lat' dir='ltr'><strong>resurre-</strong></span> 
     </span>
    </p>
   </div>
   <div class='ocr_carea' id='block_1_19' title="bbox 2354 725 3936 800">
    <p class='ocr_par' dir='ltr' id='par_1_19' title="bbox 2354 725 3936 800">
     <span class='ocr_line' id='line_1_19' title="bbox 2354 725 3936 800; baseline 0.004 -20"><span class='ocrx_word' id='word_1_120' title='bbox 2354 725 2534 782; x_wconf 84' lang='lat' dir='ltr'><strong>ctione</strong></span> <span class='ocrx_word' id='word_1_121' title='bbox 2578 728 2760 783; x_wconf 89' lang='lat' dir='ltr'><strong>carnis</strong></span> <span class='ocrx_word' id='word_1_122' title='bbox 2801 742 2933 796; x_wconf 66' lang='lat' dir='ltr'><strong>suae,</strong></span> <span class='ocrx_word' id='word_1_123' title='bbox 2983 745 3146 800; x_wconf 89' lang='lat' dir='ltr'><strong>quam</strong></span> <span class='ocrx_word' id='word_1_124' title='bbox 3197 731 3286 786; x_wconf 91' lang='lat' dir='ltr'><strong>die</strong></span> <span class='ocrx_word' id='word_1_125' title='bbox 3347 731 3509 785; x_wconf 84' lang='lat' dir='ltr'><strong>tertio</strong></span> <span class='ocrx_word' id='word_1_126' title='bbox 3561 731 3841 786; x_wconf 71' lang='lat' dir='ltr'><strong>suscitavit</strong></span> <span class='ocrx_word' id='word_1_127' title='bbox 3867 731 3936 786; x_wconf 89' lang='lat' dir='ltr'><strong>de</strong></span> 
     </span>
    </p>
   </div>
   <div class='ocr_carea' id='block_1_20' title="bbox 2353 817 3936 888">
    <p class='ocr_par' dir='ltr' id='par_1_20' title="bbox 2353 817 3936 888">
     <span class='ocr_line' id='line_1_20' title="bbox 2353 817 3936 888; baseline 0.004 -17"><span class='ocrx_word' id='word_1_128' title='bbox 2353 817 2603 888; x_wconf 82' lang='lat' dir='ltr'><strong>sepulcro</strong></span> <span class='ocrx_word' id='word_1_129' title='bbox 2626 859 2642 881; x_wconf 90' lang='lat'><strong>,</strong></span> <span class='ocrx_word' id='word_1_130' title='bbox 2699 819 2856 876; x_wconf 89' lang='lat' dir='ltr'><strong>nobis</strong></span> <span class='ocrx_word' id='word_1_131' title='bbox 2904 829 3106 876; x_wconf 72' lang='lat' dir='ltr'><strong>nostris</strong></span> <span class='ocrx_word' id='word_1_132' title='bbox 3132 823 3317 878; x_wconf 91' lang='lat' dir='ltr'><strong>carnis</strong></span> <span class='ocrx_word' id='word_1_133' title='bbox 3351 837 3538 878; x_wconf 90' lang='lat' dir='ltr'><strong>veram</strong></span> <span class='ocrx_word' id='word_1_134' title='bbox 3575 823 3812 879; x_wconf 78' lang='lat' dir='ltr'><strong>ostendit</strong></span> <span class='ocrx_word' id='word_1_135' title='bbox 3847 837 3936 878; x_wconf 85' lang='lat' dir='ltr'><strong>re-</strong></span> 
     </span>
    </p>
   </div>
   <div class='ocr_carea' id='block_1_21' title="bbox 2355 907 3936 984">
    <p class='ocr_par' dir='ltr' id='par_1_21' title="bbox 2355 907 3936 984">
     <span class='ocr_line' id='line_1_21' title="bbox 2355 907 3936 984; baseline 0.008 -24"><span class='ocrx_word' id='word_1_136' title='bbox 2355 907 2766 974; x_wconf 87' lang='lat' dir='ltr'><strong>surrectionem,</strong></span> <span class='ocrx_word' id='word_1_137' title='bbox 2815 925 2982 980; x_wconf 90' lang='lat' dir='ltr'><strong>quam</strong></span> <span class='ocrx_word' id='word_1_138' title='bbox 3005 911 3256 968; x_wconf 77' lang='lat' dir='ltr'><strong>videlicet</strong></span> <span class='ocrx_word' id='word_1_139' title='bbox 3301 912 3508 984; x_wconf 84' lang='lat' dir='ltr'><strong>absque</strong></span> <span class='ocrx_word' id='word_1_140' title='bbox 3544 915 3691 970; x_wconf 88' lang='lat' dir='ltr'><strong>omni</strong></span> <span class='ocrx_word' id='word_1_141' title='bbox 3723 916 3936 971; x_wconf 83' lang='lat' dir='ltr'><strong>dubita-</strong></span> 
     </span>
    </p>
   </div>
   <div class='ocr_carea' id='block_1_22' title="bbox 2356 995 3933 1070">
    <p class='ocr_par' dir='ltr' id='par_1_22' title="bbox 2356 995 3933 1070">
     <span class='ocr_line' id='line_1_22' title="bbox 2356 995 3933 1070; baseline 0.008 -21"><span class='ocrx_word' id='word_1_142' title='bbox 2356 995 2503 1051; x_wconf 81' lang='lat' dir='ltr'><strong>tione</strong></span> <span class='ocrx_word' id='word_1_143' title='bbox 2533 996 2841 1054; x_wconf 88' lang='lat' dir='ltr'><strong>ﬁrmissime</strong></span> <span class='ocrx_word' id='word_1_144' title='bbox 2884 1000 3110 1056; x_wconf 85' lang='lat' dir='ltr'><strong>credere</strong></span> <span class='ocrx_word' id='word_1_145' title='bbox 3135 1001 3424 1069; x_wconf 85' lang='lat' dir='ltr'><strong>debemus;</strong></span> <span class='ocrx_word' id='word_1_146' title='bbox 3451 1013 3513 1059; x_wconf 89' lang='lat' dir='ltr'><strong>ut</strong></span> <span class='ocrx_word' id='word_1_147' title='bbox 3538 1005 3594 1060; x_wconf 87' lang='lat' dir='ltr'><strong>in</strong></span> <span class='ocrx_word' id='word_1_148' title='bbox 3635 1020 3701 1061; x_wconf 90' lang='lat' dir='ltr'><strong>ea</strong></span> <span class='ocrx_word' id='word_1_149' title='bbox 3744 1021 3933 1070; x_wconf 75' lang='lat' dir='ltr'><strong>carne.</strong></span> 
     </span>
    </p>
   </div>
   <div class='ocr_carea' id='block_1_23' title="bbox 2353 1087 3934 1168">
    <p class='ocr_par' dir='ltr' id='par_1_23' title="bbox 2353 1087 3934 1168">
     <span class='ocr_line' id='line_1_23' title="bbox 2353 1087 3934 1168; baseline 0.011 -29"><span class='ocrx_word' id='word_1_150' title='bbox 2353 1101 2460 1157; x_wconf 89' lang='lat' dir='ltr'><strong>qua</strong></span> <span class='ocrx_word' id='word_1_151' title='bbox 2509 1087 2616 1143; x_wconf 84' lang='lat' dir='ltr'><strong>bic‘</strong></span> <span class='ocrx_word' id='word_1_152' title='bbox 2655 1092 2887 1168; x_wconf 80' lang='lat' dir='ltr'><strong>quisque</strong></span> <span class='ocrx_word' id='word_1_153' title='bbox 2934 1092 3150 1148; x_wconf 85' lang='lat' dir='ltr'><strong>vivebat</strong></span> <span class='ocrx_word' id='word_1_154' title='bbox 3192 1095 3251 1150; x_wconf 90' lang='lat' dir='ltr'><strong>in</strong></span> <span class='ocrx_word' id='word_1_155' title='bbox 3279 1097 3384 1151; x_wconf 88' lang='lat' dir='ltr'><strong>hac</strong></span> <span class='ocrx_word' id='word_1_156' title='bbox 3419 1099 3671 1168; x_wconf 60' lang='lat' dir='ltr'><strong>praesenti</strong></span> <span class='ocrx_word' id='word_1_157' title='bbox 3711 1100 3842 1161; x_wconf 86' lang='lat' dir='ltr'><strong>vita.</strong></span> <span class='ocrx_word' id='word_1_158' title='bbox 3876 1100 3934 1157; x_wconf 92' lang='lat' dir='ltr'><strong>iu</strong></span> 
     </span>
    </p>
   </div>
   <div class='ocr_carea' id='block_1_24' title="bbox 2354 1156 3938 1252">
    <p class='ocr_par' dir='ltr' id='par_1_24' title="bbox 2354 1156 3938 1252">
     <span class='ocr_line' id='line_1_24' title="bbox 2354 1156 3938 1252; baseline 0.009 -16"><span class='ocrx_word' id='word_1_159' title='bbox 2354 1156 2543 1236; x_wconf 82' lang='lat' dir='ltr'><strong>eadem</strong></span> <span class='ocrx_word' id='word_1_160' title='bbox 2565 1156 2850 1252; x_wconf 76' lang='lat' dir='ltr'><strong>resurgere</strong></span> <span class='ocrx_word' id='word_1_161' title='bbox 2865 1156 3079 1239; x_wconf 59' lang='lat' dir='ltr'><strong>liebeat.</strong></span> <span class='ocrx_word' id='word_1_162' title='bbox 3111 1185 3223 1242; x_wconf 81' lang='lat' dir='ltr'><strong>Nec</strong></span> <span class='ocrx_word' id='word_1_163' title='bbox 3242 1187 3402 1243; x_wconf 90' lang='lat' dir='ltr'><strong>alicui</strong></span> <span class='ocrx_word' id='word_1_164' title='bbox 3421 1156 3750 1246; x_wconf 71' lang='lat' dir='ltr'><strong>incredibile</strong></span> <span class='ocrx_word' id='word_1_165' title='bbox 3774 1156 3938 1249; x_wconf 66' lang='lat' dir='ltr'><strong>debet</strong></span> 
     </span>
    </p>
   </div>
   <div class='ocr_carea' id='block_1_25' title="bbox 2353 1273 3938 1352">
    <p class='ocr_par' dir='ltr' id='par_1_25' title="bbox 2353 1273 3938 1352">
     <span class='ocr_line' id='line_1_25' title="bbox 2353 1273 3938 1352; baseline 0.009 -26"><span class='ocrx_word' id='word_1_166' title='bbox 2353 1286 2476 1327; x_wconf 89' lang='lat' dir='ltr'><strong>esse</strong></span> <span class='ocrx_word' id='word_1_167' title='bbox 2495 1273 2792 1342; x_wconf 84' lang='lat' dir='ltr'><strong>potentiam</strong></span> <span class='ocrx_word' id='word_1_168' title='bbox 2820 1274 3054 1332; x_wconf 85' lang='lat' dir='ltr'><strong>divinam</strong></span> <span class='ocrx_word' id='word_1_169' title='bbox 3083 1293 3307 1348; x_wconf 90' lang='lat' dir='ltr'><strong>corpora</strong></span> <span class='ocrx_word' id='word_1_170' title='bbox 3335 1288 3521 1336; x_wconf 86' lang='lat' dir='ltr'><strong>nostra</strong></span> <span class='ocrx_word' id='word_1_171' title='bbox 3546 1282 3616 1338; x_wconf 88' lang='lat' dir='ltr'><strong>de</strong></span> <span class='ocrx_word' id='word_1_172' title='bbox 3647 1281 3938 1352; x_wconf 52' lang='lat' dir='ltr'><strong>innascun-</strong></span> 
     </span>
    </p>
   </div>
   <div class='ocr_carea' id='block_1_26' title="bbox 2353 1363 3935 1443">
    <p class='ocr_par' dir='ltr' id='par_1_26' title="bbox 2353 1363 3935 1443">
     <span class='ocr_line' id='line_1_26' title="bbox 2353 1363 3935 1443; baseline 0.009 -28"><span class='ocrx_word' id='word_1_173' title='bbox 2353 1375 2460 1431; x_wconf 90' lang='lat' dir='ltr'><strong>que</strong></span> <span class='ocrx_word' id='word_1_174' title='bbox 2510 1363 2834 1419; x_wconf 88' lang='lat' dir='ltr'><strong>conditionis</strong></span> <span class='ocrx_word' id='word_1_175' title='bbox 2883 1367 3230 1438; x_wconf 85' lang='lat' dir='ltr'><strong>corruptione</strong></span> <span class='ocrx_word' id='word_1_176' title='bbox 3299 1371 3628 1426; x_wconf 85' lang='lat' dir='ltr'><strong>resuscitare</strong></span> <span class='ocrx_word' id='word_1_177' title='bbox 3683 1387 3863 1443; x_wconf 80' lang='lat' dir='ltr'><strong>posse.</strong></span> <span class='ocrx_word' id='word_1_178' title='bbox 3904 1373 3935 1414; x_wconf 75' lang='grc' dir='ltr'>δ</span> 
     </span>
    </p>
   </div>
   <div class='ocr_carea' id='block_1_27' title="bbox 2352 1450 3938 1524">
    <p class='ocr_par' dir='ltr' id='par_1_27' title="bbox 2352 1450 3938 1524">
     <span class='ocr_line' id='line_1_27' title="bbox 2352 1450 3938 1524; baseline 0.008 -18"><span class='ocrx_word' id='word_1_179' title='bbox 2352 1450 2510 1507; x_wconf 90' lang='lat' dir='ltr'><strong>Absit</strong></span> <span class='ocrx_word' id='word_1_180' title='bbox 2533 1452 2637 1508; x_wconf 89' lang='lat' dir='ltr'><strong>hoc</strong></span> <span class='ocrx_word' id='word_1_181' title='bbox 2658 1469 2689 1507; x_wconf 90' lang='lat' dir='ltr'><strong>a</strong></span> <span class='ocrx_word' id='word_1_182' title='bbox 2721 1452 2826 1510; x_wconf 83' lang='lat' dir='ltr'><strong>ﬁde</strong></span> <span class='ocrx_word' id='word_1_183' title='bbox 2845 1465 3028 1511; x_wconf 90' lang='lat' dir='ltr'><strong>nostra</strong></span> <span class='ocrx_word' id='word_1_184' title='bbox 3048 1458 3319 1524; x_wconf 89' lang='lat' dir='ltr'><strong>dubitare,</strong></span> <span class='ocrx_word' id='word_1_185' title='bbox 3340 1467 3402 1513; x_wconf 89' lang='lat' dir='ltr'><strong>ut</strong></span> <span class='ocrx_word' id='word_1_186' title='bbox 3423 1460 3791 1516; x_wconf 86' lang='lat' dir='ltr'><strong>resuscitanda</strong></span> <span class='ocrx_word' id='word_1_187' title='bbox 3813 1476 3938 1518; x_wconf 76' lang='lat' dir='ltr'><strong>cor-</strong></span> 
     </span>
    </p>
   </div>
   <div class='ocr_carea' id='block_1_28' title="bbox 2352 1543 3934 1624">
    <p class='ocr_par' dir='ltr' id='par_1_28' title="bbox 2352 1543 3934 1624">
     <span class='ocr_line' id='line_1_28' title="bbox 2352 1543 3934 1624; baseline 0.009 -28"><span class='ocrx_word' id='word_1_188' title='bbox 2352 1557 2484 1612; x_wconf 90' lang='lat' dir='ltr'><strong>pora</strong></span> <span class='ocrx_word' id='word_1_189' title='bbox 2531 1543 2764 1615; x_wconf 61' lang='lat' dir='ltr'><strong>vitaeque</strong></span> <span class='ocrx_word' id='word_1_190' title='bbox 2813 1547 3104 1614; x_wconf 89' lang='lat' dir='ltr'><strong>reddenda,</strong></span> <span class='ocrx_word' id='word_1_191' title='bbox 3149 1566 3256 1605; x_wconf 89' lang='lat' dir='ltr'><strong>non</strong></span> <span class='ocrx_word' id='word_1_192' title='bbox 3290 1551 3504 1621; x_wconf 89' lang='lat' dir='ltr'><strong>possint</strong></span> <span class='ocrx_word' id='word_1_193' title='bbox 3546 1553 3934 1624; x_wconf 87' lang='lat' dir='ltr'><strong>omnipotentia</strong></span> 
     </span>
    </p>
   </div>
   <div class='ocr_carea' id='block_1_29' title="bbox 2353 1636 3936 1714">
    <p class='ocr_par' dir='ltr' id='par_1_29' title="bbox 2353 1636 3936 1714">
     <span class='ocr_line' id='line_1_29' title="bbox 2353 1636 3936 1714; baseline 0.008 -25"><span class='ocrx_word' id='word_1_194' title='bbox 2353 1636 2615 1692; x_wconf 81' lang='lat' dir='ltr'><strong>creatoris</strong></span> <span class='ocrx_word' id='word_1_195' title='bbox 2640 1637 2821 1693; x_wconf 88' lang='lat' dir='ltr'><strong>omnia</strong></span> <span class='ocrx_word' id='word_1_196' title='bbox 2869 1642 3114 1696; x_wconf 87' lang='lat' dir='ltr'><strong>revocari</strong></span> <span class='ocrx_word' id='word_1_197' title='bbox 3142 1640 3275 1714; x_wconf 79' lang='grc' dir='ltr'><strong>[Αι.,</strong></span> <span class='ocrx_word' id='word_1_198' title='bbox 3303 1657 3410 1698; x_wconf 91' lang='lat' dir='ltr'><strong>non</strong></span> <span class='ocrx_word' id='word_1_199' title='bbox 3444 1645 3683 1713; x_wconf 86' lang='lat' dir='ltr'><strong>possit...</strong></span> <span class='ocrx_word' id='word_1_200' title='bbox 3713 1660 3936 1701; x_wconf 87' lang='lat' dir='ltr'><strong>revoca-</strong></span> 
     </span>
    </p>
   </div>
   <div class='ocr_carea' id='block_1_30' title="bbox 668 1719 3936 1805">
    <p class='ocr_par' dir='ltr' id='par_1_30' title="bbox 668 1719 3936 1805">
     <span class='ocr_line' id='line_1_30' title="bbox 668 1719 3936 1805; baseline 0.003 -27"><span class='ocrx_word' id='word_1_201' title='bbox 668 1728 799 1786; x_wconf 74' lang='lat' dir='ltr'><strong>ﬁdie</strong></span> <span class='ocrx_word' id='word_1_202' title='bbox 822 1731 1129 1787; x_wconf 63' lang='lat' dir='ltr'><strong>sentiuntur</strong></span> <span class='ocrx_word' id='word_1_203' title='bbox 1150 1773 1166 1786; x_wconf 85' lang='grc'><em>,</em></span> <span class='ocrx_word' id='word_1_204' title='bbox 1194 1730 1453 1800; x_wconf 50' lang='lat' dir='ltr'><strong>Quadam</strong></span> <span class='ocrx_word' id='word_1_205' title='bbox 1482 1733 1668 1803; x_wconf 66' lang='lat' dir='ltr'><strong>itaque</strong></span> <span class='ocrx_word' id='word_1_206' title='bbox 1688 1730 1922 1787; x_wconf 72' lang='lat' dir='ltr'><strong>necdum</strong></span> <span class='ocrx_word' id='word_1_207' title='bbox 1946 1738 2070 1787; x_wconf 70' lang='lat' dir='ltr'><strong>acia</strong></span> <span class='ocrx_word' id='word_1_208' title='bbox 2093 1741 2241 1797; x_wconf 78' lang='lat' dir='ltr'><strong>sum,</strong></span> <span class='ocrx_word' id='word_1_209' title='bbox 2275 1719 2320 1779; x_wconf 75' lang='grc' dir='ltr'><strong>Β</strong></span> <span class='ocrx_word' id='word_1_210' title='bbox 2349 1721 2453 1795; x_wconf 90' lang='lat' dir='ltr'><strong>re],</strong></span> <span class='ocrx_word' id='word_1_211' title='bbox 2478 1739 2599 1792; x_wconf 72' lang='lat' dir='ltr'><strong>qua:</strong></span> <span class='ocrx_word' id='word_1_212' title='bbox 2622 1725 2708 1781; x_wconf 86' lang='lat' dir='ltr'><strong>vel</strong></span> <span class='ocrx_word' id='word_1_213' title='bbox 2727 1727 2897 1782; x_wconf 87' lang='lat' dir='ltr'><strong>bestia</strong></span> <span class='ocrx_word' id='word_1_214' title='bbox 2913 1769 2929 1792; x_wconf 92' lang='lat'><strong>,</strong></span> <span class='ocrx_word' id='word_1_215' title='bbox 2959 1729 3044 1785; x_wconf 88' lang='lat' dir='ltr'><strong>vel</strong></span> <span class='ocrx_word' id='word_1_216' title='bbox 3091 1731 3230 1802; x_wconf 88' lang='lat' dir='ltr'><strong>ignis</strong></span> <span class='ocrx_word' id='word_1_217' title='bbox 3250 1731 3568 1803; x_wconf 82' lang='lat' dir='ltr'><strong>absumpsit,</strong></span> <span class='ocrx_word' id='word_1_218' title='bbox 3599 1735 3682 1789; x_wconf 89' lang='lat' dir='ltr'><strong>vel</strong></span> <span class='ocrx_word' id='word_1_219' title='bbox 3709 1735 3763 1790; x_wconf 91' lang='lat' dir='ltr'><strong>in</strong></span> <span class='ocrx_word' id='word_1_220' title='bbox 3811 1734 3936 1805; x_wconf 86' lang='lat' dir='ltr'><strong>pul-</strong></span> 
     </span>
    </p>
   </div>
   <div class='ocr_carea' id='block_1_31' title="bbox 665 1822 2251 1892">
    <p class='ocr_par' dir='ltr' id='par_1_31' title="bbox 665 1822 2251 1892">
     <span class='ocr_line' id='line_1_31' title="bbox 665 1822 2251 1892; baseline 0.001 -13"><span class='ocrx_word' id='word_1_221' title='bbox 665 1823 761 1879; x_wconf 85' lang='lat' dir='ltr'><strong>sed</strong></span> <span class='ocrx_word' id='word_1_222' title='bbox 790 1822 967 1878; x_wconf 80' lang='lat' dir='ltr'><strong>futura</strong></span> <span class='ocrx_word' id='word_1_223' title='bbox 993 1839 1115 1881; x_wconf 87' lang='lat' dir='ltr'><strong>esse</strong></span> <span class='ocrx_word' id='word_1_224' title='bbox 1141 1826 1446 1882; x_wconf 85' lang='lat' dir='ltr'><strong>certissime</strong></span> <span class='ocrx_word' id='word_1_225' title='bbox 1487 1826 1804 1892; x_wconf 86' lang='lat' dir='ltr'><strong>creduntur,</strong></span> <span class='ocrx_word' id='word_1_226' title='bbox 1851 1826 1906 1881; x_wconf 87' lang='lat' dir='ltr'><strong>id</strong></span> <span class='ocrx_word' id='word_1_227' title='bbox 1952 1833 2056 1890; x_wconf 89' lang='lat' dir='ltr'><strong>est,</strong></span> <span class='ocrx_word' id='word_1_228' title='bbox 2115 1823 2251 1880; x_wconf 77' lang='lat' dir='ltr'><strong>ﬁdes</strong></span> 
     </span>
    </p>
   </div>
   <div class='ocr_carea' id='block_1_32' title="bbox 666 1913 2250 1989">
    <p class='ocr_par' dir='ltr' id='par_1_32' title="bbox 666 1913 2250 1989">
     <span class='ocr_line' id='line_1_32' title="bbox 666 1913 2250 1989; baseline 0.002 -23"><span class='ocrx_word' id='word_1_229' title='bbox 666 1913 941 1971; x_wconf 86' lang='lat' dir='ltr'><strong>lsraelitici</strong></span> <span class='ocrx_word' id='word_1_230' title='bbox 965 1915 1168 1986; x_wconf 84' lang='lat' dir='ltr'><strong>populi,</strong></span> <span class='ocrx_word' id='word_1_231' title='bbox 1196 1917 1264 1973; x_wconf 92' lang='lat' dir='ltr'><strong>de</strong></span> <span class='ocrx_word' id='word_1_232' title='bbox 1287 1932 1396 1987; x_wconf 91' lang='lat' dir='ltr'><strong>qua</strong></span> <span class='ocrx_word' id='word_1_233' title='bbox 1439 1917 1728 1989; x_wconf 84' lang='lat' dir='ltr'><strong>Apostolus</strong></span> <span class='ocrx_word' id='word_1_234' title='bbox 1753 1917 1835 1973; x_wconf 89' lang='lat' dir='ltr'><strong>ait</strong></span> <span class='ocrx_word' id='word_1_235' title='bbox 1863 1934 1878 1972; x_wconf 90' lang='lat'><strong>:</strong></span> <span class='ocrx_word' id='word_1_236' title='bbox 1907 1917 2039 1972; x_wconf 77' lang='lat' dir='ltr'><strong>Cum</strong></span> <span class='ocrx_word' id='word_1_237' title='bbox 2083 1917 2250 1970; x_wconf 83' lang='lat' dir='ltr'><strong>intra-</strong></span> 
     </span>
    </p>
   </div>
   <div class='ocr_carea' id='block_1_33' title="bbox 664 2004 2248 2079">
    <p class='ocr_par' dir='ltr' id='par_1_33' title="bbox 664 2004 2248 2079">
     <span class='ocr_line' id='line_1_33' title="bbox 664 2004 2248 2079; baseline 0.003 -21"><span class='ocrx_word' id='word_1_238' title='bbox 664 2004 792 2059; x_wconf 84' lang='lat' dir='ltr'><strong>rerit</strong></span> <span class='ocrx_word' id='word_1_239' title='bbox 816 2004 1085 2075; x_wconf 76' lang='lat' dir='ltr'><strong>plenitudo</strong></span> <span class='ocrx_word' id='word_1_240' title='bbox 1104 2008 1358 2078; x_wconf 77' lang='lat' dir='ltr'><strong>gentium,</strong></span> <span class='ocrx_word' id='word_1_241' title='bbox 1387 2018 1514 2064; x_wconf 76' lang='lat' dir='ltr'><strong>tunc</strong></span> <span class='ocrx_word' id='word_1_242' title='bbox 1534 2010 1705 2065; x_wconf 77' lang='lat' dir='ltr'><strong>omnis</strong></span> <span class='ocrx_word' id='word_1_243' title='bbox 1753 2007 1923 2064; x_wconf 83' lang='lat' dir='ltr'><strong>Israel</strong></span> <span class='ocrx_word' id='word_1_244' title='bbox 1947 2007 2124 2065; x_wconf 75' lang='lat' dir='ltr'><strong>salvus</strong></span> <span class='ocrx_word' id='word_1_245' title='bbox 2157 2009 2248 2079; x_wconf 76' lang='lat' dir='ltr'><strong>ﬁet</strong></span> 
     </span>
    </p>
   </div>
   <div class='ocr_carea' id='block_1_34' title="bbox 665 2090 2250 2171">
    <p class='ocr_par' dir='ltr' id='par_1_34' title="bbox 665 2090 2250 2171">
     <span class='ocr_line' id='line_1_34' title="bbox 665 2090 2250 2171; baseline 0.005 -25"><span class='ocrx_word' id='word_1_246' title='bbox 665 2090 844 2159; x_wconf 73' lang='lat' dir='ltr'><strong>(Rom.</strong></span> <span class='ocrx_word' id='word_1_247' title='bbox 874 2093 1075 2160; x_wconf 55' lang='lat' dir='ltr'><strong>auﬁ,</strong></span> <span class='ocrx_word' id='word_1_248' title='bbox 1107 2096 1235 2166; x_wconf 75' lang='lat'><strong>9.6);</strong></span> <span class='ocrx_word' id='word_1_249' title='bbox 1264 2107 1320 2153; x_wconf 89' lang='lat' dir='ltr'><strong>et</strong></span> <span class='ocrx_word' id='word_1_250' title='bbox 1361 2115 1587 2171; x_wconf 88' lang='lat' dir='ltr'><strong>regnum</strong></span> <span class='ocrx_word' id='word_1_251' title='bbox 1613 2099 1936 2156; x_wconf 79' lang='lat' dir='ltr'><strong>Antichristi</strong></span> <span class='ocrx_word' id='word_1_252' title='bbox 1974 2107 2030 2154; x_wconf 89' lang='lat' dir='ltr'><strong>et</strong></span> <span class='ocrx_word' id='word_1_253' title='bbox 2056 2101 2250 2155; x_wconf 88' lang='lat' dir='ltr'><strong>crude-</strong></span> 
     </span>
    </p>
   </div>
   <div class='ocr_carea' id='block_1_35' title="bbox 665 2181 2250 2260">
    <p class='ocr_par' dir='ltr' id='par_1_35' title="bbox 665 2181 2250 2260">
     <span class='ocr_line' id='line_1_35' title="bbox 665 2181 2250 2260; baseline 0.007 -25"><span class='ocrx_word' id='word_1_254' title='bbox 665 2181 790 2238; x_wconf 88' lang='lat' dir='ltr'><strong>litas</strong></span> <span class='ocrx_word' id='word_1_255' title='bbox 814 2181 1008 2252; x_wconf 76' lang='lat' dir='ltr'><strong>sinsin</strong></span> <span class='ocrx_word' id='word_1_256' title='bbox 1035 2195 1285 2254; x_wconf 86' lang='lat' dir='ltr'><strong>sanctos;</strong></span> <span class='ocrx_word' id='word_1_257' title='bbox 1314 2189 1432 2244; x_wconf 69' lang='lat' dir='ltr'><strong>biec</strong></span> <span class='ocrx_word' id='word_1_258' title='bbox 1449 2191 1596 2245; x_wconf 89' lang='lat' dir='ltr'><strong>enim</strong></span> <span class='ocrx_word' id='word_1_259' title='bbox 1624 2191 1730 2246; x_wconf 91' lang='lat' dir='ltr'><strong>erit</strong></span> <span class='ocrx_word' id='word_1_260' title='bbox 1749 2190 2042 2246; x_wconf 90' lang='lat' dir='ltr'><strong>novissima</strong></span> <span class='ocrx_word' id='word_1_261' title='bbox 2063 2205 2250 2260; x_wconf 82' lang='lat' dir='ltr'><strong>perse-</strong></span> 
     </span>
    </p>
   </div>
   <div class='ocr_carea' id='block_1_36' title="bbox 663 2273 2245 2353">
    <p class='ocr_par' dir='ltr' id='par_1_36' title="bbox 663 2273 2245 2353">
     <span class='ocr_line' id='line_1_36' title="bbox 663 2273 2245 2353; baseline 0.006 -26"><span class='ocrx_word' id='word_1_262' title='bbox 663 2273 831 2338; x_wconf 88' lang='lat' dir='ltr'><strong>cutio,</strong></span> <span class='ocrx_word' id='word_1_263' title='bbox 873 2277 1171 2335; x_wconf 87' lang='lat' dir='ltr'><strong>novissimo</strong></span> <span class='ocrx_word' id='word_1_264' title='bbox 1222 2280 1540 2337; x_wconf 87' lang='lat' dir='ltr'><strong>imminente</strong></span> <span class='ocrx_word' id='word_1_265' title='bbox 1587 2281 1813 2353; x_wconf 80' lang='lat' dir='ltr'><strong>judicio,</strong></span> <span class='ocrx_word' id='word_1_266' title='bbox 1859 2297 2022 2353; x_wconf 89' lang='lat' dir='ltr'><strong>quam</strong></span> <span class='ocrx_word' id='word_1_267' title='bbox 2058 2291 2245 2338; x_wconf 83' lang='lat' dir='ltr'><strong>saneta</strong></span> 
     </span>
    </p>
   </div>
   <div class='ocr_carea' id='block_1_37' title="bbox 664 2363 2246 2443">
    <p class='ocr_par' dir='ltr' id='par_1_37' title="bbox 664 2363 2246 2443">
     <span class='ocr_line' id='line_1_37' title="bbox 664 2363 2246 2443; baseline 0.006 -23"><span class='ocrx_word' id='word_1_268' title='bbox 664 2363 902 2422; x_wconf 81' lang='lat' dir='ltr'><strong>Ecclesia</strong></span> <span class='ocrx_word' id='word_1_269' title='bbox 929 2375 1042 2424; x_wconf 86' lang='lat' dir='ltr'><strong>toto</strong></span> <span class='ocrx_word' id='word_1_270' title='bbox 1063 2377 1337 2427; x_wconf 87' lang='lat' dir='ltr'><strong>terrarum</strong></span> <span class='ocrx_word' id='word_1_271' title='bbox 1357 2373 1489 2428; x_wconf 91' lang='lat' dir='ltr'><strong>orbe</strong></span> <span class='ocrx_word' id='word_1_272' title='bbox 1513 2373 1788 2443; x_wconf 81' lang='lat' dir='ltr'><strong>patietur;</strong></span> <span class='ocrx_word' id='word_1_273' title='bbox 1811 2375 2066 2431; x_wconf 88' lang='lat' dir='ltr'><strong>universa</strong></span> <span class='ocrx_word' id='word_1_274' title='bbox 2096 2374 2246 2430; x_wconf 89' lang='lat' dir='ltr'><strong>scili-</strong></span> 
     </span>
    </p>
   </div>
   <div class='ocr_carea' id='block_1_38' title="bbox 661 2459 2242 2531">
    <p class='ocr_par' dir='ltr' id='par_1_38' title="bbox 661 2459 2242 2531">
     <span class='ocr_line' id='line_1_38' title="bbox 661 2459 2242 2531; baseline 0.006 -20"><span class='ocrx_word' id='word_1_275' title='bbox 661 2464 751 2512; x_wconf 85' lang='lat' dir='ltr'><strong>cet</strong></span> <span class='ocrx_word' id='word_1_276' title='bbox 804 2459 997 2517; x_wconf 87' lang='lat' dir='ltr'><strong>civitas</strong></span> <span class='ocrx_word' id='word_1_277' title='bbox 1047 2459 1272 2528; x_wconf 86' lang='lat' dir='ltr'><strong>Christi,</strong></span> <span class='ocrx_word' id='word_1_278' title='bbox 1321 2465 1390 2520; x_wconf 82' lang='lat' dir='ltr'><strong>ab</strong></span> <span class='ocrx_word' id='word_1_279' title='bbox 1436 2465 1688 2520; x_wconf 87' lang='lat' dir='ltr'><strong>universa</strong></span> <span class='ocrx_word' id='word_1_280' title='bbox 1737 2464 1936 2521; x_wconf 89' lang='lat' dir='ltr'><strong>diaboli</strong></span> <span class='ocrx_word' id='word_1_281' title='bbox 1989 2464 2242 2531; x_wconf 87' lang='lat' dir='ltr'><strong>civitate;</strong></span> 
     </span>
    </p>
   </div>
   <div class='ocr_carea' id='block_1_39' title="bbox 661 2554 2249 2626">
    <p class='ocr_par' dir='ltr' id='par_1_39' title="bbox 661 2554 2249 2626">
     <span class='ocr_line' id='line_1_39' title="bbox 661 2554 2249 2626; baseline 0.008 -23"><span class='ocrx_word' id='word_1_282' title='bbox 661 2557 1078 2623; x_wconf 82' lang='lat' dir='ltr'><strong>quantacunque</strong></span> <span class='ocrx_word' id='word_1_283' title='bbox 1107 2554 1214 2610; x_wconf 90' lang='lat' dir='ltr'><strong>erit</strong></span> <span class='ocrx_word' id='word_1_284' title='bbox 1241 2563 1474 2626; x_wconf 88' lang='lat' dir='ltr'><strong>utraque</strong></span> <span class='ocrx_word' id='word_1_285' title='bbox 1499 2570 1664 2626; x_wconf 90' lang='lat' dir='ltr'><strong>super</strong></span> <span class='ocrx_word' id='word_1_286' title='bbox 1694 2562 1922 2621; x_wconf 85' lang='lat' dir='ltr'><strong>terram,</strong></span> <span class='ocrx_word' id='word_1_287' title='bbox 1951 2555 2107 2626; x_wconf 77' lang='lat' dir='ltr'><strong>cuius</strong></span> <span class='ocrx_word' id='word_1_288' title='bbox 2124 2570 2249 2624; x_wconf 84' lang='lat' dir='ltr'><strong>per-</strong></span> 
     </span>
    </p>
   </div>
   <div class='ocr_carea' id='block_1_40' title="bbox 663 2643 2244 2703">
    <p class='ocr_par' dir='ltr' id='par_1_40' title="bbox 663 2643 2244 2703">
     <span class='ocr_line' id='line_1_40' title="bbox 663 2643 2244 2703; baseline 0.003 -6"><span class='ocrx_word' id='word_1_289' title='bbox 663 2643 957 2701; x_wconf 83' lang='lat' dir='ltr'><strong>secutionis</strong></span> <span class='ocrx_word' id='word_1_290' title='bbox 984 2653 1260 2702; x_wconf 86' lang='lat' dir='ltr'><strong>auctorem</strong></span> <span class='ocrx_word' id='word_1_291' title='bbox 1291 2646 1686 2702; x_wconf 87' lang='lat' dir='ltr'><strong>esseeumdem</strong></span> <span class='ocrx_word' id='word_1_292' title='bbox 1715 2646 2109 2703; x_wconf 83' lang='lat' dir='ltr'><strong>Antichristum</strong></span> <span class='ocrx_word' id='word_1_293' title='bbox 2137 2662 2244 2702; x_wconf 89' lang='lat' dir='ltr'><strong>non</strong></span> 
     </span>
    </p>
   </div>
   <div class='ocr_carea' id='block_1_41' title="bbox 660 2737 2244 2811">
    <p class='ocr_par' dir='ltr' id='par_1_41' title="bbox 660 2737 2244 2811">
     <span class='ocr_line' id='line_1_41' title="bbox 660 2737 2244 2811; baseline 0.002 -22"><span class='ocrx_word' id='word_1_294' title='bbox 660 2737 886 2793; x_wconf 86' lang='lat' dir='ltr'><strong>dubium</strong></span> <span class='ocrx_word' id='word_1_295' title='bbox 911 2746 1018 2804; x_wconf 90' lang='lat' dir='ltr'><strong>est,</strong></span> <span class='ocrx_word' id='word_1_296' title='bbox 1041 2755 1203 2810; x_wconf 88' lang='lat' dir='ltr'><strong>quem</strong></span> <span class='ocrx_word' id='word_1_297' title='bbox 1231 2739 1522 2811; x_wconf 81' lang='lat' dir='ltr'><strong>Apostolus</strong></span> <span class='ocrx_word' id='word_1_298' title='bbox 1541 2738 1714 2808; x_wconf 70' lang='lat' dir='ltr'><strong>ﬁlium</strong></span> <span class='ocrx_word' id='word_1_299' title='bbox 1747 2739 2047 2794; x_wconf 86' lang='lat' dir='ltr'><strong>nominavit</strong></span> <span class='ocrx_word' id='word_1_300' title='bbox 2064 2738 2244 2811; x_wconf 74' lang='lat' dir='ltr'><strong>perdi-</strong></span> 
     </span>
    </p>
   </div>
   <div class='ocr_carea' id='block_1_42' title="bbox 660 2826 2243 2901">
    <p class='ocr_par' dir='ltr' id='par_1_42' title="bbox 660 2826 2243 2901">
     <span class='ocr_line' id='line_1_42' title="bbox 660 2826 2243 2901; baseline 0.001 -21"><span class='ocrx_word' id='word_1_301' title='bbox 660 2826 820 2882; x_wconf 73' lang='lat' dir='ltr'><strong>tionis</strong></span> <span class='ocrx_word' id='word_1_302' title='bbox 871 2836 1034 2898; x_wconf 81' lang='lat' dir='ltr'><strong>atque</strong></span> <span class='ocrx_word' id='word_1_303' title='bbox 1074 2828 1342 2901; x_wconf 81' lang='lat' dir='ltr'><strong>refugam,</strong></span> <span class='ocrx_word' id='word_1_304' title='bbox 1371 2831 1564 2900; x_wconf 85' lang='lat' dir='ltr'><strong>utique</strong></span> <span class='ocrx_word' id='word_1_305' title='bbox 1605 2845 1635 2885; x_wconf 89' lang='lat' dir='ltr'><strong>a</strong></span> <span class='ocrx_word' id='word_1_306' title='bbox 1679 2829 1911 2886; x_wconf 87' lang='lat' dir='ltr'><strong>Domino</strong></span> <span class='ocrx_word' id='word_1_307' title='bbox 1956 2829 2098 2896; x_wconf 91' lang='lat' dir='ltr'><strong>Deo;</strong></span> <span class='ocrx_word' id='word_1_308' title='bbox 2151 2829 2243 2900; x_wconf 76' lang='lat' dir='ltr'><strong>qui</strong></span> 
     </span>
    </p>
   </div>
   <div class='ocr_carea' id='block_1_43' title="bbox 659 2917 2242 2992">
    <p class='ocr_par' dir='ltr' id='par_1_43' title="bbox 659 2917 2242 2992">
     <span class='ocr_line' id='line_1_43' title="bbox 659 2917 2242 2992; baseline 0.002 -21"><span class='ocrx_word' id='word_1_309' title='bbox 659 2917 939 2972; x_wconf 64' lang='lat' dir='ltr'><strong>extolletur</strong></span> <span class='ocrx_word' id='word_1_310' title='bbox 964 2936 1126 2991; x_wconf 70' lang='lat' dir='ltr'><strong>supra</strong></span> <span class='ocrx_word' id='word_1_311' title='bbox 1177 2935 1330 2974; x_wconf 75' lang='lat' dir='ltr'><strong>omne</strong></span> <span class='ocrx_word' id='word_1_312' title='bbox 1368 2920 1508 2991; x_wconf 67' lang='lat' dir='ltr'><strong>quod</strong></span> <span class='ocrx_word' id='word_1_313' title='bbox 1537 2919 1735 2975; x_wconf 76' lang='lat' dir='ltr'><strong>dicitur</strong></span> <span class='ocrx_word' id='word_1_314' title='bbox 1760 2919 1922 2985; x_wconf 71' lang='lat' dir='ltr'><strong>Deus,</strong></span> <span class='ocrx_word' id='word_1_315' title='bbox 1955 2929 2048 2975; x_wconf 73' lang='lat' dir='ltr'><strong>aut</strong></span> <span class='ocrx_word' id='word_1_316' title='bbox 2078 2917 2242 2992; x_wconf 67' lang='lat' dir='ltr'><strong>[quod</strong></span> 
     </span>
    </p>
   </div>
   <div class='ocr_carea' id='block_1_44' title="bbox 661 3007 2244 3081">
    <p class='ocr_par' dir='ltr' id='par_1_44' title="bbox 661 3007 2244 3081">
     <span class='ocr_line' id='line_1_44' title="bbox 661 3007 2244 3081; baseline 0.001 -17"><span class='ocrx_word' id='word_1_317' title='bbox 661 3007 874 3081; x_wconf 70' lang='lat' dir='ltr'><strong>colitur]</strong></span> <span class='ocrx_word' id='word_1_318' title='bbox 931 3010 1007 3064; x_wconf 86' lang='lat' dir='ltr'><strong>ita</strong></span> <span class='ocrx_word' id='word_1_319' title='bbox 1043 3019 1102 3064; x_wconf 73' lang='lat' dir='ltr'><strong>ut</strong></span> <span class='ocrx_word' id='word_1_320' title='bbox 1154 3011 1212 3065; x_wconf 82' lang='lat' dir='ltr'><strong>in</strong></span> <span class='ocrx_word' id='word_1_321' title='bbox 1239 3008 1436 3080; x_wconf 78' lang='lat' dir='ltr'><strong>templo</strong></span> <span class='ocrx_word' id='word_1_322' title='bbox 1477 3008 1583 3064; x_wconf 81' lang='lat' dir='ltr'><strong>Dei</strong></span> <span class='ocrx_word' id='word_1_323' title='bbox 1617 3010 1817 3074; x_wconf 73' lang='lat' dir='ltr'><strong>sedent,</strong></span> <span class='ocrx_word' id='word_1_324' title='bbox 1867 3010 2146 3066; x_wconf 70' lang='lat' dir='ltr'><strong>ostendens</strong></span> <span class='ocrx_word' id='word_1_325' title='bbox 2186 3027 2244 3065; x_wconf 83' lang='lat' dir='ltr'><strong>se</strong></span> 
     </span>
    </p>
   </div>
   <div class='ocr_carea' id='block_1_45' title="bbox 659 3069 2316 3175">
    <p class='ocr_par' dir='ltr' id='par_1_45' title="bbox 659 3069 2316 3175">
     <span class='ocr_line' id='line_1_45' title="bbox 659 3069 2316 3175; baseline 0.001 -18"><span class='ocrx_word' id='word_1_326' title='bbox 659 3069 908 3175; x_wconf 69' lang='grc' dir='ltr'><strong>ιαπσιαῖπι</strong></span> <span class='ocrx_word' id='word_1_327' title='bbox 931 3103 999 3158; x_wconf 73' lang='lat' dir='ltr'><strong>iii</strong></span> <span class='ocrx_word' id='word_1_328' title='bbox 1025 3101 1173 3158; x_wconf 76' lang='lat' dir='ltr'><strong>Deus</strong></span> <span class='ocrx_word' id='word_1_329' title='bbox 1197 3101 1290 3175; x_wconf 81' lang='lat' dir='ltr'><strong>(Ir</strong></span> <span class='ocrx_word' id='word_1_330' title='bbox 1307 3069 1489 3158; x_wconf 68' lang='lat' dir='ltr'><strong>rm.</strong></span> <span class='ocrx_word' id='word_1_331' title='bbox 1519 3118 1579 3170; x_wconf 81' lang='lat' dir='ltr'><strong>ll,</strong></span> <span class='ocrx_word' id='word_1_332' title='bbox 1611 3101 1689 3174; x_wconf 84' lang='lat' dir='ltr'><strong>t).</strong></span> <span class='ocrx_word' id='word_1_333' title='bbox 1717 3069 1958 3158; x_wconf 54' lang='lat' dir='ltr'><strong>me.</strong></span> <span class='ocrx_word' id='word_1_334' title='bbox 1991 3100 2242 3173; x_wconf 76' lang='lat' dir='ltr'><strong>equidem</strong></span> <span class='ocrx_word' id='word_1_335' title='bbox 2267 3069 2316 3133; x_wconf 70' lang='grc' dir='ltr'><em>ε</em></span> 
     </span>
    </p>
   </div>
   <div class='ocr_carea' id='block_1_46' title="bbox 656 3195 2244 3266">
    <p class='ocr_par' dir='ltr' id='par_1_46' title="bbox 656 3195 2244 3266">
     <span class='ocr_line' id='line_1_46' title="bbox 656 3195 2244 3266; baseline -0.002 -13"><span class='ocrx_word' id='word_1_336' title='bbox 656 3203 872 3261; x_wconf 84' lang='lat' dir='ltr'><strong>saneta,</strong></span> <span class='ocrx_word' id='word_1_337' title='bbox 893 3196 1092 3252; x_wconf 86' lang='lat' dir='ltr'><strong>dicitur</strong></span> <span class='ocrx_word' id='word_1_338' title='bbox 1117 3195 1263 3251; x_wconf 85' lang='lat' dir='ltr'><strong>Deus</strong></span> <span class='ocrx_word' id='word_1_339' title='bbox 1285 3207 1337 3249; x_wconf 77' lang='grc' dir='ltr'><strong>ι.</strong></span> <span class='ocrx_word' id='word_1_340' title='bbox 1376 3195 1584 3251; x_wconf 85' lang='lat' dir='ltr'><strong>Colitur</strong></span> <span class='ocrx_word' id='word_1_341' title='bbox 1610 3195 1792 3266; x_wconf 84' lang='lat' dir='ltr'><strong>itaque</strong></span> <span class='ocrx_word' id='word_1_342' title='bbox 1811 3202 1961 3251; x_wconf 87' lang='lat' dir='ltr'><strong>recte</strong></span> <span class='ocrx_word' id='word_1_343' title='bbox 2004 3201 2244 3250; x_wconf 83' lang='lat' dir='ltr'><strong>tanturn—</strong></span> 
     </span>
    </p>
   </div>
   <div class='ocr_carea' id='block_1_47' title="bbox 655 3286 2244 3365">
    <p class='ocr_par' dir='ltr' id='par_1_47' title="bbox 655 3286 2244 3365">
     <span class='ocr_line' id='line_1_47' title="bbox 655 3286 2244 3365; baseline 0.001 -22"><span class='ocrx_word' id='word_1_344' title='bbox 655 3287 822 3343; x_wconf 85' lang='lat' dir='ltr'><strong>modo</strong></span> <span class='ocrx_word' id='word_1_345' title='bbox 856 3297 1047 3343; x_wconf 87' lang='lat' dir='ltr'><strong>sancta</strong></span> <span class='ocrx_word' id='word_1_346' title='bbox 1073 3286 1313 3343; x_wconf 79' lang='lat' dir='ltr'><strong>Trinitas</strong></span> <span class='ocrx_word' id='word_1_347' title='bbox 1353 3287 1499 3344; x_wconf 89' lang='lat' dir='ltr'><strong>Deus</strong></span> <span class='ocrx_word' id='word_1_348' title='bbox 1523 3305 1539 3342; x_wconf 91' lang='lat'><strong>:</strong></span> <span class='ocrx_word' id='word_1_349' title='bbox 1567 3288 1723 3359; x_wconf 72' lang='lat' dir='ltr'><strong>cuius</strong></span> <span class='ocrx_word' id='word_1_350' title='bbox 1747 3289 2010 3365; x_wconf 76' lang='lat' dir='ltr'><strong>honorem</strong></span> <span class='ocrx_word' id='word_1_351' title='bbox 2040 3288 2244 3359; x_wconf 86' lang='lat' dir='ltr'><strong>impiis-</strong></span> 
     </span>
    </p>
   </div>
   <div class='ocr_carea' id='block_1_48' title="bbox 656 3375 2244 3456">
    <p class='ocr_par' dir='ltr' id='par_1_48' title="bbox 656 3375 2244 3456">
     <span class='ocr_line' id='line_1_48' title="bbox 656 3375 2244 3456; baseline 0.001 -24"><span class='ocrx_word' id='word_1_352' title='bbox 656 3377 827 3433; x_wconf 88' lang='lat' dir='ltr'><strong>simus</strong></span> <span class='ocrx_word' id='word_1_353' title='bbox 850 3376 940 3432; x_wconf 89' lang='lat' dir='ltr'><strong>ille</strong></span> <span class='ocrx_word' id='word_1_354' title='bbox 960 3375 1143 3449; x_wconf 77' lang='lat' dir='ltr'><strong>refuga</strong></span> <span class='ocrx_word' id='word_1_355' title='bbox 1166 3377 1268 3456; x_wconf 78' lang='lat' dir='ltr'><strong>sibi</strong></span> <span class='ocrx_word' id='word_1_356' title='bbox 1297 3377 1588 3433; x_wconf 76' lang='lat' dir='ltr'><strong>vendicare</strong></span> <span class='ocrx_word' id='word_1_357' title='bbox 1620 3376 1757 3450; x_wconf 82' lang='grc' dir='ltr'><strong>[Αι.,</strong></span> <span class='ocrx_word' id='word_1_358' title='bbox 1786 3377 2080 3452; x_wconf 89' lang='lat' dir='ltr'><strong>vindicare]</strong></span> <span class='ocrx_word' id='word_1_359' title='bbox 2105 3393 2244 3449; x_wconf 73' lang='lat' dir='ltr'><strong>prie-</strong></span> 
     </span>
    </p>
   </div>
   <div class='ocr_carea' id='block_1_49' title="bbox 657 3469 2243 3539">
    <p class='ocr_par' dir='ltr' id='par_1_49' title="bbox 657 3469 2243 3539">
     <span class='ocr_line' id='line_1_49' title="bbox 657 3469 2243 3539; baseline 0.004 -16"><span class='ocrx_word' id='word_1_360' title='bbox 657 3477 852 3524; x_wconf 88' lang='lat' dir='ltr'><strong>sumet.</strong></span> <span class='ocrx_word' id='word_1_361' title='bbox 880 3469 1030 3526; x_wconf 83' lang='lat' dir='ltr'><strong>Alios</strong></span> <span class='ocrx_word' id='word_1_362' title='bbox 1069 3469 1502 3536; x_wconf 85' lang='lat' dir='ltr'><strong>adulationibus,</strong></span> <span class='ocrx_word' id='word_1_363' title='bbox 1553 3470 1690 3527; x_wconf 88' lang='lat' dir='ltr'><strong>alios</strong></span> <span class='ocrx_word' id='word_1_364' title='bbox 1735 3471 2056 3539; x_wconf 85' lang='lat' dir='ltr'><strong>terroribus,</strong></span> <span class='ocrx_word' id='word_1_365' title='bbox 2107 3471 2243 3530; x_wconf 88' lang='lat' dir='ltr'><strong>alios</strong></span> 
     </span>
    </p>
   </div>
   <div class='ocr_carea' id='block_1_50' title="bbox 654 3557 2239 3638">
    <p class='ocr_par' dir='ltr' id='par_1_50' title="bbox 654 3557 2239 3638">
     <span class='ocr_line' id='line_1_50' title="bbox 654 3557 2239 3638; baseline 0.007 -26"><span class='ocrx_word' id='word_1_366' title='bbox 654 3557 821 3629; x_wconf 82' lang='lat' dir='ltr'><strong>signis</strong></span> <span class='ocrx_word' id='word_1_367' title='bbox 847 3559 1123 3627; x_wconf 83' lang='lat' dir='ltr'><strong>illicitans,</strong></span> <span class='ocrx_word' id='word_1_368' title='bbox 1153 3569 1212 3616; x_wconf 89' lang='lat' dir='ltr'><strong>ut</strong></span> <span class='ocrx_word' id='word_1_369' title='bbox 1235 3576 1296 3619; x_wconf 90' lang='lat' dir='ltr'><strong>se</strong></span> <span class='ocrx_word' id='word_1_370' title='bbox 1314 3561 1495 3618; x_wconf 86' lang='lat' dir='ltr'><strong>colant</strong></span> <span class='ocrx_word' id='word_1_371' title='bbox 1522 3577 1624 3634; x_wconf 86' lang='lat' dir='ltr'><strong>pro</strong></span> <span class='ocrx_word' id='word_1_372' title='bbox 1649 3561 1783 3630; x_wconf 88' lang='lat' dir='ltr'><strong>Deo,</strong></span> <span class='ocrx_word' id='word_1_373' title='bbox 1813 3563 1967 3636; x_wconf 85' lang='lat' dir='ltr'><strong>cujus</strong></span> <span class='ocrx_word' id='word_1_374' title='bbox 1985 3579 2239 3638; x_wconf 80' lang='lat' dir='ltr'><strong>persecu-</strong></span> 
     </span>
    </p>
   </div>
   <div class='ocr_carea' id='block_1_51' title="bbox 2350 1816 3937 1891">
    <p class='ocr_par' dir='ltr' id='par_1_51' title="bbox 2350 1816 3937 1891">
     <span class='ocr_line' id='line_1_51' title="bbox 2350 1816 3937 1891; baseline 0.01 -25"><span class='ocrx_word' id='word_1_375' title='bbox 2350 1827 2533 1869; x_wconf 89' lang='lat' dir='ltr'><strong>verem</strong></span> <span class='ocrx_word' id='word_1_376' title='bbox 2562 1816 2908 1889; x_wconf 87' lang='lat' dir='ltr'><strong>cineremque</strong></span> <span class='ocrx_word' id='word_1_377' title='bbox 2931 1820 3189 1891; x_wconf 86' lang='lat' dir='ltr'><strong>collapsa,</strong></span> <span class='ocrx_word' id='word_1_378' title='bbox 3216 1823 3299 1878; x_wconf 88' lang='lat' dir='ltr'><strong>vel</strong></span> <span class='ocrx_word' id='word_1_379' title='bbox 3326 1824 3381 1878; x_wconf 90' lang='lat' dir='ltr'><strong>in</strong></span> <span class='ocrx_word' id='word_1_380' title='bbox 3405 1825 3688 1880; x_wconf 85' lang='lat' dir='ltr'><strong>humorem</strong></span> <span class='ocrx_word' id='word_1_381' title='bbox 3722 1829 3937 1884; x_wconf 84' lang='lat' dir='ltr'><strong>resolu-</strong></span> 
     </span>
    </p>
   </div>
   <div class='ocr_carea' id='block_1_52' title="bbox 2351 1905 4000 1986">
    <p class='ocr_par' dir='ltr' id='par_1_52' title="bbox 2351 1905 4000 1986">
     <span class='ocr_line' id='line_1_52' title="bbox 2351 1905 4000 1986; baseline 0.012 -29"><span class='ocrx_word' id='word_1_382' title='bbox 2351 1912 2431 1970; x_wconf 88' lang='lat' dir='ltr'><strong>ta,</strong></span> <span class='ocrx_word' id='word_1_383' title='bbox 2458 1905 2542 1961; x_wconf 90' lang='lat' dir='ltr'><strong>vel</strong></span> <span class='ocrx_word' id='word_1_384' title='bbox 2567 1906 2621 1962; x_wconf 93' lang='lat' dir='ltr'><strong>in</strong></span> <span class='ocrx_word' id='word_1_385' title='bbox 2661 1923 2826 1964; x_wconf 87' lang='lat' dir='ltr'><strong>auras</strong></span> <span class='ocrx_word' id='word_1_386' title='bbox 2854 1907 2982 1966; x_wconf 90' lang='lat' dir='ltr'><strong>sunt</strong></span> <span class='ocrx_word' id='word_1_387' title='bbox 3000 1913 3233 1968; x_wconf 75' lang='lat' dir='ltr'><strong>eaaltata</strong></span> <span class='ocrx_word' id='word_1_388' title='bbox 3275 1911 3409 1985; x_wconf 79' lang='lat' dir='ltr'><strong>[Al.,</strong></span> <span class='ocrx_word' id='word_1_389' title='bbox 3439 1915 3751 1986; x_wconf 90' lang='lat' dir='ltr'><strong>collapsum,</strong></span> <span class='ocrx_word' id='word_1_390' title='bbox 3780 1933 3936 1975; x_wconf 79' lang='lat' dir='ltr'><strong>reso—</strong></span> <span class='ocrx_word' id='word_1_391' title='bbox 3991 1941 4000 1947; x_wconf 90' lang='grc'><strong>·</strong></span> 
     </span>
    </p>
   </div>
   <div class='ocr_carea' id='block_1_53' title="bbox 2350 1996 3933 2081">
    <p class='ocr_par' dir='ltr' id='par_1_53' title="bbox 2350 1996 3933 2081">
     <span class='ocr_line' id='line_1_53' title="bbox 2350 1996 3933 2081; baseline 0.01 -30"><span class='ocrx_word' id='word_1_392' title='bbox 2350 1996 2544 2065; x_wconf 89' lang='lat' dir='ltr'><strong>lutum,</strong></span> <span class='ocrx_word' id='word_1_393' title='bbox 2573 2000 2914 2075; x_wconf 81' lang='lat' dir='ltr'><strong>exaltatum].</strong></span> <span class='ocrx_word' id='word_1_394' title='bbox 2938 2003 3099 2071; x_wconf 89' lang='lat' dir='ltr'><strong>Absit</strong></span> <span class='ocrx_word' id='word_1_395' title='bbox 3122 2013 3183 2060; x_wconf 90' lang='lat' dir='ltr'><strong>ut</strong></span> <span class='ocrx_word' id='word_1_396' title='bbox 3202 2006 3356 2063; x_wconf 90' lang='lat' dir='ltr'><strong>sinus</strong></span> <span class='ocrx_word' id='word_1_397' title='bbox 3380 2005 3521 2064; x_wconf 90' lang='lat' dir='ltr'><strong>ullus</strong></span> <span class='ocrx_word' id='word_1_398' title='bbox 3551 2018 3933 2081; x_wconf 87' lang='lat' dir='ltr'><strong>secretumque</strong></span> 
     </span>
    </p>
   </div>
   <div class='ocr_carea' id='block_1_54' title="bbox 2350 2091 3937 2166">
    <p class='ocr_par' dir='ltr' id='par_1_54' title="bbox 2350 2091 3937 2166">
     <span class='ocr_line' id='line_1_54' title="bbox 2350 2091 3937 2166; baseline 0.009 -24"><span class='ocrx_word' id='word_1_399' title='bbox 2350 2096 2558 2144; x_wconf 71' lang='lat' dir='ltr'><strong>natura:</strong></span> <span class='ocrx_word' id='word_1_400' title='bbox 2620 2091 2696 2145; x_wconf 85' lang='lat' dir='ltr'><strong>ita</strong></span> <span class='ocrx_word' id='word_1_401' title='bbox 2760 2093 2986 2163; x_wconf 74' lang='lat' dir='ltr'><strong>recipiat</strong></span> <span class='ocrx_word' id='word_1_402' title='bbox 3038 2095 3243 2166; x_wconf 88' lang='lat' dir='ltr'><strong>aliquid</strong></span> <span class='ocrx_word' id='word_1_403' title='bbox 3293 2097 3630 2154; x_wconf 86' lang='lat' dir='ltr'><strong>subtractum</strong></span> <span class='ocrx_word' id='word_1_404' title='bbox 3680 2101 3937 2158; x_wconf 81' lang='lat' dir='ltr'><strong>sensibus</strong></span> 
     </span>
    </p>
   </div>
   <div class='ocr_carea' id='block_1_55' title="bbox 2349 2179 3932 2258">
    <p class='ocr_par' dir='ltr' id='par_1_55' title="bbox 2349 2179 3932 2258">
     <span class='ocr_line' id='line_1_55' title="bbox 2349 2179 3932 2258; baseline 0.007 -25"><span class='ocrx_word' id='word_1_405' title='bbox 2349 2179 2573 2246; x_wconf 86' lang='lat' dir='ltr'><strong>nostris,</strong></span> <span class='ocrx_word' id='word_1_406' title='bbox 2603 2188 2665 2234; x_wconf 91' lang='lat' dir='ltr'><strong>ut</strong></span> <span class='ocrx_word' id='word_1_407' title='bbox 2684 2182 2924 2237; x_wconf 90' lang='lat' dir='ltr'><strong>omnium</strong></span> <span class='ocrx_word' id='word_1_408' title='bbox 2945 2185 3207 2240; x_wconf 74' lang='lat' dir='ltr'><strong>creatoris</strong></span> <span class='ocrx_word' id='word_1_409' title='bbox 3233 2195 3328 2241; x_wconf 86' lang='lat' dir='ltr'><strong>aut</strong></span> <span class='ocrx_word' id='word_1_410' title='bbox 3349 2188 3712 2258; x_wconf 87' lang='lat' dir='ltr'><strong>cognitionem</strong></span> <span class='ocrx_word' id='word_1_411' title='bbox 3745 2187 3932 2256; x_wconf 86' lang='lat' dir='ltr'><strong>lateat,</strong></span> 
     </span>
    </p>
   </div>
   <div class='ocr_carea' id='block_1_56' title="bbox 2349 2270 3936 2350">
    <p class='ocr_par' dir='ltr' id='par_1_56' title="bbox 2349 2270 3936 2350">
     <span class='ocr_line' id='line_1_56' title="bbox 2349 2270 3936 2350; baseline 0.006 -23"><span class='ocrx_word' id='word_1_412' title='bbox 2349 2280 2444 2327; x_wconf 90' lang='lat' dir='ltr'><strong>aut</strong></span> <span class='ocrx_word' id='word_1_413' title='bbox 2465 2270 2688 2343; x_wconf 79' lang='lat' dir='ltr'><strong>eﬁ&#39;ugiat</strong></span> <span class='ocrx_word' id='word_1_414' title='bbox 2707 2281 3055 2344; x_wconf 87' lang='lat' dir='ltr'><strong>potestatem.</strong></span> <span class='ocrx_word' id='word_1_415' title='bbox 3100 2275 3412 2350; x_wconf 75' lang='lat' dir='ltr'><strong>Resurgent</strong></span> <span class='ocrx_word' id='word_1_416' title='bbox 3438 2278 3687 2350; x_wconf 58' lang='lat' dir='ltr'><strong>quidem</strong></span> <span class='ocrx_word' id='word_1_417' title='bbox 3716 2288 3936 2336; x_wconf 89' lang='lat' dir='ltr'><strong>sancto-</strong></span> 
     </span>
    </p>
   </div>
   <div class='ocr_carea' id='block_1_57' title="bbox 2349 2364 3934 2438">
    <p class='ocr_par' dir='ltr' id='par_1_57' title="bbox 2349 2364 3934 2438">
     <span class='ocr_line' id='line_1_57' title="bbox 2349 2364 3934 2438; baseline 0.007 -21"><span class='ocrx_word' id='word_1_418' title='bbox 2349 2376 2470 2418; x_wconf 83' lang='lat' dir='ltr'><strong>rum</strong></span> <span class='ocrx_word' id='word_1_419' title='bbox 2518 2377 2760 2434; x_wconf 80' lang='lat' dir='ltr'><strong>corpora</strong></span> <span class='ocrx_word' id='word_1_420' title='bbox 2785 2365 2854 2421; x_wconf 90' lang='lat' dir='ltr'><strong>ad</strong></span> <span class='ocrx_word' id='word_1_421' title='bbox 2899 2364 3151 2438; x_wconf 75' lang='lat' dir='ltr'><strong>gloriam,</strong></span> <span class='ocrx_word' id='word_1_422' title='bbox 3197 2368 3317 2424; x_wconf 87' lang='lat' dir='ltr'><strong>sine</strong></span> <span class='ocrx_word' id='word_1_423' title='bbox 3349 2368 3463 2424; x_wconf 91' lang='lat' dir='ltr'><strong>ullo</strong></span> <span class='ocrx_word' id='word_1_424' title='bbox 3490 2370 3643 2434; x_wconf 87' lang='lat' dir='ltr'><strong>vitio,</strong></span> <span class='ocrx_word' id='word_1_425' title='bbox 3674 2370 3793 2426; x_wconf 83' lang='lat' dir='ltr'><strong>sine</strong></span> <span class='ocrx_word' id='word_1_426' title='bbox 3821 2370 3934 2428; x_wconf 88' lang='lat' dir='ltr'><strong>ulla</strong></span> 
     </span>
    </p>
   </div>
   <div class='ocr_carea' id='block_1_58' title="bbox 2347 2453 3932 2537">
    <p class='ocr_par' dir='ltr' id='par_1_58' title="bbox 2347 2453 3932 2537">
     <span class='ocr_line' id='line_1_58' title="bbox 2347 2453 3932 2537; baseline 0.006 -28"><span class='ocrx_word' id='word_1_427' title='bbox 2347 2453 2724 2524; x_wconf 73' lang='lat' dir='ltr'><strong>deformitate;</strong></span> <span class='ocrx_word' id='word_1_428' title='bbox 2770 2458 2824 2512; x_wconf 89' lang='lat' dir='ltr'><strong>in</strong></span> <span class='ocrx_word' id='word_1_429' title='bbox 2853 2459 3050 2528; x_wconf 91' lang='lat' dir='ltr'><strong>quibus</strong></span> <span class='ocrx_word' id='word_1_430' title='bbox 3077 2468 3230 2514; x_wconf 89' lang='lat' dir='ltr'><strong>tanta</strong></span> <span class='ocrx_word' id='word_1_431' title='bbox 3259 2458 3490 2518; x_wconf 78' lang='lat' dir='ltr'><strong>felicitas</strong></span> <span class='ocrx_word' id='word_1_432' title='bbox 3518 2459 3653 2534; x_wconf 75' lang='grc' dir='ltr'><strong>[Αι.,</strong></span> <span class='ocrx_word' id='word_1_433' title='bbox 3675 2460 3932 2537; x_wconf 79' lang='lat' dir='ltr'><strong>facilitas]</strong></span> 
     </span>
    </p>
   </div>
   <div class='ocr_carea' id='block_1_59' title="bbox 2345 2540 3932 2618">
    <p class='ocr_par' dir='ltr' id='par_1_59' title="bbox 2345 2540 3932 2618">
     <span class='ocr_line' id='line_1_59' title="bbox 2345 2540 3932 2618; baseline 0.008 -23"><span class='ocrx_word' id='word_1_434' title='bbox 2345 2540 2455 2595; x_wconf 89' lang='lat' dir='ltr'><strong>erit</strong></span> <span class='ocrx_word' id='word_1_435' title='bbox 2501 2550 2703 2612; x_wconf 88' lang='lat' dir='ltr'><strong>quanta</strong></span> <span class='ocrx_word' id='word_1_436' title='bbox 2728 2551 2785 2598; x_wconf 90' lang='lat' dir='ltr'><strong>et</strong></span> <span class='ocrx_word' id='word_1_437' title='bbox 2829 2542 3082 2600; x_wconf 80' lang='lat' dir='ltr'><strong>felicitas.</strong></span> <span class='ocrx_word' id='word_1_438' title='bbox 3123 2544 3382 2613; x_wconf 86' lang='lat' dir='ltr'><strong>Quamvis</strong></span> <span class='ocrx_word' id='word_1_439' title='bbox 3407 2547 3556 2604; x_wconf 86' lang='lat' dir='ltr'><strong>enim</strong></span> <span class='ocrx_word' id='word_1_440' title='bbox 3591 2548 3803 2618; x_wconf 79' lang='lat' dir='ltr'><strong>aliquid</strong></span> <span class='ocrx_word' id='word_1_441' title='bbox 3839 2551 3932 2606; x_wconf 86' lang='lat' dir='ltr'><strong>de-</strong></span> 
     </span>
    </p>
   </div>
   <div class='ocr_carea' id='block_1_60' title="bbox 2348 2629 3934 2711">
    <p class='ocr_par' dir='ltr' id='par_1_60' title="bbox 2348 2629 3934 2711">
     <span class='ocr_line' id='line_1_60' title="bbox 2348 2629 3934 2711; baseline 0.008 -26"><span class='ocrx_word' id='word_1_442' title='bbox 2348 2629 2640 2691; x_wconf 82' lang='lat' dir='ltr'><strong>formitatis</strong></span> <span class='ocrx_word' id='word_1_443' title='bbox 2667 2635 2904 2692; x_wconf 85' lang='lat' dir='ltr'><strong>habeant</strong></span> <span class='ocrx_word' id='word_1_444' title='bbox 2945 2651 3175 2706; x_wconf 81' lang='lat' dir='ltr'><strong>corpora</strong></span> <span class='ocrx_word' id='word_1_445' title='bbox 3209 2653 3403 2694; x_wconf 83' lang='lat' dir='ltr'><strong>eorum</strong></span> <span class='ocrx_word' id='word_1_446' title='bbox 3446 2639 3501 2694; x_wconf 90' lang='lat' dir='ltr'><strong>in</strong></span> <span class='ocrx_word' id='word_1_447' title='bbox 3529 2639 3634 2695; x_wconf 88' lang='lat' dir='ltr'><strong>hac</strong></span> <span class='ocrx_word' id='word_1_448' title='bbox 3675 2641 3934 2711; x_wconf 69' lang='lat' dir='ltr'><strong>praesenti</strong></span> 
     </span>
    </p>
   </div>
   <div class='ocr_carea' id='block_1_61' title="bbox 2347 2725 3934 2800">
    <p class='ocr_par' dir='ltr' id='par_1_61' title="bbox 2347 2725 3934 2800">
     <span class='ocr_line' id='line_1_61' title="bbox 2347 2725 3934 2800; baseline 0.006 -23"><span class='ocrx_word' id='word_1_449' title='bbox 2347 2725 2481 2790; x_wconf 86' lang='lat' dir='ltr'><strong>vita,</strong></span> <span class='ocrx_word' id='word_1_450' title='bbox 2506 2725 2592 2780; x_wconf 89' lang='lat' dir='ltr'><strong>vel</strong></span> <span class='ocrx_word' id='word_1_451' title='bbox 2625 2725 2800 2796; x_wconf 71' lang='lat' dir='ltr'><strong>majus</strong></span> <span class='ocrx_word' id='word_1_452' title='bbox 2825 2727 2912 2782; x_wconf 89' lang='lat' dir='ltr'><strong>vel</strong></span> <span class='ocrx_word' id='word_1_453' title='bbox 2953 2727 3135 2783; x_wconf 84' lang='lat' dir='ltr'><strong>minus</strong></span> <span class='ocrx_word' id='word_1_454' title='bbox 3181 2727 3456 2795; x_wconf 80' lang='lat' dir='ltr'><strong>habentia,</strong></span> <span class='ocrx_word' id='word_1_455' title='bbox 3497 2744 3660 2800; x_wconf 89' lang='lat' dir='ltr'><strong>quam</strong></span> <span class='ocrx_word' id='word_1_456' title='bbox 3684 2731 3934 2788; x_wconf 66' lang='lat' dir='ltr'><strong>human:</strong></span> 
     </span>
    </p>
   </div>
   <div class='ocr_carea' id='block_1_62' title="bbox 2346 2817 3935 2888">
    <p class='ocr_par' dir='ltr' id='par_1_62' title="bbox 2346 2817 3935 2888">
     <span class='ocr_line' id='line_1_62' title="bbox 2346 2817 3935 2888; baseline 0.006 -17"><span class='ocrx_word' id='word_1_457' title='bbox 2346 2823 2555 2872; x_wconf 70' lang='lat' dir='ltr'><strong>natura:</strong></span> <span class='ocrx_word' id='word_1_458' title='bbox 2595 2817 2784 2873; x_wconf 89' lang='lat' dir='ltr'><strong>deceat</strong></span> <span class='ocrx_word' id='word_1_459' title='bbox 2819 2818 3299 2888; x_wconf 88' lang='lat' dir='ltr'><strong>pulchritudinem,</strong></span> <span class='ocrx_word' id='word_1_460' title='bbox 3344 2821 3477 2876; x_wconf 90' lang='lat' dir='ltr'><strong>nihil</strong></span> <span class='ocrx_word' id='word_1_461' title='bbox 3516 2821 3625 2878; x_wconf 89' lang='lat' dir='ltr'><strong>tale</strong></span> <span class='ocrx_word' id='word_1_462' title='bbox 3655 2821 3935 2880; x_wconf 87' lang='lat' dir='ltr'><strong>habebunt</strong></span> 
     </span>
    </p>
   </div>
   <div class='ocr_carea' id='block_1_63' title="bbox 2345 2905 3933 2980">
    <p class='ocr_par' dir='ltr' id='par_1_63' title="bbox 2345 2905 3933 2980">
     <span class='ocr_line' id='line_1_63' title="bbox 2345 2905 3933 2980; baseline 0.004 -18"><span class='ocrx_word' id='word_1_463' title='bbox 2345 2906 2401 2962; x_wconf 93' lang='lat' dir='ltr'><strong>in</strong></span> <span class='ocrx_word' id='word_1_464' title='bbox 2421 2905 2510 2961; x_wconf 84' lang='lat' dir='ltr'><strong>illa</strong></span> <span class='ocrx_word' id='word_1_465' title='bbox 2535 2913 2808 2977; x_wconf 72' lang='lat' dir='ltr'><strong>perpetuis</strong></span> <span class='ocrx_word' id='word_1_466' title='bbox 2843 2905 3118 2965; x_wconf 80' lang='lat' dir='ltr'><strong>felicitatis</strong></span> <span class='ocrx_word' id='word_1_467' title='bbox 3145 2907 3511 2980; x_wconf 78' lang='lat' dir='ltr'><strong>perfectione:</strong></span> <span class='ocrx_word' id='word_1_468' title='bbox 3545 2912 3600 2966; x_wconf 90' lang='lat' dir='ltr'><strong>in</strong></span> <span class='ocrx_word' id='word_1_469' title='bbox 3627 2925 3692 2965; x_wconf 89' lang='lat' dir='ltr'><strong>ea</strong></span> <span class='ocrx_word' id='word_1_470' title='bbox 3721 2911 3933 2968; x_wconf 88' lang='lat' dir='ltr'><strong>scilicet</strong></span> 
     </span>
    </p>
   </div>
   <div class='ocr_carea' id='block_1_64' title="bbox 2343 2997 3932 3067">
    <p class='ocr_par' dir='ltr' id='par_1_64' title="bbox 2343 2997 3932 3067">
     <span class='ocr_line' id='line_1_64' title="bbox 2343 2997 3932 3067; baseline 0.003 -15"><span class='ocrx_word' id='word_1_471' title='bbox 2343 3010 2596 3052; x_wconf 85' lang='lat' dir='ltr'><strong>mensura</strong></span> <span class='ocrx_word' id='word_1_472' title='bbox 2634 3004 2692 3052; x_wconf 89' lang='lat' dir='ltr'><strong>et</strong></span> <span class='ocrx_word' id='word_1_473' title='bbox 2731 2997 3012 3066; x_wconf 86' lang='lat' dir='ltr'><strong>dignitate,</strong></span> <span class='ocrx_word' id='word_1_474' title='bbox 3058 3013 3166 3067; x_wconf 81' lang='lat' dir='ltr'><strong>qua</strong></span> <span class='ocrx_word' id='word_1_475' title='bbox 3188 2998 3273 3055; x_wconf 87' lang='lat' dir='ltr'><strong>vel</strong></span> <span class='ocrx_word' id='word_1_476' title='bbox 3299 2998 3482 3054; x_wconf 76' lang='lat' dir='ltr'><strong>futura</strong></span> <span class='ocrx_word' id='word_1_477' title='bbox 3507 3008 3686 3065; x_wconf 89' lang='lat' dir='ltr'><strong>erant,</strong></span> <span class='ocrx_word' id='word_1_478' title='bbox 3709 3001 3756 3056; x_wconf 90' lang='lat' dir='ltr'><strong>si</strong></span> <span class='ocrx_word' id='word_1_479' title='bbox 3802 3007 3932 3056; x_wconf 83' lang='lat' dir='ltr'><strong>ante</strong></span> 
     </span>
    </p>
   </div>
   <div class='ocr_carea' id='block_1_65' title="bbox 2345 3083 3933 3157">
    <p class='ocr_par' dir='ltr' id='par_1_65' title="bbox 2345 3083 3933 3157">
     <span class='ocr_line' id='line_1_65' title="bbox 2345 3083 3933 3157; baseline 0.004 -17"><span class='ocrx_word' id='word_1_480' title='bbox 2345 3083 2601 3157; x_wconf 74' lang='lat' dir='ltr'><strong>perfecta:</strong></span> <span class='ocrx_word' id='word_1_481' title='bbox 2623 3085 2803 3142; x_wconf 61' lang='lat' dir='ltr'><strong>aetatis</strong></span> <span class='ocrx_word' id='word_1_482' title='bbox 2847 3086 3457 3155; x_wconf 74' lang='lat' dir='ltr'><strong>decoremmoriuntur,</strong></span> <span class='ocrx_word' id='word_1_483' title='bbox 3481 3089 3595 3145; x_wconf 89' lang='lat' dir='ltr'><strong>sive</strong></span> <span class='ocrx_word' id='word_1_484' title='bbox 3631 3089 3796 3146; x_wconf 85' lang='lat' dir='ltr'><strong>etiam</strong></span> <span class='ocrx_word' id='word_1_485' title='bbox 3831 3090 3933 3146; x_wconf 87' lang='lat' dir='ltr'><strong>ba-</strong></span> 
     </span>
    </p>
   </div>
   <div class='ocr_carea' id='block_1_66' title="bbox 2344 3177 3928 3252">
    <p class='ocr_par' dir='ltr' id='par_1_66' title="bbox 2344 3177 3928 3252">
     <span class='ocr_line' id='line_1_66' title="bbox 2344 3177 3928 3252; baseline 0.005 -20"><span class='ocrx_word' id='word_1_486' title='bbox 2344 3177 2578 3234; x_wconf 86' lang='lat' dir='ltr'><strong>bnerunt</strong></span> <span class='ocrx_word' id='word_1_487' title='bbox 2598 3187 2723 3234; x_wconf 85' lang='lat' dir='ltr'><strong>ante</strong></span> <span class='ocrx_word' id='word_1_488' title='bbox 2746 3180 3020 3252; x_wconf 84' lang='lat' dir='ltr'><strong>vergentis</strong></span> <span class='ocrx_word' id='word_1_489' title='bbox 3041 3180 3109 3236; x_wconf 90' lang='lat' dir='ltr'><strong>ad</strong></span> <span class='ocrx_word' id='word_1_490' title='bbox 3145 3180 3514 3238; x_wconf 74' lang='lat' dir='ltr'><strong>inﬁrmitatem</strong></span> <span class='ocrx_word' id='word_1_491' title='bbox 3538 3184 3716 3239; x_wconf 70' lang='lat' dir='ltr'><strong>aetatis</strong></span> <span class='ocrx_word' id='word_1_492' title='bbox 3731 3199 3928 3250; x_wconf 84' lang='lat' dir='ltr'><strong>annos,</strong></span> 
     </span>
    </p>
   </div>
   <div class='ocr_carea' id='block_1_67' title="bbox 2344 3270 3932 3347">
    <p class='ocr_par' dir='ltr' id='par_1_67' title="bbox 2344 3270 3932 3347">
     <span class='ocr_line' id='line_1_67' title="bbox 2344 3270 3932 3347; baseline 0.004 -22"><span class='ocrx_word' id='word_1_493' title='bbox 2344 3270 2712 3326; x_wconf 88' lang='lat' dir='ltr'><strong>membrorum</strong></span> <span class='ocrx_word' id='word_1_494' title='bbox 2740 3270 2981 3327; x_wconf 91' lang='lat' dir='ltr'><strong>omnium</strong></span> <span class='ocrx_word' id='word_1_495' title='bbox 3006 3271 3409 3343; x_wconf 85' lang='lat' dir='ltr'><strong>pulchritudine</strong></span> <span class='ocrx_word' id='word_1_496' title='bbox 3442 3289 3682 3347; x_wconf 88' lang='lat' dir='ltr'><strong>congruo</strong></span> <span class='ocrx_word' id='word_1_497' title='bbox 3732 3275 3932 3332; x_wconf 85' lang='lat' dir='ltr'><strong>decore</strong></span> 
     </span>
    </p>
   </div>
   <div class='ocr_carea' id='block_1_68' title="bbox 2343 3361 4023 3440">
    <p class='ocr_par' dir='ltr' id='par_1_68' title="bbox 2343 3361 4023 3440">
     <span class='ocr_line' id='line_1_68' title="bbox 2343 3361 4023 3440; baseline 0.004 -24"><span class='ocrx_word' id='word_1_498' title='bbox 2343 3370 2575 3426; x_wconf 88' lang='lat' dir='ltr'><strong>servata,</strong></span> <span class='ocrx_word' id='word_1_499' title='bbox 2605 3361 2680 3416; x_wconf 85' lang='lat' dir='ltr'><strong>ita</strong></span> <span class='ocrx_word' id='word_1_500' title='bbox 2710 3369 2769 3416; x_wconf 90' lang='lat' dir='ltr'><strong>nt</strong></span> <span class='ocrx_word' id='word_1_501' title='bbox 2795 3362 2928 3417; x_wconf 90' lang='lat' dir='ltr'><strong>nihil</strong></span> <span class='ocrx_word' id='word_1_502' title='bbox 2951 3363 3302 3436; x_wconf 86' lang='lat' dir='ltr'><strong>incongruum</strong></span> <span class='ocrx_word' id='word_1_503' title='bbox 3341 3365 3621 3425; x_wconf 87' lang='lat' dir='ltr'><strong>habebunt</strong></span> <span class='ocrx_word' id='word_1_504' title='bbox 3661 3365 3795 3440; x_wconf 77' lang='lat' dir='ltr'><strong>[Al.,</strong></span> <span class='ocrx_word' id='word_1_505' title='bbox 3828 3366 3930 3423; x_wconf 86' lang='lat' dir='ltr'><strong>ha-</strong></span> <span class='ocrx_word' id='word_1_506' title='bbox 4007 3362 4023 3375; x_wconf 82' lang='grc'><strong>“</strong></span> 
     </span>
    </p>
   </div>
   <div class='ocr_carea' id='block_1_69' title="bbox 2342 3450 3927 3538">
    <p class='ocr_par' dir='ltr' id='par_1_69' title="bbox 2342 3450 3927 3538">
     <span class='ocr_line' id='line_1_69' title="bbox 2342 3450 3927 3538; baseline 0.003 -30"><span class='ocrx_word' id='word_1_507' title='bbox 2342 3450 2528 3525; x_wconf 85' lang='lat' dir='ltr'><strong>beant]</strong></span> <span class='ocrx_word' id='word_1_508' title='bbox 2577 3452 2631 3506; x_wconf 91' lang='lat' dir='ltr'><strong>in</strong></span> <span class='ocrx_word' id='word_1_509' title='bbox 2673 3451 2784 3508; x_wconf 89' lang='lat' dir='ltr'><strong>ulla</strong></span> <span class='ocrx_word' id='word_1_510' title='bbox 2834 3453 3083 3525; x_wconf 88' lang='lat' dir='ltr'><strong>corporis</strong></span> <span class='ocrx_word' id='word_1_511' title='bbox 3120 3460 3276 3525; x_wconf 83' lang='lat' dir='ltr'><strong>parte</strong></span> <span class='ocrx_word' id='word_1_512' title='bbox 3297 3494 3314 3520; x_wconf 92' lang='lat'><strong>,</strong></span> <span class='ocrx_word' id='word_1_513' title='bbox 3355 3455 3484 3526; x_wconf 87' lang='lat' dir='ltr'><strong>quia</strong></span> <span class='ocrx_word' id='word_1_514' title='bbox 3532 3455 3775 3526; x_wconf 87' lang='lat' dir='ltr'><strong>spiritale</strong></span> <span class='ocrx_word' id='word_1_515' title='bbox 3821 3455 3927 3538; x_wconf 72' lang='lat' dir='ltr'><strong>erit</strong></span> 
     </span>
    </p>
   </div>
   <div class='ocr_carea' id='block_1_70' title="bbox 2341 3543 3926 3616">
    <p class='ocr_par' dir='ltr' id='par_1_70' title="bbox 2341 3543 3926 3616">
     <span class='ocr_line' id='line_1_70' title="bbox 2341 3543 3926 3616; baseline 0 -16"><span class='ocrx_word' id='word_1_516' title='bbox 2341 3557 2542 3615; x_wconf 87' lang='lat' dir='ltr'><strong>corpus</strong></span> <span class='ocrx_word' id='word_1_517' title='bbox 2563 3559 2673 3599; x_wconf 93' lang='lat' dir='ltr'><strong>non</strong></span> <span class='ocrx_word' id='word_1_518' title='bbox 2707 3543 2948 3601; x_wconf 88' lang='lat' dir='ltr'><strong>carnale.</strong></span> <span class='ocrx_word' id='word_1_519' title='bbox 2977 3543 3233 3613; x_wconf 83' lang='lat' dir='ltr'><strong>Quamvis</strong></span> <span class='ocrx_word' id='word_1_520' title='bbox 3273 3560 3405 3602; x_wconf 88' lang='lat' dir='ltr'><strong>caro</strong></span> <span class='ocrx_word' id='word_1_521' title='bbox 3428 3547 3502 3601; x_wconf 90' lang='lat' dir='ltr'><strong>sit</strong></span> <span class='ocrx_word' id='word_1_522' title='bbox 3525 3562 3634 3602; x_wconf 91' lang='lat' dir='ltr'><strong>non</strong></span> <span class='ocrx_word' id='word_1_523' title='bbox 3681 3546 3926 3616; x_wconf 88' lang='lat' dir='ltr'><strong>spiritus,</strong></span> 
     </span>
    </p>
   </div>
   <div class='ocr_carea' id='block_1_71' title="bbox 656 3637 3926 3727">
    <p class='ocr_par' dir='ltr' id='par_1_71' title="bbox 656 3637 3926 3727">
     <span class='ocr_line' id='line_1_71' title="bbox 656 3637 3926 3727; baseline -0.002 -27"><span class='ocrx_word' id='word_1_524' title='bbox 656 3649 862 3705; x_wconf 75' lang='lat' dir='ltr'><strong>tionem</strong></span> <span class='ocrx_word' id='word_1_525' title='bbox 899 3651 1068 3706; x_wconf 71' lang='lat' dir='ltr'><strong>trium</strong></span> <span class='ocrx_word' id='word_1_526' title='bbox 1106 3653 1272 3708; x_wconf 63' lang='lat' dir='ltr'><strong>semis</strong></span> <span class='ocrx_word' id='word_1_527' title='bbox 1301 3669 1567 3714; x_wconf 64' lang='lat' dir='ltr'><strong>&quot;mm</strong></span> <span class='ocrx_word' id='word_1_528' title='bbox 1616 3658 1812 3727; x_wconf 58' lang='lat' dir='ltr'><strong>spatio,</strong></span> <span class='ocrx_word' id='word_1_529' title='bbox 1841 3637 2243 3717; x_wconf 56' lang='grc' dir='ltr'><strong>σιωήαεεαη</strong></span> <span class='ocrx_word' id='word_1_530' title='bbox 2339 3654 2447 3694; x_wconf 91' lang='lat' dir='ltr'><strong>non</strong></span> <span class='ocrx_word' id='word_1_531' title='bbox 2473 3647 2653 3694; x_wconf 90' lang='lat' dir='ltr'><strong>tamen</strong></span> <span class='ocrx_word' id='word_1_532' title='bbox 2672 3639 2980 3696; x_wconf 84' lang='lat' dir='ltr'><strong>carnalibus</strong></span> <span class='ocrx_word' id='word_1_533' title='bbox 2998 3638 3243 3707; x_wconf 74' lang='lat' dir='ltr'><strong>subiacet</strong></span> <span class='ocrx_word' id='word_1_534' title='bbox 3265 3637 3741 3712; x_wconf 75' lang='lat' dir='ltr'><strong>[Al.,subjacebit]</strong></span> <span class='ocrx_word' id='word_1_535' title='bbox 3757 3639 3926 3707; x_wconf 82' lang='lat' dir='ltr'><strong>vitiis,</strong></span> 
     </span>
    </p>
   </div>
   <div class='ocr_carea' id='block_1_72' title="bbox 653 3728 2263 3819">
    <p class='ocr_par' dir='ltr' id='par_1_72' title="bbox 653 3733 2236 3819">
     <span class='ocr_line' id='line_1_72' title="bbox 653 3733 2236 3819; baseline 0.007 -25"><span class='ocrx_word' id='word_1_536' title='bbox 653 3753 818 3808; x_wconf 84' lang='lat' dir='ltr'><strong>super</strong></span> <span class='ocrx_word' id='word_1_537' title='bbox 844 3747 1044 3796; x_wconf 83' lang='lat' dir='ltr'><strong>terram</strong></span> <span class='ocrx_word' id='word_1_538' title='bbox 1073 3739 1128 3796; x_wconf 79' lang='lat' dir='ltr'><strong>in</strong></span> <span class='ocrx_word' id='word_1_539' title='bbox 1157 3739 1479 3813; x_wconf 80' lang='lat' dir='ltr'><strong>Apocalypsi</strong></span> <span class='ocrx_word' id='word_1_540' title='bbox 1504 3746 1822 3814; x_wconf 64' lang='lat' dir='ltr'><strong>praedictum</strong></span> <span class='ocrx_word' id='word_1_541' title='bbox 1843 3733 1927 3802; x_wconf 86' lang='lat' dir='ltr'><strong>est</strong></span> <span class='ocrx_word' id='word_1_542' title='bbox 1946 3748 2130 3819; x_wconf 77' lang='lat' dir='ltr'><strong>(Apoc.</strong></span> <span class='ocrx_word' id='word_1_543' title='bbox 2160 3766 2236 3811; x_wconf 72' lang='grc' dir='ltr'><strong>ιι.</strong></span> 
     </span>
    </p>
   </div>
   <div class='ocr_carea' id='block_1_73' title="bbox 2347 3728 3925 3819">
    <p class='ocr_par' dir='ltr' id='par_1_73' title="bbox 2347 3728 3925 3800">
     <span class='ocr_line' id='line_1_73' title="bbox 2347 3728 3925 3800; baseline 0 -16"><span class='ocrx_word' id='word_1_544' title='bbox 2347 3730 2408 3784; x_wconf 84' lang='lat' dir='ltr'><strong>de</strong></span> <span class='ocrx_word' id='word_1_545' title='bbox 2429 3729 2628 3799; x_wconf 89' lang='lat' dir='ltr'><strong>quibus</strong></span> <span class='ocrx_word' id='word_1_546' title='bbox 2651 3729 2942 3799; x_wconf 85' lang='lat' dir='ltr'><strong>Apostolus</strong></span> <span class='ocrx_word' id='word_1_547' title='bbox 2960 3729 3070 3783; x_wconf 86' lang='lat' dir='ltr'><strong>ait:</strong></span> <span class='ocrx_word' id='word_1_548' title='bbox 3096 3728 3237 3794; x_wconf 74' lang='lat' dir='ltr'><strong>Quia</strong></span> <span class='ocrx_word' id='word_1_549' title='bbox 3257 3744 3382 3782; x_wconf 84' lang='lat' dir='ltr'><strong>caro</strong></span> <span class='ocrx_word' id='word_1_550' title='bbox 3402 3737 3454 3782; x_wconf 87' lang='lat' dir='ltr'><strong>et</strong></span> <span class='ocrx_word' id='word_1_551' title='bbox 3472 3729 3687 3799; x_wconf 66' lang='lat' dir='ltr'><strong>sanguis</strong></span> <span class='ocrx_word' id='word_1_552' title='bbox 3709 3743 3925 3800; x_wconf 72' lang='lat' dir='ltr'><strong>regnum</strong></span> 
     </span>
    </p>
   </div>
   <div class='ocr_carea' id='block_1_74' title="bbox 654 3819 3924 3906">
    <p class='ocr_par' dir='ltr' id='par_1_74' title="bbox 654 3819 3924 3906">
     <span class='ocr_line' id='line_1_74' title="bbox 654 3819 3924 3906; baseline 0.001 -19"><span class='ocrx_word' id='word_1_553' title='bbox 654 3829 780 3900; x_wconf 64' lang='lat'><strong>{2);</strong></span> <span class='ocrx_word' id='word_1_554' title='bbox 820 3831 915 3886; x_wconf 81' lang='lat' dir='ltr'><strong>sed</strong></span> <span class='ocrx_word' id='word_1_555' title='bbox 963 3846 1032 3888; x_wconf 88' lang='lat' dir='ltr'><strong>ne</strong></span> <span class='ocrx_word' id='word_1_556' title='bbox 1077 3839 1189 3886; x_wconf 77' lang='lat' dir='ltr'><strong>tam</strong></span> <span class='ocrx_word' id='word_1_557' title='bbox 1235 3832 1507 3898; x_wconf 84' lang='lat' dir='ltr'><strong>immanis,</strong></span> <span class='ocrx_word' id='word_1_558' title='bbox 1555 3840 1612 3888; x_wconf 91' lang='lat' dir='ltr'><strong>et</strong></span> <span class='ocrx_word' id='word_1_559' title='bbox 1654 3835 1891 3891; x_wconf 81' lang='lat' dir='ltr'><strong>crudelis</strong></span> <span class='ocrx_word' id='word_1_560' title='bbox 1931 3838 2239 3906; x_wconf 83' lang='lat' dir='ltr'><strong>persecutio</strong></span> <span class='ocrx_word' id='word_1_561' title='bbox 2337 3819 2439 3874; x_wconf 57' lang='grc' dir='ltr'><strong>υθέ</strong></span> <span class='ocrx_word' id='word_1_562' title='bbox 2485 3836 2590 3874; x_wconf 66' lang='grc' dir='ltr'><strong>που</strong></span> <span class='ocrx_word' id='word_1_563' title='bbox 2638 3821 2972 3890; x_wconf 59' lang='grc' dir='ltr'><strong>Ροιείάεδιιη</strong></span> <span class='ocrx_word' id='word_1_564' title='bbox 3017 3819 3073 3892; x_wconf 76' lang='grc' dir='ltr'><strong>(ι</strong></span> <span class='ocrx_word' id='word_1_565' title='bbox 3106 3819 3230 3875; x_wconf 60' lang='grc' dir='ltr'><strong>σοῖο</strong></span> <span class='ocrx_word' id='word_1_566' title='bbox 3270 3835 3364 3886; x_wconf 64' lang='grc' dir='ltr'><strong>ην</strong></span> <span class='ocrx_word' id='word_1_567' title='bbox 3410 3820 3524 3892; x_wconf 71' lang='grc'><strong>⁵0)·</strong></span> <span class='ocrx_word' id='word_1_568' title='bbox 3574 3821 3770 3877; x_wconf 70' lang='grc' dir='ltr'><strong>Ρΐοευι</strong></span> <span class='ocrx_word' id='word_1_569' title='bbox 3813 3824 3924 3881; x_wconf 60' lang='lat' dir='ltr'><strong>erit</strong></span> 
     </span>
    </p>
   </div>
   <div class='ocr_carea' id='block_1_75' title="bbox 653 3909 2263 3999">
    <p class='ocr_par' dir='ltr' id='par_1_75' title="bbox 653 3923 2234 3999">
     <span class='ocr_line' id='line_1_75' title="bbox 653 3923 2234 3999; baseline 0.005 -23"><span class='ocrx_word' id='word_1_570' title='bbox 653 3923 944 3992; x_wconf 85' lang='lat' dir='ltr'><strong>improvisa</strong></span> <span class='ocrx_word' id='word_1_571' title='bbox 983 3924 1227 3987; x_wconf 82' lang='lat' dir='ltr'><strong>veniens,</strong></span> <span class='ocrx_word' id='word_1_572' title='bbox 1271 3939 1467 3981; x_wconf 82' lang='lat' dir='ltr'><strong>ornnes</strong></span> <span class='ocrx_word' id='word_1_573' title='bbox 1487 3924 1665 3983; x_wconf 87' lang='lat' dir='ltr'><strong>minus</strong></span> <span class='ocrx_word' id='word_1_574' title='bbox 1708 3937 1932 3999; x_wconf 86' lang='lat' dir='ltr'><strong>paratos</strong></span> <span class='ocrx_word' id='word_1_575' title='bbox 1974 3927 2234 3994; x_wconf 87' lang='lat' dir='ltr'><strong>involvat,</strong></span> 
     </span>
    </p>
   </div>
   <div class='ocr_carea' id='block_1_76' title="bbox 2347 3909 3927 3999">
    <p class='ocr_par' dir='ltr' id='par_1_76' title="bbox 2347 3909 3927 3977">
     <span class='ocr_line' id='line_1_76' title="bbox 2347 3909 3927 3977; baseline 0.006 -13"><span class='ocrx_word' id='word_1_576' title='bbox 2347 3909 2409 3965; x_wconf 71' lang='lat' dir='ltr'><strong>ab</strong></span> <span class='ocrx_word' id='word_1_577' title='bbox 2450 3910 2531 3966; x_wconf 87' lang='lat' dir='ltr'><strong>eis</strong></span> <span class='ocrx_word' id='word_1_578' title='bbox 2569 3911 2748 3967; x_wconf 90' lang='lat' dir='ltr'><strong>omnis</strong></span> <span class='ocrx_word' id='word_1_579' title='bbox 2776 3910 3096 3976; x_wconf 75' lang='lat' dir='ltr'><strong>inﬁrmitas,</strong></span> <span class='ocrx_word' id='word_1_580' title='bbox 3145 3910 3323 3966; x_wconf 88' lang='lat' dir='ltr'><strong>omnis</strong></span> <span class='ocrx_word' id='word_1_581' title='bbox 3363 3909 3698 3977; x_wconf 70' lang='lat' dir='ltr'><strong>deici-nitas,</strong></span> <span class='ocrx_word' id='word_1_582' title='bbox 3745 3915 3927 3974; x_wconf 87' lang='lat' dir='ltr'><strong>omnis</strong></span> 
     </span>
    </p>
   </div>
   <div class='ocr_carea' id='block_1_77' title="bbox 653 4001 2263 4091">
    <p class='ocr_par' dir='ltr' id='par_1_77' title="bbox 653 4011 2239 4091">
     <span class='ocr_line' id='line_1_77' title="bbox 653 4011 2239 4091; baseline 0.006 -24"><span class='ocrx_word' id='word_1_583' title='bbox 653 4012 827 4067; x_wconf 82' lang='lat' dir='ltr'><strong>Eliam</strong></span> <span class='ocrx_word' id='word_1_584' title='bbox 871 4017 930 4066; x_wconf 90' lang='lat' dir='ltr'><strong>et</strong></span> <span class='ocrx_word' id='word_1_585' title='bbox 968 4011 1154 4068; x_wconf 75' lang='lat' dir='ltr'><strong>Euseb</strong></span> <span class='ocrx_word' id='word_1_586' title='bbox 1188 4015 1453 4073; x_wconf 81' lang='lat' dir='ltr'><strong>maximos</strong></span> <span class='ocrx_word' id='word_1_587' title='bbox 1478 4018 1775 4091; x_wconf 78' lang='lat' dir='ltr'><strong>prophetas</strong></span> <span class='ocrx_word' id='word_1_588' title='bbox 1816 4027 2087 4079; x_wconf 82' lang='lat' dir='ltr'><strong>venturos.</strong></span> <span class='ocrx_word' id='word_1_589' title='bbox 2119 4035 2239 4077; x_wconf 87' lang='lat' dir='ltr'><strong>esse</strong></span> 
     </span>
    </p>
   </div>
   <div class='ocr_carea' id='block_1_78' title="bbox 2347 4001 3924 4091">
    <p class='ocr_par' dir='ltr' id='par_1_78' title="bbox 2347 4001 3924 4076">
     <span class='ocr_line' id='line_1_78' title="bbox 2347 4001 3924 4076; baseline 0.006 -19"><span class='ocrx_word' id='word_1_590' title='bbox 2347 4001 2599 4068; x_wconf 75' lang='lat' dir='ltr'><strong>tardius,</strong></span> <span class='ocrx_word' id='word_1_591' title='bbox 2646 4001 2825 4057; x_wconf 86' lang='lat' dir='ltr'><strong>omnis</strong></span> <span class='ocrx_word' id='word_1_592' title='bbox 2880 4001 3180 4072; x_wconf 89' lang='lat' dir='ltr'><strong>corruptio,</strong></span> <span class='ocrx_word' id='word_1_593' title='bbox 3237 4002 3417 4058; x_wconf 89' lang='lat' dir='ltr'><strong>omnis</strong></span> <span class='ocrx_word' id='word_1_594' title='bbox 3465 4011 3699 4076; x_wconf 85' lang='lat' dir='ltr'><strong>egestas,</strong></span> <span class='ocrx_word' id='word_1_595' title='bbox 3745 4007 3924 4067; x_wconf 86' lang='lat' dir='ltr'><strong>omnis</strong></span> 
     </span>
    </p>
   </div>
   <div class='ocr_carea' id='block_1_79' title="bbox 652 4093 3923 4183">
    <p class='ocr_par' dir='ltr' id='par_1_79' title="bbox 652 4093 3923 4183">
     <span class='ocr_line' id='line_1_79' title="bbox 652 4093 3923 4183; baseline 0.005 -25"><span class='ocrx_word' id='word_1_596' title='bbox 652 4101 909 4158; x_wconf 69' lang='lat' dir='ltr'><strong>Ecebsio</strong></span> <span class='ocrx_word' id='word_1_597' title='bbox 928 4102 1096 4158; x_wconf 80' lang='lat' dir='ltr'><strong>habet</strong></span> <span class='ocrx_word' id='word_1_598' title='bbox 1118 4100 1257 4158; x_wconf 83' lang='lat' dir='ltr'><strong>ﬁdes</strong></span> <span class='ocrx_word' id='word_1_599' title='bbox 1284 4120 1302 4156; x_wconf 87' lang='lat'><strong>:</strong></span> <span class='ocrx_word' id='word_1_600' title='bbox 1337 4120 1436 4175; x_wconf 89' lang='lat' dir='ltr'><strong>per</strong></span> <span class='ocrx_word' id='word_1_601' title='bbox 1457 4122 1688 4176; x_wconf 83' lang='lat' dir='ltr'><strong>quorum</strong></span> <span class='ocrx_word' id='word_1_602' title='bbox 1715 4109 2039 4176; x_wconf 85' lang='lat' dir='ltr'><strong>doctrinam,</strong></span> <span class='ocrx_word' id='word_1_603' title='bbox 2068 4126 2237 4183; x_wconf 86' lang='lat' dir='ltr'><strong>popu-</strong></span> <span class='ocrx_word' id='word_1_604' title='bbox 2337 4096 2655 4170; x_wconf 67' lang='lat' dir='ltr'><strong>indisentia.</strong></span> <span class='ocrx_word' id='word_1_605' title='bbox 2683 4104 2740 4152; x_wconf 61' lang='grc' dir='ltr'><strong>θ*</strong></span> <span class='ocrx_word' id='word_1_606' title='bbox 2765 4096 2812 4151; x_wconf 73' lang='grc' dir='ltr'><strong>⁵ί</strong></span> <span class='ocrx_word' id='word_1_607' title='bbox 2837 4093 2966 4168; x_wconf 61' lang='grc' dir='ltr'><strong><em>ΨΜ</em></strong></span> <span class='ocrx_word' id='word_1_608' title='bbox 2995 4094 3141 4151; x_wconf 59' lang='grc' dir='ltr'><strong>δίυά</strong></span> <span class='ocrx_word' id='word_1_609' title='bbox 3165 4093 3336 4168; x_wconf 58' lang='lat' dir='ltr'><strong>[quoa</strong></span> <span class='ocrx_word' id='word_1_610' title='bbox 3360 4094 3516 4172; x_wconf 53' lang='lat' dir='ltr'><strong>md]</strong></span> <span class='ocrx_word' id='word_1_611' title='bbox 3551 4098 3750 4155; x_wconf 62' lang='lat' dir='ltr'><strong>“muli</strong></span> <span class='ocrx_word' id='word_1_612' title='bbox 3776 4101 3923 4174; x_wconf 62' lang='grc' dir='ltr'><strong>’θεῖε</strong></span> 
     </span>
    </p>
   </div>
   <div class='ocr_carea' id='block_1_80' title="bbox 650 4189 2263 4281">
    <p class='ocr_par' dir='ltr' id='par_1_80' title="bbox 650 4192 2237 4273">
     <span class='ocr_line' id='line_1_80' title="bbox 650 4192 2237 4273; baseline 0.007 -25"><span class='ocrx_word' id='word_1_613' title='bbox 650 4192 738 4250; x_wconf 87' lang='lat' dir='ltr'><strong>Ius</strong></span> <span class='ocrx_word' id='word_1_614' title='bbox 761 4192 1090 4251; x_wconf 71' lang='lat' dir='ltr'><strong>Israeliticae</strong></span> <span class='ocrx_word' id='word_1_615' title='bbox 1130 4202 1479 4250; x_wconf 76' lang='lat' dir='ltr'><strong>convertetur</strong></span> <span class='ocrx_word' id='word_1_616' title='bbox 1504 4197 1574 4251; x_wconf 84' lang='lat' dir='ltr'><strong>ad</strong></span> <span class='ocrx_word' id='word_1_617' title='bbox 1613 4197 1793 4253; x_wconf 85' lang='lat' dir='ltr'><strong>ﬁdem.</strong></span> <span class='ocrx_word' id='word_1_618' title='bbox 1834 4200 1962 4266; x_wconf 83' lang='lat' dir='ltr'><strong>Qui,</strong></span> <span class='ocrx_word' id='word_1_619' title='bbox 1987 4216 2110 4258; x_wconf 87' lang='lat' dir='ltr'><strong>cum</strong></span> <span class='ocrx_word' id='word_1_620' title='bbox 2134 4203 2237 4273; x_wconf 87' lang='lat' dir='ltr'><strong>ipsi</strong></span> 
     </span>
    </p>
   </div>
   <div class='ocr_carea' id='block_1_81' title="bbox 2347 4189 3995 4281">
    <p class='ocr_par' dir='ltr' id='par_1_81' title="bbox 2347 4189 3995 4281">
     <span class='ocr_line' id='line_1_81' title="bbox 2347 4189 3995 4281; baseline 0.002 -34"><span class='ocrx_word' id='word_1_621' title='bbox 2347 4191 2631 4248; x_wconf 85' lang='lat' dir='ltr'><strong>nondecet</strong></span> <span class='ocrx_word' id='word_1_622' title='bbox 2674 4190 3111 4261; x_wconf 81' lang='lat' dir='ltr'><strong>regnuminquo</strong></span> <span class='ocrx_word' id='word_1_623' title='bbox 3151 4189 3920 4281; x_wconf 27' lang='lat' dir='ltr'><strong>resurrectionis-ammis-</strong></span> <span class='ocrx_word' id='word_1_624' title='bbox 3975 4254 3995 4270; x_wconf 39' lang='grc' dir='ltr'><em>Ι</em></span> 
     </span>
    </p>
   </div>
   <div class='ocr_carea' id='block_1_82' title="bbox 647 4276 2263 4359">
    <p class='ocr_par' dir='ltr' id='par_1_82' title="bbox 647 4285 2236 4359">
     <span class='ocr_line' id='line_1_82' title="bbox 647 4285 2236 4359; baseline 0.003 -18"><span class='ocrx_word' id='word_1_625' title='bbox 647 4285 953 4358; x_wconf 85' lang='lat' dir='ltr'><strong>primotres</strong></span> <span class='ocrx_word' id='word_1_626' title='bbox 976 4285 1145 4341; x_wconf 81' lang='lat' dir='ltr'><strong>senris</strong></span> <span class='ocrx_word' id='word_1_627' title='bbox 1164 4300 1335 4342; x_wconf 86' lang='lat' dir='ltr'><strong>annos</strong></span> <span class='ocrx_word' id='word_1_628' title='bbox 1357 4286 1793 4358; x_wconf 65' lang='lat' dir='ltr'><strong>praedicaverint,</strong></span> <span class='ocrx_word' id='word_1_629' title='bbox 1819 4287 1875 4342; x_wconf 92' lang='lat' dir='ltr'><strong>in</strong></span> <span class='ocrx_word' id='word_1_630' title='bbox 1903 4287 2020 4359; x_wconf 88' lang='lat' dir='ltr'><strong>ipsa</strong></span> <span class='ocrx_word' id='word_1_631' title='bbox 2046 4290 2236 4346; x_wconf 88' lang='lat' dir='ltr'><strong>eadem</strong></span> 
     </span>
    </p>
   </div>
   <div class='ocr_carea' id='block_1_83' title="bbox 2347 4276 3916 4359">
    <p class='ocr_par' dir='ltr' id='par_1_83' title="bbox 2347 4276 3916 4356">
     <span class='ocr_line' id='line_1_83' title="bbox 2347 4276 3916 4356; baseline 0.002 -19"><span class='ocrx_word' id='word_1_632' title='bbox 2347 4282 2507 4338; x_wconf 70' lang='lat' dir='ltr'><strong>tionis</strong></span> <span class='ocrx_word' id='word_1_633' title='bbox 2529 4279 3042 4348; x_wconf 70' lang='lat' dir='ltr'><strong>ﬁlﬁsequatesenmt</strong></span> <span class='ocrx_word' id='word_1_634' title='bbox 3062 4277 3268 4349; x_wconf 80' lang='lat' dir='ltr'><strong>angelis</strong></span> <span class='ocrx_word' id='word_1_635' title='bbox 3286 4276 3384 4334; x_wconf 89' lang='lat' dir='ltr'><strong>Dei</strong></span> <span class='ocrx_word' id='word_1_636' title='bbox 3401 4277 3616 4350; x_wconf 61' lang='grc' dir='ltr'><strong>(ιω.</strong></span> <span class='ocrx_word' id='word_1_637' title='bbox 3640 4276 3780 4349; x_wconf 80' lang='lat' dir='ltr'><strong>nu,</strong></span> <span class='ocrx_word' id='word_1_638' title='bbox 3801 4283 3916 4356; x_wconf 77' lang='lat'><strong>30).</strong></span> 
     </span>
    </p>
   </div>
   <div class='ocr_carea' id='block_1_84' title="bbox 647 4366 3916 4480">
    <p class='ocr_par' dir='ltr' id='par_1_84' title="bbox 647 4366 3916 4480">
     <span class='ocr_line' id='line_1_84' title="bbox 647 4366 3916 4480; baseline 0 -50"><span class='ocrx_word' id='word_1_639' title='bbox 647 4376 1024 4448; x_wconf 79' lang='lat' dir='ltr'><strong>persecutione</strong></span> <span class='ocrx_word' id='word_1_640' title='bbox 1065 4390 1193 4433; x_wconf 86' lang='lat' dir='ltr'><strong>eum</strong></span> <span class='ocrx_word' id='word_1_641' title='bbox 1249 4376 1371 4434; x_wconf 85' lang='lat' dir='ltr'><strong>aliis</strong></span> <span class='ocrx_word' id='word_1_642' title='bbox 1423 4376 1672 4433; x_wconf 80' lang='lat' dir='ltr'><strong>ﬁdelibus</strong></span> <span class='ocrx_word' id='word_1_643' title='bbox 1716 4377 1954 4444; x_wconf 79' lang='lat' dir='ltr'><strong>Christi,</strong></span> <span class='ocrx_word' id='word_1_644' title='bbox 1975 4469 1988 4480; x_wconf 41' lang='grc' dir='ltr'>ι</span> <span class='ocrx_word' id='word_1_645' title='bbox 2004 4377 2237 4451; x_wconf 75' lang='lat' dir='ltr'><strong>glorioso</strong></span> <span class='ocrx_word' id='word_1_646' title='bbox 2268 4421 2320 4480; x_wconf 64' lang='grc' dir='ltr'><strong><em>υ</em></strong></span> <span class='ocrx_word' id='word_1_647' title='bbox 2503 4367 2764 4480; x_wconf 46' lang='lat' dir='ltr'><strong>quidquid</strong></span> <span class='ocrx_word' id='word_1_648' title='bbox 2790 4368 2858 4425; x_wconf 80' lang='lat' dir='ltr'><strong>de</strong></span> <span class='ocrx_word' id='word_1_649' title='bbox 3221 4367 3382 4436; x_wconf 82' lang='lat' dir='ltr'><strong>vivis,</strong></span> <span class='ocrx_word' id='word_1_650' title='bbox 3406 4369 3494 4480; x_wconf 54' lang='lat' dir='ltr'><strong>vii</strong></span> <span class='ocrx_word' id='word_1_651' title='bbox 3521 4379 3648 4480; x_wconf 66' lang='lat' dir='ltr'><strong>post</strong></span> 
     </span>
    </p>
   </div>
   <div class='ocr_carea' id='block_1_85' title="bbox 647 4461 3920 4541">
    <p class='ocr_par' dir='ltr' id='par_1_85' title="bbox 647 4461 3920 4541">
     <span class='ocr_line' id='line_1_85' title="bbox 647 4461 3920 4541; baseline 0.001 -19"><span class='ocrx_word' id='word_1_652' title='bbox 647 4467 1052 4522; x_wconf 72' lang='lat' dir='ltr'><strong>coronabantur</strong></span> <span class='ocrx_word' id='word_1_653' title='bbox 1076 4469 1338 4540; x_wconf 81' lang='lat' dir='ltr'><strong>martyrio</strong></span> <span class='ocrx_word' id='word_1_654' title='bbox 1381 4486 1395 4522; x_wconf 90' lang='lat'><strong>:</strong></span> <span class='ocrx_word' id='word_1_655' title='bbox 1437 4484 1695 4540; x_wconf 85' lang='lat' dir='ltr'><strong>percusso</strong></span> <span class='ocrx_word' id='word_1_656' title='bbox 1731 4477 1910 4526; x_wconf 81' lang='lat' dir='ltr'><strong>autem</strong></span> <span class='ocrx_word' id='word_1_657' title='bbox 1934 4469 2033 4526; x_wconf 80' lang='lat' dir='ltr'><strong>illo</strong></span> <span class='ocrx_word' id='word_1_658' title='bbox 2048 4471 2230 4541; x_wconf 87' lang='lat' dir='ltr'><strong>perdi-</strong></span> <span class='ocrx_word' id='word_1_659' title='bbox 2268 4461 2318 4480; x_wconf 90' lang='lat'><em>&quot;</em></span> <span class='ocrx_word' id='word_1_660' title='bbox 2337 4465 2404 4521; x_wconf 88' lang='lat' dir='ltr'><strong>de</strong></span> <span class='ocrx_word' id='word_1_661' title='bbox 2431 4461 2788 4519; x_wconf 81' lang='lat' dir='ltr'><strong>cadaveribus</strong></span> <span class='ocrx_word' id='word_1_662' title='bbox 2807 4461 2988 4534; x_wconf 89' lang='lat' dir='ltr'><strong>periit,</strong></span> <span class='ocrx_word' id='word_1_663' title='bbox 3011 4462 3385 4534; x_wconf 85' lang='lat' dir='ltr'><strong>humanosque</strong></span> <span class='ocrx_word' id='word_1_664' title='bbox 3407 4462 3595 4537; x_wconf 78' lang='lat' dir='ltr'><strong>cd’ugit</strong></span> <span class='ocrx_word' id='word_1_665' title='bbox 3634 4465 3804 4535; x_wconf 90' lang='lat' dir='ltr'><strong>visus,</strong></span> <span class='ocrx_word' id='word_1_666' title='bbox 3848 4468 3920 4525; x_wconf 88' lang='lat' dir='ltr'><strong>si-</strong></span> 
     </span>
    </p>
   </div>
   <div class='ocr_carea' id='block_1_86' title="bbox 647 4553 3916 4638">
    <p class='ocr_par' dir='ltr' id='par_1_86' title="bbox 647 4553 3916 4638">
     <span class='ocr_line' id='line_1_86' title="bbox 647 4553 3916 4638; baseline 0.004 -25"><span class='ocrx_word' id='word_1_667' title='bbox 647 4556 823 4614; x_wconf 83' lang='lat' dir='ltr'><strong>tionis</strong></span> <span class='ocrx_word' id='word_1_668' title='bbox 863 4557 992 4621; x_wconf 82' lang='lat' dir='ltr'><strong>tilio,</strong></span> <span class='ocrx_word' id='word_1_669' title='bbox 1044 4567 1101 4614; x_wconf 76' lang='lat' dir='ltr'><strong>ei</strong></span> <span class='ocrx_word' id='word_1_670' title='bbox 1147 4560 1472 4630; x_wconf 79' lang='lat' dir='ltr'><strong>impiissimo</strong></span> <span class='ocrx_word' id='word_1_671' title='bbox 1516 4561 1677 4634; x_wconf 77' lang='lat'><strong>735</strong></span> <span class='ocrx_word' id='word_1_672' title='bbox 1731 4563 1898 4619; x_wconf 87' lang='lat' dir='ltr'><strong>totius</strong></span> <span class='ocrx_word' id='word_1_673' title='bbox 1929 4563 2232 4638; x_wconf 82' lang='lat' dir='ltr'><strong>iniquitatis</strong></span> <span class='ocrx_word' id='word_1_674' title='bbox 2334 4553 2596 4610; x_wconf 68' lang='lat' dir='ltr'><strong>mutem</strong></span> <span class='ocrx_word' id='word_1_675' title='bbox 2627 4569 2715 4621; x_wconf 78' lang='lat' dir='ltr'><strong>eo.</strong></span> <span class='ocrx_word' id='word_1_676' title='bbox 2757 4553 2902 4626; x_wconf 78' lang='lat' dir='ltr'><strong>quod</strong></span> <span class='ocrx_word' id='word_1_677' title='bbox 2952 4554 3008 4611; x_wconf 82' lang='lat' dir='ltr'><strong>in</strong></span> <span class='ocrx_word' id='word_1_678' title='bbox 3041 4554 3306 4626; x_wconf 66' lang='lat' dir='ltr'><strong>sepulcris</strong></span> <span class='ocrx_word' id='word_1_679' title='bbox 3333 4556 3628 4624; x_wconf 70' lang='lat' dir='ltr'><strong>remansit.</strong></span> <span class='ocrx_word' id='word_1_680' title='bbox 3660 4574 3716 4614; x_wconf 82' lang='grc' dir='ltr'>ιιι</span> <span class='ocrx_word' id='word_1_681' title='bbox 3757 4559 3916 4632; x_wconf 81' lang='lat' dir='ltr'><strong>spiri-</strong></span> 
     </span>
    </p>
   </div>
   <div class='ocr_carea' id='block_1_87' title="bbox 648 4645 3914 4724">
    <p class='ocr_par' dir='ltr' id='par_1_87' title="bbox 648 4645 3914 4724">
     <span class='ocr_line' id='line_1_87' title="bbox 648 4645 3914 4724; baseline 0.001 -21"><span class='ocrx_word' id='word_1_682' title='bbox 648 4648 927 4717; x_wconf 80' lang='lat' dir='ltr'><strong>msgistro,</strong></span> <span class='ocrx_word' id='word_1_683' title='bbox 955 4648 1026 4704; x_wconf 86' lang='lat' dir='ltr'><strong>ab</strong></span> <span class='ocrx_word' id='word_1_684' title='bbox 1041 4648 1160 4720; x_wconf 81' lang='lat' dir='ltr'><strong>ipso</strong></span> <span class='ocrx_word' id='word_1_685' title='bbox 1176 4649 1423 4716; x_wconf 85' lang='lat' dir='ltr'><strong>Domino,</strong></span> <span class='ocrx_word' id='word_1_686' title='bbox 1444 4653 1585 4708; x_wconf 86' lang='lat' dir='ltr'><strong>sicut</strong></span> <span class='ocrx_word' id='word_1_687' title='bbox 1607 4653 1890 4724; x_wconf 84' lang='lat' dir='ltr'><strong>Apostolus</strong></span> <span class='ocrx_word' id='word_1_688' title='bbox 1910 4655 1988 4710; x_wconf 89' lang='lat' dir='ltr'><strong>ait</strong></span> <span class='ocrx_word' id='word_1_689' title='bbox 2013 4672 2027 4709; x_wconf 88' lang='lat'><strong>:</strong></span> <span class='ocrx_word' id='word_1_690' title='bbox 2062 4654 2228 4722; x_wconf 77' lang='lat' dir='ltr'><strong>Quem</strong></span> <span class='ocrx_word' id='word_1_691' title='bbox 2331 4647 2456 4702; x_wconf 86' lang='lat' dir='ltr'><strong>talis</strong></span> <span class='ocrx_word' id='word_1_692' title='bbox 2484 4647 2728 4719; x_wconf 89' lang='lat' dir='ltr'><strong>corporis</strong></span> <span class='ocrx_word' id='word_1_693' title='bbox 2754 4647 3047 4704; x_wconf 85' lang='lat' dir='ltr'><strong>novitatem</strong></span> <span class='ocrx_word' id='word_1_694' title='bbox 3084 4645 3218 4720; x_wconf 78' lang='lat' dir='ltr'><strong>[Al.,</strong></span> <span class='ocrx_word' id='word_1_695' title='bbox 3245 4646 3531 4722; x_wconf 85' lang='lat' dir='ltr'><strong>novitate],</strong></span> <span class='ocrx_word' id='word_1_696' title='bbox 3557 4663 3625 4704; x_wconf 78' lang='lat' dir='ltr'><strong>ex</strong></span> <span class='ocrx_word' id='word_1_697' title='bbox 3663 4649 3914 4724; x_wconf 88' lang='lat' dir='ltr'><strong>animalis</strong></span> 
     </span>
    </p>
   </div>
   <div class='ocr_carea' id='block_1_88' title="bbox 648 4737 3913 4811">
    <p class='ocr_par' dir='ltr' id='par_1_88' title="bbox 648 4737 3913 4811">
     <span class='ocr_line' id='line_1_88' title="bbox 648 4737 3913 4811; baseline 0.001 -17"><span class='ocrx_word' id='word_1_698' title='bbox 648 4738 906 4794; x_wconf 71' lang='lat' dir='ltr'><strong>Dominus</strong></span> <span class='ocrx_word' id='word_1_699' title='bbox 947 4737 1104 4792; x_wconf 76' lang='lat' dir='ltr'><strong>Iesus</strong></span> <span class='ocrx_word' id='word_1_700' title='bbox 1125 4739 1404 4808; x_wconf 64' lang='lat' dir='ltr'><strong>mirﬁciet</strong></span> <span class='ocrx_word' id='word_1_701' title='bbox 1427 4742 1616 4811; x_wconf 70' lang='lat' dir='ltr'><strong>spiritu</strong></span> <span class='ocrx_word' id='word_1_702' title='bbox 1644 4744 1750 4797; x_wconf 82' lang='lat' dir='ltr'><strong>oris</strong></span> <span class='ocrx_word' id='word_1_703' title='bbox 1772 4745 1879 4809; x_wconf 76' lang='lat' dir='ltr'><strong>sui,</strong></span> <span class='ocrx_word' id='word_1_704' title='bbox 1906 4754 1956 4798; x_wconf 88' lang='lat' dir='ltr'><strong>et</strong></span> <span class='ocrx_word' id='word_1_705' title='bbox 1999 4745 2228 4800; x_wconf 73' lang='lat' dir='ltr'><strong>destruet</strong></span> <span class='ocrx_word' id='word_1_706' title='bbox 2329 4739 2572 4810; x_wconf 82' lang='lat' dir='ltr'><strong>corporis</strong></span> <span class='ocrx_word' id='word_1_707' title='bbox 2596 4746 2862 4796; x_wconf 75' lang='lat' dir='ltr'><strong>vetustate</strong></span> <span class='ocrx_word' id='word_1_708' title='bbox 2879 4745 3171 4806; x_wconf 85' lang='lat' dir='ltr'><strong>mutatum,</strong></span> <span class='ocrx_word' id='word_1_709' title='bbox 3214 4747 3465 4811; x_wconf 64' lang='lat' dir='ltr'><strong>resurget</strong></span> <span class='ocrx_word' id='word_1_710' title='bbox 3509 4740 3913 4810; x_wconf 85' lang='lat' dir='ltr'><strong>incorruptione</strong></span> 
     </span>
    </p>
   </div>
   <div class='ocr_carea' id='block_1_89' title="bbox 645 4827 3908 4905">
    <p class='ocr_par' dir='ltr' id='par_1_89' title="bbox 645 4827 3908 4905">
     <span class='ocr_line' id='line_1_89' title="bbox 645 4827 3908 4905; baseline 0.003 -23"><span class='ocrx_word' id='word_1_711' title='bbox 645 4827 1002 4884; x_wconf 70' lang='lat' dir='ltr'><strong>illustrations</strong></span> <span class='ocrx_word' id='word_1_712' title='bbox 1034 4827 1287 4883; x_wconf 69' lang='lat' dir='ltr'><strong>adventus</strong></span> <span class='ocrx_word' id='word_1_713' title='bbox 1309 4830 1395 4883; x_wconf 72' lang='lat' dir='ltr'><strong>sui</strong></span> <span class='ocrx_word' id='word_1_714' title='bbox 1421 4829 1515 4900; x_wconf 74' lang='lat' dir='ltr'><strong>(If</strong></span> <span class='ocrx_word' id='word_1_715' title='bbox 1541 4829 1729 4885; x_wconf 71' lang='lat' dir='ltr'><strong>Thess.</strong></span> <span class='ocrx_word' id='word_1_716' title='bbox 1746 4846 1808 4897; x_wconf 82' lang='grc' dir='ltr'><strong>ιι,</strong></span> <span class='ocrx_word' id='word_1_717' title='bbox 1837 4832 1913 4904; x_wconf 81' lang='lat'><strong>8),</strong></span> <span class='ocrx_word' id='word_1_718' title='bbox 1960 4848 2069 4889; x_wconf 90' lang='lat' dir='ltr'><strong>non</strong></span> <span class='ocrx_word' id='word_1_719' title='bbox 2099 4849 2228 4890; x_wconf 86' lang='lat' dir='ltr'><strong>con-</strong></span> <span class='ocrx_word' id='word_1_720' title='bbox 2329 4839 2490 4900; x_wconf 75' lang='lat' dir='ltr'><strong>atque</strong></span> <span class='ocrx_word' id='word_1_721' title='bbox 2533 4831 2934 4888; x_wconf 84' lang='lat' dir='ltr'><strong>immortalitate</strong></span> <span class='ocrx_word' id='word_1_722' title='bbox 2976 4832 3251 4889; x_wconf 89' lang='lat' dir='ltr'><strong>vestitum.</strong></span> <span class='ocrx_word' id='word_1_723' title='bbox 3301 4829 3607 4904; x_wconf 74' lang='lat' dir='ltr'><strong>Resurgeut</strong></span> <span class='ocrx_word' id='word_1_724' title='bbox 3653 4839 3710 4887; x_wconf 91' lang='lat' dir='ltr'><strong>et</strong></span> <span class='ocrx_word' id='word_1_725' title='bbox 3757 4832 3908 4905; x_wconf 84' lang='lat' dir='ltr'><strong>impii</strong></span> 
     </span>
    </p>
   </div>
   <div class='ocr_carea' id='block_1_90' title="bbox 647 4918 3910 4993">
    <p class='ocr_par' dir='ltr' id='par_1_90' title="bbox 647 4918 3910 4993">
     <span class='ocr_line' id='line_1_90' title="bbox 647 4918 3910 4993; baseline 0.003 -22"><span class='ocrx_word' id='word_1_726' title='bbox 647 4918 799 4973; x_wconf 90' lang='lat' dir='ltr'><strong>tinuo</strong></span> <span class='ocrx_word' id='word_1_727' title='bbox 846 4920 962 4976; x_wconf 78' lang='lat' dir='ltr'><strong>dies</strong></span> <span class='ocrx_word' id='word_1_728' title='bbox 999 4919 1188 4992; x_wconf 64' lang='lat' dir='ltr'><strong>iudicii</strong></span> <span class='ocrx_word' id='word_1_729' title='bbox 1233 4927 1520 4975; x_wconf 75' lang='lat' dir='ltr'><strong>secuturus</strong></span> <span class='ocrx_word' id='word_1_730' title='bbox 1550 4935 1674 4976; x_wconf 86' lang='lat' dir='ltr'><strong>esse</strong></span> <span class='ocrx_word' id='word_1_731' title='bbox 1691 4921 1996 4978; x_wconf 86' lang='lat' dir='ltr'><strong>credendus</strong></span> <span class='ocrx_word' id='word_1_732' title='bbox 2034 4931 2140 4988; x_wconf 88' lang='lat' dir='ltr'><strong>est,</strong></span> <span class='ocrx_word' id='word_1_733' title='bbox 2167 4932 2229 4979; x_wconf 90' lang='lat' dir='ltr'><strong>ut</strong></span> <span class='ocrx_word' id='word_1_734' title='bbox 2328 4923 2703 4993; x_wconf 86' lang='lat' dir='ltr'><strong>unusquisque</strong></span> <span class='ocrx_word' id='word_1_735' title='bbox 2741 4940 2866 4980; x_wconf 92' lang='lat' dir='ltr'><strong>cum</strong></span> <span class='ocrx_word' id='word_1_736' title='bbox 2905 4938 3003 4980; x_wconf 88' lang='lat' dir='ltr'><strong>sua</strong></span> <span class='ocrx_word' id='word_1_737' title='bbox 3031 4939 3217 4989; x_wconf 82' lang='lat' dir='ltr'><strong>carne,</strong></span> <span class='ocrx_word' id='word_1_738' title='bbox 3247 4930 3308 4978; x_wconf 90' lang='lat' dir='ltr'><strong>ut</strong></span> <span class='ocrx_word' id='word_1_739' title='bbox 3331 4936 3456 4978; x_wconf 89' lang='lat' dir='ltr'><strong>cum</strong></span> <span class='ocrx_word' id='word_1_740' title='bbox 3475 4921 3692 4980; x_wconf 86' lang='lat' dir='ltr'><strong>diabolo</strong></span> <span class='ocrx_word' id='word_1_741' title='bbox 3714 4932 3770 4980; x_wconf 87' lang='lat' dir='ltr'><strong>et</strong></span> <span class='ocrx_word' id='word_1_742' title='bbox 3811 4941 3910 4981; x_wconf 87' lang='lat' dir='ltr'><strong>au-</strong></span> 
     </span>
    </p>
   </div>
   <div class='ocr_carea' id='block_1_91' title="bbox 646 5008 3907 5086">
    <p class='ocr_par' dir='ltr' id='par_1_91' title="bbox 646 5008 3907 5086">
     <span class='ocr_line' id='line_1_91' title="bbox 646 5008 3907 5086; baseline 0.003 -23"><span class='ocrx_word' id='word_1_743' title='bbox 646 5008 1000 5080; x_wconf 82' lang='lat' dir='ltr'><strong>adimpleatur</strong></span> <span class='ocrx_word' id='word_1_744' title='bbox 1033 5011 1176 5082; x_wconf 80' lang='lat' dir='ltr'><strong>quod</strong></span> <span class='ocrx_word' id='word_1_745' title='bbox 1219 5011 1333 5083; x_wconf 85' lang='lat' dir='ltr'><strong>ipse</strong></span> <span class='ocrx_word' id='word_1_746' title='bbox 1381 5011 1640 5068; x_wconf 81' lang='lat' dir='ltr'><strong>Dominus</strong></span> <span class='ocrx_word' id='word_1_747' title='bbox 1683 5013 1737 5068; x_wconf 88' lang='lat' dir='ltr'><strong>in</strong></span> <span class='ocrx_word' id='word_1_748' title='bbox 1787 5013 2077 5086; x_wconf 79' lang='lat' dir='ltr'><strong>Evangelia</strong></span> <span class='ocrx_word' id='word_1_749' title='bbox 2107 5017 2222 5072; x_wconf 90' lang='lat' dir='ltr'><strong>ait:</strong></span> <span class='ocrx_word' id='word_1_750' title='bbox 2329 5012 2465 5082; x_wconf 79' lang='lat' dir='ltr'><strong>gelis</strong></span> <span class='ocrx_word' id='word_1_751' title='bbox 2493 5013 2609 5083; x_wconf 86' lang='lat' dir='ltr'><strong>ejus</strong></span> <span class='ocrx_word' id='word_1_752' title='bbox 2643 5015 2957 5085; x_wconf 81' lang='lat' dir='ltr'><strong>puniantur.</strong></span> <span class='ocrx_word' id='word_1_753' title='bbox 2982 5012 3178 5070; x_wconf 77' lang='lat' dir='ltr'><strong>Utrum</strong></span> <span class='ocrx_word' id='word_1_754' title='bbox 3214 5026 3348 5068; x_wconf 89' lang='lat' dir='ltr'><strong>sane</strong></span> <span class='ocrx_word' id='word_1_755' title='bbox 3376 5013 3478 5084; x_wconf 91' lang='lat' dir='ltr'><strong>ipsi</strong></span> <span class='ocrx_word' id='word_1_756' title='bbox 3502 5025 3623 5070; x_wconf 88' lang='lat' dir='ltr'><strong>cum</strong></span> <span class='ocrx_word' id='word_1_757' title='bbox 3651 5015 3819 5084; x_wconf 83' lang='lat' dir='ltr'><strong>vitiis,</strong></span> <span class='ocrx_word' id='word_1_758' title='bbox 3848 5025 3907 5074; x_wconf 90' lang='lat' dir='ltr'><strong>et</strong></span> 
     </span>
    </p>
   </div>
   <div class='ocr_carea' id='block_1_92' title="bbox 648 5099 3903 5180">
    <p class='ocr_par' dir='ltr' id='par_1_92' title="bbox 648 5099 3903 5180">
     <span class='ocr_line' id='line_1_92' title="bbox 648 5099 3903 5180; baseline 0.004 -28"><span class='ocrx_word' id='word_1_759' title='bbox 648 5099 730 5153; x_wconf 89' lang='lat' dir='ltr'><strong>De</strong></span> <span class='ocrx_word' id='word_1_760' title='bbox 755 5101 840 5154; x_wconf 76' lang='lat' dir='ltr'><strong>die</strong></span> <span class='ocrx_word' id='word_1_761' title='bbox 864 5113 1038 5156; x_wconf 76' lang='lat' dir='ltr'><strong>autem</strong></span> <span class='ocrx_word' id='word_1_762' title='bbox 1067 5102 1158 5157; x_wconf 83' lang='lat' dir='ltr'><strong>illo</strong></span> <span class='ocrx_word' id='word_1_763' title='bbox 1201 5112 1254 5158; x_wconf 85' lang='lat' dir='ltr'><strong>et</strong></span> <span class='ocrx_word' id='word_1_764' title='bbox 1291 5103 1424 5157; x_wconf 73' lang='lat' dir='ltr'><strong>liora</strong></span> <span class='ocrx_word' id='word_1_765' title='bbox 1455 5119 1604 5157; x_wconf 70' lang='lat' dir='ltr'><strong>uenio</strong></span> <span class='ocrx_word' id='word_1_766' title='bbox 1653 5104 1812 5175; x_wconf 64' lang='lat' dir='ltr'><strong>sonit,</strong></span> <span class='ocrx_word' id='word_1_767' title='bbox 1843 5121 2004 5177; x_wconf 79' lang='lat' dir='ltr'><strong>neque</strong></span> <span class='ocrx_word' id='word_1_768' title='bbox 2029 5105 2223 5178; x_wconf 80' lang='lat' dir='ltr'><strong>angeli,</strong></span> <span class='ocrx_word' id='word_1_769' title='bbox 2327 5105 2762 5162; x_wconf 73' lang='lat' dir='ltr'><strong>deformitatibus</strong></span> <span class='ocrx_word' id='word_1_770' title='bbox 2779 5119 2970 5162; x_wconf 85' lang='lat' dir='ltr'><strong>eorum</strong></span> <span class='ocrx_word' id='word_1_771' title='bbox 2997 5118 3284 5175; x_wconf 89' lang='lat' dir='ltr'><strong>corporum</strong></span> <span class='ocrx_word' id='word_1_772' title='bbox 3314 5116 3619 5179; x_wconf 85' lang='lat' dir='ltr'><strong>resurgant,</strong></span> <span class='ocrx_word' id='word_1_773' title='bbox 3643 5124 3903 5180; x_wconf 64' lang='lat' dir='ltr'><strong>quaecun-</strong></span> 
     </span>
    </p>
   </div>
   <div class='ocr_carea' id='block_1_93' title="bbox 646 5187 3902 5273">
    <p class='ocr_par' dir='ltr' id='par_1_93' title="bbox 646 5187 3902 5273">
     <span class='ocr_line' id='line_1_93' title="bbox 646 5187 3902 5273; baseline 0.005 -32"><span class='ocrx_word' id='word_1_774' title='bbox 646 5204 810 5258; x_wconf 66' lang='lat' dir='ltr'><strong>nequ</strong></span> <span class='ocrx_word' id='word_1_775' title='bbox 835 5187 1027 5255; x_wconf 76' lang='lat' dir='ltr'><strong>Filias,</strong></span> <span class='ocrx_word' id='word_1_776' title='bbox 1085 5192 1186 5248; x_wconf 74' lang='lat' dir='ltr'><strong>nisi</strong></span> <span class='ocrx_word' id='word_1_777' title='bbox 1238 5190 1401 5247; x_wconf 78' lang='lat' dir='ltr'><strong>Pater</strong></span> <span class='ocrx_word' id='word_1_778' title='bbox 1426 5190 1570 5247; x_wconf 79' lang='lat' dir='ltr'><strong>solus</strong></span> <span class='ocrx_word' id='word_1_779' title='bbox 1614 5192 1830 5265; x_wconf 69' lang='lat' dir='ltr'><strong>(Matth.</strong></span> <span class='ocrx_word' id='word_1_780' title='bbox 1885 5210 2036 5261; x_wconf 79' lang='lat' dir='ltr'><strong>xxrv,</strong></span> <span class='ocrx_word' id='word_1_781' title='bbox 2082 5194 2173 5267; x_wconf 75' lang='lat'><strong>36)</strong></span> <span class='ocrx_word' id='word_1_782' title='bbox 2207 5214 2220 5250; x_wconf 92' lang='lat'>:</span> <span class='ocrx_word' id='word_1_783' title='bbox 2326 5213 2431 5269; x_wconf 82' lang='lat' dir='ltr'><strong>que</strong></span> <span class='ocrx_word' id='word_1_784' title='bbox 2466 5198 2521 5253; x_wconf 91' lang='lat' dir='ltr'><strong>in</strong></span> <span class='ocrx_word' id='word_1_785' title='bbox 2558 5198 2638 5255; x_wconf 90' lang='lat' dir='ltr'><strong>eis</strong></span> <span class='ocrx_word' id='word_1_786' title='bbox 2670 5196 2863 5252; x_wconf 77' lang='lat' dir='ltr'><strong>vitiosa</strong></span> <span class='ocrx_word' id='word_1_787' title='bbox 2888 5203 2944 5251; x_wconf 89' lang='lat' dir='ltr'><strong>et</strong></span> <span class='ocrx_word' id='word_1_788' title='bbox 2971 5193 3234 5251; x_wconf 73' lang='lat' dir='ltr'><strong>deiorinia</strong></span> <span class='ocrx_word' id='word_1_789' title='bbox 3261 5197 3505 5265; x_wconf 87' lang='lat' dir='ltr'><strong>membra</strong></span> <span class='ocrx_word' id='word_1_790' title='bbox 3533 5208 3902 5273; x_wconf 88' lang='lat' dir='ltr'><strong>gestaverunt,</strong></span> 
     </span>
    </p>
   </div>
   <div class='ocr_carea' id='block_1_94' title="bbox 645 5281 3905 5366">
    <p class='ocr_par' dir='ltr' id='par_1_94' title="bbox 645 5281 3905 5366">
     <span class='ocr_line' id='line_1_94' title="bbox 645 5281 3905 5366; baseline 0.005 -32"><span class='ocrx_word' id='word_1_791' title='bbox 645 5281 914 5350; x_wconf 83' lang='lat' dir='ltr'><strong>quomodo</strong></span> <span class='ocrx_word' id='word_1_792' title='bbox 938 5282 1056 5337; x_wconf 66' lang='lat' dir='ltr'><strong>hee</strong></span> <span class='ocrx_word' id='word_1_793' title='bbox 1094 5281 1306 5338; x_wconf 84' lang='lat' dir='ltr'><strong>Domini</strong></span> <span class='ocrx_word' id='word_1_794' title='bbox 1349 5285 1514 5341; x_wconf 82' lang='lat' dir='ltr'><strong>verba</strong></span> <span class='ocrx_word' id='word_1_795' title='bbox 1561 5285 1913 5360; x_wconf 80' lang='lat' dir='ltr'><strong>intelligenda</strong></span> <span class='ocrx_word' id='word_1_796' title='bbox 1939 5287 2066 5352; x_wconf 86' lang='lat' dir='ltr'><strong>sint,</strong></span> <span class='ocrx_word' id='word_1_797' title='bbox 2105 5287 2228 5344; x_wconf 87' lang='lat' dir='ltr'><strong>loco</strong></span> <span class='ocrx_word' id='word_1_798' title='bbox 2327 5291 2646 5363; x_wconf 87' lang='lat' dir='ltr'><strong>inquirendo</strong></span> <span class='ocrx_word' id='word_1_799' title='bbox 2673 5289 2921 5346; x_wconf 88' lang='lat' dir='ltr'><strong>laborare</strong></span> <span class='ocrx_word' id='word_1_800' title='bbox 2949 5287 3077 5358; x_wconf 86' lang='lat' dir='ltr'><strong>quid</strong></span> <span class='ocrx_word' id='word_1_801' title='bbox 3103 5304 3240 5360; x_wconf 89' lang='lat' dir='ltr'><strong>opus</strong></span> <span class='ocrx_word' id='word_1_802' title='bbox 3264 5299 3348 5346; x_wconf 88' lang='lat' dir='ltr'><strong>est</strong></span> <span class='ocrx_word' id='word_1_803' title='bbox 3360 5292 3388 5346; x_wconf 60' lang='grc' dir='ltr'><strong><em>τη</em></strong></span> <span class='ocrx_word' id='word_1_804' title='bbox 3407 5292 3592 5366; x_wconf 86' lang='lat' dir='ltr'><strong>Neque</strong></span> <span class='ocrx_word' id='word_1_805' title='bbox 3609 5295 3755 5352; x_wconf 87' lang='lat' dir='ltr'><strong>enim</strong></span> <span class='ocrx_word' id='word_1_806' title='bbox 3778 5291 3905 5350; x_wconf 79' lang='lat' dir='ltr'><strong>fati-</strong></span> 
     </span>
    </p>
   </div>
   <div class='ocr_carea' id='block_1_95' title="bbox 647 5371 3901 5460">
    <p class='ocr_par' dir='ltr' id='par_1_95' title="bbox 647 5371 3901 5460">
     <span class='ocr_line' id='line_1_95' title="bbox 647 5371 3901 5460; baseline 0.006 -33"><span class='ocrx_word' id='word_1_807' title='bbox 647 5385 946 5441; x_wconf 74' lang='lat' dir='ltr'><strong>opportuno</strong></span> <span class='ocrx_word' id='word_1_808' title='bbox 976 5371 1223 5443; x_wconf 82' lang='lat' dir='ltr'><strong>superius</strong></span> <span class='ocrx_word' id='word_1_809' title='bbox 1239 5376 1603 5444; x_wconf 76' lang='lat' dir='ltr'><strong>exposuimus.</strong></span> <span class='ocrx_word' id='word_1_810' title='bbox 2323 5400 2455 5456; x_wconf 80' lang='lat' dir='ltr'><strong>gare</strong></span> <span class='ocrx_word' id='word_1_811' title='bbox 2481 5398 2581 5440; x_wconf 90' lang='lat' dir='ltr'><strong>nos</strong></span> <span class='ocrx_word' id='word_1_812' title='bbox 2607 5383 2766 5440; x_wconf 82' lang='lat' dir='ltr'><strong>debet</strong></span> <span class='ocrx_word' id='word_1_813' title='bbox 2788 5381 2994 5438; x_wconf 84' lang='lat' dir='ltr'><strong>incerta</strong></span> <span class='ocrx_word' id='word_1_814' title='bbox 3012 5395 3200 5439; x_wconf 89' lang='lat' dir='ltr'><strong>eorum</strong></span> <span class='ocrx_word' id='word_1_815' title='bbox 3229 5384 3508 5448; x_wconf 87' lang='lat' dir='ltr'><strong>habitudo.</strong></span> <span class='ocrx_word' id='word_1_816' title='bbox 3538 5386 3624 5443; x_wconf 91' lang='lat' dir='ltr'><strong>vel</strong></span> <span class='ocrx_word' id='word_1_817' title='bbox 3663 5387 3901 5460; x_wconf 83' lang='lat' dir='ltr'><strong>pulchri-</strong></span> 
     </span>
    </p>
   </div>
   <div class='ocr_carea' id='block_1_96' title="bbox 719 5505 3373 5589">
    <p class='ocr_par' dir='ltr' id='par_1_96' title="bbox 719 5505 3373 5589">
     <span class='ocr_line' id='line_1_96' title="bbox 719 5505 3373 5589; baseline 0.009 -29"><span class='ocrx_word' id='word_1_818' title='bbox 719 5519 743 5547; x_wconf 74' lang='grc' dir='ltr'><strong><em>ι</em></strong></span> <span class='ocrx_word' id='word_1_819' title='bbox 768 5507 940 5589; x_wconf 49' lang='lat' dir='ltr'><strong>[meos</strong></span> <span class='ocrx_word' id='word_1_820' title='bbox 957 5505 1259 5589; x_wconf 70' lang='lat' dir='ltr'><strong>corruptus,</strong></span> <span class='ocrx_word' id='word_1_821' title='bbox 1285 5511 1377 5589; x_wconf 72' lang='lat' dir='ltr'><strong>qui</strong></span> <span class='ocrx_word' id='word_1_822' title='bbox 1399 5527 1501 5584; x_wconf 84' lang='lat' dir='ltr'><strong>ope</strong></span> <span class='ocrx_word' id='word_1_823' title='bbox 1522 5531 1658 5572; x_wconf 81' lang='lat' dir='ltr'><strong>mss.</strong></span> <span class='ocrx_word' id='word_1_824' title='bbox 1678 5518 1877 5589; x_wconf 80' lang='lat' dir='ltr'><strong>corrigi</strong></span> <span class='ocrx_word' id='word_1_825' title='bbox 1897 5534 2000 5573; x_wconf 86' lang='lat' dir='ltr'><strong>non</strong></span> <span class='ocrx_word' id='word_1_826' title='bbox 2023 5518 2215 5587; x_wconf 88' lang='lat' dir='ltr'><strong>potuit.</strong></span> <span class='ocrx_word' id='word_1_827' title='bbox 2325 5516 2482 5589; x_wconf 85' lang='lat' dir='ltr'><strong>Deus.</strong></span> <span class='ocrx_word' id='word_1_828' title='bbox 2523 5538 2568 5589; x_wconf 73' lang='lat' dir='ltr'><strong>i_</strong></span> <span class='ocrx_word' id='word_1_829' title='bbox 2667 5585 2692 5589; x_wconf 29' lang='grc' dir='ltr'><strong>Α</strong></span> <span class='ocrx_word' id='word_1_830' title='bbox 2785 5586 2794 5589; x_wconf 90' lang='lat'>_</span> <span class='ocrx_word' id='word_1_831' title='bbox 2982 5587 2990 5589; x_wconf 21' lang='grc' dir='ltr'><em>Α</em></span> <span class='ocrx_word' id='word_1_832' title='bbox 3353 5557 3373 5584; x_wconf 64' lang='grc' dir='ltr'><strong>κ</strong></span> 
     </span>
    </p>
   </div>
   <div class='ocr_carea' id='block_1_97' title="bbox 651 5575 3904 5659">
    <p class='ocr_par' dir='ltr' id='par_1_97' title="bbox 651 5575 3904 5659">
     <span class='ocr_line' id='line_1_97' title="bbox 651 5575 3904 5659; baseline 0.006 -31"><span class='ocrx_word' id='word_1_833' title='bbox 651 5575 1254 5659; x_wconf 32' lang='grc' dir='ltr'><strong>Πεθηείθιάιιεψὲιλὲ</strong></span> <span class='ocrx_word' id='word_1_834' title='bbox 1287 5575 2214 5659; x_wconf 62' lang='lat' dir='ltr'><strong>Supraomnc,quoddicitiiFDciis,</strong></span> <span class='ocrx_word' id='word_1_835' title='bbox 2393 5588 2421 5629; x_wconf 74' lang='grc' dir='ltr'>δ</span> <span class='ocrx_word' id='word_1_836' title='bbox 2472 5587 2604 5642; x_wconf 87' lang='lat' dir='ltr'><strong>Vide</strong></span> <span class='ocrx_word' id='word_1_837' title='bbox 2660 5585 2716 5643; x_wconf 87' lang='lat' dir='ltr'><strong>S.</strong></span> <span class='ocrx_word' id='word_1_838' title='bbox 2771 5586 3145 5658; x_wconf 77' lang='lat' dir='ltr'><strong>Augustinum,</strong></span> <span class='ocrx_word' id='word_1_839' title='bbox 3197 5590 3289 5647; x_wconf 88' lang='lat' dir='ltr'><strong>lib.</strong></span> <span class='ocrx_word' id='word_1_840' title='bbox 3321 5575 3433 5646; x_wconf 54' lang='lat' dir='ltr'><strong>xiii</strong></span> <span class='ocrx_word' id='word_1_841' title='bbox 3483 5592 3556 5652; x_wconf 81' lang='lat' dir='ltr'><strong>De</strong></span> <span class='ocrx_word' id='word_1_842' title='bbox 3607 5592 3722 5651; x_wconf 88' lang='lat' dir='ltr'><strong>Civ.</strong></span> <span class='ocrx_word' id='word_1_843' title='bbox 3778 5589 3904 5656; x_wconf 75' lang='lat' dir='ltr'><strong>Dei.</strong></span> 
     </span>
    </p>
   </div>
   <div class='ocr_carea' id='block_1_98' title="bbox 653 5653 2555 5732">
    <p class='ocr_par' dir='ltr' id='par_1_98' title="bbox 653 5653 2555 5732">
     <span class='ocr_line' id='line_1_98' title="bbox 653 5653 2555 5732; baseline 0.009 -35"><span class='ocrx_word' id='word_1_844' title='bbox 653 5661 740 5701; x_wconf 57' lang='lat' dir='ltr'><strong>aut</strong></span> <span class='ocrx_word' id='word_1_845' title='bbox 785 5660 920 5719; x_wconf 77' lang='lat' dir='ltr'><strong>quod</strong></span> <span class='ocrx_word' id='word_1_846' title='bbox 969 5653 1158 5710; x_wconf 84' lang='lat' dir='ltr'><strong>colitur</strong></span> <span class='ocrx_word' id='word_1_847' title='bbox 1206 5653 1443 5713; x_wconf 76' lang='lat' dir='ltr'><strong>Ecclesia</strong></span> <span class='ocrx_word' id='word_1_848' title='bbox 1481 5653 1734 5726; x_wconf 80' lang='lat' dir='ltr'><strong>equidem</strong></span> <span class='ocrx_word' id='word_1_849' title='bbox 1757 5662 1974 5725; x_wconf 72' lang='lat' dir='ltr'><strong>sancta,</strong></span> <span class='ocrx_word' id='word_1_850' title='bbox 2023 5659 2218 5715; x_wconf 85' lang='lat' dir='ltr'><strong>dicitur</strong></span> <span class='ocrx_word' id='word_1_851' title='bbox 2323 5675 2438 5732; x_wconf 85' lang='lat' dir='ltr'><strong>cap.</strong></span> <span class='ocrx_word' id='word_1_852' title='bbox 2466 5659 2555 5712; x_wconf 75' lang='lat'><strong>‘20.</strong></span> 
     </span>
    </p>
   </div>
  </div>
