4228 6304
3270 74 3287 81 ν
3414 82 3417 83 ,
3480 82 3483 83 ν
3596 76 3617 81 γ-
3672 82 3697 85 Α.
3741 77 3746 80 -
3851 70 3930 82 ~77—

1882 98 1893 105 ,
2084 88 2091 89 κ
2178 108 2183 109 ν
2256 80 2259 81 ⁷
2332 100 2345 101 κ
2386 106 2395 111 Α
2465 107 2472 110 _
2499 107 2510 114 κ
2665 93 2696 98 --
2798 112 2805 119 ,
2844 86 2865 89 τ
2925 87 2932 92 ·
2981 105 2988 112 __
3013 101 3036 106 ..
3067 99 3104 110 ...-
3169 99 3176 102 .
3210 76 3257 113 ζμ
3318 84 3323 85 ⁷
3428 84 3613 107 "1--
3622 84 3817 123 γεεί-ιη
3842 85 3930 123 πι-

1205 135 1232 140 _
1254 126 1349 140 ___,
1397 112 1580 139 __,___...
1607 129 1640 140 μ..
1659 117 2096 146 -υ-“
2113 125 2175 133 ’ν
2206 130 2215 135 ι
2242 130 2251 133 -
2329 131 2368 144 ιι..
2466 126 2469 127 ⁷
2498 136 2501 137 ν
2546 130 2555 143 ι
2599 135 2626 146 ο.
2645 117 3016 151 ...
3066 126 3082 148 -
3114 120 3287 145 ⁸ζῗλλῂῐ
3320 116 3801 159 ".5a.u:..;-;;—~_:Z;‘x;c
3899 119 3928 130 h

1287 145 1314 149 _.
1341 147 1348 150 _
1371 145 1388 150 ρ
1451 145 1492 151 --υ
1509 137 2084 157 --μςἪ-δ.-.,-.⁴Ξ¹-·ι-ιι“.
2103 150 2464 161 -σκρ-εμ-..ι-ι-ιιιει--μ-
2495 153 2498 156 -
2559 155 2600 161 ----
2629 151 2994 168 Matuta".
3604 162 3607 163 ⁷
3642 156 3647 161 ³
3794 164 3801 167 “
3854 168 3857 169 ν
3891 159 3920 174 -“’

338 439 410 496 53
903 447 1316 506 DOGMATICA.
1355 478 1425 488 —-
1464 447 1551 503 DE
1587 447 1744 502 FIDE
1781 447 1840 501 S.
1882 445 2271 506 TRINITATIS
2307 450 2504 505 [ΑΒΜ.
2547 451 2630 506 lli.
2652 481 2723 493 —
2759 451 2886 506 LIB.
2927 452 3009 507 ill.
3499 453 3572 510 54

341 549 488 616 tudo,
538 567 766 624 quorum
811 555 916 612 erit
961 566 1110 612 certa
1145 567 1202 613 et
1255 556 1581 628 sempiterna
1611 557 1903 614 damnatio.
1937 562 1982 617 Α

340 640 456 698 Hoc
488 646 794 704 certissime
837 649 1116 706 sciendum
1161 659 1267 718 est,
1305 651 1431 720 quia
1473 666 1633 720 nemo
1675 651 1778 706 nisi
1807 666 1903 721 per

340 731 634 791 indebitam
676 738 1100 795 misericordiam
1129 741 1223 796 Dei
1262 740 1577 806 liberabitur
1603 758 1618 796 :
1643 750 1701 797 et
1744 757 1904 798 nemo

337 826 444 882 nisi
475 840 574 897 per
608 828 847 885 debitum
867 829 1125 899 judicium
1149 831 1510 888 damnabitur.
1547 832 1701 888 Tunc
1731 833 1903 889 sancti

339 917 513 972 scient
535 917 764 987 plenius,
816 921 945 992 quid
979 921 1106 976 boni
1133 922 1214 978 eis
1238 921 1527 982 contulerit
1562 922 1770 994 gratia;
1816 921 1903 978 vel

337 1005 469 1074 quid
512 1016 695 1063 essent
736 1010 1012 1066 consecuti
1064 1008 1199 1084 [Al.,
1225 1010 1612 1085 consecuturi],
1637 1011 1684 1068 si
1725 1011 1904 1070 divina

338 1107 434 1150 eos
481 1098 718 1169 gratuito
763 1115 988 1155 munere
1033 1116 1138 1157 non
1192 1101 1443 1173 elegisset
1489 1101 1901 1172 misericordia;

336 1191 416 1238 et'
451 1199 614 1254 quam
669 1201 858 1242 verum
911 1189 1012 1255 sit,
1067 1190 1210 1260 quod
1270 1189 1326 1245 in
1369 1189 1584 1252 Pssimo
1632 1192 1847 1248 canitur
1886 1207 1902 1248 :

339 1270 757 1330 Hisericordiam
805 1287 854 1332 et
898 1277 1163 1350 judicium
1220 1279 1441 1336 cantabo
1485 1274 1620 1350 tibi,
1685 1280 1906 1344 Domine

338 1359 511 1433 (ριαι.
533 1379 588 1432 c,
616 1363 688 1438 l).
713 1419 728 1430 ,

925 1503 1151 1576 CAPUT
1175 1492 1331 1560 xxx.

486 1611 566 1669 De
583 1613 856 1685 iustorum
875 1617 1113 1686 prmio,
1141 1625 1189 1670 et
1214 1631 1366 1688 ρωιια
1391 1627 1742 1687 peccatorum.

405 1739 622 1813 Deigne
649 1741 754 1799 diei
775 1717 964 1814 iudicii
1001 1743 1288 1814 Apostolus
1324 1745 1438 1801 ait:
1481 1743 1903 1818 Uniuscujusque

334 1848 467 1904 opus
491 1832 645 1904 quale
663 1833 770 1901 sit,
802 1834 940 1906 ignis
967 1834 1252 1890 declarabit
1278 1835 1332 1908 (Ι
1387 1835 1512 1892 Cor.
1543 1852 1629 1903 ut,
1659 1836 1772 1910 l3).
1824 1836 1902 1894 De

2579 559 2807 620 CAPUT
2837 563 2998 617 XXII.

2284 650 2362 706 De
2390 661 2586 706 eterna
2629 652 2945 708 beatitudine
2971 663 3289 710 sanctorum.

2073 735 2214 803 Quid
2233 752 2363 793 vero
2384 739 2560 795 acturi
2583 739 2693 796 sint
2711 742 2882 796 sant-ti
2929 742 2984 796 in
3013 741 3100 797 illa
3129 744 3315 813 requie
3351 759 3574 800 summae

2002 824 2370 894 beatitudinis,
2422 828 2708 886 Psalmista
2725 832 2974 903 exposuit
3015 831 3245 889 dicens:
3284 833 3437 891 Beati
3479 838 3572 908 qui

2001 916 2243 991 habitant.
2257 919 2313 971 in
2329 918 2488 974 domo
2508 929 2621 987 tu,
2637 920 2878 986 Domine,
2903 923 2959 976 in
2981 921 3234 978 accolunt
3253 923 3433 979 seculi
3455 923 3575 980 latt-

2002 1005 2202 1062 dalmnt
2223 1017 2272 1064 te
2292 1007 2466 1082 (Psal.
2490 1027 2722 1079 sxxxnt,
2742 1011 2819 1086 5).
2844 1013 2914 1068 Et
2930 1015 3237 1085 expressius
3255 1016 3370 1087 ipse
3394 1016 3573 1072 Domi-

2003 1111 2106 1153 uus
2120 1095 2173 1151 in
2188 1096 2477 1170 Evangelio
2495 1099 2904 1178 demonstravit,
2919 1101 3034 1175 [ubi
3059 1102 3158 1178 ait]
3175 1123 3189 1158 :
3209 1104 3360 1161 Beati
3377 1106 3572 1185 νηιριόο

2005 1185 2180 1251 corde,
2210 1189 2458 1258 quoniam
2503 1189 2606 1261 ipsi
2630 1189 2799 1246 Deum
2847 1191 3090 1252 videbunt
3140 1191 3358 1266 (Hattlt.
3384 1210 3440 1262 v,
3489 1193 3568 1266 8).

2006 1271 2130 1328 Haec
2155 1272 2284 1347 [est]
2311 1273 2513 1348 absque
2534 1278 2680 1334 omni
2698 1280 3103 1350 perturbatione
3133 1282 3291 1338 beata
3315 1283 3412 1338 Dei
3443 1299 3569 1356 pax,

2003 1378 2126 1433 qua:
2173 1375 2465 1439 exsuperat
2503 1384 2720 1427 omnem
2749 1387 2990 1440 sensum,
3037 1374 3093 1429 in
3147 1389 3254 1446 qua
3303 1376 3573 1452 videbitur

2004 1454 2147 1510 Deus
2181 1456 2406 1513 deorum
2439 1458 2496 1515 in
2537 1459 2690 1527 Sion,
2735 1460 2791 1518 id
2838 1471 2943 1529 est,
2987 1463 3044 1518 in
3069 1464 3287 1534 speculo
3305 1473 3576 1536 perpetua:

2003 1548 2221 1618 quietis.
2255 1548 2450 1606 Omnia
2488 1550 2688 1623 quippe
2713 1554 2956 1609 membra
3003 1561 3059 1623 et
3086 1555 3298 1611 viscera
3327 1555 3576 1612 incorru-

2001 1638 2207 1709 ptibilis
2261 1641 2527 1710 corporis,
2552 1655 2674 1714 quae
2698 1658 2844 1700 nunc
2869 1641 3114 1700 videmus
3153 1659 3252 1715 per
3300 1658 3432 1721 usus
3474 1659 3573 1701 ne-

2001 1729 2274 1786 cessitatis
2323 1728 2609 1788 distributa
2662 1733 2865 1792 habere
2913 1735 3233 1803 ministeria,
3295 1733 3574 1810 proficient

2001 1817 2250 1875 laudibus
2274 1810 2396 1887 Dei,
2421 1822 2552 1892 quia
2581 1823 2726 1879 nulla
2753 1825 2862 1881 erit
2881 1825 2986 1881 illis
3005 1832 3136 1884 tunc
3162 1825 3458 1883 necessitas
3499 1825 3575 1880 la-

335 1897 460 1992 tine
477 1897 792 1994 ῥυτεεωιιίο
814 1897 1061 1978 {meeum
1077 1897 1406 2000 .dixisse'mn
1426 1897 1899 1995 eadugmdum,
1933 1897 1976 1959 Β
2003 1908 2250 2005 horandi,
2300 1910 2444 1966 nulla
2476 1912 2762 2005 cujuslibet
2817 1913 3123 1988 indigentiae
3168 1916 3439 1983 molestia,
3477 1917 3573 1972 sed
3645 1997 3652 2005 Ι

333 2027 495 2083 quem
516 2013 691 2083 ignem
725 2013 882 2070 aliter
901 2014 1052 2085 impii
1071 2015 1323 2082 sentient,
1343 2015 1499 2074 aliter
1515 2019 1722 2085 sancti,
1747 2017 1904 2074 aliter

325 2101 480 2174 iusti.
505 2103 658 2176 lmpii
687 2105 951 2175 siquidem
969 2105 1036 2160 de
1064 2105 1205 2162 illius
1225 2106 1365 2178 ignis
1406 2107 1648 2164 cruciatu
1668 2108 1739 2164 ad
1779 2123 1903 2178 per-

327 2202 524 2265 petuas
579 2195 780 2268 ignium
823 2194 1068 2251 flammas
1113 2197 1483 2254 detmdentur.
1531 2198 1718 2256 Sancti
1746 2213 1897 2266 vero,

329 2286 424 2358 qui
451 2285 566 2350 sine
590 2286 737 2342 omni
759 2285 922 2360 736
943 2295 1285 2359 peccaton
1313 2289 1527 2346 macula
1555 2290 1610 2346 in
1660 2291 1901 2362 corpori-

328 2378 435 2437 bus
479 2379 594 2437 suis
634 2387 936 2452 resurgent,
969 2381 1062 2453 qui
1088 2397 1251 2452 supra
1276 2380 1681 2438 fundamentum
1703 2422 1722 2449 ,
1757 2383 1901 2454 quod

326 2479 414 2526 est
459 2467 727 2537 Christus,
769 2485 983 2538 aurum,
1029 2479 1312 2542 argentum
1360 2479 1416 2528 et
1455 2471 1662 2544 lapides
1694 2474 1898 2544 pretio-

323 2575 420 2618 sos
444 2559 862 2628 adificavernnt,
901 2569 1053 2618 tanta
1085 2561 1344 2619 facilitate
1367 2563 1518 2618 illum
1546 2563 1900 2635 pervolabunt

324 2649 530 2723 ignem,
555 2658 757 2722 quanta
776 2650 1082 2722 integritate
1103 2653 1245 2719 fidei,
1283 2662 1340 2709 et
1364 2653 1668 2712 dilectionis
1692 2641 1897 2712 Christi

322 2740 383 2797 in
409 2741 515 2798 hac
543 2740 652 2796 vita
692 2741 1066 2798 custodierunt
1099 2753 1397 2815 praecepta,
1429 2745 1642 2817 eritque
1676 2736 1790 2804 illis
1809 2746 1902 2805 ille

324 2830 472 2904 ignis
494 2831 600 2888 diei
617 2830 830 2901 iudicii,
864 2833 1005 2890 sicut
1028 2835 1202 2892 tribus
1227 2835 1409 2907 pueris
1450 2835 1694 2895 caminus
1719 2837 1896 2912 Baby-

323 2922 488 2980 lonia:
509 2921 743 2980 fornacis
770 2923 969 2991 fuerat,
1007 2926 1342 2998 qui'absque
1382 2928 1533 2984 omni
1557 2927 1896 2986 flammarum

323 3013 547 3070 hesione
591 3014 647 3069 in
681 3014 890 3070 Domini
925 3015 1117 3072 laudes
1161 3018 1400 3074 omnium
1445 3019 1896 3091 pulchritudinem

320 3109 699 3158 creaturarum
738 3103 1126 3161 convocabant.
1184 3105 1324 3162 Sunt
1362 3123 1491 3179 ergo
1513 3111 1731 3179 quidam
1762 3109 1895 3180 justi

319 3193 551 3312 mirantis
575 3195 894 3266 quibusdam
911 3198 1152 3312 peccatis
1182 3198 1420 3266 obnoxii,
1447 3199 1892 3312 quiaJ[Al.,nqui]
1921 3249 1968 3312 Ο

317 3284 728 3359 :edjficaverunt
782 3302 945 3357 supra
990 3285 1416 3357 fundamentum,
1458 3291 1602 3361 quod
1629 3300 1716 3348 est
1740 3291 1894 3351 Chri-

317 3382 463 3441 stus,
487 3372 690 3444 fenum,
719 3375 886 3448 ligna,
911 3377 1157 3451 stipulas,
1179 3395 1300 3450 quae
1342 3380 1488 3437 illius
1525 3381 1664 3452 ignis
1704 3383 1897 3440 ardore

316 3471 642 3536 purgantur,
668 3481 698 3520 a
726 3466 921 3535 quibus
940 3468 1198 3532 mandati,
1221 3475 1435 3526 aeterna:
1455 3469 1730 3529 felicitatis
1751 3473 1896 3546 digni

314 3551 624 3612 dlicientur
665 3553 854 3632 gloria.
897 3554 1098 3628 Illoque
1134 3558 1447 3614 transitoria
1486 3559 1631 3631 igne,
1671 3569 1733 3618 et
1785 3571 1897 3618 toto

314 3643 556 3702 extremi
601 3643 707 3701 diei
724 3642 928 3713 iudicio
956 3646 1239 3724 completo,
1266 3647 1572 3704 dividentur
1608 3649 1729 3706 duae
1767 3666 1896 3706 con-

294 3737 682 3810 gregationes',
735 3745 1050 3795 sanctorum
1075 3747 1132 3796 et
1181 3740 1501 3812 impiorum;
1532 3757 1640 3798 una
1667 3743 1887 3811 Christi,

313 3830 494 3888 altera
520 3829 750 3896 diaboli;
780 3843 886 3886 una
910 3830 1192 3898 bonorum,
1219 3829 1390 3888 altera
1409 3831 1673 3888 malorum
1701 3849 1715 3887 :
1747 3841 1895 3889 utra-

314 3937 425 3994 que
478 3920 795 3992 angelorum
846 3928 903 3977 et
958 3921 1257 3978 hominum.
1310 3923 1430 3980 istis
1474 3924 1744 3992 voluntas,
1787 3915 1893 3982 illis

313 4009 554 4067 facultas
569 4025 677 4067 non
693 4011 895 4083 poterit
917 4009 1025 4067 ulla
1051 4025 1171 4068 esse
1192 4013 1473 4083 peccandi,
1497 4029 1602 4072 nec
1637 4015 1747 4073 ulla
1765 4032 1896 4074 con-

285 4125 289 4128 ·
311 4103 453 4160 ditio
476 4104 777 4170 moriendi;
799 4103 919 4164 istis
945 4103 1002 4160 in
1020 4113 1226 4168 ater-na
1263 4105 1374 4165 vita
1396 4121 1526 4164 vero
1559 4105 1896 4180 feliciterque

308 4197 649 4262 viventibus,
671 4195 780 4251 illis
801 4194 1086 4253 infeliciter
1111 4197 1166 4252 in
1190 4198 1408 4254 aeternis
1455 4191 1742 4258 tormentis
1770 4201 1891 4258 sine

2001 1999 2160 2069 plena
2206 2010 2462 2072 certaque
2489 2003 2750 2060 securitas
2780 2012 2837 2061 et
2882 2006 3208 2078 sempiterna
3249 2006 3479 2064 felicitas
3519 2017 3574 2062 ct

2001 2090 2318 2148 indeflciens
2367 2092 2572 2150 laetitia.
2623 2093 2796 2162 Quam
2858 2094 3144 2153 ineli'abilis
3192 2096 3298 2153 erit
3349 2095 3572 2150 felicitas

2002 2181 2091 2238 illa
2117 2183 2208 2238 ubi
2232 2183 2436 2239 nullum
2456 2183 2563 2241 erit
2580 2184 2800 2252 malum,
2814 2186 2906 2241 ubi
2931 2185 3136 2241 nullum
3157 2185 3575 2248 deeritbonumi

2001 2271 2295 2328 Vacabitur
2346 2273 2441 2328 Dei
2493 2272 2760 2339 laudibus,
2809 2274 2902 2346 qui
2948 2274 3055 2331 erit
3078 2289 3241 2333 omne
3285 2275 3486 2332 bonum
3516 2275 3572 2330 in

1999 2363 2270 2421 omnibus.
2286 2365 2456 2428 ,Unus
2481 2381 2636 2422 amor
2673 2367 2946 2433 omnibus,
2972 2383 3081 2424 una
3107 2367 3394 2424 concordia
3437 2382 3572 2423 cun-

1999 2452 2124 2519 etis,
2174 2465 2331 2510 verus
2356 2455 2552 2522 honor,
2595 2455 2690 2527 qui
2715 2455 2847 2512 nulli
2881 2456 3167 2528 negabitur
3209 2455 3390 2532 digno,
3438 2456 3571 2513 nulli

1998 2539 2271 2598 deferetur
2299 2542 2538 2615 indigno.
2579 2543 2692 2604 Nec
2714 2545 2782 2600 ad
2809 2559 2932 2601 eum
2959 2546 3242 2616 perveniet
3263 2545 3404 2601 ullus
3427 2545 3568 2601 indi-

1997 2645 2154 2702 gnos,
2181 2632 2272 2687 ubi
2319 2633 2498 2690 nullus
2522 2635 2854 2706 permittitur
2896 2635 3030 2708 [Al.,
3057 2635 3418 2709 permittetur]
3451 2653 3571 2694 esse

1996 2721 2103 2776 nisi
2141 2720 2356 2791 dignus,
2391 2721 2484 2778 ubi
2527 2738 2651 2794 pax,
2689 2723 2782 2779 ubi
2811 2722 2948 2780 nihil
2992 2723 3277 2780 adversum
3315 2739 3348 2780 a
3390 2725 3571 2798 seipse

1995 2812 2246 2884 quisque,
2273 2828 2376 2870 nec
2400 2813 2470 2870 ab
2515 2813 2695 2899 aliquo
2737 2815 3003 2886 patietur;
3031 2815 3312 2887 praemium
3355 2815 3571 2872 virtutis

1993 2905 2101 2962 erit
2134 2905 2270 2979 ipse,
2311 2907 2406 2979 qui
2449 2908 2706 2965 virtutem
2725 2908 2910 2978 dedit;
2945 2917 3002 2968 et
3039 2911 3133 2981 qui
3169 2911 3427 2982 seipsum,
3457 2902 3566 2983 quo

1995 2996 2190 3056 melius
2216 3007 2273 3054 et
2296 2997 2471 3070 majus
2499 2999 2634 3055 nihil
2659 3001 2831 3072 possit
2853 3015 2993 3068 esse,
3021 3003 3302 3073 promisit,
3330 3003 3421 3076 qui
3465 3005 3570 3060 erit

1993 3088 2152 3144 beata
2177 3088 2402 3146 satietas
2426 3088 2711 3158 omnibus;
2751 3091 2896 3161 quod
2931 3091 3201 3164 Propheta
3239 3091 3443 3165 Spiritu
3483 3094 3568 3149 in-

1994 3176 2231 3253 spiratus
2253 3186 2442 3235 sancto
2464 3178 2710 3250 praevidit
2743 3181 2982 3251 optando
3006 3181 3290 3253 inquiens:
3324 3182 3570 3240 Satiabor

1996 3267 2124 3322 dum
2143 3249 2564 3336 manifestabitur
2587 3267 2758 3341 gloria
2780 3249 2885 3324 t’sa
2911 3249 3098 3342 (Psal:
3117 3286 3230 3337 xvt,
3263 3269 3373 3344 l5).
3421 3271 3571 3328 Tunc

1995 3357 2101 3412 erit
2114 3357 2230 3430 ipse
2249 3358 2393 3415 Deus
2412 3366 2726 3415 sanctorum
2744 3359 2990 3426 satietas,
3015 3359 3298 3418 beatorum
3316 3359 3569 3431 jucundi-

1995 3457 2100 3515 tas,
2125 3456 2182 3505 et
2203 3449 2384 3506 omnia
2430 3463 2766 3521 quaecunque
2808 3450 2878 3506 ab
2906 3449 2987 3506 eis
3014 3451 3240 3506 honeste
3265 3450 3562 3517 desiderari
3665 3507 3670 3512 ,

1992 3545 2239 3609 possunt,
2271 3547 2328 3594 et
2364 3539 2493 3604 vita,
2537 3542 2594 3595 et
2634 3537 2801 3608 salus,
2829 3548 2889 3596 et
2909 3539 3081 3597 virtus
3103 3539 3236 3614 [Al.,
3263 3539 3480 3615 victus],
3511 3552 3568 3598 et

1993 3627 2170 3697 copia,
2189 3635 2246 3683 et
2258 3626 2450 3700 gloria,
2472 3636 2529 3685 et
2545 3629 2737 3694 honor,
2761 3637 2817 3687 et
2831 3644 2962 3700 pax,
2982 3638 3182 3687 aeterna
3200 3631 3492 3698 beatitudo,
3511 3641 3569 3688 et

1992 3717 2150 3774 beata
2175 3719 2471 3775 aeternitas.
2502 3719 2622 3788 ipse
2646 3720 2755 3776 erit
2777 3719 3040 3792 perfectio
3063 3721 3448 3778 desideriorum
3466 3739 3562 3780 no-

1991 3817 2247 3876 atrorum,
2275 3809 2369 3880 qui
2393 3809 2512 3866 sine
2546 3810 2654 3865 line
2680 3810 2971 3879 videbitur,
3022 3809 3140 3868 sine
3168 3809 3385 3869 fastidio
3417 3829 3566 3870 ama-

1991 3901 2151 3966 bitur,
2183 3899 2652 3974 sinefatigatione
2679 3901 3003 3960 laudabitur.
3037 3903 3191 3960 Tunc
3213 3911 3423 3960 tantum
3453 3907 3566 3963 erit

1990 4007 2120 4050 vera
2163 3992 2561 4062 immortalitas,
2603 3993 2698 4052 ubi
2744 3994 2924 4052 nullus
2947 3995 3085 4053 mori
3130 4001 3327 4064 potest.
3375 3994 3558 4052 Prima
3661 4015 3667 4022 ’

1992 4087 2230 4144 conditio
2252 4087 2490 4143 hominis
2531 4085 2635 4142 fuit
2679 4098 2841 4156 posse
2862 4099 2970 4140 non
3008 4083 3146 4140 mori
3188 4081 3299 4158 [cui
3343 4095 3565 4157 propter

1988 4179 2198 4249 peccati
2215 4191 2433 4246 pmnam
2460 4174 2688 4248 contigit
2712 4189 2820 4231 non
2847 4189 3007 4248 posse
3029 4191 3137 4234 non
3168 4174 3327 4249 mori]
3353 4193 3368 4233 :
3397 4187 3567 4235 restat

310 4283 587 4345 modi
611 4292 876 4356 ροιαιιιο
893 4285 1226 4342 «animus,
1253 4285 1526 4355 Quonim,
1565 4287 1754 4360 “aqua
1796 4303 1893 4346 ex,
1991 4267 2046 4360 in
2073 4265 2163 4322 illa
2189 4265 2447 4360 felicitate
2466 4265 2598 4323 illud
2616 4265 2860 4360 tertium,
2885 4282 2995 4322 non
3036 4269 3378 4360 possenon.
3409 4268 3564 4325 Tunc

309 4377 474 4442 ueni
503 4373 698 4448 iudicii
748 4375 1104 4434 ventilabrum
1131 4375 1388 4436 discernit
1430 4376 1567 4453 (.41.,
1593 4356 1889 4459 άίέωηιοι]
1986 4356 2544 4464 lj'ﬂerjﬂlibemtn
2595 4356 2902 4426 arbitrium.
2949 4359 3092 4431 quod
3132 4359 3310 4464 ξτξξαξ
3346 4361 3561 4464 ξιοιξιξιιί

312 4447 653 4529 frumentum
680 4484 711 4524 a
731 4467 930 4539 paleis;
955 4468 1321 4541 unusquisque
1347 4447 1641 4530 secundum
1672 4447 1890 4530 modum
1987 4447 2092 4546 Ῑ¹¹ξ⁸
2113 4448 2195 4505 δίο
2213 4447 2610 4546 δ³ξ¹¹¹¹¹η1³⁰³⁶9
2628 4464 2735 4507 που
2758 4464 3018 4522 mre;
3061 4449 3157 4507 ⁸θά
3180 4448 3311 4546 iulg!
3346 4448 3564 4546 beatius
3630 4536 3634 4540 η

310 4559 639 4619 meritorum
661 4538 756 4613 aut
773 4538 1133 4622 damnabitur,
1156 4538 1252 4616 aut
1265 4557 1630 4618 coronabitnr.
1660 4559 1888 4629 Quidam

1992 4538 2112 4605 erit,
2133 4539 2350 4610 quando
2369 4539 2478 4596 tale
2511 4539 2636 4605 erit,
2658 4554 2766 4596 non
2795 4553 2958 4609 posse
2979 4553 3225 4612 peccare.
3251 4538 3402 4596 Tunc
3431 4540 3558 4595 sab-

1992 4631 2251 4666 λείξας-ιιι.
2295 4629 2388 4666 ΓΔΙ
2477 4628 2924 4666 ...εικῆ-αἰκιηαῖ
2949 4638 3165 4666 nun-nan
3203 4630 3399 4666 ηιιῖιίίιι
3443 4631 3556 4666 Αἶρε

309 4648 570 4708 videlicet
606 4644 764 4716 juxta
808 4653 1150 4716 peccatorum
1201 4648 1516 4716 quaiitatem
1549 4628 1735 4707 mitius
1779 4659 1890 4707 tor—
1918 4628 1968 4662 ”
1989 4631 2253 4688 batismus
2295 4629 2431 4703 (AL,
2477 4628 2924 4703 sabbatlssimus]
2947 4638 3165 4688 eterna
3203 4630 3400 4702 quietis
3442 4631 3560 4689 dies

306 4747 576 4815 queatur,
625 4735 717 4808 qui
747 4734 956 4791 minore
980 4732 1112 4806 [Al.,
1139 4734 1432 4808 minorum]
1462 4737 1728 4794 scelerum
1751 4753 1888 4809 pon-
2177 4717 2438 4826 οξιξηίδιξξ
2451 4718 2656 4826 ξξηέίξῧ
2940 4717 3212 4826 ﬁdem”?
3237 4722 3329 4792 ειυί
3352 4721 3559 4826 frnalib-

308 4807 442 4889 ιῇοη
487 4807 804 4900 gravantur.
843 4823 982 4880 Sunt
1027 4825 1190 4880 etiam
1230 4833 1287 4882 et
1329 4807 1646 4882 sanctorum
1693 4807 1886 4884 meri°a

1992 4817 2166 4876 tur,et
2182 4809 2275 4881 qui
2293 4809 2584 4876 amabitur,
2599 4808 2924 4866 laudabitur.
2953 4807 3106 4900 Nunc
3130 4825 3259 4900 ergo
3281 4811 3372 4881 qui
3398 4813 3557 4870 nobis

309 4897 565 4990 diversa;
597 4932 824 4991 quorum
845 4915 1070 4987 quisque
1093 4916 1384 4987 secundum
1411 4917 1728 4977 meritorum
1771 4933 1886 4976 ma-
1987 4899 2147 4991 hujus
2168 4899 2434 4991 sermonis
2467 4897 2682 4991 initium
2723 4907 2779 4955 et
2798 4913 2976 4991 causa
2990 4897 3111 4966 fuit,
3135 4899 3205 4959 sit
3241 4901 3402 4991 etiam
3429 4916 3554 4972 per-

309 4988 653 5089 gnitudinem
705 5015 921 5066 sternte
981 5004 1202 5078 recipiet
1244 5009 1465 5079 pmmia
1513 5009 1882 5068 beatitudinis.
1986 4989 2148 5048 lectio
2166 4988 2533 5089 et‘unis;pro-
2555 4989 2712 5089 cujus
2737 5004 2924 5089 amore
2965 4989 3206 5089 legentes
3230 4989 3554 5089 flagitamus,

307 5081 468 5177 διαὶ
487 5106 609 5178 ipse
625 5103 883 5162 Dominus
916 5099 971 5155 in
996 5097 1280 5170 Evangelio
1307 5099 1642 5169 significabat
1661 5103 1884 5162 dicens:

1992 5098 2096 5155 pro
2117 5083 2275 5141 nobis
2306 5083 2445 5156 apud
2484 5083 2602 5155 ejus
2629 5083 2966 5140 intercedere
3011 5081 3454 5186 misericordiam,
3496 5097 3558 5141 ut

225 5207 231 5214 '
311 5169 379 5250 ῖι
396 5169 564 5252 dolio
591 5193 770 5250 Patris
790 5193 890 5248 mei
909 5169 1202 5246 mansiones
1222 5188 1401 5244 multis
1422 5199 1544 5245 sunt
1565 5190 1746 5262 (Joan.
1770 5209 1884 5259 xlv,
1987 5185 2110 5228 cum
2131 5172 2234 5239 θίεν
2260 5186 2329 5228 θο
2358 5172 2675 5239 miserante»
2704 5185 3010 5262 πὶθτθθξηυτ
3027 5170 3094 5225 ad
3123 5169 3253 5227 ίηυά
3273 5173 3555 5242 Ρθτνεηῖτθ

306 5283 531 5360 amca
570 5301 730 5342 nemo
766 5285 822 5341 in
848 5284 954 5340 illis
976 5282 1199 5355 alicujus
1218 5281 1437 5346 lattitize,
1488 5258 1886 5340 vcl'beatitndié
1986 5279 2214 5336 regnum
2235 5263 2853 5334 cuiusnulluseuﬂnis.
2879 5258 3067 5318 Amen.

304 5375 395 5448 nis
433 5373 648 5433 sentiet
698 5375 1098 5441 detrimentum,
1145 5373 1269 5445 quia
1295 5370 1584 5442 unicuique
1633 5371 1883 5442 sulliciet,

1992 5388 2016 5424 ι
2065 5374 2431 5435 ιΝνοοΔτιο
2464 5377 2560 5433 AD
2596 5376 2697 5433 SS.
2737 5373 3159 5434 ΤΒΙΝΙΤΔΤΕΜ
3181 5416 3196 5442 ,
3235 5375 3326 5436 ΕΤ
3371 5376 3550 5435 FIDE]

303 5465 456 5543 quod
485 5464 744 5536 accipiet,
785 5467 915 5537 quia
956 5465 1204 5525 Christus
1233 5464 1339 5525 erit
1361 5461 1613 5524 omniain
1633 5463 1884 5523 omnibus
2400 5467 2776 5524 SYMBOLUII
2809 5466 3138 5526 EIUSDEM.

301 5551 536 5636 (Galeas.
573 5572 662 5625 Ill,
688 5557 796 5632 ll).
2059 5562 2274 5628 Adesto,
2299 5562 2478 5616 lumen
2506 5575 2714 5626 verum,
2738 5559 2921 5626 Pater,
2958 5560 3296 5632 omnipOtcns
3313 5559 3475 5616 Deus.

97 5699 104 5704 ’
313 5761 320 5764 _
375 5705 406 5740 ι
433 5689 541 5764 llic
559 5691 924 5764 titulqsidegs‘t
951 5692 1006 5764 in
1035 5692 1158 5749 aliis
1185 5694 1339 5764 codd.
1370 5692 1643 5764 mssglpsa
1669 5705 1880 5764 quoque
1985 5691 2280 5760 Credimus,
2300 5700 2357 5748 ut
2378 5691 2538 5759 infra,
2562 5692 2746 5750 statim
2775 5693 2828 5749 in
2850 5694 2955 5750 fine
2981 5690 3140 5761 hujus
3161 5690 3332 5748 ultimi
3355 5693 3545 5764 capitis

149 5807 152 5810 .
247 5807 250 5810 .
821 5761 1351 5840 Trinitatemincod.
1376 5779 1476 5818 ms.
1494 5761 1877 5840 legeruseensi
1984 5765 2218 5834 ponitur.

219 5909 228 5916 η
277 5837 438 5906 ιιι-ὣ
455 5834 629 5896 editis
643 5832 962 5907 quibusdam
978 5833 1067 5889 hic
1087 5834 1370 5900 omitittur,
1397 5831 1695 5904 symbolum
1714 5845 1871 5916 vero:

69 5969 100 6024 t‘
203 5985 250 6016 αῖ·
295 5965 320 6024 '.

81 6031 108 6068 Γ
151 6033 300 6080 ...π’

137 6099 160 6122 ι’
277 6103 324 6132 ,π
501 6109 504 6112 ·

90 6281 508 6304 “-“¹-·¹“
