4228 6260
577 263 650 323 ss
723 225 730 228 ’
805 247 808 250 ’
1426 264 1484 314 n.
1524 259 1583 313 ι’.
1626 257 1849 312 ALBINI
1889 256 2018 313 SEL'
2061 254 2330 310 nith
2369 251 2649 309 UPERL’M
2685 251 2860 306 rans
2897 247 2979 304 lli.
3149 300 3152 304 ,
3754 242 3822 298 56

645 383 840 435 Adesto
869 381 1046 434 lumen
1083 380 1146 433 de
1195 378 1414 438 lumine,
1450 375 1682 428 Verbum
1712 380 1767 426 et
1816 369 1984 424 Filius
2029 367 2144 430 Dei,
2176 373 2226 432 Α
2323 363 2464 417 Deus
2499 377 2622 416 vera
2665 368 2720 415 et
2760 373 2968 414 summa
2994 357 3125 423 vita,
3151 357 3333 428 inquo
3359 366 3414 411 et
3436 373 3466 411 a
3498 371 3623 427 quo,
3654 363 3708 410 et
3729 371 3830 426 per

579 470 718 524 Deus
743 471 1102 539 omnipotens.

646 559 846 616 Adesto
883 570 1069 614 sancte
1098 558 1352 629 Spiritus,
1386 557 1563 612 Patris
1588 565 1642 608 et
1678 553 1798 608 Filii
1838 550 2149 613 concordia,

557 665 561 674 ‘
578 648 719 703 Deus
754 651 1117 720 omnipotens.

643 739 863 802 Adesto,
892 739 1031 794 Dens
1065 754 1204 794 unus
1249 738 1610 808 multipotens,
1645 735 1825 802 Pater,
1866 742 1924 790 et
1959 733 2150 798 Filius,

579 841 632 885 et
661 829 891 899 Spiritus
911 840 1150 887 sanctus.
1909 846 1912 850 ·

647 922 788 977 Doce
810 921 993 988 ﬁdem,
1019 924 1194 977 excita
1217 937 1390 993 spem,
1417 921 1638 975 infunde
1673 919 2013 987 charitatem.
2101 994 2105 999 1

649 1012 793 1067 Velle
821 1014 950 1067 mihi
980 1013 1208 1083 adiacet,
1247 1014 1340 1069 sed
1369 1014 1473 1069 hoc
1504 1029 1612 1067 non
1641 1029 1669 1065 a
1699 1027 1804 1079 me,
1834 1011 1929 1066 sed
1957 1026 1988 1066 a
2022 1018 2091 1074 te,

646 1105 921 1176 Mundam,
945 1115 998 1160 et
1025 1115 1199 1160 terras
1233 1105 1501 1176 linquere,
1530 1115 1584 1158 et
1614 1104 1810 1160 omium
1839 1111 2042 1174 petere.

645 1195 749 1261 Sed
777 1196 1042 1250 imbecilla
1065 1197 1246 1265 pluma
1270 1207 1371 1259 est,
1390 1196 1534 1251 velle
1562 1194 1948 1250 sine'subsidio
1971 1203 2082 1249 tuo.

644 1289 717 1340 Da
744 1283 864 1345 ﬁdei
887 1304 1111 1356 pennas,
1136 1298 1192 1342 ut
1231 1288 1403 1342 volent
1435 1301 1648 1342 sursum
1686 1285 1753 1340 ad
1778 1293 1851 1340 te.

645 1381 793 1434 Hanc
821 1380 978 1432 [idem
1012 1381 1064 1433 in
1087 1390 1160 1444 te,
1186 1395 1282 1448 per
1308 1388 1381 1444 te,
1415 1379 1482 1434 de
1505 1389 1556 1433 te
1584 1378 1865 1431 conﬁteor.

646 1473 719 1526 Te
764 1489 928 1526 unum
955 1473 1028 1540 iu__
1055 1472 1376 1537 substantia,
1431 1470 1754 1526 Trinitatem
1803 1467 1856 1522 in
1907 1463 2156 1536 personis

576 1563 852 1618 confiteor.

647 1655 721 1708 Te
743 1662 955 1726 semper
1010 1656 1152 1711 idem
1181 1670 1320 1722 esse,
1360 1657 1560 1718 vivere,
1595 1661 1648 1709 et
1691 1651 1989 1723 intelligere
2023 1664 2154 1706 con-

576 1746 608 1800 i
619 1753 750 1800 teor.

645 1837 710 1894 Et
743 1849 853 1892 tres
882 1853 1067 1900 unum,
1098 1849 1150 1892 et
1179 1852 1346 1892 unum
1375 1847 1486 1891 tres
1508 1835 1788 1891 confiteor.

643 1923 802 1985 Pater
829 1940 880 1983 ct
908 1929 1077 1984 Filius
1098 1939 1151 1984 et
1183 1929 1421 1999 Spiritus
1450 1938 1691 1992 sanctus,
1720 1943 1754 1983 ο
1788 1927 1946 1982 beata
1975 1924 2156 1980 Trini-

577 2028 676 2073 tas.
745 2023 771 2052 κ
1419 2025 1424 2030 ’

646 2113 804 2176 Deus,
838 2113 1117 2180 Dominus,
1141 2112 1478 2178 Paracletus,
1509 2129 1543 2169 ο
1565 2113 1719 2168 beata
1750 2113 2010 2168 Trinitas.

640 2204 910 2273 Charitas,
959 2209 1157 2277 gratia,
1210 2208 1650 2270 communicatio,
1693 2222 1726 2262 ο
1770 2207 1926 2262 beata
1974 2204 2156 2260 Trini-

575 2304 679 2350 tas.

640 2389 891 2446 Charitas
921 2394 1063 2448 Deus
1093 2401 1195 2457 est,
1227 2395 1401 2465 gratia
1435 2394 1705 2462 Christus,
1739 2393 2157 2451 communicatio

572 2479 804 2549 Spiritus
830 2492 1068 2548 sanctus,
1105 2501 1137 2541 o
1159 2487 1316 2542 beata
1371 2486 1627 2542 Trinitas.

559 2571 561 2574 ’
638 2568 882 2637 Genitor,
912 2577 1143 2643 genitus,
1179 2592 1525 2648 regenerans,
1557 2593 1590 2632 ο
1617 2579 1774 2632 beata
1804 2575 2067 2633 Trinitas.

642 2663 837 2721 Verum
872 2670 1071 2730 lamen,
1104 2685 1291 2723 verum
1319 2670 1499 2723 lumen
1528 2683 1593 2722 ex
1632 2669 1853 2733 lumine,
1887 2683 2014 2723 vera
2037 2667 2157 2722 illu-

572 2753 814 2816 minatio,
843 2771 876 2808 0
899 2756 1055 2809 beata
1079 2757 1337 2812 Trinitas.

645 2845 924 2900 invisibilis
972 2848 1330 2914 invisibiliter,
1363 2851 1589 2908 visibilis
1615 2850 1976 2918 invisibiliter,
2021 2851 2157 2908 invi-

570 2934 745 3012 sibilis
771 2936 1069 3002 visibili’ter,
1098 2956 1130 2994 ο
1162 2941 1317 2994 beata
1340 2942 1598 2997 Trinitas.

642 3023 807 3088 Fons,
841 3028 1053 3091 fiumen,
1086 3031 1349 3101 irrigatio,
1384 3050 1416 3087 0
1440 3034 1594 3088 beata
1625 3033 1880 3090 Trinitas.

579 3207 735 3267 beata
763 3211 1018 3270 Trinitas.

646 3299 690 3356 Λ
721 3319 850 3373 quo,
898 3319 992 3371 per
1036 3321 1216 3374 quem,
1262 3307 1446 3377 inquo
1487 3309 1691 3374 omnia,
1724 3326 1754 3364 ο
1784 3310 1941 3364 beata
1981 3306 2159 3363 Trini-

578 3402 680 3448 tas.

652 3489 844 3545 Vivens
871 3487 998 3555 vita,
1030 3490 1137 3545 vita
1178 3509 1207 3547 a
1231 3493 1460 3560 virente,
1495 3495 1793 3551 virilicator
1839 3495 2153 3563 viventium,

577 3594 612 3632 ο
639 3581 790 3636 beata
834 3583 1090 3636 Trinitas.

655 3671 799 3728 Unus
829 3689 855 3725 a
883 3690 954 3735 se,
980 3693 1115 3731 unus
1135 3679 1199 3731 ab
1229 3694 1354 3744 uno,
1381 3696 1518 3739 unus
1545 3681 1612 3735 ab
1638 3684 1918 3745 ambobus.
1941 3698 1976 3738 0
2000 3684 2156 3738 beata

581 3765 843 3821 Trinitas.
1867 3789 1870 3792 ·

648 3856 736 3911 Ὧν
760 3875 782 3910 a
827 3875 899 3920 se,
939 3861 1002 3914 ςέῖν
1027 3862 1092 3914 ab
1118 3863 1308 3927 altero,
1344 3864 1408 3919 ὧν
1434 3866 1497 3919 ab
1522 3874 1774 3935 utroque,
1802 3882 1832 3920 ο
1860 3868 2013 3920 beata
2042 3866 2160 3918 Tri-

581 3950 740 4000 nitas.

652 4035 820 4090 Omne
847 4047 1022 4090 autem
1076 4039 1138 4094 ὧν
1162 4055 1371 4110 semper
1400 4046 1450 4097 in
1483 4047 1674 4111 tribus,
1704 4056 1759 4100 et
1805 4023 1964 4102 emite
1991 4046 2056 4100 ὧν
2085 4061 2159 4101 az-

585 4127 816 4196 qualiter
838 4129 887 4180 in
918 4130 1162 4201 singulis,
1192 4150 1224 4187 ο
1249 4134 1400 4188 beata
1427 4136 1682 4195 Trinitas.

655 4218 825 4273 Verax
874 4221 1055 4289 Pater,
1087 4225 1289 4280 veritas
1334 4225 1520 4291 Filius,
1571 4229 1773 4283 veritas
1820 4229 2073 4297 Spiritus,
2127 4246 2159 4284 ο

585 4310 734 4365 beata
770 4314 1024 4370 'l'rinitas.

2255 470 2415 523 quem
2440 454 2625 508 vivunt
2651 466 2984 523 quaecunque
3001 464 3150 514 vere,
3168 462 3483 520 summeque
3505 447 3690 502 vivunt
3713 462 3830 503 om-

2254 544 2362 608 nia,
2392 559 2426 599 o
2449 544 2606 599 beata
2629 543 2886 597 Trinitas.

2324 633 2467 688 Deus
2489 634 2689 688 bonum
2709 640 2765 686 et
2787 632 3072 701 pulchrum
3097 630 3150 684 in
3174 644 3302 699 quo,
3329 635 3385 684 et
3424 643 3456 684 a
3491 641 3621 698 quo,
3644 631 3830 698 et'pa

2251 741 2413 797 quem
2436 727 2576 782 bona
2604 733 2659 780 et
2683 725 2908 794 pulchra
2942 732 3087 787 sunt,
3115 737 3450 793 quacunque
3469 722 3612 778 bona
3629 728 3686 776 et
3704 721 3828 793 pul-

2251 818 2382 871 chra
2407 824 2532 883 sunt
2558 816 2762 881 omnia,
2787 829 2822 869 o
2854 816 3012 868 beata
3041 813 3299 868 Trinitas.
3323 885 3337 890 ν

2324 908 2468 963 Deus
2499 909 2586 964 cui
2639 924 2739 963 nos
2787 908 2918 962 ﬁdes
2965 906 3188 971 excitat,
3232 919 3357 976 spes
3383 905 3566 976 erigit,
3593 904 3860 969 charitas.

2244 998 2442 1070 jungit,
2466 1016 2499 1055 o
2527 1001 2680 1054 beata
2705 999 2962 1055 Trinitas.

2322 1091 2466 1146 Deus
2496 1092 2588 1161 qui
2635 1098 2815 1160 petere
2843 1089 3022 1158 jubes,
3052 1099 3108 1147 et
3145 1090 3388 1145 invenire
3433 1088 3588 1154 facis,
3632 1095 3690 1144 et
3710 1086 3832 1159 pul-

2141 1213 2182 1254 ,ς
2252 1169 2495 1237 santibns
2533 1183 2728 1253 aperis,
2759 1199 2798 1262 oi
2829 1168 2985 1236 beata
3008 1181 3266 1238 Trinitas.

2326 1273 2468 1327 Deus
2495 1287 2658 1341 supra
2685 1286 2843 1342 quem
2872 1271 3201 1357 nihil,-extra
3220 1288 3382 1344 quem
3402 1270 3558 1340 nihil,
3587 1273 3704 1330 sine
3723 1287 3833 1344 quo

2253 1364 2408 1430 nihil,
2434 1380 2467 1420 ο
2497 1363 2652 1418 beata
2689 1363 2946 1418 Trinitas.

2325 1455 2467 1510 Deus
2495 1455 2594 1510 sub
2621 1471 2729 1525 quo
2755 1463 2946 1519 totum,
2999 1454 3052 1512 in
3100 1470 3208 1526 quo
3233 1461 3429 1522 totum,
3460 1471 3590 1513 cum
3619 1471 3728 1528 quo
3755 1464 3836 1514 to-

2255 1555 2392 1614 tum,
2418 1565 2453 1604 o
2471 1549 2628 1604 beata
2658 1546 2917 1602 Trinitas.

2325 1640 2401 1694 Te
2423 1639 2757 1705 invocamus,
2785 1648 2839 1696 te
2858 1641 3168 1706 adoramus,
3203 1648 3253 1696 te
3281 1641 3584 1711 laudamus,
3609 1658 3644 1699 o
3671 1642 3832 1700 beata

2184 1717 2233 1780 Β
2259 1729 2518 1798 Trinitas.

2329 1820 2557 1886 Exaudi,
2579 1821 2793 1886 exaudi,
2820 1824 3038 1887 exaudi,
3061 1838 3097 1877 o
3123 1823 3282 1878 beata
3302 1823 3570 1880 "Trinitas.

2329 1913 2464 1984 Spes
2512 1921 2719 1980 nostra,
2752 1914 2898 1970 salus
2945 1921 3152 1980 nostra,
3179 1915 3354 1971 honor
3381 1927 3587 1984 noster,
3615 1932 3650 1974 o
3673 1916 3835 1975 beata

2259 2005 2517 2061 Trinitas.
3278 2026 3291 2051 κ
3799 2002 3827 2016 ’³

2327 2097 2477 2168 Auge
2513 2097 2564 2152 in
2611 2097 2769 2153 nobis
2815 2097 2998 2162 tidem,
3037 2112 3174 2168 auge
3209 2111 3380 2166 spem,
3433 2111 3570 2168 auge
3601 2098 3839 2154 charita-

2259 2199 2387 2251 tem.
2417 2205 2450 2244 ο
2475 2189 2628 2245 beata
2654 2188 2912 2242 Trinitas.
3029 2251 3041 2260 ί

2329 2300 2492 2374 738
2515 2301 2710 2357 Libera
2750 2316 2869 2366 nos,
2893 2299 3040 2355 salva
3063 2314 3181 2364 nos,
3210 2296 3443 2368 iustinea
3466 2312 3586 2364 nos,
3616 2313 3650 2354 ο
3677 2298 3836 2355 beata

2257 2396 2518 2451 Trinitas.

2329 2487 2603 2550 Miserere,
2633 2485 2876 2550 Domine,
2906 2484 3034 2556 quia
3078 2481 3450 2539 misericordia
3476 2486 3569 2534 tua
3585 2478 3843 2537 liberavit

2258 2594 2377 2645 nos,
2405 2596 2439 2635 o
2467 2581 2624 2635 beata
2657 2573 2913 2636 Trinitas.

2329 2667 2601 2734 Miserere.
2643 2670 2889 2742 Domine,
2913 2668 3038 2739 quia
3058 2665 3428 2722 misericordia
3455 2673 3546 2719 tua
3568 2662 3842 2720 credimus

2260 2765 2312 2819 in
2353 2771 2425 2828 te,
2454 2779 2487 2818 o
2508 2765 2664 2819 beata
2697 2763 2951 2819 Trinitas.

2330 2855 2602 2918 Miserere,
2634 2854 2877 2919 Domine,
2910 2854 3032 2923 quia
3062 2849 3431 2908 misericordia
3471 2860 3562 2906 tua
3583 2849 3840 2924 cognovi-

2258 2966 2377 3007 mus
2404 2961 2475 3014 te,
2501 2967 2533 3004 ο
2564 2949 2720 3004 beata
2748 2949 3013 3003 Trinitas.

2183 3064 2230 3130 ο
2330 3040 2608 3102 Miserere,
2629 3040 2874 3102 Domine,
2902 3039 3029 3107 quia
3050 3034 3418 3091 misericordia
3442 3044 3532 3090 tua
3561 3047 3842 3106 speramus

640 3119 726 3169 Ab
753 3135 856 3172 uno
889 3123 1091 3189 omnia,
1121 3138 1218 3192 per
1244 3141 1408 3179 unum
1432 3128 1633 3192 omnia,
1665 3128 1718 3182 in
1759 3143 1865 3182 uno
1894 3128 2096 3193 omnia,
2122 3145 2154 3184 0

2261 3131 2313 3184 in
2343 3137 2415 3193 te,
2443 3145 2475 3182 ο
2502 3129 2658 3182 beata
2693 3128 2948 3181 Trinitas.

2331 3221 2603 3283 Miserere,
2636 3220 2881 3287 Domine,
2914 3220 3039 3291 quia
3067 3219 3437 3276 misericordia
3464 3226 3555 3275 tua
3596 3233 3842 3277 amamus

2262 3321 2333 3374 te,
2364 3327 2396 3366 o
2428 3312 2583 3364 beata
2610 3310 2868 3366 Trinitas.
3779 3323 3782 3328 '

2316 3403 2408 3456 ‘Te
2452 3403 2738 3458 adoramus
2784 3403 2961 3457 cuncti
3007 3418 3172 3457 unum
3201 3402 3370 3458 Deum
3400 3402 3640 3470 Patrem,
3662 3409 3719 3458 et
3753 3400 3842 3457 Fi-

2258 3494 2411 3558 lium,
2435 3503 2785 3561 sanctumque
2818 3491 3101 3560 Spiritum,
3131 3507 3164 3547 o
3187 3492 3344 3547 beata
3378 3493 3636 3547 Trinitas.

2330 3583 2404 3636 Da
2429 3583 2663 3651 peccatis
2692 3581 2927 3643 veniam,
2971 3590 3169 3649 prtesta
3204 3591 3461 3636 aeternam
3485 3581 3674 3645 vitam,
3703 3580 3840 3634 dona

2259 3690 2448 3747 pacem
2475 3683 2527 3728 et
2555 3673 2802 3743 gloriam,
2826 3687 2856 3726 ο
2877 3671 3034 3725 beata
3062 3672 3321 3725 Trinitas.

2331 3765 2374 3819 Ο
2395 3767 2574 3826 beata:
2609 3771 2661 3816 et
2690 3764 2992 3824 benedicta,
3026 3768 3078 3814 et
3118 3761 3348 3830 gloriosa
3377 3761 3634 3824 Trinitas,
3657 3761 3840 3828 Pater,

2259 3863 2313 3907 et
2340 3853 2530 3914 Filius,
2565 3860 2620 3905 et
2648 3850 2880 3919 Spiritus
2931 3858 3148 3904 sanctus
3181 3849 3234 3921 [ο
3262 3852 3417 3904 beata
3448 3849 3729 3921 Trinitas].

2332 3942 2375 3997 Ο
2405 3943 2583 4004 beata,
2614 3941 2919 4002 benedicta,
2952 3939 3180 4009 gloriosa
3212 3940 3408 4005 unitas,
3441 3938 3623 4004 Pater,
3647 3938 3838 4008 Filius,

2262 4033 2496 4105 Spiritus
2519 4041 2758 4097 sanctus,
2793 4030 2845 4103 [ο
2877 4032 3030 4085 beata
3065 4031 3342 4103 Trinitas].

2331 4123 2376 4178 Ο
2402 4139 2548 4186 vera,
2579 4137 2807 4186 summa,
2833 4123 3161 4192 sempiterna
3194 4122 3449 4188 Trinitas,
3474 4123 3653 4190 Pater,
3677 4134 3733 4181 et
3751 4124 3841 4181 Fi-

2261 4215 2388 4279 lius,
2419 4224 2474 4268 et
2500 4211 2734 4280 Spiritus
2759 4221 2997 4274 sanctus,
3026 4210 3080 4281 [ο
3101 4213 3260 4266 beata
3288 4212 3562 4284 Trinitas}.

2331 4303 2375 4357 Ο
2413 4318 2560 4363 vera,
2592 4315 2820 4363 summa,
2846 4302 3171 4370 sempiterna
3209 4302 3410 4369 unitas,
3439 4287 3618 4371 Pater,
3640 4291 3841 4374 Filius,

658 4401 769 4458 Una
805 4407 966 4474 igitur
993 4407 1171 4470 Pater,
1215 4409 1379 4479 λογός,
1408 4409 1825 4477 Paracletusque
1858 4407 2158 4463 substantia
2192 4429 2238 4490 ο
2265 4389 2328 4460 Si

1656 4424 1825 4477 usque
1858 4407 2158 4463 substantia
2192 4429 2238 4490 ο
2265 4389 2496 4490 Spiritus
2519 4398 2741 4490 sanctus
2770 4387 2824 4461 [0
2859 4390 3014 4490 beata
3045 4390 3325 4490 Trinitas].

586 4504 688 4556 est,
729 4514 761 4548 ο
791 4498 943 4548 beata
974 4499 1225 4552 Trinitas.

659 4584 773 4638 Una
823 4591 1076 4652 essentia,
1129 4606 1230 4642 una
1280 4591 1468 4654 virtus,
1502 4608 1606 4646 una
1651 4592 1883 4660 bonitas,
1915 4607 1949 4646 ο
2003 4591 2157 4645 beata

591 4674 845 4731 Trinitas.

662 4767 801 4824 Deus
830 4770 1134 4834 beatitudo,
1179 4773 1232 4824 in
1284 4788 1415 4840 quo,
1444 4784 1496 4827 et
1545 4792 1572 4826 a
1603 4791 1741 4848 quo,
1776 4783 1830 4830 et
1875 4790 1971 4845 per
2001 4788 2161 4845 quem

594 4863 750 4924 beata
778 4873 903 4916 sunt
954 4875 1287 4932 quaecunque
1331 4865 1484 4917 beata
1519 4872 1641 4918 sunt
1695 4865 1896 4934 omnia,
1946 4880 1979 4918 o
2008 4865 2162 4918 beata

598 4953 850 5007 Trinitas.
1140 4967 1151 4976 ‘

668 5083 689 5107 ο
715 5069 919 5123 Citatur
953 5068 1020 5123 ab
1048 5068 1218 5123 linea
1248 5066 1563 5132 Parisiensi,
1595 5082 1716 5137 cap.
1750 5068 1836 5123 88.

669 5141 693 5175 ¹³
721 5145 772 5196 In
801 5140 1032 5196 editione
1054 5139 1343 5194 Basileensi
1370 5135 1981 5193 Homiliariiannoﬂilli
2011 5140 2168 5194 omis-

599 5226 653 5262 sa
688 5207 1390 5280 invocationes.Trinitatis
1431 5211 1657 5280 habetur
1680 5225 1909 5280 sequens
1942 5208 2167 5280 Symbo—

599 5282 704 5334 lum
740 5284 836 5335 Sub
878 5281 1029 5338 titulo
1065 5299 1073 5331 :
1107 5279 1497 5350 Recapitulatio.
1525 5279 1579 5336 ln
1611 5281 1724 5350 eod.
1757 5278 1994 5350 VindobL
2030 5278 2167 5334 Con-

595 5353 749 5473 ςεδισ
779 5352 839 5405 de
880 5362 1059 5403 sancta
1092 5347 1361 5405 Trinitate.
1401 5352 1455 5404 In
1502 5353 1618 5408 cod.
1651 5349 1787 5406 Bibl.
1818 5347 1872 5407 S.
1915 5351 2166 5407 Germani

640 5425 912 5473 arisiensis
967 5423 1076 5473 haec
1109 5421 1335 5473 habetur
1381 5423 1657 5473 inscrintio
1686 5443 1695 5473 τ
1725 5423 1990 5473 Lectiones
2016 5424 2077 5473 de
2108 5422 2164 5473 S.

640 5425 912 5477 arisiensis
967 5423 1076 5477 haec
1109 5421 1335 5475 habetur
1381 5423 1657 5477 inscriptio
1686 5443 1695 5474 τ
1725 5423 1990 5476 Lectiones
2016 5424 2077 5474 de
2108 5422 2164 5477 S.

603 5441 912 5477 rartstensts
968 5441 1076 5477 nate
1111 5441 1335 5475 necetur
1381 5441 1540 5476 inseri
1585 5441 1657 5477 uo
1686 5443 1695 5474 τ
1725 5441 1990 5476 Lectiones
2016 5441 2077 5474 ac
2108 5441 2164 5477 δ.

603 5490 874 5550 Trinitarr,
902 5494 998 5547 hoc
1021 5502 1124 5561 ρει,
1150 5495 1198 5544 in
1219 5491 1506 5547 feSIivitate
1612 5493 1892 5556 Trinitalis
1916 5493 2015 5561 legi
2043 5510 2167 5546 con-

600 5571 780 5632 Suete.
819 5563 982 5632 Hujus
1032 5561 1269 5632 Symboli
1313 5565 1522 5617 initium
1550 5565 1647 5617 sub
1691 5565 1900 5618 Alcuini
1957 5565 2168 5618 nomine

605 5631 845 5715 laudatur
889 5631 951 5686 ab
997 5631 1166 5715 inea
1205 5636 1473 5715 episcopo
1504 5632 1928 5715 Parisiensi,q‘ui
1976 5633 2167 5715 Carolo

605 5700 763 5758 Calvo
795 5703 1082 5773 imperante
1108 5700 1303 5774 ﬂoruit,
1335 5700 1402 5759 in'
1423 5705 1556 5759 libro
1586 5706 1838 5760 adversus
1861 5700 2084 5763 Graecos
2103 5707 2170 5759 de

2334 4482 2588 4536 Miserere
2620 4480 2795 4546 nobis,
2822 4482 3079 4537 miserere
3120 4484 3294 4549 nobis,
3327 4485 3582 4540 miserere
3605 4487 3778 4553 nobis,
3805 4502 3842 4543 ο

2261 4577 2418 4630 beata
2447 4572 2702 4626 Trinitas.

2334 4665 2450 4719 Tibi
2486 4664 2623 4729 laus,
2656 4665 2752 4718 tibi
2781 4664 2968 4741 gloria,
3019 4666 3110 4720 tibi
3162 4676 3457 4736 gratiarum
3495 4666 3635 4721 actio
3663 4667 3715 4720 in
3740 4683 3839 4722 ste-

2265 4755 2382 4810 cnla
2413 4755 2758 4822 sempiterna,
2783 4770 2816 4809 o
2837 4757 2994 4810 beata
3014 4755 3250 4811 Trinitas
3273 4769 3317 4808 η.

2337 4868 2363 4905 ι)
2392 4866 2672 4922 Credimus
2699 4869 3091 4923 sanctissimam
3129 4868 3257 4940 [Αι.,
3312 4866 3576 4938 sanctam]
3606 4867 3836 4924 Trinita-

2268 4968 2394 5024 tem,
2421 4958 2472 5013 id
2502 4969 2600 5022 est,
2631 4958 2867 5024 Patrem,
2889 4968 2945 5015 et
2965 4954 3177 5022 Filium,
3204 4967 3254 5013 et
3279 4958 3537 5027 Spiritum
3567 4967 3834 5026 sanctum,

2269 5075 2609 5141 processione
2634 5071 2865 5142 Spiritus
2892 5072 3065 5127 sancti
3116 5071 3250 5143 apud
3280 5070 3616 5143 d‘iicherium
3647 5071 3829 5143 Spicil.

2270 5140 2396 5200 tom.
2446 5145 2463 5199 l
2511 5160 2631 5199 nov.
2675 5140 2933 5198 editionis
2979 5156 3100 5209 pag.
3140 5140 3259 5193 151.
3312 5140 3553 5196 Grazeum
3599 5140 3833 5208 ejusdem

2268 5216 2538 5285 exemplar
2567 5213 2798 5268 Joannes
2828 5212 3157 5285 imuelayins
3186 5211 3466 5285 reperitin
3513 5215 3832 5270 bibliotheca

2271 5281 2521 5340 Samiiuei
2557 5285 2655 5338 sub
2696 5281 2911 5352 nomine
2963 5281 3401 5352 ililariiepiscopi
3446 5283 3831 5346 Pictaviensis;

2270 5356 2504 5423 illudque
2530 5371 2628 5408 suo
2650 5353 2786 5419 stylo
2816 5351 3003 5405 Latine
3028 5352 3327 5406 traductum
3355 5351 3611 5423 tanquam
3637 5371 3830 5410 novum

2272 5427 2327 5479 S.
2360 5425 2544 5481 Hilarii
2577 5423 2980 5506 _Oprl\iS’[‘32lSii€18
3034 5437 3172 5506 anno
3367 5425 3506 5494 typis
3555 5427 3782 5506 vulgavit
3819 5444 3827 5473 -.

2271 5498 2410 5564 quod
2434 5489 2712 5548 deinde‘D.
2739 5490 2996 5564 Cous-tant
3017 5501 3066 5546 et
3100 5489 3240 5547 Secii
3279 5489 3611 5550 Veronenses
3646 5489 3700 5550 in
3726 5496 3833 5562 Ap;

2273 5561 2546 5633 pendicem
2579 5565 2806 5634 Operam
2842 5562 2895 5615 S.
2933 5561 3117 5616 Hilarii
3156 5565 3479 5634 rejecerunt,
3527 5576 3580 5620 et
3606 5561 3832 5622 Alcuino

2274 5632 2636 5706 asserueruut.
2673 5632 2895 5686 Textum
2916 5632 3224 5706 genuinum
3252 5635 3348 5692 'hic
3386 5639 3592 5706 damus,
3623 5638 3686 5690 ad
3716 5635 3831 5705 pluo

2273 5718 2358 5758 res
2389 5705 2538 5758 codd.
2577 5718 2701 5758 mss.
2741 5704 3095 5758 emendatum.
