4228 6308
1066 0 1105 3 —
1186 0 1365 3 —
1546 0 1585 3 —
1606 0 1725 3 —
2879 13 2884 16 _
3019 3 3118 10 ——
3183 1 3192 6 -
3865 7 3868 10 .
3902 0 3931 11 φ...

2345 39 2360 43 ς
2543 29 2560 34 “’
2589 23 2602 34 ⁸
2691 17 2732 32 “”-
3825 23 3840 29 ““

1483 67 1486 72 ¹
1651 59 1686 80 _--
1705 57 1738 80 --—
1775 77 1778 79 -
1801 77 1808 80 —
2011 75 2024 78 _
2057 75 2060 78 .
2087 67 2446 80 .--....
2459 66 2482 74 ρ-
2581 67 2588 72 .
2609 67 2624 74 -.
2645 67 2652 73 ..
2683 53 2726 72 ἰ..
2739 61 2940 72 -μ›--
2957 59 3000 68 ..ι--
3165 57 3180 60 -
3207 49 3306 61 <--—
3323 53 3344 59 -
3505 55 3510 57 -
3607 53 3610 56 -
3922 53 3931 59 .

1018 90 1019 95 η
1066 82 1071 83 γ
1271 87 1280 90 _
1343 83 1362 90 ,
1381 79 1612 88 ρ’...-
1631 79 1636 82 .
1671 77 1690 83 .-
1705 79 1714 82 -
1903 79 1910 83 .
2525 77 2528 80 .

326 308 333 316 .
396 339 466 396 57
1098 334 1509 393 DOGMATICA.
1550 365 1617 376 -
1657 331 2110 403 QUAESTIONES
2148 333 2357 389 XXVIII
2398 333 2484 388 DE
2518 331 2905 387 TRINITATE.
3114 382 3119 385 .
3547 326 3635 385 58'

400 464 564 508 unum
591 450 760 505 Deum
795 448 1236 518 omnipotentem,
1268 447 1425 502 unius
1445 448 1775 512 substantiae,
1807 449 1963 502 unius
1993 452 2036 509 Α
2063 446 2118 500 in
2144 446 2418 516 operibus,
2443 432 2688 515 quamvis
2708 444 2951 514 quaedam
2991 458 3153 514 opera
3191 443 3284 499 Dei
3307 444 3620 514 quibusdam

400 542 665 606 essentia,
689 540 848 596 unius
888 539 1189 611 potestatis,
1214 546 1513 594 creatorem
1535 539 1773 593 omnium
1815 554 1965 594 crea-

406 643 677 698 turarum;
697 647 733 687 a
754 646 862 702 quo
883 632 1081 695 omnia,
1114 646 1209 701 per
1233 646 1391 700 quem
1418 630 1613 695 omnia,
1642 631 1696 685 in
1720 645 1828 701 quo
1852 646 1968 686 om-

406 722 515 779 nia.
559 706 881 795 [Credimus]
908 717 1125 774 Patrem
1165 733 1196 774 a
1226 718 1425 788 seipso,
1464 733 1571 773 non
1609 717 1677 773 ab
1711 719 1847 784 alio;
1875 718 1968 773 Fi-

408 812 536 868 lium
564 810 782 881 aPatre
829 811 1091 884 genitum,
1118 811 1286 866 Deum
1337 825 1524 866 verum
1570 810 1637 865 de
1676 808 1787 865 Deo
1814 824 1970 877 vero,

408 902 590 958 lumen
609 915 797 956 verum
844 900 911 957 de
952 900 1163 981 lumine.
1187 914 1316 955 vero
1344 917 1357 952 :
1387 915 1493 955 non
1542 908 1722 953 tamen
1757 899 1862 953 duo
1886 897 1970 951 lu-

410 994 581 1058 mina,
609 994 705 1050 sed
728 1008 894 1049 unum
939 980 1426 1063 lumen.Spiritum
1451 980 1691 1048 sanctum
1737 1008 1769 1047 a
1811 990 1973 1046 Patre

331 1078 336 1082 ’
410 1096 467 1140 et
503 1083 639 1140 Filio
679 1082 954 1153 aequaliter
988 1082 1395 1153 procedentem;
1436 1080 1973 1151 consubstantialem,

411 1183 736 1241 maternum
759 1172 908 1228 Patri
942 1181 998 1228 et
1040 1172 1192 1228 Filio.
1229 1172 1388 1227 Pater
1408 1171 1596 1242 plenus
1638 1169 1779 1226 Deus
1808 1170 1864 1224 in
1893 1185 1973 1234 se,

411 1261 581 1318 Filius
599 1258 792 1331 plenus
814 1260 959 1317 Deus
988 1277 1020 1316 a
1056 1261 1218 1317 Patre
1242 1261 1473 1332 genitus,
1504 1259 1737 1333 Spiritus
1760 1268 1978 1314 sanctus

413 1352 601 1424 plenus
640 1351 782 1406 Deus
823 1366 852 1407 a
877 1350 1037 1428 Patre
1080 1360 1137 1407 et
1156 1350 1291 1407 Filio
1318 1350 1632 1422 procedens.
1656 1348 1770 1403 Non
1798 1354 1979 1403 tamen

416 1430 530 1498 tres
563 1441 694 1497 deos
735 1442 980 1506 dicimus,
1009 1441 1104 1497 sed
1128 1453 1292 1496 unum
1327 1440 1496 1496 Deum
1538 1439 1979 1509 omnipotentem,

414 1530 696 1595 aeternum,
740 1529 1083 1609 invisibilem,
1133 1528 1625 1585 incommutabilem
1649 1568 1665 1594 ,
1707 1528 1798 1599 qui
1837 1536 1982 1603 totus

416 1623 616 1691 ubique
638 1632 740 1688 est,
763 1628 908 1677 totus
929 1622 1127 1692 ubique
1146 1636 1382 1692 praesens
1406 1640 1420 1677 :
1449 1636 1555 1677 non
1579 1635 1677 1690 per
1694 1630 1874 1692 partes
1903 1619 1985 1675 di-

416 1714 588 1777 visus,
616 1712 711 1769 sed
741 1719 885 1768 totus
904 1712 959 1767 in
986 1712 1233 1767 omnibus
1258 1727 1364 1767 non
1394 1711 1658 1776 localiter,
1678 1710 1773 1766 sed
1792 1718 1984 1779 poten-

2062 534 2306 604 personis
2335 534 2639 603 specialiter
2660 533 3029 598 conveniant;
3047 532 3186 587 sicut
3212 530 3358 587 Patri
3382 549 3482 589 vox
3509 533 3625 600 illa,

2064 642 2185 697 qua:
2222 626 2287 681 de
2310 624 2447 681 caelo
2477 624 2657 680 sonuit
2702 638 2865 693 super-
2885 622 3154 678 Christum
3182 622 3545 694 baptizatum;
3571 635 3625 681 et

2065 716 2135 771 ad
2163 716 2284 772 Filii
2307 730 2591 786 personam
2616 714 2965 770 humanitatis
2999 714 3368 770 tantummodo
3391 714 3627 784 pertinet

2066 809 2366 878 susceptio;
2397 816 2452 863 et
2475 807 2705 876 Spiritus
2746 805 2920 861 sancti
2962 820 3206 884 personae
3254 806 3466 875 proprie
3495 820 3628 861 con-

2068 902 2213 973 gruit
2233 901 2321 955 illa
2349 899 2619 965 columba,
2641 898 2695 953 in
2719 896 2872 967 cujus
2892 897 3070 968 specie
3088 897 3228 953 idem
3253 896 3488 967 Spiritus
3507 898 3621 954 san-
3716 900 3719 903 “

2070 1001 2188 1049 ctus
2211 991 2487 1047 descendit
2511 1003 2669 1061 super
2698 989 2942 1045 eumdem
2961 986 3165 1042 Filium
3207 986 3301 1042 Dei
3337 986 3631 1065 secundum

2071 1084 2344 1140 hominem
2372 1082 2699 1152 baptizatum
2739 1097 2754 1133 :
2798 1088 2974 1135 tamen
3005 1079 3207 1149 absque
3234 1078 3380 1134 omni
3424 1077 3633 1134 dubita-

2073 1174 2220 1230 tione
2271 1173 2415 1227 illam
2459 1186 2664 1235 vocem,
2697 1178 2752 1225 et
2794 1169 2938 1224 illam
2967 1169 3292 1234 columbam,
3329 1177 3386 1225 et
3435 1168 3636 1226 Christi

2073 1262 2461 1320 humanitatem
2500 1268 2614 1315 tota
2647 1267 2833 1315 sancta
2857 1258 3333 1330 Trinitasoperata
3360 1267 3463 1325 est,
3487 1258 3640 1329 cujus

2076 1370 2237 1426 opera
2275 1352 2650 1422 inscparabilia
2678 1360 2823 1406 sunt.
2855 1349 3145 1406 Credimus
3169 1349 3414 1405 eumdem
3440 1349 3638 1404 Filium

2076 1446 2194 1512 Dei,
2223 1445 2458 1499 Verbum
2498 1443 2593 1498 Dei
2630 1440 2957 1497 mternaliter
2984 1448 3172 1496 natum
3194 1441 3261 1511 de
3296 1439 3477 1507 Patre,
3510 1455 3640 1497 eon-

2078 1534 2483 1593 substantialem
2520 1532 2666 1588 Patri
2693 1546 2792 1602 per
2831 1530 3035 1597 omnia,
3056 1529 3426 1601 temporaliter
3453 1534 3638 1583 natum
3724 1512 3731 1517 ’

2081 1629 2148 1684 de
2183 1626 2386 1698 Spiritu
2431 1632 2619 1680 sancto
2646 1633 2701 1678 et
2736 1622 2900 1678 Maria
2926 1636 3137 1693 semper
3164 1619 3311 1694 [Vox
3351 1635 3565 1691 semper
3586 1623 3675 1677 ἐπ’

2083 1715 2341 1789 aliquibus
2366 1714 2516 1769 editis
2538 1711 2816 1784 omittitur]
2839 1712 3069 1783 virgine,
3098 1710 3231 1767 duas
3247 1710 3530 1767 habentem
3554 1725 3649 1775 nae

420 1803 641 1858 tialiter.
696 1799 798 1869 Qui
854 1801 971 1856 sine
1023 1796 1507 1857 communicatione
1559 1799 1664 1865 sui,
1713 1797 2046 1867 mutabiliaﬁ

2088 1811 2343 1873 tivitates,
2373 1821 2534 1863 unam
2556 1820 2620 1860 ex
2646 1802 2806 1858 Patre
2824 1809 3099 1868 aeternam,
3131 1801 3355 1858 alteram
3379 1816 3447 1856 ex
3471 1808 3647 1859 matre

422 1892 630 1948 creavit
656 1898 716 1946 et
731 1899 912 1946 creata
935 1891 1215 1961 gubernat,
1243 1905 1454 1959 semper
1471 1904 1694 1945 manens
1712 1889 1856 1958 quod
1881 1896 1982 1944 est.

423 1981 524 2038 Cui
551 1980 684 2036 nihil
710 1980 965 2036 accidens
1005 1995 1127 2036 esse
1157 1982 1375 2051 poterit,
1399 1980 1525 2051 quia
1551 1979 1779 2049 simplici
1799 1978 1990 2034 divini—

426 2071 555 2127 tatis
583 2080 789 2126 naturae
811 2069 885 2124 nil
914 2070 1059 2135 addi,
1084 2070 1172 2124 vel
1213 2070 1380 2125 minui
1409 2077 1604 2141 potest,
1630 2070 1755 2139 quia
1781 2082 1991 2141 semper

424 2151 677 2234 estquod
701 2171 804 2229 est,
829 2163 916 2218 cui
940 2164 1215 2233 proprium
1247 2172 1351 2228 est,
1369 2164 1455 2219 cui
1478 2162 1860 2233 sempiternum
1885 2167 1990 2225 est,

427 2255 514 2311 cui
551 2255 692 2309 idem
715 2263 817 2319 est,
842 2269 980 2319 esse,
1008 2254 1209 2319 vivere,
1230 2263 1284 2309 et
1312 2255 1626 2326 intelligere.
1649 2254 1715 2309 Et
1751 2254 1866 2309 haec
1890 2252 1993 2307 tria

430 2358 571 2398 unus
596 2341 755 2407 Deus,
791 2351 846 2397 et
892 2358 1032 2398 unus
1077 2342 1220 2399 Deus
1264 2345 1380 2411 haec
1422 2342 1554 2410 tria;
1586 2344 1724 2399 idem
1763 2342 1906 2398 Deus
1939 2350 1995 2397 et

430 2433 691 2488 Dominus
716 2432 843 2504 [Ηε.
870 2431 1243 2490 Sonat-Germ.
1274 2448 1292 2487 :
1316 2424 1381 2490 Et
1409 2436 1524 2490 haec
1554 2432 1657 2489 tria
1688 2450 1826 2488 unus
1854 2433 1996 2488 Deus

428 2532 489 2579 et
516 2537 656 2577 unus
682 2522 967 2589 Dominus;
998 2524 1112 2579 lucc
1157 2524 1260 2578 tria
1288 2523 1427 2579 idem
1457 2524 1598 2579 Deus
1633 2532 1686 2579 et
1717 2523 1995 2587 Dominus,

429 2612 567 2687 ete.]
591 2628 717 2668 vera
744 2621 800 2669 et
824 2614 1151 2683 sempiterna
1177 2615 1410 2670 Trinitas
1430 2616 1481 2670 in
1507 2617 1770 2686 personis,
1797 2631 1920 2670 vera
1945 2623 1999 2670 et

430 2703 759 2773 sempiterna
809 2703 988 2783 unitas
1038 2704 1093 2783 in
1121 2705 1438 2770 substantia,
1466 2706 1589 2776 quia
1638 2721 1743 2760 una
1768 2714 1852 2759 est
1877 2705 2002 2760 sub-

432 2793 635 2849 stantia
666 2791 848 2858 Pater,
887 2782 944 2847 et
988 2782 1190 2859 Filius,
1232 2802 1287 2849 et
1328 2794 1555 2865 Spiritus
1600 2804 1833 2850 sanctus.
1878 2795 2003 2851 Haec

432 2896 570 2937 vero
597 2890 784 2936 sancta
808 2881 1064 2947 Trinitas,
1092 2881 1167 2935 nil
1193 2881 1365 2950 majus
1385 2890 1465 2937 est
1490 2883 1543 2937 in
1569 2882 1740 2951 tribus
1760 2883 2004 2955 personis

434 2970 602 3025 simul
628 2970 915 3025 nominatis
934 2985 1094 3039 quam
1118 2970 1171 3024 in
1200 2986 1304 3025 una
1333 2972 1570 3041 qualibet
1589 2987 1816 3042 persona
1838 2971 2004 3028 semel

433 3059 615 3126 dicta;
645 3060 771 3131 quia
795 3074 1127 3129 unaquaeque
1159 3075 1385 3130 persona
1422 3060 1575 3130 plena
1600 3070 1683 3116 est
1708 3061 2005 3118 substantia

2086 1899 2461 1972 temporalem;
2494 1896 2587 1965 qui
2615 1893 2779 1950 etiam
2827 1892 2993 1948 Filius
3022 1890 3115 1947 Dei
3140 1906 3250 1948 sum
3276 1890 3458 1968 carnis
3506 1904 3640 1945 con-

2085 1990 2331 2060 ceptione
2348 1996 2638 2055 conceptus
2661 1992 2766 2050 est,
2802 1991 2858 2040 et
2879 1998 2995 2039 suae
3029 1983 3207 2039 carnis
3242 1981 3521 2038 nativitate
3547 1997 3649 2037 na-

2087 2090 2175 2135 tus
2198 2084 2300 2134 es't.
2330 2077 2499 2132 Deum
2527 2091 2665 2136 vero,
2685 2074 2817 2147 [Al.,
2842 2072 3052 2146 verum]
3072 2073 3392 2129 conﬁtemur
3419 2088 3651 2144 concep-

2088 2180 2224 2236 tum,
2253 2177 2308 2226 et
2336 2168 2501 2224 Deum
2524 2181 2713 2223 verum
2749 2172 2956 2231 natum,
2993 2154 3240 2229 eumdem
3267 2178 3452 2220 verum
3479 2163 3648 2219 Deum

2091 2270 2146 2317 et
2174 2257 2681 2323 verum’hominem,
2714 2271 2879 2311 unum
2906 2253 3201 2322 Christum,
3246 2270 3415 2310 unum
3456 2252 3653 2309 Filium

2092 2350 2188 2405 Dei
2214 2348 2567 2421 unigenitum,
2598 2347 2874 2417 proprium
2923 2354 2979 2401 et
3012 2344 3307 2415 perfectum
3361 2344 3417 2400 in
3451 2344 3659 2401 duabus
3696 2352 3709 2359 ‘

2092 2441 2323 2505 naturis,
2362 2439 2415 2492 in
2455 2439 2624 2501 unius,
2666 2452 2908 2507 personae
2935 2428 3321 2506 singularitate.
3350 2435 3661 2506 Impassibi-

2094 2531 2197 2585 lem
2229 2538 2283 2586 et
2311 2528 2642 2600 passibiletn,
2670 2526 2949 2583 mortalem
2977 2524 3105 2598 [ιιι.
3141 2524 3529 2591 Sanct-Genn.,
3577 2524 3664 2581 in-

2097 2621 2358 2678 visibilem
2375 2611 2427 2675 et
2448 2617 2776 2690 passibiliter
2796 2615 3074 2672 mortalem
3095 2614 3359 2688 mendose]
3381 2625 3542 2687 atque
3562 2616 3664 2670 im-

2098 2710 2400 2776 mortalem,
2449 2709 2763 2766 cruciﬁxum
2814 2708 2870 2763 in
2900 2706 3211 2762 inﬁrmitate
3248 2715 3455 2771 nostra,
3507 2720 3664 2761 eum-
3714 2718 3717 2721 ί

2101 2806 2327 2874 demque
2374 2817 2585 2873 semper
2616 2803 2880 2857 viventem
2909 2800 2964 2854 in
3006 2800 3203 2853 virtute
3228 2778 3345 2853 sua.
3390 2796 3493 2865 Qui
3520 2812 3669 2852 mor-

2103 2901 2226 2947 tuus
2250 2901 2331 2945 est
2355 2891 2536 2945 carnis
2559 2904 2669 2944 suae
2698 2897 2893 2953 morte,
2921 2895 2977 2942 et
3000 2886 3272 2957 sepultus;
3302 2895 3463 2956 atque
3489 2886 3557 2940 ab
3585 2886 3667 2940 in-

2102 2981 2255 3041 feris.
2286 2981 2534 3035 damnato
2561 2990 2614 3033 ct
2637 2978 2861 3048 spoliato
2886 2977 3126 3049 principe
3155 2978 3317 3032 totius
3348 2974 3670 3047 iniquitatis,

2107 3074 2344 3138 rediens,
2373 3072 2528 3126 tertia
2558 3071 2643 3126 die
2691 3070 3005 3132 resurrexit,
3041 3076 3203 3137 atque
3229 3083 3352 3123 cum
3403 3067 3685 3136 triumpho.

434 3154 498 3209 in
530 3169 613 3219 se.
642 3170 750 3209 non
785 3162 965 3210 tamen
1001 3162 1110 3209 tres
1158 3153 1493 3219 substantia,
1542 3155 1634 3210 sed
1676 3169 1814 3208 unus
1842 3153 2005 3220 Deus,
2035 3159 2079 3222 c
2110 3162 2293 3235 gloriae
2317 3163 2619 3217 videntibus
2640 3158 3145 3230 discipulis-coetum
3192 3156 3454 3220 ascendit,
3482 3155 3675 3210 sedens

433 3258 551 3299 una
593 3243 915 3309 substantia,
957 3260 1062 3300 una
1088 3244 1349 3313 potentia,
1372 3259 1476 3299 una
1518 3244 1772 3309 essentia,
1800 3260 1906 3299 una
1931 3258 2006 3298 ae-

2111 3257 2165 3310 in
2191 3256 2408 3308 dextera
2436 3252 2633 3317 Patris,
2663 3250 2717 3306 id
2745 3259 2847 3315 est,
2878 3249 3158 3323 majestate
3200 3245 3510 3302 divinitatis.
3549 3244 3678 3301 Inde

435 3332 695 3398 ternitas,
723 3348 829 3387 una
859 3333 1186 3401 magnitudo,
1232 3348 1340 3387 una
1378 3333 1589 3387 bonitas
1615 3332 1795 3401 Pater,
1812 3342 1891 3389 set
1922 3332 2011 3387 Fi-

2104 3344 2219 3415 jam
2258 3354 2516 3400 venturus
2537 3342 2779 3412 judicare
2807 3342 2959 3397 vivos
2980 3349 3035 3396 et
3057 3346 3321 3404 mortuos,
3343 3352 3503 3408 quem
3529 3334 3677 3406 impii

436 3422 578 3486 “uso
602 3430 655 3475 εί
680 3420 911 3490 Spiritus
953 3429 1189 3477 εθηειυε·
1219 3420 1329 3477 Nec
1366 3422 1508 3477 διίυά
1535 3429 1617 3478 εει
1634 3422 1798 3477 Pam?
1837 3424 1889 3477 in
1914 3440 2009 3477 ηδ·
2114 3437 2368 3491 videbunt
2386 3435 2717 3502 judicantcm
2751 3433 2804 3487 in
2828 3444 2893 3487 ea
2916 3431 3089 3487 forma
3117 3446 3221 3499 qua
3247 3428 3534 3485 cruciﬁxus
3561 3433 3675 3489 est;

436 3524 569 3569 tura
599 3512 951 3584 quam’Filius
970 3513 1053 3567 vel
1086 3512 1316 3582 Spiritus
1342 3522 1586 3580 sanctus;
1628 3529 1728 3569 nec
1751 3514 1893 3568 aliud
1918 3513 2009 3567 Fi-

2116 3544 2221 3583 non
2246 3528 2299 3581 in
2326 3542 2387 3581 ea
2417 3525 2715 3581 humilitate
2739 3540 2843 3592 qua
2861 3523 3058 3591 injuste
3074 3521 3470 3590 judicatusest,
3501 3517 3592 3573 sed
3622 3516 3682 3571 in

434 3606 581 3671 lius,
610 3611 665 3659 et
700 3603 932 3674 Spiritus
957 3612 1171 3659 sanctus
1199 3619 1361 3674 quam
1400 3603 1559 3659 Pater
1581 3605 1632 3659 in
1657 3613 1868 3667 natura,
1888 3605 2009 3685 qui-

2117 3635 2179 3674 ea
2225 3618 2467 3672 claritate
2495 3632 2598 3685 qua
2622 3616 2765 3684 juste
2786 3613 3125 3682 iudicaturus
3149 3622 3235 3687 est
3260 3611 3535 3667 mundum.
3577 3608 3683 3666 Cu.

436 3697 553 3751 bus
585 3702 668 3749 est
693 3709 800 3749 una
839 3701 1051 3748 natura.
1081 3692 1186 3749 Sed
1214 3692 1351 3750 alius
1374 3701 1459 3748 est
1483 3692 1641 3748 Pater
1667 3693 1721 3747 in
1766 3708 2014 3762 persona,

2109 3710 2197 3780 jus
2223 3707 2566 3781 [majestatis]
2598 3706 2731 3761 visio
2760 3714 2961 3760 (eterna
2986 3705 3092 3761 erit
3115 3704 3352 3760 omnium
3375 3709 3682 3757 sanctorum

434 3785 598 3840 alius
619 3783 783 3839 Filius
807 3784 859 3838 in
882 3798 1133 3854 persona,
1162 3782 1297 3839 alius
1330 3782 1559 3853 Spiritus
1586 3792 1801 3839 sanctus
1823 3784 1877 3837 in
1898 3799 2020 3854 per-

2116 3804 2391 3863 beatitudo
2417 3809 2470 3857 et
2492 3801 2681 3873 gloria.
2710 3798 2987 3866 Gratia,et
3012 3814 3118 3870 pax
3147 3813 3178 3851 a
3205 3795 3313 3850 Deo
3340 3795 3497 3849 Patre
3518 3800 3574 3848 et
3593 3791 3685 3847 Fi-

438 3892 612 3933 sona.
644 3874 704 3930 In
748 3874 910 3930 Patre
945 3877 1214 3931 aeternitas
1244 3874 1370 3947 [Με.
1408 3874 1814 3941 Sanct-Germ.;
1842 3876 1896 3930 in
1922 3875 2021 3931 Pa-

440 3968 749 4023 tre'manet
776 3968 1094 4040 aeternitas],
1134 3969 1188 4023 in
1230 3966 1364 4021 Filio
1387 3967 1685 4037 aequalitas,
1715 3968 1769 4023 in
1815 3967 2016 4039 Spiritu

438 4064 647 4111 sancto
691 4058 1006 4131 paternitatis
1049 4058 1473 4128 mqualitatisque
1519 4058 1797 4112 connexio.
1843 4058 2018 4112 Unum

437 4156 650 4200 omnes
695 4142 748 4194 in
778 4142 1098 4208 substantia,
1144 4153 1197 4198 et
1241 4147 1495 4211 essentia,
1542 4145 1943 4215 omnipotentia,
1970 4152 2025 4199 et

442 4222 687 4289 deitate.
729 4231 889 4304 739
914 4245 940 4274 ι
964 4229 1112 4293 Sicut
1147 4234 1288 4288 enim
1328 4235 1514 4291 eadem
1560 4222 1747 4291 sancta
1790 4237 2025 4293 Trinitas

442 4322 841 4397 inseparabilis
872 4333 955 4382 est
996 4325 1050 4381 in
1081 4326 1403 4392 substantia,
1426 4326 1502 4383 ita
1532 4327 1905 4398 inseparabilis
1948 4336 2033 4384 est
2064 4333 2112 4394 D

2119 3899 2191 3954 lio
2214 3897 2329 3968 ejus
2350 3893 2473 3950 Jesu
2501 3894 2715 3949 Christo
2738 3891 2963 3945 Domino
2983 3896 3165 3943 nostro
3185 3885 3256 3939 sit
3277 3886 3381 3939 ista
3411 3881 3687 3940 conﬁtenti

2125 3988 2180 4042 in
2208 3987 2388 4042 omnia
2416 3983 2609 4038 saecula
2638 3979 2971 4034 seculorum.

2199 4097 2284 4152 Ea:
2310 4111 2433 4148 mss.
2460 4102 2506 4148 et
2534 4092 2658 4146 edit.
2685 4088 2937 4162 [Explicit
2966 4088 3094 4152 liber
3121 4104 3179 4143 ιιι
3207 4088 3271 4142 de
3298 4096 3478 4142 sancta
3519 4083 3691 4139 Trini-

2127 4198 2264 4253 tate,
2298 4202 2457 4257 quam
2494 4184 2744 4254 excerpsit
2786 4181 3035 4236 Alcuinus
3078 4181 3144 4235 de
3182 4179 3329 4234 libris
3368 4179 3537 4233 sancti
3576 4178 3693 4231 Au—

2131 4276 2371 4352 gustini.]

523 4471 552 4499 ι
586 4459 675 4513 Ex
725 4432 911 4514 sancto
936 4458 1249 4530 Augustino,
1290 4460 1358 4516 de
1406 4461 1656 4517 Doctrina
1700 4444 2026 4529 Christiana,
2065 4465 2159 4519 lib.
2188 4481 2229 4530 ι,
2263 4479 2381 4533 cap.
2416 4465 2469 4517 5.

450 4588 1908 4617 Mm

1398 4683 1777 4745 MAGISTRI
1813 4683 2080 4746 ALBINI
2125 4684 2403 4745 FLACCI
2447 4682 2764 4747 ALCUINI

1172 4826 1259 4881 DE
1296 4825 1659 4885 TRINITATE
1694 4828 1783 4882 AD
1821 4826 2261 4885 FREDEGISUM
2300 4826 2752 4897 QUIESTIONES
2790 4827 3024 4885 XXVIII.

526 5045 1019 5111 Desideratissimo
1045 5042 1152 5097 ﬁlio
1177 5042 1459 5112 Fredegiso
1486 5041 1705 5097 Albinus
1726 5044 1970 5098 salutem.

450 5244 791 5313 proponere
831 5230 960 5282 mihi
1005 5228 1068 5281 ad
1114 5225 1390 5281 solvendas
1429 5226 1493 5279 de
1531 5224 1861 5279 sanctissima
1912 5223 2042 5295 ML,

450 5320 694 5393 sancta]
732 5317 992 5371 Triuitate
1016 5318 1351 5385 quaestiones.
1380 5315 1573 5386 quibus
1597 5313 1837 5369 fortassis
1860 5323 2050 5369 vestrae
2155 5316 2393 5370 stolicam
2430 5319 2781 5387 prophetiam,
2811 5314 3228 5371 contradictores
3269 5316 3393 5371 olim
3442 5315 3710 5385 prioribus

452 5431 635 5479 aures
666 5408 952 5479 sapientia:
980 5409 1273 5475 inquietare
1298 5406 1430 5479 [AI.,
1456 5404 1759 5475 inquietari}
1784 5413 2048 5473 putamus.
2084 5474 2088 5479 '
2158 5416 2214 5461 ct
2244 5420 2381 5461 nunc
2418 5408 2610 5461 nostris
2633 5407 2911 5474 probatum
2943 5406 3202 5461 habemus
3224 5406 3584 5475 temporibus:
3616 5410 3709 5460 sed

424 5514 581 5571 ‘Nec
612 5504 901 5562 ullatenus
939 5497 1290 5552 eruditionem
1334 5507 1588 5561 vestram,
1622 5504 1671 5550 et
1703 5498 1755 5550 in
1794 5494 2054 5550 catholica

455 5601 580 5665 ﬁde
616 5591 946 5671 puritatem,
977 5588 1157 5641 minus
1190 5589 1385 5657 aliquid
1428 5589 1481 5643 iu
1509 5588 1703 5644 talibus
1737 5586 2060 5643 intellexisse

460 5708 629 5762 ποια,
655 5687 797 5743 dum
831 5678 1058 5735 maxime
1083 5677 1257 5733 divina
1282 5688 1535 5749 operante
1557 5680 1723 5750 gratia
1758 5680 1820 5733 ab
1849 5678 2061 5736 ineunte

96 6182 585 6308 ηις..

2149 5043 2320 5097 virilis
2343 5044 2535 5098 robore
2559 5046 2744 5099 sensus
2768 5051 2942 5099 tecum
2970 5045 3070 5099 hoc
3092 5042 3193 5113 egi,
3219 5053 3279 5125 ut
3305 5044 3548 5110 robustus
3569 5059 3709 5114 pra)-

516 5139 766 5200 ‘Placuit
798 5135 1094 5208 prudentia:
1138 5144 1340 5196 vestrm,
1372 5132 1442 5187 iiii
1481 5133 1809 5193 charissime,
1841 5134 2047 5202 aliquas
2152 5133 2359 5188 dicatur
2397 5142 2451 5189 et
2493 5135 2864 5204 insuperabilis
2891 5136 3075 5189 doctor
3113 5134 3166 5187 in
3209 5134 3313 5188 ﬁde
3357 5135 3709 5193 sanctissima:

2156 5225 2435 5280 Trinitatis
2464 5243 2579 5282 esse
2608 5227 2893 5290 videreris;
2932 5226 3013 5279 cui
3043 5240 3147 5277 non
3180 5224 3384 5289 deesse.
3407 5226 3559 5295 juxta
3583 5242 3711 5300 apo—

2162 5496 2290 5552 satis
2317 5498 2541 5567 benigne
2581 5495 2833 5565 suscipio,
2870 5497 3171 5566 quicunque
3201 5494 3331 5566 [ΑΙ.,
3356 5496 3707 5568 quaecunque]

2166 5596 2264 5651 est,
2292 5589 2357 5643 de
2385 5586 2682 5658 huiusmodi
2725 5588 2883 5642 rebus
2925 5586 3300 5655 interrogantis
3344 5586 3675 5642 devotionem
3696 5628 3713 5653 ,

2170 5689 2222 5734 ut
2266 5679 2431 5749 magis
2449 5675 2612 5734 laudo
2641 5676 2778 5733 hanc
2807 5676 2939 5749 HL,
2975 5675 3109 5749 lucc]
3137 5676 3479 5747 [incdit-antis
3508 5677 3715 5733 instan-

3922 53 3943 65 _.
3970 30 4055 73 ες,
