4228 6234
529 295 600 350 59
1056 323 1064 332 η
1276 293 1287 304 ⁸
1364 283 1425 338 Β.
1467 283 1530 338 F.
1568 281 1797 338 ALBINI
1837 281 1969 338 SEU
2009 278 2287 337 ALCUINI
2323 277 2609 335 OPERUM
2648 275 2827 331 PARS
2863 274 2949 330 ill.
3729 269 3799 328 ϐο

526 410 681 470 tiam,
709 403 837 476 quia
876 416 1064 472 parum
1091 399 1308 469 prodest
1339 396 1580 452 discendi
1611 395 1846 459 devotio,
1875 397 1993 449 sine
2017 394 2115 449 do-
2143 395 2191 454 Α
2217 389 2702 456 Filius,'relationis
2720 387 2901 459 regula
2924 395 3138 442 tenetur
3157 383 3502 459 [Al.,regul:e
3523 383 3798 473 tenentur]

527 496 686 554 cendi
707 493 912 557 studio,
930 493 1083 565 juxta
1106 489 1426 545 sententiam
1450 487 1790 543 Salomonis:
1817 485 2115 541 Thesaurus

527 587 726 642 inrisus
747 594 796 640 et
816 584 1072 655 sapientia
1093 579 1421 644 abscondita,
1445 596 1564 651 quae
1589 577 1788 634 utilitas
1808 579 1863 635 in
1887 579 2119 649 utrisque

532 676 726 748 (Ecdi.
754 691 864 740 xu,
895 673 1021 745 l7)?
1046 672 1311 741 Quocirca
1337 678 1450 725 tota
1479 669 1638 725 debet
1673 684 1792 725 esse
1824 683 1953 724 cura
1980 668 2121 724 bene

531 765 847 838 intelligenti
881 765 934 819 in
964 761 1227 826 docendo,
1256 775 1323 814 ne
1346 758 1545 813 frustra
1574 758 1784 815 laboret
1808 756 1940 829 [Νη
1971 757 2121 812 labo-

532 855 706 930 raret]
743 856 799 912 in
825 853 1122 912 discendo:
1149 851 1274 920 quia
1316 849 1458 905 sicut
1487 849 1541 904 in
1579 847 1848 920 Propheta
1879 847 2114 918 legitur:

536 947 642 1013 Qui
679 943 873 999 multos
900 942 1169 1008 erudiunt,
1197 941 1331 995 sicut
1374 939 1764 1009 ﬁrmamentum
1792 940 1846 992 in
1870 946 2121 1010 perpetua

526 1035 803 1108 [algebunt
830 1033 1071 1088 claritate
1097 1031 1262 1104 (Dan.
1287 1046 1387 1097 xu,
1410 1029 1488 1101 3).

605 1126 960 1196 Interrogatio
991 1125 1041 1179 1.
1069 1122 1352 1192 Quomodo
1389 1123 1532 1177 Deus
1567 1134 1695 1178 vere
1728 1121 1801 1177 sit
1829 1119 2038 1184 Unitas,
2066 1127 2124 1175 et

533 1231 663 1275 vere
689 1211 1207 1285 Trinitas?—Resp.
1234 1213 1427 1270 Unilas
1450 1213 1505 1268 in
1533 1214 1855 1278 substantia,
1882 1213 2122 1271 Trinitas
2149 1275 2156 1280 ,

533 1306 593 1362 in
622 1305 891 1376 personis.

606 1411 634 1439 ι
659 1397 829 1452 Inter.
861 1396 916 1452 2.
951 1394 1089 1465 Quid
1119 1394 1190 1450 sit
1223 1397 1502 1469 preprium
1547 1395 1971 1467 uniuscujusque
1999 1413 2124 1467 per-

533 1505 681 1546 sonte
710 1491 764 1544 in
795 1497 981 1546 sancta
1011 1487 1570 1559 Trinitatel—Resp.
1597 1489 1882 1560 Proprium
1911 1499 1995 1544 est
2022 1490 2125 1544 Pa-

535 1584 658 1648 tris,
687 1582 831 1654 quod
857 1581 1004 1637 solus
1044 1591 1128 1636 est
1158 1581 1348 1647 Pater;
1381 1590 1437 1637 et
1470 1582 1613 1652 quod
1651 1583 1720 1638 ab
1747 1582 1855 1638 alio
1892 1597 2001 1638 non
2041 1590 2125 1637 est

538 1675 703 1750 Ὶω
727 1675 829 1731 nisi
857 1690 888 1730 a
918 1690 996 1731 se.
1023 1675 1309 1744 Proprium
1338 1683 1423 1729 est
1448 1673 1591 1738 Filii,
1616 1674 1761 1743 quod
1785 1689 1816 1727 a
1844 1672 2004 1728 Patre
2031 1685 2124 1741 ge-

2221 498 2275 537 Iﬂ
2303 496 2390 536 ρο.

2294 571 2462 626 Inter.
2488 571 2542 627 9.
2567 569 2748 638 Quare
2783 569 3045 639 aequalem
3084 583 3189 624 non
3224 565 3389 624 habet
3415 565 3691 622 relationis
3717 582 3802 624 re-

2218 661 2400 734 gulam
2421 659 2656 733 Spiritus
2673 668 2912 725 sanetus,
2937 660 3079 715 sicut
3095 659 3257 715 Pater
3274 664 3331 712 et
3351 655 3798 730 Filiusl—Rup.

2221 755 2358 822 Quia
2391 752 2729 811 cimmferri
2756 763 2935 825 potest
2961 753 3144 810 Patris
3167 760 3224 808 et
3253 751 3374 807 Filii
3401 766 3599 808 nomen
3623 752 3691 808 ad
3717 751 3802 807 in-

2219 847 2415 910 vicem,
2440 853 2502 900 nt
2524 845 2573 902 si
2599 844 2864 910 dicamus,
2891 844 3055 901 Pater
3081 844 3202 901 Filii
3231 842 3410 909 Pater,
3432 852 3490 898 et
3510 843 3678 899 Filius
3693 843 3803 899 Pa-

2221 936 2324 993 tris
2359 935 2558 1000 Filius,
2595 951 2704 992 non
2745 935 2822 990 ita
2862 933 3058 1006 duplex
3101 933 3378 990 relationis
3415 934 3802 990 circumversio

2224 1027 2358 1101 [Al.,
2385 1028 2720 1100 duplicem...
2749 1024 3283 1098 circnmversionem]
3309 1026 3364 1081 in
3391 1026 3610 1082 nomine
3630 1025 3805 1082 sancti

2222 1119 2463 1191 Spiritus
2489 1119 2717 1174 inveniri
2747 1125 2943 1190 potest.

2293 1209 2462 1265 Inter.
2493 1209 2576 1265 l0.
2607 1208 2723 1277 Qua
2753 1209 3075 1292 necessitate
3118 1207 3318 1263 accidit
3350 1215 3412 1262 ut
3450 1207 3527 1263 ita
3558 1223 3664 1264 non
3693 1207 3804 1264 dr-

2221 1301 2483 1360 eumferri
2506 1301 2678 1372 possit
2699 1300 2932 1370 Spiritus
2953 1301 3129 1355 sancti
3149 1297 3617 1370 relatioi—Resp.
3639 1297 3810 1355 Recte

2223 1391 2404 1445 dicere
2443 1404 2731 1460 possumus
2763 1387 3024 1460 Spiritum
3070 1397 3317 1444 sanctum
3361 1387 3540 1443 Patris
3583 1395 3640 1444 et
3685 1385 3808 1443 Filii

2225 1479 2508 1551 Spiritum,
2534 1480 2630 1535 sed
2659 1493 2921 1535 converso
2948 1478 3137 1535 ordine
3163 1493 3272 1533 non
3307 1493 3594 1550 possumus
3626 1477 3809 1535 dicere

2225 1567 2442 1625 Patrem
2486 1568 2722 1638 Spiritus
2751 1569 2948 1635 sancti,
2977 1567 3118 1626 sicut
3156 1568 3386 1625 dicimus
3413 1567 3629 1624 Patrem
3660 1568 3808 1634 Filii,

2226 1674 2296 1715 ne
2335 1658 2443 1715 duo
2472 1657 2596 1714 Filii
2635 1659 2688 1715 in
2721 1667 2910 1715 saneta
2937 1659 3203 1715 Trinitate
3228 1659 3644 1715 aestimarentur.
3673 1659 3808 1716 ltem

537 1747 687 1821 nitus
707 1773 808 1824 est.
839 1764 987 1820 solus
1014 1781 1044 1822 a
1072 1763 1203 1827 solo,
1233 1774 1538 1820 comternus
1563 1773 1620 1820 et
1647 1763 2125 1820 consubstantialis

2227 1764 2336 1804 non
2381 1763 2667 1820 possumus
2703 1749 2885 1805 dicere
2931 1747 3125 1805 Filium
3166 1750 3399 1820 Spiritus
3442 1750 3636 1816 sancti,
3669 1749 3815 1806 sicut

537 1855 768 1926 genitori
807 1853 1094 1925 Proprium
1114 1865 1198 1910 est
1221 1855 1457 1926 Spiritus
1477 1855 1675 1921 sancti,
1697 1854 1839 1924 quod
1858 1869 1966 1910 non
1987 1854 2122 1927 [Αι.,

534 1947 663 2022 nec]
711 1949 1002 2022 ingenitus,
1026 1965 1128 2006 nec
1158 1952 1372 2022 genitus
1395 1959 1502 2017 est,
1529 1949 1622 2005 sed
1651 1965 1683 2004 a
1713 1949 1874 2005 Patre
1899 1960 1955 2004 et
1987 1948 2127 2004 Filio

540 2042 821 2114 mqualiter
848 2041 1168 2114 procedens.

613 2131 780 2188 Inter.
795 2133 849 2188 3.
870 2132 1049 2202 Quare
1065 2133 1303 2204 Spiritus
1328 2142 1549 2191 sanctus
1575 2133 1848 2207 ingenitus
1869 2133 1951 2188 vel
1973 2133 2128 2205 geni-

539 2232 628 2279 tus
648 2241 756 2280 non
777 2224 884 2280 dici
907 2226 1066 2280 debet
1075 2224 1324 2297 Y—Resp.
1341 2225 1479 2294 Quia
1499 2225 1546 2280 si
1569 2225 1838 2296 ingenitus
1857 2225 2132 2280 diceretur

540 2315 682 2370 sicut
699 2315 883 2382 Pater,
897 2315 1004 2370 duo
1024 2316 1246 2381 Patres;
1271 2317 1316 2372 si
1339 2317 1578 2388 genitus,
1601 2316 1707 2372 duo
1727 2316 1850 2371 Filii
1869 2315 2127 2373 :cstimari

547 2414 769 2475 possent
795 2406 850 2461 in
877 2416 1063 2463 saneta
1094 2407 1378 2464 Trinitate.

612 2519 780 2575 Inter.
803 2521 858 2576 Α.
890 2521 1083 2578 Utrum
1124 2522 1272 2581 solus
1303 2522 1482 2586 Pater,
1513 2529 1609 2578 aut
1637 2522 1786 2578 solus
1815 2520 2007 2587 Filius,
2037 2530 2132 2577 aut

545 2613 694 2672 solus
723 2612 960 2683 Spiritus
987 2622 1206 2669 sanctus
1235 2630 1333 2684 per
1359 2628 1418 2670 se
1459 2614 1654 2684 plenus
1685 2615 1827 2670 Dens
1864 2621 1920 2669 et
1956 2613 2134 2684 perfe-

544 2714 666 2762 ctus
710 2705 816 2759 dici
861 2702 1179 2760 debeatl—
1204 2702 1357 2774 Resp.
1399 2703 1599 2775 Utique
1638 2703 1801 2759 Pater
1831 2717 1931 2775 per
1957 2718 2017 2758 se
2051 2711 2138 2758 est

541 2795 739 2866 plenus
768 2795 933 2861 Deus,
960 2794 1212 2862 similiter
1232 2803 1301 2849 et
1321 2794 1489 2849 Filius
1514 2794 1704 2865 plenus
1742 2793 1885 2849 Deus
1904 2794 1952 2848 si
1990 2792 2140 2849 solus

551 2886 884 2953 nominetur,
925 2894 983 2941 et
1033 2885 1274 2956 Spiritus
1318 2893 1541 2943 sanctus
1577 2886 1771 2956 plenus
1823 2885 1968 2941 Deus
2009 2898 2137 2940 cre-

550 2978 716 3034 ditur.
2033 2979 2041 2987 ’

619 3067 789 3123 Inter.
813 3069 867 3123 5.
895 3068 952 3125 Si
979 3084 1315 3144 unaquaeque
1334 3084 1567 3140 persons
1589 3083 1687 3140 per
1705 3084 1764 3125 se
1783 3068 1974 3140 plenus
1992 3070 2135 3125 Deus

549 3160 658 3217 diei
684 3168 895 3230 potest,
922 3176 1092 3230 quare
1118 3175 1225 3215 non
1254 3171 1368 3216 tres
1391 3160 1532 3216 Deos
1558 3159 1791 3215 dicimus
1816 3159 2055 3225 Patrem,
2081 3168 2138 3214 et

551 3251 768 3317 Filium,
794 3262 849 3306 et
873 3249 1134 3320 Spiritum
1162 3250 1695 3322 sanctuml—Resp.
1721 3251 1858 3319 Quia
1883 3267 1991 3306 una
2012 3253 2140 3307 sub-

549 3342 751 3397 stantia
776 3351 864 3398 eat
893 3343 1074 3406 Pater,
1100 3351 1158 3397 et
1186 3341 1376 3406 Filius,
1409 3351 1466 3397 et
1503 3342 1736 3412 Spiritus
1762 3351 2003 3408 sanans,
2028 3358 2139 3397 non

551 3443 664 3491 tres
689 3434 1025 3490 substaniizc.
1059 3433 1292 3489 Proinde
1314 3433 1494 3489 unitas
1522 3434 1841 3498 substantia:
1862 3442 1973 3490 tres
1999 3433 2140 3490 Deos

551 3525 807 3595 prohibet
828 3523 1009 3579 dicere
1038 3523 1123 3578 vci
1149 3521 1392 3580 credere.

625 3633 793 3690 Inter.
826 3634 880 3689 6.
911 3635 1048 3690 Dum
1096 3643 1207 3690 tres
1243 3650 1504 3706 personas
1539 3633 1778 3704 dicimus
1820 3635 2058 3702 Patrem,
2086 3643 2143 3690 et

557 3721 776 3792 Filium,
805 3733 862 3780 et
893 3724 1154 3794 Spiritum
1185 3733 1458 3792 sanetum,
1483 3741 1652 3795 quare
1689 3742 1798 3782 non
1827 3735 1939 3782 tres
1977 3727 2140 3794 Deos,

554 3835 656 3876 nec
693 3831 807 3874 tres
852 3819 1272 3889 omnipotentes,
1311 3832 1418 3872 nec
1451 3825 1564 3872 tres
1608 3807 1857 3886 magnos;
1882 3834 1984 3873 nec
2029 3827 2145 3873 tres

554 3909 739 3965 bonos'
753 3909 935 3966 dicere
963 3907 1048 3964 fas
1073 3907 1189 3962 est?
1205 3904 1444 3976 —Resp.
1475 3905 1613 3973 Quia
1640 3904 1783 3987 Deus
1807 3913 1861 3961 et
1900 3906 2146 3975 omnipo-

555 4009 699 4063 tens,
726 4007 784 4054 et
812 4014 1057 4067 magnus,
1089 4009 1144 4052 et
1175 4001 1371 4063 bonus,
1395 4007 1451 4054 et
1477 4007 1730 4063 alternus,
1763 3997 2144 4054 substantialis

557 4089 778 4146 mmina
807 4097 956 4155 sunt,
997 4096 1055 4145 et
1086 4089 1154 4143 ad
1194 4104 1254 4144 se
1279 4089 1571 4147 dicuntur:
1604 4090 1727 4146 ideo
1767 4106 1877 4146 non
1924 4091 2050 4146 licet
2079 4105 2146 4145 ea

554 4179 752 4252 plurali
791 4194 1019 4237 numero
1051 4179 1251 4243 dicere,
1287 4181 1383 4237 sed
1415 4181 1706 4252 singulari;
1745 4191 1801 4238 et
1845 4198 2009 4239 omne
2043 4198 2145 4238 no-

558 4287 708 4340 men,
729 4272 873 4344 quod
899 4271 1258 4328 substantiam
1288 4269 1382 4325 Dei
1413 4271 1496 4326 vel
1534 4273 1828 4326 essentiam
1853 4273 2146 4342 signiﬁcat,

559 4378 777 4434 semper
803 4360 1064 4434 singulari
1094 4375 1319 4416 numero
1345 4359 1728 4432 proferendum
1757 4368 1860 4415 est.
1886 4361 2070 4427 Pater,
2093 4370 2152 4416 et

557 4454 750 4520 Filius,
777 4462 833 4509 et
857 4452 1093 4525 Spiritus
1131 4460 1374 4518 sanctus,
1402 4450 1627 4506 relativa
1667 4459 1794 4508 sunt
1829 4451 2070 4518 nomina,
2093 4460 2149 4507 et

575 4546 678 4601 deo
701 4552 815 4600 tres
840 4559 1088 4617 persona:
1117 4554 1266 4601 recte
1291 4545 1565 4600 dicuntur.

628 4653 796 4710 Inter.
827 4655 878 4710 7.
913 4655 1196 4722 Quomodo
1244 4659 1509 4713 relativa?
1531 4689 1604 4701 --
1637 4657 1792 4730 Resp.
1835 4659 2144 4719 Secundum

557 4745 901 4827 dialecticam
933 4746 1159 4800 relativa
1197 4749 1415 4802 nomina
1442 4759 1588 4815 sunt,
1629 4765 1750 4821 qua
1775 4751 1844 4807 ad
1871 4751 2018 4808 aliud
2048 4751 2146 4808 ali-

546 4838 689 4909 quid
735 4836 1063 4902 referuntur,
1092 4838 1233 4892 sicut
1278 4836 1529 4892 dominus
1563 4839 1630 4893 ad
1663 4854 1904 4907 servum,
1929 4850 1986 4897 et
2027 4858 2148 4898 ser-

543 4944 658 4995 vus
687 4928 753 4982 ad
782 4928 1058 4983 dominum
1079 4969 1094 4993 ,
1134 4935 1292 4998 pater
1328 4927 1396 4980 ad
1428 4925 1629 4993 lilium,
1669 4936 1726 4983 et
1754 4928 1897 4985 illius
1935 4932 2006 4986 ad
2047 4947 2146 5003 pa-

559 5032 721 5076 trem.
745 5019 975 5077 Prorsus
996 5035 1122 5079 cum
1146 5018 1270 5074 dico
1295 5019 1481 5084 Pater,
1515 5018 1711 5074 Filium
1741 5019 1945 5094 [simul]
1973 5024 2144 5096 signi—

562 5115 691 5180 tioo,
731 5113 856 5184 quia
886 5130 992 5170 non
1022 5122 1108 5170 est
1137 5111 1296 5167 Pater
1330 5111 1434 5166 nisi
1485 5109 1654 5166 Filius
1693 5111 1764 5167 sit
1809 5113 1895 5167 cui
1931 5115 2004 5170 sit
2038 5115 2146 5171 Pa-

561 5214 664 5258 ter.
705 5203 840 5260 Item
883 5221 990 5260 non
1031 5213 1114 5264 est
1151 5203 1322 5262 Filius
1367 5201 1471 5260 nisi
1514 5202 1588 5258 sit
1623 5201 1784 5261 Pater
1823 5204 1911 5262 cui
1940 5207 2012 5262 sit
2053 5207 2145 5264 Fi-

635 5389 799 5446 lnter.
832 5389 885 5445 8.
913 5389 1107 5447 Utrum
1134 5389 1367 5462 Spiritus
1397 5399 1621 5447 sanctus
1653 5390 1874 5449 relative
1896 5392 1981 5448 vel
2023 5395 2152 5450 sub-

2227 1837 2457 1892 dicimus
2492 1836 2689 1891 Filium
2722 1836 2919 1902 Patris,
2949 1854 3018 1894 ne
3041 1840 3149 1895 duo
3175 1838 3364 1896 Patres
3391 1841 3446 1896 in
3481 1849 3669 1896 sancta
3691 1839 3812 1897 Td-

2228 1929 2397 1984 nitate
2415 1928 2798 2000 intelligantur.
2821 1929 3061 1985 Dicimus
3081 1931 3264 2001 itaque
3282 1930 3547 2004 Spiritum
3565 1939 3814 1988 sanctum

2227 2021 2407 2077 Patris
2442 2028 2499 2076 et
2526 2021 2672 2087 Filii,
2699 2021 2816 2078 sine
2855 2021 3284 2093 reciprocatione
3319 2023 3690 2081 conversionis
3715 2038 3814 2080 no-

2229 2110 2437 2166 minum
2462 2111 2836 2169 relativorum.

2299 2202 2466 2258 Inter.
2498 2205 2585 2258 11.
2620 2203 2813 2260 Utrum
2853 2205 3237 2276 inseparabiiia
3272 2207 3382 2263 sint
3417 2221 3584 2279 opera
3612 2213 3816 2262 sancta:

2231 2293 2552 2350 Trinitatis?
2571 2321 2640 2334 --
2669 2293 2825 2366 Resp.
2853 2294 3051 2366 Utique
3078 2296 3340 2367 quidquid
3363 2296 3507 2352 Deus
3532 2305 3812 2368 operatur,

2230 2391 2405 2439 totum
2453 2392 2640 2440 sancta
2695 2384 2934 2440 Trinitas
2981 2386 3578 2463 inseparabiliterch
3623 2387 3815 2442 eadem

2230 2484 2493 2546 operatur
2542 2491 2744 2546 opera;
2795 2476 2922 2547 quia
2971 2493 3078 2532 una
3129 2486 3214 2534 est
3267 2485 3469 2534 sanctae
3529 2478 3815 2535 Trinitatis

2231 2567 2498 2638 operatio,
2525 2567 2666 2622 sicut
2700 2582 2805 2623 una
2839 2575 2925 2625 est
2959 2568 3295 2637 substantia,
3326 2569 3593 2638 essentia,
3627 2577 3687 2627 et
3721 2583 3817 2625 vo-

2235 2659 2437 2716 luntas.

2304 2749 2473 2804 Inter.
2502 2750 2588 2806 12.
2621 2749 2818 2808 Utrum
2863 2759 3050 2806 sancta
3097 2748 3334 2805 Trinitas
3360 2748 3415 2804 in
3444 2749 3695 2822 personis
3723 2763 3814 2807 so-

2236 2842 2497 2915 parabiiis
2518 2842 2603 2898 vel
2630 2841 3009 2913 inseparabilis
3036 2841 3262 2898 dicenda
3289 2843 3381 2910 sit,
3410 2842 3538 2898 dum
3567 2841 3706 2899 alius
3731 2850 3820 2900 est

2235 2936 2419 3002 Pater,
2447 2935 2587 2993 alius
2612 2935 2804 3000 Filius,
2840 2936 2980 2992 alius
3019 2935 3253 3007 Spiritus
3293 2936 3635 2993 sanctnsl—
3660 2933 3817 3009 Resp.

2240 3030 2381 3087 Vere
2403 3030 2545 3086 alius
2579 3037 2664 3085 est
2700 3029 2863 3085 Pater
2899 3045 3063 3099 quam
3102 3028 3274 3084 Filius
3309 3029 3364 3084 in
3389 3043 3646 3101 persona,
3679 3030 3821 3086 sicut

2163 3126 2211 3188 C
2237 3122 2409 3181 Filius
2445 3122 2586 3178 alius
2617 3102 2784 3177 estin
2824 3133 3053 3190 persona
3094 3136 3258 3191 quam
3284 3119 3466 3187 Pater,
3501 3130 3558 3177 et
3585 3121 3856 3204 Spiritus“

2238 3221 2460 3268 sanctus
2498 3211 2639 3266 alius
2679 3219 2764 3266 est
2789 3210 2843 3265 in
2872 3224 3102 3279 persons
3142 3225 3305 3279 quam
3334 3209 3498 3267 Pater
3539 3220 3596 3268 et
3629 3212 3820 3270 Filius.
3845 3201 3863 3208 V'

2239 3301 2356 3358 Non
2377 3310 2558 3357 tamen
2583 3299 2727 3355 aliud
2749 3299 2856 3365 ille,
2882 3298 2967 3354 vel
2991 3298 3079 3354 ille
3101 3299 3154 3354 in
3175 3308 3388 3366 natura,
3407 3300 3492 3356 vel
3513 3301 3567 3356 in
3593 3301 3819 3369 deitate,

2239 3395 2415 3450 autin
2443 3393 2700 3449 essentia.
2740 3391 2851 3447 Nec
2887 3392 3031 3446 enim
3061 3389 3275 3448 Patrem
3302 3398 3457 3462 potes
3485 3393 3690 3460 dicere,
3715 3393 3822 3451 nisi

2241 3485 2438 3542 Filium
2491 3482 2792 3553 intelligas;
2837 3497 2938 3536 nec
2981 3481 3178 3537 Filium
3215 3482 3416 3550 dicere,
3458 3483 3564 3539 nisi
3607 3483 3824 3539 Patrem

2243 3574 2538 3645 intelligas;
2564 3587 2664 3627 nec
2684 3571 2946 3642 Spiritum
2971 3581 3237 3638 sanctum,
3260 3573 3364 3628 nisi
3387 3572 3652 3644 intelligas
3672 3572 3825 3644 cujus

2244 3665 2480 3736 Spiritus
2524 3663 2614 3720 sit.
2657 3663 2921 3730 Quocirca
2964 3663 3274 3718 omnimodo
3319 3660 3698 3733 inseparabilis
3742 3668 3823 3716 est

2241 3762 2431 3810 sancta
2458 3753 2696 3808 Trinitas
2717 3753 2858 3808 sicut
2880 3753 2937 3810 in
2964 3751 3240 3822 operibus,
3266 3755 3345 3806 sic
3368 3751 3531 3806 etiam
3559 3750 3612 3804 in
3640 3764 3819 3821 perso-

2242 3841 2330 3898 nis
2352 3841 2599 3898 dicenda.

2315 3946 2472 4020 7‘1
2499 3946 2664 4001 Inter.
2691 3947 2874 4002 15.Αιι
2901 3945 3034 4020 [Αι.,
3060 3945 3141 4019 Si]
3165 3947 3232 4001 ad
3255 3947 3424 4003 solam
3447 3946 3627 4004 Patris
3647 3962 3833 4021 ρει-ω.

2245 4056 2372 4096 nam
2384 4041 2672 4112 pertineat,
2692 4039 2784 4095 ubi
2801 4039 2931 4112 [Al.,
2955 4039 3121 4113 quod]
3136 4041 3335 4098 dicitur
3357 4060 3371 4098 :
3397 4041 3502 4110 Qui
3516 4041 3646 4115 facit
3671 4045 3835 4101 mira-

2243 4132 2373 4187 bilia
2401 4147 2592 4203 magna
2615 4131 2756 4186 solus
2782 4131 2954 4204 (Psnl.
2975 4148 3125 4199 uxt,
3147 4133 3257 4206 18).
3282 4132 3350 4190 Et
3368 4133 3697 4205 Apostolus:
3724 4135 3828 4203 Qua

2245 4210 2388 4278 solus
2407 4223 2560 4276 habet
2602 4223 3048 4277 immortalitatem
3079 4222 3132 4293 (ι
3160 4222 3296 4280 Tim.
3321 4239 3375 4278 η
3394 4263 3411 4287 ,
3438 4223 3562 4296 l6)?
3581 4224 3828 4296 —Resp.

2246 4302 2564 4368 Nullatenns
2573 4313 2642 4367 ad
2652 4314 2823 4367 solam
2835 4314 3015 4380 Patris
3026 4326 3313 4384 personam
3326 4313 3584 4386 pertinet,
3607 4316 3733 4371 dum
3749 4315 3829 4371 di—

2248 4405 2394 4461 citur
2421 4403 2569 4460 solus
2601 4403 2764 4472 Deus,
2793 4404 2906 4460 sive
2936 4405 2991 4460 in
3021 4404 3191 4471 Novo,
3215 4405 3408 4476 sivein
3430 4407 3612 4463 Veteri
3643 4407 3835 4463 Testa-

2173 4513 2222 4573 ο
2250 4503 2453 4560 mento,
2479 4495 2701 4566 etquod
2724 4493 2866 4552 Deus
2890 4493 3036 4553 solus
3059 4497 3174 4555 sive
3196 4498 3300 4555 hoc
3321 4499 3434 4555 sive
3459 4499 3587 4555 illud
3610 4499 3829 4567 habent,

2247 4585 2332 4642 vel
2380 4584 2574 4650 faciat;
2607 4583 2702 4640 sed
2731 4585 2799 4641 ad
2839 4593 3006 4642 totam
3039 4595 3283 4642 sanctam
3326 4586 3680 4651 Trinitatem,
3711 4601 3830 4656 qua!
3889 4637 3891 4640 .

2243 4684 2331 4734 est
2356 4692 2495 4732 unus
2520 4674 2664 4732 Deus
2689 4677 3048 4749 omnipotens,
3076 4679 3258 4734 omnia
3284 4676 3509 4744 faciens,
3550 4692 3670 4748 qum
3705 4685 3827 4733 sunt

2247 4771 2304 4828 in
2330 4770 2471 4828 cutio
2495 4778 2550 4827 et
2573 4772 2630 4827 in
2655 4778 2821 4828 terra.

2316 4862 2484 4917 Inter.
2530 4863 2614 4917 ll.
2662 4862 2940 4931 Quomodo
2986 4863 3176 4920 beatus
3219 4858 3457 4917 Joannes
3499 4862 3828 4932 evangelista

2246 4952 2413 5009 dicit:
2440 4953 2607 5008 Deum
2633 4971 2781 5010 nemo
2805 4954 2929 5010 tidit
2951 4970 3181 5024 unquam
3212 4951 3393 5022 (Joan.
3417 4969 3458 5018 ι,
3489 4953 3608 5025 18);
3639 4963 3694 5008 et
3719 4955 3831 5026 ipse

2248 5044 2506 5102 Dominus
2532 5046 2586 5101 in
2625 5046 2732 5102 alio
2757 5045 2836 5100 ait
2875 5046 2995 5101 loco
3020 5061 3033 5098 :
3063 5043 3212 5098 Beati
3257 5045 3453 5099 mundo
3483 5047 3660 5114 corde,
3694 5065 3827 5118 quo-

2248 5137 2389 5192 niam
2419 5139 2519 5208 ipsi
2562 5137 2732 5192 Deum
2760 5134 2998 5192 videbant
3024 5131 3239 5205 (Matth.
3265 5149 3321 5199 v,
3347 5133 3434 5206 8);
3463 5145 3517 5192 et
3542 5137 3831 5209 Apostolus

2248 5227 2576 5286 invisibiiem
2614 5228 2783 5284 Deum
2819 5227 2952 5282 dicit
2995 5223 3048 5297 (1
3081 5223 3214 5285 Tim.
3243 5243 3282 5294 ι,
3311 5227 3522 5297 l7)?—
3548 5230 3702 5301 Resp.
3736 5231 3832 5288 Vi-

2251 5319 2367 5375 deri
2397 5320 2540 5375 enim
2569 5324 2748 5390 potest
2793 5315 2956 5383 Deus,
3002 5315 3055 5370 id
3101 5325 3212 5384 est,
3254 5318 3504 5394 intelligi,
3535 5323 3831 5378 secundum

2252 5425 2365 5465 sua:
2387 5411 2584 5465 donum
2614 5407 2823 5479 gratim,
2848 5407 2960 5461 sive
2986 5407 3052 5461 ab
3073 5410 3298 5479 angelis,
3327 5411 3440 5468 sive
3460 5411 3528 5467 ab
3551 5411 3833 5467 animabus

560 5482 895 5539 Stantialiter
921 5481 1172 5538 dicatur?
1195 5512 1263 5521 —
1299 5481 1450 5555 Resp.
1489 5485 1684 5556 Utique
1733 5485 1986 5546 relative.
2025 5489 2137 5558 qui:

2253 5509 2562 5557 sanctorum
2595 5515 2608 5554 :
2637 5499 2850 5569 plenam
2899 5513 3027 5554 vero
3073 5499 3368 5560 divinitatis
3417 5515 3698 5568 naturam,
3734 5513 3831 5556 nec

561 5571 804 5646 Spiritus
833 5575 1059 5647 alicujus
1093 5575 1328 5650 Spiritus
1351 5585 1452 5639 est.
1484 5576 1573 5632 sed
1616 5594 1721 5634 non
1750 5579 1888 5637 sicut
1917 5581 2154 5638 Palcref
2257 5594 2476 5665 angelus
2519 5591 2771 5662 quislibet
2826 5589 2956 5665 [.ι11.,
3002 5593 3340 5669 quisquam],
3384 5613 3481 5654 nec
3523 5604 3829 5652 sanctorum

642 5721 665 5747 ι
700 5708 903 5766 (Encas
929 5711 1256 5783 Paris.,cap.
1287 5713 1370 5767 89.
