4228 6304
1183 374 1601 436 nocnnrcs.
1641 409 1713 420 -
1749 375 2215 448 ρυεετιοιεεε
2245 379 2466 437 xxvru
2497 379 2588 436 ns
2624 338 3015 441 rmxrurs.

2426 42 2437 47 -
2482 40 2497 43 ν-
2524 38 2535 41 π
2672 34 2689 37 τ
2800 30 2827 37 -··
2888 28 2889 31 ‘
3266 28 3295 51 ί,
3340 30 3487 53 ι-εὲτ,
3526 34 3587 51 μὴ
3618 32 3687 49 gf,
3797 47 3804 50 ,,
3881 43 3888 48 .
3919 45 3960 50 ,-

1894 76 1903 81 -
2120 54 2199 81 ’Ὦ
2332 66 2411 79 πή
2476 66 2483 67 ί
2514 60 2651 71 “ﬂ”
2711 63 2732 68 --
2767 61 2776 66 -
2995 57 3004 60 ·
3093 52 3473 85 Imp-“1915'
3366 50 3671 85 7,773.7..-
3618 47 3974 81 ,ιτ-ἒλιλ,

1197 95 1358 112 ﬁrm-~—
1405 113 1408 116 .
1499 97 1702 120 --—----_--_-
3029 78 3687 129 War-"7943;;
3963 95 3978 98 --

482 494 680 571 aliquis
702 492 944 566 perfecte
983 490 1282 562 intelligere
1323 479 1540 564 poterit.
1582 490 1710 548 ideo
1747 491 2053 564 incompre-
2077 493 2132 555 Δ
2153 498 2303 547 ctum
2325 492 2649 564 sapientiam
2667 504 2724 553 et
2749 494 3064 570 virtutem];
3089 494 3249 571 7η
3279 513 3383 554 non
3412 507 3590 556 tamen
3616 507 3730 556 tres

479 586 768 648 hensibilis
789 585 988 641 dieitur
1012 584 1176 640 Deus.

551 679 724 754 tua.
747 675 836 733 t5.
861 675 999 734 Cum
1024 674 1520 756 sanctissummum
1558 673 1893 745 promittitur
1918 690 2058 746 prai-

478 771 879 830 ntilllteterna
901 765 999 824 Dei
1022 765 1179 832 visio,
1203 764 1550 836 equaliterne
1575 765 1834 822 videbunt
1859 763 1941 820 vel
1973 764 2058 819 in-

483 860 728 935 tdngut
744 859 808 915 εἳ
821 888 896 902 -
911 857 1064 930 Resp.
1085 855 1401 914 Nullatenus
1419 854 1704 926 mqualiter
1723 870 1933 920 omnes,
1967 853 2057 910 vel

484 949 1614 1030 an'gelivelanimasanctorum'Deumnec
1631 945 1763 1021 μα..
1783 945 1891 1020 vel]
1914 959 2059 1002 nunc

485 1049 692 1115 vﬂut,
710 1046 798 1104 vel
819 1053 946 1118 post
967 1043 1421 1102 resurrectionem
1441 1041 1718 1107 videbunt,
1741 1039 1839 1096 sed
1864 1053 2057 1096 seat-

484 1136 918 1195 dutrdonatoris
941 1133 1416 1207 aspernatiooem,
1443 1139 1502 1187 et
1541 1131 1859 1191 meritorum
1884 1128 2059 1199 quali-

483 1237 674 1285 tatem.
703 1227 1085 1298 Unusquisque
1127 1234 1307 1282 tamen
1345 1221 1697 1280 suﬁcientem
1734 1221 1792 1277 in
1831 1218 1950 1290 eius
1970 1219 2056 1275 vi-

482 1319 637 1376 siorie
669 1318 787 1375 suis
829 1317 1043 1374 meritis
1087 1313 1306 1372 habebit
1336 1312 1744 1370 beatitudinem.
1781 1309 1896 1366 Nec
1936 1309 2060 1380 plus

907 1410 1091 1474 habet,
1114 1422 1318 1491 nec_se_.
1339 1404 1517 1462 minus
1548 1403 1750 1460 habere
1773 1416 1940 1474 quam
1962 1414 2057 1456 vo-

483 1502 832 1571 lct,dolebit.
1073 1495 1338 1580 7."
1789 1521 1792 1524 '

552 1595 721 1651 Inter.
745 1592 952 1650 lli-An
990 1591 1193 1665 aliquid
1227 1591 1389 1662 distet
1425 1590 1481 1646 in
1509 1589 1642 1655 Deo,
1681 1601 1825 1654 esse,
1849 1586 2056 1649 vivere,

481 1666 804 1758 Intelligere,
847 1685 1132 1757 posse?—-
1352 1672 1666 1737 Nullatenus
1707 1674 1865 1734 aliud
1888 1669 2058 1733 estin

481 1776 598 1834 Deo
621 1792 770 1845 esse,
792 1776 939 1833 aliud
961 1778 1168 1842 vivere,
1189 1773 1273 1840 vel
1292 1772 1438 1830 aliud
1463 1763 1780 1844 intelligere,
1799 1769 1886 1827 vel
1911 1768 2057 1825 aliud

479 1867 836 1941 posse;‘quia
865 1851 1008 1922 Dens
1045 1879 1119 1931 eo,
1141 1865 1258 1938 ipso
1296 1878 1406 1935 quo
1429 1871 1534 1929 est,
1563 1862 1725 1928 vivit;
1766 1868 1824 1919 et
1845 1875 1914 1918 eo
1949 1873 2059 1931 quo

479 1962 638 2028 vivit,
685 1959 967 2033 intelligit;
1012 1968 1162 2016 eteo
1199 1973 1313 2029 quo
1351 1957 1628 2030 intelligit,
1670 1961 1876 2029 potest;
1909 1961 1968 2011 et
1992 1968 2060 2010 eo

479 2051 626 2123 quod
657 2041 864 2122 potest,
883 2058 999 2117 est;
1026 2049 1155 2121 quia
1180 2048 1407 2120 simplex
1430 2047 1645 2105 deitatis
1669 2053 1865 2101 natura
1889 2059 2059 2100 unum

479 2138 664 2205 habet,
685 2147 792 2205 est,
825 2139 994 2204 vivit,’
1010 2136 1278 2210 intelligit,
1309 2145 1367 2192 et
1398 2135 1582 2191 omnia
1607 2139 1803 2205 potest.
1835 2131 1962 2189 Non
1981 2133 2060 2188 ita

478 2228 537 2288 in
561 2230 741 2297 nobis,
760 2230 888 2299 dum
908 2228 1054 2284 aliud
1076 2233 1160 2282 est
1178 2226 1236 2282 in
1258 2233 1444 2281 nostra
1463 2231 1660 2280 natura
1681 2222 1883 2300 vivere,
1908 2221 2060 2278 aliud

481 2319 808 2393 intelligere,
830 2319 974 2376 aliud
993 2332 1171 2390 posse.
1185 2317 1244 2373 in
1268 2317 1380 2373 Deo
1397 2330 1528 2373 vero
1546 2315 1666 2372 hac
1683 2313 1864 2370 omnia
1891 2327 2059 2368 unum

481 2410 815 2484 atqneidcm
836 2417 983 2467 sunt.

551 2499 725 2558 Inter.
751 2490 1064 2559 "Cliti-nm
1089 2499 1157 2558 de
1181 2497 1279 2557 Dei
1306 2497 1467 2562 Filio.
1488 2495 1630 2555 sicut
1651 2496 1851 2554 dicitur
1873 2495 2056 2552 lumen

479 2592 552 2651 de
585 2592 812 2660 limine,
836 2591 1075 2667 Deusde
1105 2590 1235 2656 Deo,
1263 2597 1443 2662 potest
1481 2588 1586 2644 dici
1621 2587 1962 2659 omnipotens
1989 2583 2057 2641 de

477 2683 870 2754 competente,
895 2681 1071 2738 bonus
1094 2680 1160 2738 de
1184 2679 1346 2742 bono,
1375 2693 1604 2751 magnus
1641 2678 1710 2734 de
1752 2691 1970 2744 magno,
1999 2683 2058 2732 et

477 2778 678 2838 atteri
703 2771 956 2829 ωηεν-
976 2769 1128 2843 Resp.
1169 2768 1512 2843 uestinum
1534 2768 1721 2839 utique
1746 2774 1932 2824 tenere
1957 2765 2055 2823 de-

479 2851 674 2919 bemus
697 2852 843 2934 quod
860 2861 1048 2919 omnia
1073 2869 1283 2929 natura
1305 2859 1525 2917 nomina
1546 2873 1666 2931 qua:
1685 2856 1967 2930 aqualiter
1989 2857 2058 2912 de

479 2952 624 3011 Filio
653 2955 760 3011 diei
789 2962 1017 3028 possunt
1037 2953 1177 3008 sicut
1201 2952 1270 3008 de
1289 2951 1469 3018 Patre,
1494 2951 1675 3008 omnia
1698 2948 2056 3022 possuntdiei

481 3039 1332 3108 siedeilloneosiwtdicitur
1367 3039 1598 3096 Deusde
1629 3039 1758 3104 Deo,
1784 3035 2058 3093 lumende

367 3131 370 3133 λ
479 3131 702 3198 lumine,
724 3133 802 3189 ita
821 3119 1109 3192 dicendum
1125 3141 1212 3189 est
1226 3131 1566 3203 omnipotens
1584 3130 1652 3186 de
1667 3128 2054 3201 omnipotente,
2080 3167 2082 3169 -

2096 624 2100 629 .
2154 583 2406 652 virtutes,
2436 600 2538 641 nec
2562 593 2676 642 tres
2699 588 3010 660 sapientias,
3035 588 3161 658 quia
3192 588 3451 658 sapientia
3478 589 3732 646 stibstan-

2155 673 2285 731 tiale
2309 689 2505 732 nomen
2531 685 2636 745 est,
2663 679 2804 734 sicut
2827 678 3018 734 virtus.
3066 677 3178 734 Nec
3208 679 3353 734 aliud
3389 669 3477 735 est
3520 679 3576 735 in
3619 678 3730 736 Deo

2153 777 2296 832 esse,
2333 764 2483 822 aliud
2509 780 2722 836 sapere,
2764 767 2910 823 aliud
2947 766 3262 839 posse;sed
3302 783 3469 825 unum
3508 767 3731 827 estDco
3861 761 3864 764 ’

2154 868 2297 920 esse,
2321 869 2535 926 sapere,
2556 871 2736 927 posse.

2224 942 2392 1001 Inter.
2417 945 2509 1002 si.
2534 939 2735 1003 υιπιιίι
2773 947 2843 1004 ad
2885 946 3052 1004 sola
3082 948 3255 1005 sancti
3290 946 3730 1022 Spiritusperso-

2154 1047 2280 1091 nam
2311 1036 2604 1106 pertineat,
2641 1037 2772 1094 dum
2797 1037 3096 1110 Apostolus
3125 1038 3292 1095 dicit:
3327 1037 3470 1104 una
3497 1040 3729 1094 citerius

2154 1136 2232 1182 est
2264 1126 2319 1200 (1
2342 1127 2503 1192 Jun.
2525 1143 2599 1193 rv,
2626 1127 2706 1200 8),
2736 1130 2829 1200 qui
2855 1127 2990 1203 [Al.,
3013 1128 3157 1203 qua]
3182 1129 3420 1186 dilectio
3451 1128 3630 1185 Patris
3671 1135 3732 1184 et

2154 1216 2278 1272 Filii
2307 1231 2432 1274 σιω
2474 1217 2800 1291 legiturt—
2825 1219 2981 1292 ηαρ.
3021 1219 3334 1277 Nullatenus
3377 1220 3452 1276 ita
3495 1217 3742 1291 Spiritus

2153 1315 2379 1364 sancta
2407 1307 2655 1364 charitas
2677 1309 3018 1382 intelligitur,
3042 1311 3197 1381 quasi
3224 1325 3336 1366 non
3377 1310 3450 1365 sit
3487 1308 3651 1385 Pater
3674 1316 3733 1364 et

2155 1397 2327 1455 Filius
2351 1399 2612 1457 charitas.
2642 1398 2798 1456 Sicut
2830 1398 3065 1471 Spiritus
3099 1398 3329 1458 sanctus
3349 1405 3435 1458 est
3469 1400 3728 1464 charitas,

2156 1490 2231 1546 ita
2253 1498 2312 1546 et
2331 1488 2494 1547 Pater
2513 1499 2599 1547 est
2621 1491 2863 1548 cbaritas
2899 1491 2978 1567 [et
2997 1491 3168 1571 Filius
3192 1500 3278 1549 est
3300 1489 3587 1565 charitas,]
3614 1506 3723 1547 non

2155 1583 2338 1635 tamen
2375 1587 2490 1636 tres
2530 1581 2846 1648 charitates,
2885 1585 2980 1639 sed
3015 1597 3124 1638 una
3161 1582 3416 1638 charitas.
3459 1581 3568 1638 Sed
3603 1581 3732 1653 quia
3774 1585 3777 1587 ’

2157 1668 2393 1742 Spiritus
2415 1679 2637 1728 sanctus
2677 1671 2881 1729 donum
2907 1673 3002 1730 Dei
3032 1673 3250 1747 proprie
3282 1672 3506 1741 dicitur,
3532 1682 3590 1730 et
3606 1664 3731 1729 nul-

2157 1761 2270 1819 lum
2293 1761 2391 1820 Dei
2416 1761 2619 1820 donum
2639 1764 2906 1820 eharitate
2928 1763 3102 1836 majus
3123 1760 3232 1833 est,
3258 1765 3367 1822 imo
3388 1765 3505 1821 sine
3523 1779 3591 1821 eo
3612 1765 3733 1820 nuto

2087 1843 2133 1903 Β
2158 1855 2271 1910 lum
2294 1854 2496 1911 donum
2518 1854 2590 1912 ad
2613 1863 2926 1928 perpetuam
2953 1857 3225 1914 hominem
3251 1857 3514 1915 deducere
3533 1857 3734 1928 poterit

2159 1944 2588 2002 beatitudinem:
2617 1946 2847 2019 proinde
2871 1945 3107 2019 Spiritus
3144 1956 3364 2004 sanctus
3397 1948 3614 2020 proprie
3649 1947 3734 2003 di-

2158 2036 2302 2092 citur
2323 2038 2586 2112 charitas.
3264 2040 3271 2048 ’

2227 2126 2396 2196 mu.
2414 2128 2508 2184 ss.
2532 2128 2784 2201 Nunquid
2801 2131 2953 2203 impii
2969 2131 3224 2191 donaDei
3247 2133 3562 2190 habent?-
3577 2132 3731 2204 Resp.
3756 2156 3760 2159 -

2159 2217 2369 2276 Habent
2399 2218 2630 2306 [utique]
2659 2237 2760 2294 per
2796 2238 2944 2291 cum,
2972 2224 3067 2296 qui
3100 2224 3367 2281 illuminat
3390 2241 3606 2282 omnem
3635 2227 3735 2282 ho-

2159 2311 2358 2369 minem
2387 2313 2694 2370 venientem
2723 2315 2779 2370 in
2821 2316 2968 2373 hunc
2994 2317 3272 2384 mundum,
3301 2319 3356 2374 in
3383 2333 3492 2390 quo
3517 2333 3729 2384 sumus,

2159 2416 2438 2459 movemur
2456 2412 2515 2461 et
2538 2405 2770 2467 vivimus
2795 2406 2935 2479 (Act.
2957 2423 3091 2474 xvii,
3115 2407 3208 2482 28)
3234 2426 3248 2462 :
3272 2409 3412 2466 bona
3440 2417 3567 2465 sunt
3587 2407 3735 2465 enim

2159 2491 2299 2548 dona
2324 2493 2421 2549 Dei
2440 2494 2522 2551 eis
2539 2496 2634 2567 qui
2660 2494 2800 2552 bene
2827 2501 3052 2553 utuntur
3075 2497 3200 2554 illis.
3221 2498 3347 2554 ideo
3363 2500 3604 2556 charitas
3625 2499 3737 2554 sin-

2159 2583 2346 2654 gulare
2369 2594 2454 2642 est
2482 2585 2538 2641 in
2565 2586 2767 2644 sanctis
2790 2587 3013 2656 donum,
3041 2588 3096 2644 in
3123 2603 3230 2659 qua
3256 2588 3382 2646 Filii
3409 2589 3507 2648 Dei
3530 2589 3734 2648 discer-

2159 2680 2366 2729 nuntur
2387 2688 2422 2728 a
2449 2673 2576 2732 ﬁliis
2603 2675 2918 2746 impietatis.
3312 2741 3315 2744 ,
3414 2676 3417 2678 ’

2232 2764 2400 2821 Inter.
2424 2765 2518 2822 23.
2545 2765 2726 2836 Quare
2750 2767 2799 2824 si
2829 2768 2973 2826 Deus
2991 2776 3139 2827 totus
3163 2770 3363 2840 ubique
3383 2776 3487 2836 est,
3511 2769 3570 2825 in
3595 2769 3737 2827 calo
3761 2805 3764 2808 ι

2160 2853 2363 2919 dicitur
2382 2857 2555 2929 magis
2577 2857 2848 2925 habitare,
2869 2873 3034 2930 quam
3061 2860 3116 2915 in
3143 2860 3404 2916 terra?—
3419 2859 3575 2932 Resp.
3596 2860 3735 2930 Quia

2159 2946 2335 3018 major
2375 2948 2613 3019 cognitio
2644 2956 2732 3004 est
2775 2949 2832 3005 in
2864 2951 3068 3008 sanctis
3094 2951 3320 3024 angelis,
3346 2953 3736 3026 aniruabusque

2159 3044 2475 3093 sanctorum
2495 3037 2814 3107 divinitatis,
2837 3057 2960 3098 cum
2979 3042 3090 3100 sint
3108 3043 3248 3115 apud
3271 3042 3459 3112 Deu,
3492 3045 3548 3102 in
3578 3044 3733 3101 uelis

2161 3140 2325 3196 quarti
2353 3125 2409 3181 in
2663 3127 2820 3187 Sicut
2842 3132 2987 3188 enim
3023 3133 3078 3188 in
3111 3133 3214 3190 hoc
3253 3134 3464 3190 mortali
3507 3149 3764 3205 corpore;

478 3219 656 3280 bonus
678 3221 747 3281 de
770 3222 935 3286 bono,
955 3237 1185 3313 magnus
1207 3221 1276 3278 de
1301 3235 1519 3294 magno,
1539 3219 1638 3278 sed
1664 3234 1772 3276 non
1795 3218 1870 3274 ita
1894 3218 1953 3274 in
1975 3233 2063 3276 re—
2085 3221 2134 3283 (ι
2665 3219 2982 3313 intelligunt
3044 3223 3279 3279 divinam
3347 3223 3736 3294 substantiam,

549 3396 718 3462 Inter.
743 3404 830 3462 ιε.
860 3403 969 3462 Sed
993 3385 1262 3475 quomodo
1292 3378 1349 3459 i'n
1373 3401 1616 3460 relativis
1639 3400 1951 3478 nominibus
1975 3399 2061 3458 di-

475 3495 708 3555 cendum
729 3494 850 3553 est?
867 3524 937 3536 —
961 3493 1119 3567 Resp.
1144 3493 1264 3566 Non
1289 3507 1577 3567 possumus
1605 3491 1788 3548 dicere
1816 3490 2056 3547 Verbum

447 3632 451 3635 .
478 3587 549 3645 de
570 3586 770 3654 Ver-ito,
795 3586 923 3658 quia
951 3584 1238 3642 relativum
1280 3598 1474 3640 nomen
1501 3590 1587 3641 est
1611 3581 1873 3650 Verbum,
1913 3581 2058 3652 quod

473 3679 629 3740 soils
645 3687 733 3736 est
755 3677 954 3745 Filias;
983 3671 1126 3733 sicin
1149 3676 1402 3741 dicimus,
1427 3673 1596 3731 Deum
1634 3674 1705 3730 de
1739 3673 1871 3738 Deo,
1911 3671 2058 3742 quod

475 3786 591 3830 non
615 3780 702 3830 est
723 3770 873 3829 solus
894 3752 1083 3826 Filius.
1111 3766 1223 3825 Nec
1244 3766 1533 3840 imaginem
1561 3767 1629 3824 de
1654 3766 1904 3838 imagine,
1929 3765 2057 3837 quia

476 3863 632 3922 solus
651 3870 740 3920 est
762 3861 933 3918 Filius
973 3861 1151 3932 imago
1175 3876 1188 3915 :
1221 3857 1364 3914 sicut
1385 3858 1637 3924 dicimus,
1667 3861 1849 3912 lumen
1876 3856 1942 3912 de
1969 3854 2056 3911 lu-

475 3955 650 4023 mine,
683 3952 832 4026 quod
861 3967 972 4010 non
1009 3958 1096 4009 est
1139 3949 1287 4008 stilus
1323 3948 1514 4017 Filius,
1541 3948 1670 4022 quia
1703 3945 2057 4005 substantiale

472 4050 676 4102 non
700 4044 1014 4103 eum.

547 4131 719 4190 Inter.
749 4122 838 4200 is.
864 4133 1120 4206 Nunquid
1154 4132 1300 4191 aliud
1325 4130 1508 4194 lumen
1534 4131 1700 4191 Pater
1717 4137 1777 4188 et
1795 4128 1942 4187 aliud
1964 4128 2057 4186 Fi-

475 4222 885 4304 nani—Resp.
926 4215 1278 4296 Nequaquam
1319 4221 1494 4288 aliud,
1521 4222 1619 4280 sed
1657 4236 1828 4278 unum
1868 4220 2052 4277 lumen

476 4325 568 4376 at
588 4317 752 4376 Pater
775 4324 836 4375 et
856 4316 1047 4383 Filius,
1087 4315 1228 4373 sicut
1263 4330 1371 4372 una
1399 4313 1722 4372 substantia.
1755 4311 1882 4369 Ideo
1910 4321 2055 4368 recte

474 4407 681 4469 dicitur
703 4407 1104 4485 [Aha-Its]
1126 4407 1307 4465 lumen
1325 4407 1394 4463 de
1415 4405 1637 4470 lumine,
1661 4407 1804 4464 sicut
1820 4403 1964 4461 Deus
1984 4403 2054 4462 de

475 4498 615 4558 Deo.
642 4499 798 4560 Sient
820 4515 965 4562 IIII
989 4499 1136 4563 Dens
1155 4507 1242 4558 est
1267 4497 1452 4577 Pater,
1475 4505 1534 4554 et
1560 4495 1752 4564 Filius,
1783 4496 1858 4553 ita
1884 4511 2052 4552 unum

475 4589 904 4650 iamest.-

550 4683 718 4739 Irrter.
737 4680 831 4737 ID.
856 4679 1114 4767 Legimus
1478 4678 1746 4754 dicentem
1771 4676 2050 4734 Christum

386 4831 392 4834 _
475 4775 578 4836 Dei
599 4787 722 4834 esse
740 4759 1000 4832 virtutem
1021 4781 1079 4830 et
1096 4759 1195 4834 De}
1218 4771 1571 4846 sapientiam;
1589 4769 1683 4828 hic
1705 4768 2052 4842 intelligimus

477 4872 544 4940 in
561 4870 661 4927 Dei
679 4867 907 4927 nomine
929 4865 1169 4944 Patrem,
1196 4875 1254 4924 et
1281 4865 1338 4922 in
1365 4864 1568 4924 Christi
1593 4863 1810 4932 nomine
1833 4862 2050 4928 Filium,

476 4958 625 5017 sicut
651 4973 886 5031 semper.
911 4955 1160 5028 Nunquid
1181 4955 1343 5012 Pater
1363 4971 1472 5013 non
1498 4955 1663 5013 habet
1687 4956 1743 5015 in
1763 4970 1825 5012 se
1846 4954 2056 5027 sapien-

476 5049 613 5108 tiam
636 5051 726 5110 vel
749 5051 1006 5109 virtutem
1047 5048 1150 5106 nisi
1188 5047 1243 5105 in
1267 5047 1426 5115 Filio,
1448 5061 1613 5118 quem
1639 5045 1930 5117 Apostolus
1968 5061 2057 5102 sa-

474 5121 742 5214 pieutiam
779 5143 879 5200 Dei
921 5150 980 5202 et
1015 5143 1267 5198 virtutem
1306 5137 1402 5197 Dei
1439 5138 1863 5195 nominaviti—
1890 5137 2049 5211 Resp.

731 5233 809 5292 ita
830 5233 1092 5293 Arianam
1129 5234 1406 5294 destruunt
1431 5231 1785 5303 impietatem,
1812 5229 2053 5289 dicentes

473 5320 703 5395 inﬂant
723 5337 846 5381 esse
863 5326 1086 5392 credere
1105 5325 1340 5398 unquam
1359 5324 1528 5383 Deum
1550 5322 1767 5379 Patrem
1787 5335 1909 5379 esse
1935 5321 2054 5380 sine

472 5426 582 5471 sua
619 5405 900 5484 sapientia,
930 5422 1027 5472 aut
1058 5417 1177 5473 sine
1217 5431 1314 5476 sua
1341 5415 1560 5472 virtute.
1601 5412 1706 5471 Sed
1732 5411 1926 5470 melius
1969 5422 2056 5471 est

473 5500 780 5577 intelligere
805 5502 1026 5562 Patrem
1051 5520 1173 5564 esse
1191 5505 1508 5578 sapientiam
1531 5513 1589 5563 et
1608 5505 1885 5574 virtutem,
1910 5504 2051 5562 sicut

473 5595 676 5656 Filium
703 5595 1026 5670 sapientism
1039 5605 1102 5654 et
1119 5599 1373 5656 virtutem
1395 5597 1529 5673 [imo
1555 5605 1614 5654 et
1637 5596 1898 5670 Spiritum
1925 5612 2053 5655 san-

551 5742 582 5774 α
619 5729 716 5787 Hs.
747 5727 858 5787 Sal.
895 5739 953 5785 ct
995 5728 1067 5786 al.
1098 5746 1118 5781 t
1145 5727 1308 5784 Inter.
1336 5730 1419 5786 l5.
1458 5731 1612 5800 Quod
1656 5731 1860 5800 sanctis
1903 5714 2045 5790 suni-

475 5817 634 5870 nium
678 5801 1012 5879 promittitur
1057 5799 1459 5874 pratmium?-—
1486 5798 1640 5876 Resp.
1686 5798 1910 5860 Eterna
1958 5804 2052 5864 mi

2157 3309 2377 3381 quidam
2423 3309 2624 3377 minus,
2659 3311 2735 3367 ita
2766 3320 2824 3368 et
2867 3313 2922 3368 in
2951 3313 3090 3370 celo
3131 3316 3302 3388 magis
3347 3316 3547 3373 dicitur
3591 3317 3737 3377 Deus

2154 3414 2277 3457 esse
2316 3415 2480 3472 quam
2524 3402 2581 3458 in
2608 3410 2779 3488 terra,
2807 3405 2935 3475 quia
2966 3405 3177 3478 plenius
3207 3407 3448 3481 ejusdem
3489 3409 3739 3467 substan-

2157 3490 2232 3546 tia
2275 3491 2596 3563 intelligitur
2635 3493 2706 3550 ab
2747 3491 3142 3574 habitatoribus
3185 3499 3311 3556 cmli
3367 3515 3531 3572 quam
3575 3511 3737 3577 terra

2157 3580 2368 3640 inca-is.
2832 3583 2834 3586 ’
2849 3609 2877 3646 \
3366 3617 3373 3624 -

2225 3672 2395 3728 Inter.
2439 3671 2530 3728 ﬂ.
2563 3673 2622 3730 Si
2661 3690 2770 3731 una
2794 3677 3103 3734 substantia
3129 3687 3213 3737 est
3236 3679 3420 3752 Pater,
3461 3691 3521 3740 et
3543 3683 3757 3752 Filius,

2154 3773 2214 3820 et
2252 3764 2492 3839 Spiritus
2533 3775 2778 3836 sanctius,
2807 3783 2980 3842 quare
3022 3771 3170 3830 solus
3211 3773 3381 3834 Filius
3423 3775 3738 3838 incarnatus

2153 3854 2388 3914 dicitur?
2408 3887 2482 3899 —
2517 3856 2678 3932 Resp.
2716 3858 2854 3928 Quia
2899 3861 3006 3919 alia
3051 3870 3138 3932 est
3167 3877 3396 3935 persona
3439 3864 3594 3930 Filii,
3627 3865 3737 3923 alia

2154 3945 2353 4015 Patris,
2377 3947 2484 4004 alia
2513 3947 2748 4020 Spiritus
2769 3951 2965 4006 sancti.
2989 3950 3057 4006 Et
3077 3950 3190 4005 sola
3214 3951 3476 4023 siquidem
3502 3968 3742 4024 persona

2149 4038 2278 4098 Filii
2317 4039 2596 4096 incarnata
2618 4047 2741 4094 est:
2766 4047 3028 4110 operante
3056 4048 3237 4100 tamen
3270 4045 3518 4102 eamdem
3559 4046 3741 4104 incar-

2153 4127 2429 4184 nationem
2459 4136 2574 4186 tota
2597 4137 2786 4187 sancta
2810 4129 3102 4202 Trinitate,
3129 4122 3285 4212 cuius
3310 4137 3480 4209 opera
3502 4146 3633 4197 sum
3657 4137 3741 4194 in-

2221 4309 2392 4366 liner.
2423 4309 2514 4367 25.
2545 4311 2684 4368 Dum
2711 4311 2769 4370 in
2812 4313 3071 4387 Symbolo
3097 4314 3366 4374 catholico
3390 4317 3604 4374 mutari
3647 4332 3739 4378 so-

2153 4401 2699 4471 let,DeiFiliumde
2743 4397 2951 4480 Spnitit
2993 4404 3483 4474 sancto,ctlaria

2153 4497 2518 4561 incenatum.
2542 4511 2717 4566 quare
2733 4511 2843 4553 non
2869 4497 3069 4554 dicitur
3085 4497 3257 4578 Filius
3278 4497 3512 4570 Spiritus
3533 4501 3735 4578 sancti,

2076 4575 2126 4636 υ
2149 4587 2291 4644 sicut
2315 4587 2516 4643 dicitur
2539 4588 2712 4644 beata:
2734 4587 3076 4662 virginisi—
3087 4575 3242 4663 Resp.
3271 4590 3390 4648 Non
3415 4591 3498 4649 sic
3521 4593 3589 4649 de
3615 4576 3734 4659 illo,

2153 4682 2298 4740 sicut
2313 4688 2372 4738 et
2394 4681 2464 4739 de
2487 4680 2582 4739 illa
2607 4689 2772 4740 natus
2787 4690 2873 4741 est
2898 4681 3067 4742 Filius
3084 4682 3203 4741 Dei.
3228 4684 3304 4741 De
3326 4684 3416 4742 illa
3439 4682 3733 4757 siquidem,

2143 4774 2212 4854 id
2255 4781 2371 4839 est,
2408 4783 2602 4832 sancta
2643 4774 2854 4848 virgine
2887 4784 3047 4834 nanis
3083 4781 3171 4836 est
3206 4774 3375 4834 Filius
3420 4775 3548 4841 Dei,
3592 4773 3747 4833 sicut.

2155 4869 2225 4928 de
2267 4880 2470 4940 matre;
2505 4886 2614 4930 non
2643 4873 2712 4930 de
2745 4873 2859 4941 illo,
2906 4875 2963 4932 id
2985 4883 3092 4943 est,
3121 4874 3323 4946 Spiritu
3351 4882 3562 4942 sancto,
3591 4872 3746 4931 sim.

2158 4963 2226 5020 de
2250 4962 2434 5032 Patre,
2464 4979 2535 5022 ne
2558 4965 2666 5022 duo
2693 4963 2889 5024 Patres
2908 4965 3216 5026 dicerentur
3240 4965 3296 5024 in
3332 4973 3520 5023 sancta
3555 4965 3746 5026 Trini-

2159 5063 2291 5113 tate.

2227 5147 2392 5203 Inter.
2419 5147 2510 5226 26.
2545 5147 2603 5208 Si
2632 5166 2739 5207 una
2766 5158 2962 5206 natura
2987 5158 3072 5206 est
3097 5148 3274 5204 Patris
3305 5157 3363 5206 et
3389 5148 3534 5219 Filii,
3559 5159 3616 5207 et
3642 5149 3738 5209 Fl-

2155 5237 2260 5296 lius
2289 5240 2604 5299 incarnatus
2635 5241 2827 5314 plenus
2866 5249 2953 5298 est
2990 5240 3132 5296 Deus
3171 5249 3227 5297 et
3261 5241 3554 5313 perfectus,
3595 5229 3739 5314 quo-4

2155 5331 2315 5389 modo
2338 5349 2447 5389 non
2473 5333 2635 5391 Pater
2659 5335 2969 5391 incarnatus
2995 5333 3117 5388 est?
3136 5364 3205 5376 —-
3233 5333 3387 5406 Resp.
3423 5334 3591 5392 Filius
3617 5333 3726 5404 ple-

2155 5437 2257 5478 nus
2282 5432 2366 5499 est
2395 5425 2535 5481 Deus
2557 5434 2613 5480 et
2637 5423 2940 5494 perfectus;
2979 5424 3073 5496 qui
3102 5424 3250 5481 solus
3277 5427 3588 5480 incarnatus
3619 5435 3729 5492 est,

2154 5518 2210 5567 et
2237 5512 2401 5570 homo
2443 5513 2619 5572 factus
2657 5523 2762 5573 est.
2798 5512 2934 5573 Nam
2964 5517 3102 5589 ignis
3127 5530 3233 5572 una
3275 5523 3361 5570 est
3401 5516 3732 5583 substantia.

2155 5603 2250 5661 sed
2272 5604 2417 5662 aliud
2441 5606 2496 5662 in
2517 5607 2640 5679 igne
2660 5606 2790 5665 facit
2812 5609 2982 5676 calor,
3007 5608 3148 5664 aliud
3171 5606 3296 5662 lux:
3323 5605 3412 5663 lux
3440 5609 3734 5676 illuminat,

2430 5737 2593 5795 Inter.
2624 5740 2706 5798 Art
2749 5740 3025 5813 aequaliter
3067 5739 3358 5808 videbunt,
3392 5740 3476 5798 vel
3525 5741 3734 5798 intelli-
