4228 6304
2970 26 3059 51 επ
3250 24 3257 25 κ
3360 14 3399 35 ᾳῂ
3480 30 3521 33 νικ
3552 32 3559 35 .
3746 10 3984 33 θτ-ἐετ·

1910 72 1939 76 _
2016 70 2019 71 ν
2116 68 2125 69 7
2160 72 2163 73 ν
2232 64 2407 75 ..-νιν-ι,-
2434 42 2855 73 ,τὼ-ῥαωᾘὶ.⁸-¹
2916 40 2977 55 θ’
3016 52 3047 57 "
3174 38 3205 45 Ἶ-
3228 32 3321 41 EF'
3340 36 3347 37 ὲ
3688 44 3691 45 ν
3758 36 3789 61 ‘I‘
3920 40 3933 61 Γ
3967 37 3988 68 π..

1138 92 1231 101 ν--ιι
1251 92 1263 109 -
1283 88 1339 109 ___
1359 86 1390 109 ___
1390 86 1416 108 _
1438 74 1887 107 "H'ﬁ'AZT'n‘T‘
2464 86 2471 89 Α
2511 105 2532 110 .-
2573 84 2641 111 ___.
2753 77 2925 89 hM
3092 80 3369 100 νέμῌ-ῌ-ι-ι-ιι
3424 86 3435 91 ·’
3452 92 3513 99 Α...
3528 86 3631 97 μετ’
3648 94 3653 95 γ
3716 84 3819 97 ίγῖνξ(’
3860 72 3865 73 7
3895 91 3898 94 -
3927 97 3960 104 __
3975 76 3993 82 _-

417 363 484 416 ας
687 374 692 378 ·
1130 355 1537 414 DOCMATICA.
1577 345 1645 396 -4
1679 356 1804 412 un.
1849 356 1934 409 nn
1973 353 2439 410 raocnsswae
2470 353 2524 406 ς.
2568 351 2894 412 smnnrs.
3351 321 3359 330 “
3486 339 3488 341 ’
3557 353 3624 409 66

411 480 493 526 est
514 471 663 543 regni
683 472 1023 541 gubernator,
1048 479 1167 524 vota
1189 469 1464 539 persolvit;
1491 469 1779 522 immensas
1806 467 1965 521 etiam
1997 477 2040 529 Α
2069 464 2225 518 Patre
2250 462 2490 532 Filioque
2516 464 2848 526 substantize,
2894 463 3035 532 quod
3080 466 3141 520 τι)
3168 466 3408 537 utrisque
3433 485 3624 538 proce-

411 561 461 614 ei
487 560 692 630 agendo
714 560 914 630 gratias
941 573 1038 628 pro
1061 572 1126 612 eo
1151 558 1291 626 quod
1311 558 1364 610 in
1389 555 1676 610 universali
1707 555 1963 618 Ecclesia,

412 665 532 720 qua:
561 652 661 706 sub
685 650 1132 706 excellentissimo
1157 647 1532 703 dominationis
1572 653 1765 700 vestrae
1798 647 1966 715 impe-

411 741 494 795 rio
535 749 904 805 conversatur,
935 738 1200 793 universis
1247 737 1341 793 Dei
1367 736 1662 792 cultoribus
1710 734 1970 803 tranquil-

411 831 614 895 lissima
639 847 743 902 pax
766 839 852 886 est
868 839 923 886 et
949 831 1119 900 quies.
1150 827 1264 903 Non
1299 827 1467 881 solum
1495 825 1637 880 enim
1667 826 1734 879 ab
1771 825 1968 893 impetu

304 935 308 940 ‘
411 920 688 992 gentilium
709 929 766 976 et
789 919 1023 974 omnium
1048 915 1338 973 Christiani
1355 915 1588 970 nominis
1607 914 1967 978 inimicorum,

410 1026 548 1082 quos
576 1010 787 1066 favente
820 1008 1044 1064 Domino
1067 1015 1242 1063 vestra
1276 1005 1576 1069 sublimitas
1617 1012 1761 1059 tenet
1806 1012 1971 1075 atque

410 1102 720 1174 prosternit,
751 1109 875 1156 sunt
898 1099 1146 1171 protecti,
1193 1099 1288 1153 sed
1329 1111 1426 1167 per
1467 1097 1632 1152 vestri
1677 1095 1885 1165 imperii
1914 1103 1970 1150 et

410 1193 685 1266 sapientiae
709 1191 1103 1255 excellentiam,
1130 1187 1371 1244 adductis
1417 1187 1485 1242 ab
1513 1186 1776 1240 idolorum
1821 1183 1968 1240 cultu

412 1281 890 1338 innumerabilibus
931 1279 1158 1353 populis,
1188 1277 1256 1332 ad
1309 1275 1430 1331 ﬁdei
1479 1275 1758 1330 catholica:
1804 1281 1861 1328 et
1899 1274 1969 1329 ad

409 1373 576 1428 divini
602 1372 776 1426 cultus
813 1369 1142 1440 agnitionem
1161 1365 1397 1436 quotidie
1425 1366 1478 1418 in
1503 1363 1720 1419 Christo
1745 1363 1971 1418 creden-

411 1464 544 1520 tium
567 1469 894 1534 propagatnr
923 1473 1198 1522 numerus,
1229 1465 1286 1513 et
1309 1457 1500 1512 domus
1526 1456 1621 1511 Dei
1657 1455 1712 1510 in
1757 1453 1970 1510 cunctis

409 1554 560 1624 regni
587 1553 752 1614 vestri
781 1550 1023 1606 terminis
1065 1550 1247 1605 divino
1279 1547 1444 1604 cultui
1471 1556 1528 1602 et
1555 1546 1724 1602 sacris
1748 1559 1847 1615 pro
1872 1558 1970 1598 vo-

411 1643 495 1699 bis
541 1642 876 1697 orationibus
904 1639 1131 1712 implens
1157 1653 1355 1695 vacans
1379 1637 1614 1693 exsultat
1650 1653 1663 1689 :
1700 1635 1969 1691 cernendo

410 1733 574 1787 etiam
619 1746 718 1803 per
742 1739 936 1786 vestra:
958 1726 1360 1802 gubernationis
1399 1725 1784 1797 providentiam
1813 1722 1969 1778 Chri-

2067 554 2147 607 dit
2171 562 2225 607 et
2247 554 2491 608 mittitur.
3425 599 3438 613 κ

2137 643 2295 714 745
2333 645 2528 696 Beatus
2578 658 2720 697 emm
2766 645 3089 714 evangelista
3148 647 3317 718 Lucas
3363 648 3620 718 Spiritum

2067 743 2311 787 sanctum
2358 734 2427 786 ab
2475 734 2746 805 unigenito
2799 735 2890 788 Dei
2943 735 3099 799 Filio,
3139 717 3350 806 quiest
3405 717 3624 795 verbum

2067 821 2262 887 Patris,
2290 815 2580 888 procedere
2610 825 2660 876 in
2686 839 2774 877 xiv
2795 825 3027 893 capitulo
3050 825 3254 897 [Nunc,
3287 844 3406 898 cap.
3433 847 3508 893 vl,
3537 830 3626 902 l9]

2065 913 2335 984 Evangelii
2363 915 2444 968 sui
2468 923 2694 969 testatur
2713 916 2896 970 dicens
2929 933 2940 968 :
2975 915 3157 972 Omnis
3184 919 3334 972 turba
3361 922 3627 990 quirrebat

2063 1021 2182 1058 eum
2207 1015 2436 1077 tangere,
2481 1010 2604 1078 quia
2629 1012 2789 1064 virtus
2814 1011 2877 1063 de
2911 1009 3002 1063 illo
3040 1012 3211 1071 exibat
3243 1012 3389 1075 [Μέη
3426 1015 3628 1070 aiebat

2066 1094 2282 1166 saepius]
2302 1137 2316 1159 ,
2345 1106 2393 1149 et
2420 1099 2639 1151 sanabat
2667 1116 2861 1153 omnes.
2897 1100 3158 1168 Spiritum
3191 1102 3356 1172 igitur
3379 1112 3628 1159 sanctum

2067 1199 2098 1237 a
2125 1184 2262 1238 Filio
2289 1188 2578 1255 procedere
2611 1189 2664 1242 in
2693 1189 2796 1242 hoc
2821 1190 3060 1245 declarat
3085 1193 3320 1262 capitulo
3357 1195 3582 1250 dicendo
3611 1213 3626 1249 :

2037 1275 2189 1344 'quia
2212 1275 2372 1330 virtus
2407 1275 2472 1329 de
2500 1276 2592 1329 illo
2633 1278 2838 1343 exibat;
2877 1279 3109 1348 Spiritus
3133 1282 3274 1336 enim
3305 1292 3522 1338 sanctus
3549 1293 3631 1338 est

2067 1361 2182 1431 ipsa
2203 1364 2394 1428 virtus,
2417 1379 2534 1434 qua:
2559 1366 2626 1420 de
2652 1365 2743 1420 Dei
2770 1367 2905 1423 Filio
2927 1370 2979 1422 in
3003 1371 3103 1425 hoc
3123 1372 3356 1440 Capitula
3380 1373 3529 1428 exire
3547 1374 3628 1429 di-
3665 1390 3668 1391 '
3725 1387 3728 1390 ·

2066 1450 2225 1516 citur,
2247 1451 2388 1506 sicut
2411 1461 2522 1507 tam
2546 1453 2735 1508 beatus
2757 1455 3086 1525 Augustinus
3113 1457 3166 1511 in
3187 1473 3255 1511 xv
3278 1460 3343 1514 de
3363 1459 3629 1515 Trinitate

2067 1537 2206 1594 libro
2227 1538 2488 1601 afﬁrmat,
2515 1542 2668 1613 cujus
2698 1544 2864 1598 etiam
2894 1545 2947 1598 in
2973 1547 3419 1618 subsequentibus
3446 1551 3512 1607 de
3529 1568 3629 1607 ex-

2067 1629 2330 1698 positione
2356 1630 2510 1686 istius
2536 1633 2759 1703 capituli
2783 1636 2945 1690 verba
2963 1637 3159 1693 dicturi
3185 1654 3390 1697 sumus.

2139 1719 2368 1776 Sanctus
2392 1737 2604 1792 quoque
2628 1720 2864 1781 Joannes
2882 1727 3207 1798 evangelista
3239 1730 3292 1784 in
3323 1730 3428 1786 line
3453 1733 3630 1788 Evan-

410 1801 709 1877 stianorum
755 1801 982 1875 turbam
1012 1818 1274 1872 immensa
1317 1815 1554 1886 quotidie
1593 1814 1832 1884 recipere
1873 1829 1967 1867 au-
1998 1801 2044 1862 Β
2065 1810 2190 1883 gelii
2218 1810 2322 1875 sui,
2351 1810 2403 1864 id
2428 1819 2532 1874 est,
2568 1826 2723 1867 ccxiv
2747 1813 2981 1883 capitulo
3009 1814 3213 1886 lNunc,
3249 1834 3338 1884 xx,
3362 1820 3423 1874 2t
3455 1823 3628 1895 seqq.]

412 1919 650 1984 gmeuta,
670 1919 726 1967 et
745 1925 994 1982 perversa
1019 1907 1388 1964 btereticorum
1423 1896 1669 1976 dogmata
1693 1918 1816 1958 cum
1843 1917 1967 1973 per-

2065 1901 2253 1966 rel‘ert,
2298 1901 2579 1956 Dominum
2626 1912 2869 1960 nostrum
2905 1903 3088 1960 Jesum
3125 1906 3397 1963 Christum
3437 1926 3504 1966 eo
3540 1913 3628 1968 die

413 2002 534 2057 ﬁdis
561 2017 747 2057 eorum
778 1999 1086 2056 auctoribus
1113 2012 1234 2053 esse
1260 1994 1758 2059 damnata,Cbristo
1783 1995 1968 2057 etiam,
2062 2007 2175 2062 quo
2199 2002 2590 2062 resuta-exerat,
2627 1994 2679 2050 id
2723 2005 2826 2060 est,
2867 1997 2952 2050 die
2993 1997 3267 2052 Dominica
3291 2000 3491 2056 clausis
3537 2002 3630 2072 ja-

411 2092 504 2162 qui
551 2091 718 2148 vestri
744 2099 829 2148 est
875 2090 1055 2148 cordis
1103 2102 1412 2159 possessor,
1465 2100 1564 2158 per
1589 2100 1685 2141 vos
1733 2084 1800 2141 de
1839 2084 1970 2156 ipsis

412 2181 801 2252 triumphante;
833 2180 1033 2251 quique
1071 2179 1232 2233 etiam
1284 2178 1424 2232 inter
1449 2182 1649 2231 caetera
1696 2173 1970 2244 gloriosis-

412 2278 572 2341 sima,
595 2290 714 2346 qua:
737 2275 890 2331 vobis
906 2273 1131 2344 largitus
1158 2278 1243 2327 est
1265 2269 1428 2335 dona,
1447 2267 1896 2324 excellentissimo
1917 2275 1973 2322 et

413 2365 819 2436 incomparabili
845 2365 1036 2421 divinae
1079 2371 1136 2419 et
1177 2363 1423 2417 humana:
1460 2359 1700 2415 scientiae
1749 2371 1972 2413 munere

411 2473 510 2512 vos
525 2457 731 2520 ditavit,
754 2464 814 2530 ut
835 2469 944 2510 non
969 2453 1138 2509 solum
1168 2450 1241 2514 bi,
1271 2450 1466 2519 quibus
1483 2447 1710 2504 liberum
1731 2456 1971 2501 vestrum

409 2544 647 2616 quotidie
670 2540 1066 2598 serenissimum
1093 2536 1402 2606 conspicere
1423 2533 1652 2596 vultum,
1681 2532 1978 2608 purissimo,

388 2642 621 2694 ’νοω-ω,
649 2630 924 2702 sapientiai
973 2627 1119 2684 t'on'te
1150 2627 1260 2684 sint
1294 2622 1511 2689 refecti,
1543 2622 1636 2678 sed
1665 2622 1826 2676 etiam
1874 2619 1967 2689 qui

410 2726 566 2796 longe
587 2724 844 2793 latequea
867 2728 1047 2777 vestra
1071 2715 1355 2789 praesentia
1384 2721 1511 2770 sunt
1537 2711 1748 2775 remoti,
1773 2709 1970 2765 vestris

412 2813 694 2884 rumigeris
716 2811 957 2866 moribus
977 2816 1032 2864 et
1054 2802 1499 2863 excellentissimo
1517 2810 1710 2858 vestrae
1733 2800 1970 2857 scientiae

412 2901 611 2955 lumine
633 2899 923 2954 radiantur.

479 2988 682 3044 idcirco
708 3000 775 3042 ex
803 2985 1034 3041 diversis
1060 2982 1242 3037 mundi
1277 2980 1521 3052 partibus
1569 2988 1625 3034 et
1668 2975 1968 3049 generatio-

2067 2082 2191 2136 nuis
2215 2071 2436 2137 ad'suos
2479 2083 2729 2139 introisse
2772 2085 3062 2155 apostolos,
3103 2097 3157 2142 et
3195 2089 3397 2146 dixisse
3433 2093 3517 2148 eis
3543 2071 3624 2149 se-

2068 2169 2243 2225 eundo
2290 2187 2304 2222 :
2358 2168 2476 2224 Pax
2514 2172 2672 2236 vobis,
2723 2182 2779 2226 et
2827 2174 3069 2230 intulisse
3110 2194 3124 2229 :
3182 2176 3326 2233 Sicut
3376 2181 3514 2235 misit
3555 2200 3636 2238 me

2069 2257 2249 2327 Pater,
2278 2271 2326 2315 et
2349 2278 2443 2333 ego
2471 2265 2620 2317 mitto
2653 2281 2759 2318 vos.
2793 2265 2908 2320 Hoc
2933 2283 3051 2320 cum
3076 2267 3310 2334 dixisset,
3359 2272 3636 2343 insuﬂlarit

2066 2359 2116 2403 et
2134 2351 2268 2406 dixit
2294 2352 2370 2406 eis
2390 2350 2434 2404 ‘:
2476 2352 2708 2423 Accipite
2732 2352 2983 2424 Spiritum
3006 2368 3266 2426 sanctum,
3296 2377 3516 2429 quorum
3555 2362 3637 2416 're~

2066 2440 2313 2494 miseritis
2356 2454 2590 2511 peccata,
2629 2446 2958 2498 remittuntur
2979 2449 3074 2512 eis,
3099 2459 3145 2502 et
3173 2467 3392 2520 quorum
3421 2455 3639 2508 retinue-

2067 2528 2204 2593 ritis,
2233 2539 2427 2584 retenta
2451 2540 2624 2584 erunt.
2675 2530 2826 2600 Quod
2863 2535 3326 2607 igitur’promisit,
3362 2524 3635 2611 expletum

2065 2632 2212 2684 esse,
2240 2627 2301 2674 ut
2347 2621 2400 2675 in
2444 2621 2671 2678 Actibus
2716 2625 3024 2681 declaratur
3069 2631 3455 2699 apostolorum,
3504 2633 3635 2703 legi-

2067 2724 2220 2765 mus:
2245 2709 2442 2782 chlcti
2465 2723 2584 2768 sunt
2607 2711 2745 2769 enim
2768 2732 2942 2771 omnes
2967 2721 3189 2789 apostoli
3213 2720 3409 2790 Spiritu
3432 2734 3633 2787 sancto,

2067 2810 2114 2854 et
2141 2814 2399 2872 ceperunt
2425 2803 2568 2876 loqui
2591 2807 2712 2860 aliis
2741 2807 2954 2878 linguis,
2981 2821 3137 2880 prout
3172 2811 3398 2883 Spiritus
3425 2827 3635 2872 sanctus

2066 2889 2226 2942 dabat
2253 2890 2423 2963 eloqui
2447 2895 2521 2946 eis
2551 2894 2688 2964 (Act.
2718 2911 2781 2961 ιι,
2810 2897 2886 2967 4).

2133 2978 2278 3035 Idem
2325 2996 2540 3053 quoque
2584 2984 2775 3042 beatus
2817 2986 3051 3045 Joannes
3085 2994 3413 3063 evangelista
3451 2997 3505 3054 in
3534 3016 3631 3056 sua

413 3077 573 3133 nibus
620 3084 805 3132 vestra
833 3074 1020 3138 etiam,
1065 3070 1406 3126 serenissime
1446 3067 1718 3139 Auguste,
1769 3067 1967 3137 pietate
1995 3127 2037 3149 Α
2069 3068 2307 3138 Epistola
2343 3069 2550 3143 [quam]
2600 3075 2666 3129 de
2703 3075 2796 3131 Dei
2833 3086 2888 3132 et
2919 3081 3467 3149 proximi'dilectione
3508 3105 3634 3145 con-

411 3175 638 3222 vocante
683 3161 1099 3221 innumerabiles
1139 3160 1206 3216 ad
1253 3174 1350 3216 vos
1377 3157 1614 3228 quotidie
1641 3165 1972 3213 concurrunt
1994 3127 2040 3189 θ
2072 3127 2310 3229 scripsit,
2333 3127 2411 3217 ίιί
2441 3127 2667 3218 testatur
2693 3127 2937 3237 capitulol

411 3256 611 3329 populi,
631 3250 767 3325 quos
799 3260 982 3309 vestra
1030 3249 1225 3321 regalis
1267 3249 1569 3318 benignitas
1601 3246 1866 3302 latissimo
1914 3255 1970 3301 et

413 3344 800 3416 gloriosissimo
830 3341 955 3397 sinu
980 3339 1280 3408 recipiens,
1303 3338 1359 3392 in
1386 3337 1615 3406 spiritali
1666 3345 1723 3393 et
1761 3336 1968 3392 liberali

413 3435 630 3491 erudire
664 3447 774 3489 non
798 3437 974 3489 cessat
999 3417 1261 3495 scientia";
1317 3429 1519 3484 idcirco
1554 3436 1745 3484 vestrm
1771 3427 1972 3498 glorio-

413 3525 639 3582 sissimte
658 3530 714 3580 et
733 3521 1186 3593 tranquillissima:
1211 3518 1587 3574 dominationis
1613 3516 1798 3572 titulus
1826 3517 1969 3572 nulla

412 3623 595 3680 natale,
619 3614 761 3670 nulla
786 3613 950 3670 etiam
989 3617 1255 3679 vetustate
1295 3608 1557 3674 abolente,
1587 3609 1644 3662 in
1680 3607 1970 3663 universali

416 3707 658 3763 manebit
676 3703 916 3761 Ecclesia
945 3720 959 3756 :
983 3701 1111 3772 quia
1132 3701 1232 3757 sub
1254 3698 1552 3768 iustissimo
1577 3706 1769 3753 vestrae
1797 3697 1970 3752 domi-

416 3796 650 3852 nationis
675 3794 899 3864 isnperio
923 3791 1085 3850 nulla,
1109 3791 1166 3846 in
1207 3805 1270 3845 ea
1299 3787 1469 3853 fraus,
1515 3788 1660 3842 nulla
1706 3799 1972 3858 perversa:

413 3887 675 3943 doctrinae
692 3884 964 3957 suggestio
979 3883 1146 3938 latere
1161 3882 1330 3949 valet;
1355 3881 1448 3937 sed
1485 3896 1674 3936 omnes
1689 3879 1971 3936 orthodoxi

417 3983 595 4028 vestra
614 3973 1032 4028 luculentissima
1056 3970 1414 4027 admonitione
1436 3969 1700 4033 instructi,
1726 3976 1970 4024 sanctam

416 4061 737 4120 catholicam
762 4069 818 4115 et
840 4060 1187 4130 apostolicam
1214 4058 1483 4129 sequendo
1525 4073 1591 4112 ac
1636 4056 1970 4112 defendendo

419 4152 600 4217 tidem,
638 4151 818 4206 divino
842 4161 1101 4206 vocantur
1134 4143 1334 4220 (Forte,
1374 4146 1586 4219 vacant]
1613 4147 1797 4202 cultui.
1827 4147 1972 4204 Inter

414 4256 557 4314 quos
575 4247 673 4313 ego
698 4241 921 4311 exiguus
943 4232 1244 4294 vestrorum
1258 4237 1504 4293 videlicet
1530 4236 1849 4293 famulorum
1877 4254 1980 4294 ex—

419 4343 624 4389 tremas
645 4332 711 4387 de
741 4331 1079 4404 processione
1102 4337 1158 4385 et
1190 4329 1444 4386 missione
1481 4327 1714 4400 Spiritus
1739 4330 1910 4385 sancti
1939 4345 1970 4384 a

2069 3249 2181 3322 26],
2231 3255 2373 3321 quod
2400 3256 2706 3327 unigenitus
2734 3259 2828 3313 Dei
2869 3260 3036 3316 Filius
3078 3262 3337 3333 Spiritum
3389 3281 3630 3327 sanctum

2070 3341 2183 3433 suis
2205 3343 2350 3397 dedit
2387 3346 2662 3413 apostolis,
2691 3363 2796 3417 quo
2823 3350 2936 3419 ipse
2966 3352 3018 3406 in
3042 3353 3122 3408 eis
3151 3369 3414 3425 maneret,
3443 3369 3498 3415 et
3533 3363 3636 3433 ipsi

2070 3430 2125 3485 in
2149 3447 2236 3496 eo,
2271 3434 2410 3488 sicut
2437 3435 2577 3490 idem
2601 3436 2837 3495 Joannes
2860 3444 3132 3511 apostolus
3169 3446 3400 3515 allirmat
3443 3453 3516 3507 ita
3553 3430 3639 3509 di-

2069 3535 2200 3577 cens
2230 3541 2242 3575 :
2282 3522 2397 3608 Hoc
2435 3536 2512 3580 est
2549 3530 2855 3585 mandatum
2896 3534 3016 3600 Dei,
3047 3547 3102 3590 ut
3132 3540 3406 3598 credamus
3444 3546 3498 3600 in
3525 3564 3635 3604 no-

2069 3612 2207 3665 mine
2232 3611 2360 3669 Filii
2384 3616 2498 3684 ejus
2527 3616 2656 3671 Jesu
2681 3617 2896 3686 Christi,
2924 3634 2971 3677 et
2993 3625 3272 3697 diligamus
3302 3632 3632 3699 alterutrum,

2069 3701 2200 3754 sicut
2228 3702 2370 3756 dedit
2409 3706 2714 3762 mandatum
2743 3711 2908 3767 nobis.
2957 3713 3026 3769 Et
3059 3720 3148 3787 qui
3179 3731 3351 3774 servat
3382 3723 3634 3778 mandata

2069 3796 2208 3866 ejus,
2235 3797 2290 3851 in
2317 3798 2408 3853 illo
2435 3816 2641 3868 manet,
2672 3813 2720 3858 et
2748 3807 2858 3876 ipse
2897 3808 2951 3862 in
2987 3824 3066 3870 eo,
3105 3819 3154 3863 et
3201 3812 3256 3864 in
3297 3813 3393 3867 hoc
3417 3815 3631 3880 scimus,

2068 3888 2316 4027 quppiam
2369 3901 2540 3944 manet
2598 3892 2654 3944 in
2707 3894 2853 3945 nobis
2901 3894 2966 3947 de
3010 3892 3210 3967 Spiritu
3233 3939 3251 3963 ,
3299 3917 3448 3971 quem
3489 3904 3634 3960 dedit

2069 3991 2137 4028 uo
2173 3991 2238 4028 ts.
2288 4007 2294 4012 -

2138 4062 2246 4118 Leo
2287 4076 2314 4106 ι
2370 4080 2585 4136 quoque
2639 4083 2774 4139 papa
2847 4075 3326 4133 reverendissimus
3379 4079 3635 4139 Romamn

2067 4154 2220 4209 urbis
2245 4155 2484 4223 pontifex
2525 4155 2813 4215 Dominum
2850 4173 3088 4218 nostrum
3129 4163 3310 4220 Jesum
3335 4167 3629 4238 Christum,

2071 4242 2330 4312 Spiritum
2371 4256 2615 4301 sanctum
2656 4250 2724 4303 ab
2765 4251 3226 4320 eoprocedentem
3256 4253 3382 4310 ﬂatu
3414 4273 3532 4323 suo,
3573 4269 3634 4314 ut

2070 4334 2259 4390 beatus
2303 4333 2538 4392 Joannes
2582 4338 2636 4392 in
2681 4342 2993 4410 praescripto
3035 4343 3306 4416 Evangelii
3350 4349 3430 4403 sui
3469 4351 3635 4408 refert

416 4423 581 4519 Patre
598 4429 655 4476 et
681 4420 847 4519 ξ
873 4428 928 4476 et
960 4418 1135 4519 de-eo,
1155 4419 1297 4519 quod
1319 4418 1460 4519 idem
1488 4418 1732 4519 Spiritus
1747 4428 1970 4519 sanctus
2002 4459 2048 4519 υ
2071 4426 2324 4519 capitulo,
2377 4427 2633 4519 apo—stolis
2669 4429 2903 4493 dedisse,
2950 4431 3091 4488 sicut
3123 4436 3177 4489 in
3223 4440 3474 4508 synodica
3521 4441 3635 4512 epi-

418 4512 595 4568 Patris
611 4520 669 4566 et
681 4509 800 4564 Filii
829 4509 885 4563 in
912 4509 1080 4564 sacris
1096 4505 1451 4562 voluminibus
1463 4513 1686 4560 vocatur
1699 4505 1962 4580 Spiritus:

420 4603 596 4660 sancti
627 4601 788 4658 etiam
807 4597 1079 4676 Evangelii
1102 4604 1159 4652 et
1177 4597 1452 4652 beatorum
1489 4594 1709 4650 Patrum
1738 4597 1972 4652 auctori-
2003 4633 2008 4636 -

424 4703 589 4750 tatem
623 4698 852 4770 secutus.
871 4701 1118 4770 parvum,
1143 4686 1434 4742 secundum
1459 4693 1652 4742 vestrae
1676 4685 1974 4761 sublimita-

425 4786 496 4841 tis
512 4782 824 4854 jussioncm,
839 4768 1154 4850 conscripsi
1174 4776 1428 4834 libellum.

915 4867 1139 4967 canor
1180 4905 1463 4965 PRIIIUII.

426 5047 508 5107 De
529 5038 614 5116 eo,
632 5057 769 5132 quod
793 5047 1022 5119 Spiritus
1058 5054 1269 5168 sugg:
1301 5060 1335 5098 a
1374 5038 1533 5096 Patre
1581 5024 1822 5134 Filioque
1859 4999 1978 5114 pro-

459 5255 462 5266 '
499 5247 757 5312 luverbis
794 5246 941 5308 enim
983 5247 1154 5304 sancti
1178 5242 1478 5315 Evangelii,
1511 5251 1568 5298 et
1607 5242 1660 5297 in
1708 5243 1980 5312 synodicis

422 5341 710 5397 beatorum
733 5335 953 5392 Patrum
979 5335 1238 5405 epistolis,
1267 5343 1322 5389 et
1347 5334 1402 5387 in
1435 5332 1618 5386 multis
1641 5331 1978 5387 eruditorum

423 5431 490 5505 in
505 5425 731 5498 spiritali
772 5426 996 5482 scientia
1018 5426 1258 5481 virorum
1282 5424 1432 5479 libris
1470 5421 1769 5477 manifeste
1798 5421 1978 5478 decla-

423 5516 864 5606 ratur,’8piritus
888 5523 1128 5582 sanam,
1154 5516 1246 5585 qui
1280 5515 1439 5570 unius
1485 5512 1831 5583 ejusdemque
1855 5527 1979 5568 cum

498 5664 524 5694 ι
565 5649 674 5706 Leo
701 5664 842 5719 papa
867 5649 922 5719 in
949 5649 1137 5704 concil.
1181 5647 1453 5712 Chalced,
1485 5650 1614 5700 t'om.
1658 5642 1720 5698 Ν
1750 5641 1974 5700 Collect.
2013 5659 2016 5662 ·

421 5720 616 5802 Coleti,
641 5718 782 5793 pag;
794 5718 944 5774 1223.

2071 4513 2209 4568 stola
2230 4552 2246 4578 ,
2273 4529 2433 4582 quam
2462 4515 2715 4571 Flaviano
2749 4521 3152 4594 archiepiscopo
3188 4525 3635 4602 Constantinopo-

2070 4606 2240 4661 litano
2276 4607 2521 4675 scripsit,
2562 4616 2795 4664 testatur
2820 4611 3006 4670 dicens
3045 4634 3058 4669 :
3114 4636 3133 4668 ι
3173 4617 3422 4676 Dominus
3463 4634 3638 4678 noster

2071 4694 2226 4784 Iesus
2254 4695 2492 4751 Christus
2531 4707 2649 4770 post
2678 4705 3100 4760 resurrectionem
3138 4724 3289 4763 suam
3333 4705 3636 4784 clausisja-

2073 4783 2192 4837 nuis
2217 4799 2282 4838 ac
2307 4784 2592 4855 discipulos
2630 4803 2754 4844 suos
2787 4791 3032 4848 introibit:
3050 4835 3065 4859 ,
3098 4805 3149 4850 et
3190 4798 3321 4866 ﬂatu
3347 4814 3442 4852 suo
3477 4783 3638 4859 dabat

2074 4869 2327 4944 Spiritum
2368 4886 2607 4930 emtum
2629 4917 2646 4943 ,
2690 4889 2742 4934 et
2780 4882 2986 4939 donato
3039 4885 3393 4956 intelligentia
3439 4891 3643 4953 lumine

2073 4973 2376 5019 mutarunt
2404 4964 2796 5036 Scripturarunt
2821 4971 3021 5027 occulta
3043 4975 3322 5042 pendebat.
3366 4999 3386 5033 ι

2143 5052 2341 5124 Beatus
2363 5068 2577 5124 quoque
2598 5055 2890 5128 Gregorius
2913 5061 2943 5101 δ
2968 5061 3356 5133 Nazianzenus,
3386 5070 3473 5125 vel
3504 5071 3638 5145 Nys-

2075 5157 2240 5199 senus
2261 5145 2543 5216 episcopus
2561 5149 2957 5205 eruditissimus
2983 5151 3287 5226 divinorum
3311 5160 3636 5217 voluminum

2076 5233 2424 5304 investigator
2466 5236 2522 5291 in
2550 5237 2765 5294 bomilia
2785 5277 2802 5302 ,
2850 5254 3010 5307 quam
3039 5243 3104 5296 de
3132 5247 3360 5302 adventu
3407 5249 3638 5318 Spiritus

2077 5323 2252 5378 sancti
2279 5339 2440 5393 super
2466 5326 2736 5394 apostolos
2760 5332 3097 5400 conscripsit,
3136 5336 3321 5388 eodem
3347 5351 3503 5390 sensu
3530 5353 3641 5407 quo

2077 5423 2133 5469 et
2155 5411 2266 5470 Leo
2290 5429 2426 5486 papa
2451 5416 2736 5483 exposuit:
2763 5418 3044 5487 praefatum
3070 5423 3339 5491 Evangelii
3367 5439 3642 5495 exprmens

2077 5505 2369 5575 capitulum
2397 5502 2656 5570 aﬂirmat,
2695 5507 2838 5576 quod
2869 5507 3114 5569 Salvator
3155 5519 3339 5566 noster
3376 5514 3640 5584 Spiritum

2150 5637 2180 5677 δ
2235 5635 2468 5691 Sanctus
2518 5635 2808 5707 Gregorius
2862 5637 3228 5697 Nazianzenus
3275 5643 3519 5703 fortassis
3569 5665 3634 5703 ex

2081 5716 2217 5763 orat.
2252 5707 2338 5772 44,
2377 5720 2522 5759 num.
2559 5707 2644 5759 l’t'.
