4228 6244
522 259 586 315 67
1356 253 1417 309 Β.
1457 253 1519 308 F.
1558 252 1782 308 ALBINI
1817 250 1949 307 εει]
1985 247 2261 306 ΑιευιΝι
2297 248 2582 306 OPEBUM
2619 246 2799 304 PARS
2833 246 2921 302 ιιι.
3676 238 3746 294 68

523 382 768 430 sanctum
794 368 1046 440 apostolis
1072 365 1219 422 dedit
1245 363 1562 422 insufﬁando
1582 366 1634 419 in
1658 379 1845 419 eorum
1866 363 2077 418 faciem.
2105 367 2154 422 Α
2183 371 2321 426 cata,
2352 360 2686 416 remittuntur
2728 360 2824 424 eis,
2851 367 2900 412 et
2925 371 3146 428 quorum
3183 355 3521 416 retinaculis,
3553 361 3748 406 retenta

524 463 660 519 Hinc
680 463 793 532 ipse
812 460 1100 531 Gregorius
1120 458 1250 512 dicit
1279 476 1292 510 :
1319 457 1550 526 Spiritus
1571 465 1792 511 sanctus
1808 453 2086 525 discipulis

522 553 723 609 Christi
750 567 855 606 non
896 549 1066 605 solum
1092 546 1428 616 cooperando
1465 545 1679 611 aderat,
1706 558 1896 600 verum
1920 543 2085 599 etiam

523 641 742 697 deitatis
781 645 1044 708 potestate
1089 644 1249 707 atque
1294 635 1615 690 auctoritate
1649 641 1844 690 uincta
1873 633 2088 703 dispen-

522 745 671 785 sans.
689 727 875 784 Adfuit
897 727 1060 798 igitur
1076 725 1240 780 etiam
1266 725 1352 780 his
1371 725 1549 788 tertio,
1566 731 1727 793 prout
1747 737 1871 779 eum
1892 735 2086 791 capere

523 827 788 892 poterant,
819 825 1119 887 temporum
1139 827 1351 883 quoque
1377 813 1722 868 distinctione
1750 819 2001 867 servata:
2029 810 2087 865 id

522 921 628 978 est,
653 919 778 966 ante
809 897 1112 980 passionem
1139 905 1334 960 Christi
1353 944 1368 968 ,
1403 912 1461 959 et
1483 912 1606 974 post
1635 902 2087 958 resurrectionem

522 1000 640 1069 ejus
664 1000 883 1062 itemm,
928 997 1086 1052 tertio
1117 994 1281 1049 etiam
1305 1001 1430 1064 post
1454 991 1840 1047 Ascensionem
1869 992 1938 1043 ad
1976 1002 2089 1043 cib-

522 1089 622 1145 los.
651 1088 719 1143 Et
735 1088 920 1158 prim
941 1085 1154 1155 quidem
1180 1082 1300 1152 eius
1333 1080 1632 1152 praesentia:
1663 1080 1916 1134 virtutem
1943 1078 2085 1132 indi-

522 1185 649 1233 cant
683 1176 870 1248 gratia:
910 1174 1202 1230 sanitatum
1223 1211 1242 1237 ,
1271 1180 1328 1226 et
1372 1170 1620 1241 purgatio
1649 1177 1812 1238 atque
1837 1166 2089 1237 eﬁ‘ugatio

522 1267 819 1321 dmmonum
845 1280 912 1319 ex
935 1261 1261 1327 hominibus,
1293 1275 1456 1331 quam
1475 1260 1663 1329 utique
1688 1275 1795 1314 non
1820 1259 1939 1313 sine
1965 1272 2092 1312 san-

521 1365 609 1410 cto
636 1355 838 1427 Spiritu
864 1353 1087 1424 apostoli
1130 1353 1516 1423 procurabant.
1563 1351 1702 1406 Tum
1727 1351 1923 1410 deinde
1970 1358 2093 1421 post

523 1443 969 1516 resurrectionem
990 1440 1272 1496 manifeste
1291 1441 1424 1495 dicit
1442 1439 1694 1495 Salvator
1709 1440 1780 1495 ad
1801 1440 2090 1510 discipulos

520 1550 650 1589 suos
678 1549 695 1587 :
726 1533 954 1602 Accipite
974 1529 1228 1601 Spiritum
1257 1537 1516 1595 sanctum,
1545 1538 1594 1584 et
1621 1529 1899 1600 insumat-it
1919 1530 1976 1582 in
2009 1528 2092 1598 fa-

517 1627 652 1678 ciem
676 1639 854 1678 eorum
902 1620 1083 1694 (Joan.
1137 1635 1228 1684 xx,
1273 1618 1384 1688 93).
1417 1618 1603 1675 Tertio
1629 1632 1761 1673 vero
1790 1617 1848 1672 in
1894 1617 2090 1688 linguis

519 1715 696 1786 igneis
719 1712 908 1768 adfuit.

591 1805 822 1860 Sanctus
856 1799 1075 1870 quoque
1114 1799 1475 1869 Hieronymus
1519 1810 1547 1839 ι
1595 1799 1848 1870 egregius
1895 1799 2090 1855 divina:

519 1895 653 1965 legis
679 1894 970 1962 interpres,
1000 1898 1054 1944 ct
1076 1904 1238 1959 sagax
1263 1887 1471 1959 prafati
1501 1887 1680 1944 Patris
1709 1887 1954 1959 Gregorii
1981 1889 2092 1945 dis-

523 1986 749 2058 cipulus,
787 1985 1154 2054 praescriptum
1199 1980 1474 2052 Evangelii
1507 1981 1804 2037 secundum
1827 1978 2090 2036 Joannem

521 2077 709 2130 eodem
762 2088 931 2128 sensu
975 2086 1248 2140 exponens
1305 2069 1599 2139 capitulum
1651 2076 1899 2133 testatur,
1948 2069 2093 2138 quod

524 2165 772 2218 Salvator
799 2171 983 2217 noster
1016 2158 1278 2230 Spiritum
1317 2167 1568 2216 sanctum
1594 2158 1665 2213 ab
1683 2172 1750 2212 eo
1776 2159 1942 2214 etiam
1967 2173 2094 2228 pro-

524 2257 800 2311 cedentem
825 2259 948 2322 post
966 2249 1412 2304 resurrectionem
1434 2261 1589 2301 suam
1609 2245 1740 2301 flatu
1762 2261 1862 2303 suo
1882 2255 2094 2317 aposto-

521 2344 589 2401 lis
614 2341 795 2406 tbdit;
820 2340 960 2395 siwt
979 2348 1088 2393 tam
1118 2338 1172 2391 in
1192 2336 1416 2408 epistola
1443 2351 1607 2407 quam
1635 2337 1706 2391 ad
1727 2335 2007 2391 Hedihiam
2027 2336 2095 2391 th:

461 2443 466 2446 '
527 2433 803 2488 duodecim
829 2431 1047 2500 sta-ipsit
1066 2428 1477 2507 quaestionibus,
1513 2424 1766 2503 afﬁrmat,
1799 2435 1988 2481 octavo
2018 2426 2095 2480 ita

525 2525 705 2581 dicens
749 2520 980 2591 capitulo
1005 2538 1018 2573 :
1055 2538 1075 2570 ‹
1103 2518 1380 2586 Quomodo
1411 2519 1660 2573 Salvator
1684 2526 1871 2572 noster
1899 2532 2095 2572 secun~

527 2613 650 2666 dum
671 2609 934 2666 Joannem
959 2606 1196 2663 insulilat
1233 2605 1496 2676 Spiritum
1522 2614 1768 2661 sanctum
1790 2606 1846 2659 in
1877 2613 2096 2675 aposto-

523 2699 626 2771 los,
650 2707 708 2753 et
731 2696 1024 2752 secundum
1048 2695 1249 2749 Lucam
1271 2701 1394 2759 post
1406 2691 1777 2748 ascensionem
1803 2691 2096 2745 missurum

528 2803 644 2845 esse
669 2788 830 2843 dicit?
877 2785 1047 2856 Hujus
1073 2785 1385 2855 questio‘nis
1404 2781 1674 2854 perfacilis
1694 2781 1889 2838 solutio
1917 2789 2018 2846 est,
2048 2781 2096 2836 si

529 2881 750 2938 docente
786 2879 1026 2948 apostolo
1053 2875 1220 2932 Paulo
1244 2874 1479 2952 Spiritus
1505 2875 1678 2930 sancti
1703 2875 1948 2930 diversas
1970 2888 2095 2945 gra-

529 2972 628 3026 tias
655 2970 982 3025 noverimus.
1031 2967 1261 3038 Scripsit
1287 2965 1448 3038 756
1474 2966 1620 3020 enim
1667 2965 1723 3018 in
1767 2963 1943 3034 prima
1975 2963 2097 3033 Epi-

2185 466 2333 506 eruru
2363 452 2546 520 (Joau.
2595 466 2685 516 xx,
2728 449 2936 520 21-23}.
2965 448 3145 502 Primo
3187 446 3350 517 igitur
3391 445 3481 499 die
3508 458 3750 501 resurre-
3798 470 3802 473 -

2184 540 2378 596 ctionis
2400 540 2517 609 ejus
2556 546 2878 608 acceperunt
2901 535 3131 608 Spiritus
3156 534 3330 590 sancti
3367 532 3620 599 gratiam,
3640 544 3750 601 qua

2182 638 2404 700 peccata
2431 631 2781 694 dimitterent,
2808 636 2864 683 et
2903 627 3262 697 baptizarent,
3287 633 3344 678 et
3368 622 3504 679 ﬁlios
3545 623 3641 677 Dei
3667 621 3752 676 fa-

2185 728 2388 783 cerent,
2420 726 2476 773 et
2514 718 2762 788 spiritum
2789 715 3090 787 adoptionis
3113 713 3458 769 credentibus
3483 711 3749 782 largireao

2186 821 2276 868 tur
2297 812 2413 882 ipso
2435 809 2714 866 Salvatore
2735 807 2950 864 dicente
2983 824 2997 860 :
3036 805 3271 872 Quorum
3309 803 3610 858 remiseritis
3631 819 3752 873 pee-

2186 912 2328 967 cata,
2355 903 2690 956 remittuntur
2715 901 2808 955 eis.
2841 898 2938 954 Die
2957 905 3136 952 autem
3163 895 3508 952 Peuteeostes
3530 896 3614 952 eis
3633 912 3754 952 am-

2184 992 2325 1062 plius
2351 991 2733 1066 repromissum
2754 996 2858 1053 est,
2885 995 2946 1042 ut
2966 986 3371 1057 baptisarentur
3393 984 3599 1055 Spiritu
3624 999 3754 1039 san-

2185 1092 2297 1148 cto,
2340 1091 2398 1138 et
2421 1082 2772 1138 induerentur
2793 1081 2992 1134 virtute
3030 1092 3136 1149 qua
3169 1077 3372 1134 Christi
3402 1077 3752 1149 Evangelium

2187 1175 2395 1231 cunctis
2441 1173 2690 1244 gentibus
2726 1170 3104 1242 pradicarent,
3143 1168 3296 1239 juxta
3331 1167 3462 1223 illud
3505 1169 3647 1238 quod
3695 1169 3751 1224 in

2187 1265 2522 1337 sexagesimo
2547 1263 2776 1333 septimo
2799 1261 3008 1331 psalmo
3034 1260 3262 1329 legimus
3286 1277 3301 1312 :
3327 1258 3585 1314 Dominus
3601 1255 3753 1314 dabit'

2187 1356 2394 1412 uerbum
2421 1352 2891 1424 euangelisantibus
2920 1352 3159 1416 uirtutem
3196 1349 3418 1404 multum
3457 1347 3630 1420 [begs
3650 1349 3758 1403 sir-

2187 1456 2295 1502 tute
2316 1444 2502 1518 multo]
2539 1442 2712 1517 (Paul.
2740 1459 2944 1508 Lxxvn,
2983 1441 3093 1511 i2),
3118 1449 3179 1496 ut
3203 1439 3467 1496 haberent
3486 1439 3757 1509 operatio-

2187 1553 2313 1608 nem
2331 1538 2615 1615 yirtutum,
2639 1545 2698 1590 et
2732 1535 2958 1606 gratiam
2985 1532 3298 1596 sanitatum,
3323 1539 3382 1586 et
3406 1530 3756 1601 praedicaturi

2189 1629 2370 1684 multis
2397 1627 2641 1698 gentibus
2666 1627 2973 1696 acciperent
2995 1638 3194 1695 genera
3222 1622 3548 1692 linguarum.
3582 1640 3602 1673 ι

2119 1705 2166 1764 Β
2261 1718 2458 1772 Beatus
2495 1729 2709 1785 quoque
2736 1722 2792 1769 et
2826 1712 3146 1782 venerabilis
3182 1711 3465 1781 episcopus
3505 1709 3771 1780 Augusti--

2189 1823 2292 1864 nus
2319 1808 2370 1872 δ,
2400 1808 2466 1862 de
2505 1819 2614 1876 quo
2659 1804 2820 1875 paulo
2853 1811 2977 1858 ante
3015 1800 3245 1872 praefati,
3287 1815 3486 1856 sumus
3526 1798 3761 1854 aﬁrmat

2185 1898 2331 1967 quod
2360 1904 2578 1952 sanctus
2618 1892 2854 1948 Joannes
2894 1893 2949 1945 in
2977 1906 3042 1947 eo
3080 1888 3315 1960 capitulo
3340 1889 3394 1943 in
3431 1903 3540 1958 quo
3578 1888 3757 1943 dixit:

2190 1987 2506 2058 Insuﬁinuit,
2544 1993 2604 2039 et
2623 1984 2850 2054 Accipite
2875 1981 3127 2053 Spiritum
3155 1989 3418 2045 sanctum,
3460 1979 3761 2050 processio-

2189 2089 2316 2130 netn
2343 2074 2573 2143 Spiritus
2598 2072 2769 2126 sancti
2797 2087 2829 2125 a
2853 2070 3016 2124 Patre
3039 2079 3093 2124 et
3119 2069 3255 2123 Filio
3277 2075 3464 2137 aperte
3501 2068 3758 2133 declarat,

2192 2168 2331 2224 sicut
2379 2166 2434 2220 in
2467 2164 2803 2236 expositione
2849 2161 3121 2232 Evangelii
3170 2157 3764 2216 secundum'Joannem

2191 2264 2418 2312 testatur
2439 2256 2624 2311 dicens
2661 2271 2676 2306 :
2717 2270 2737 2303 ι
2773 2249 2917 2306 Sicut
2944 2252 3085 2304 misit
3113 2265 3194 2303 me
3215 2246 3402 2312 Pater,
3423 2257 3472 2304 et
3495 2265 3588 2319 ego
3613 2249 3766 2304 mitto

2192 2364 2313 2413 eos;
2347 2347 2436 2403 hic
2476 2361 2597 2402 esse
2635 2346 2870 2401 medium
2911 2343 3146 2400 ostendit
3173 2342 3402 2397 dicendo
3429 2359 3443 2395 :
3473 2339 3574 2394 Ille
3601 2355 3686 2393 me
3708 2345 3767 2394 et

2191 2452 2285 2506 ego
2309 2451 2414 2490 vos.
2447 2433 2753 2506 ιηιιιιμονίι,
2788 2442 2835 2487 et
2859 2433 2933 2487 ait
2958 2434 3032 2486 eis
3055 2444 3073 2483 :
3097 2431 3326 2500 Accipite
3351 2428 3608 2498 Spiritum
3635 2444 3766 2510 spn-

2192 2536 2332 2582 ctum
2358 2524 2538 2596 (Joan.
2567 2541 2656 2590 xx,
2678 2524 2792 2597 2i).
2816 2523 3133 2579 lnsulilando
3154 2521 3478 2592 signiﬁcavit
3504 2519 3765 2590 Spiritum

2194 2625 2443 2671 sanctum
2471 2631 2576 2671 non
2615 2614 2984 2670 Patrissolius
3005 2604 3128 2668 esse
3171 2611 3452 2680 Spiritum,
3483 2611 3577 2666 sed
3605 2624 3765 2664 suum

2197 2703 2354 2777 [Aug.
2388 2704 2482 2759 sed
2522 2713 2578 2758 et
2599 2703 2801 2775 suum].
2831 2702 3069 2768 Quorum
3101 2700 3403 2754 remiseritis
3424 2708 3659 2770 peccata,
3685 2713 3769 2752 reo

2196 2796 2471 2848 mittuntur
2493 2794 2602 2858 eis;
2631 2799 2678 2846 et
2699 2807 2917 2863 quorum
2949 2791 3284 2855 retinueritis,
3317 2790 3623 2844 retinentur.
3662 2787 3768 2846 Ec-

2195 2886 2371 2940 clesiae
2398 2885 2660 2950 charitas,
2691 2899 2810 2953 qua:
2835 2897 2931 2954 per
2955 2882 3215 2954 Spiritum
3229 2873 3487 2936 sanctum
3513 2879 3768 2936 ﬂandi.

2197 2983 2288 3029 tur
2315 2975 2370 3028 in
2395 2973 2643 3028 cordibus
2667 2974 2865 3026 vestris
2885 3012 2900 3036 ,
2930 2972 3251 3040 participum
3276 2977 3501 3025 suorum
3543 2977 3768 3039 pcata

528 3065 663 3120 stola
688 3064 756 3119 ad
784 3063 1091 3120 Corinthios
1119 3079 1132 3114 :
1167 3061 1454 3115 Divisiones
1481 3059 1738 3113 donorum
1771 3067 1925 3123 sunt,
1959 3058 2095 3111 idem

2145 3056 2170 3121 Ξ
2199 3063 2419 3118 dimittit
2434 3081 2446 3114 :
2464 3076 2652 3116 eorum
2665 3069 2841 3115 autem
2863 3060 2952 3130 qui
2971 3075 3079 3115 non
3101 3067 3228 3114 sunt
3238 3059 3764 3130 partlcipes,‘tenet.s

528 3162 700 3206 autem
731 3151 1016 3213 Dominus;
1041 3160 1088 3203 et
1114 3149 1388 3202 divisiones
1410 3148 1767 3217 operatiortum
1795 3156 1938 3210 sunt,
1958 3145 2097 3200 idem

529 3251 704 3295 autem
736 3238 894 3303 Deus,
925 3241 1012 3308 qui
1040 3246 1284 3308 operatur
1305 3237 1482 3289 omnia
1508 3236 1564 3289 in
1593 3235 1853 3289 omnibus.
1883 3232 2099 3288 Unicui-

529 3348 628 3402 que
651 3341 821 3384 autem
847 3330 1008 3383 datur
1025 3327 1376 3404 manifestatio
1413 3323 1640 3396 Spiritu
1662 3325 1731 3378 ad
1756 3325 1813 3379 id
1837 3324 1976 3396 quod
2008 3341 2102 3380 ex-

527 3421 686 3491 pedit.
722 3419 827 3473 Alii
848 3419 1054 3491 quidem
1093 3409 1250 3470 datur
1273 3431 1442 3470 sermo
1466 3414 1756 3484 sapientia,
1793 3413 1888 3466 alii
1929 3428 2100 3468 unua

529 3512 758 3566 scientia:
783 3510 1066 3568 secundum
1091 3508 1330 3564 eumdem
1373 3505 1627 3578 Spiritum
1644 3546 1660 3571 ,
1688 3504 1784 3559 alii
1809 3505 1981 3574 gratia
2008 3519 2101 3558 sa-

528 3606 749 3657 nitatum
791 3602 846 3654 in
875 3616 978 3654 uno
1004 3598 1232 3670 Spiritu,
1268 3599 1364 3655 alii
1397 3599 1528 3667 ﬁdes
1565 3597 1624 3652 iu
1657 3596 1838 3651 eodem
1877 3594 2098 3666 Spiritu,

529 3695 621 3749 alii
667 3694 896 3763 operatio
937 3693 1212 3755 virtutum,
1249 3689 1345 3743 alii
1377 3689 1683 3758 prophetia,
1722 3685 1817 3742 alii
1851 3688 2102 3740 discretio

529 3788 827 3857 spirituum,
850 3783 943 3837 alii
967 3799 1152 3853 genera
1181 3773 1502 3850 linguarum,
1530 3777 1625 3830 alii
1651 3775 2102 3845 interpretationes

532 3888 830 3930 sermonum
870 3891 888 3928 :
937 3873 1112 3925 omnia
1162 3871 1272 3923 hac
1315 3879 1562 3939 operatur
1600 3883 1735 3920 unus
1781 3876 1936 3936 atque
1962 3866 2104 3920 idem

534 3965 789 4036 Spiritus,
817 3961 1051 4015 dividens
1079 3960 1355 4030 unicuique
1381 3968 1533 4029 prout
1561 3958 1668 4012 vult
1696 3957 1750 4028 (1
1773 3956 1898 4012 Cor.
1926 3972 2028 4022 xu,
2067 3957 2103 4011 ι

529 4053 716 4124 seqq.).
769 4051 912 4121 Ergo
964 4049 1222 4104 Dominus
1261 4041 1404 4117 ‘post
1445 4047 1897 4103 resurrectionem
1949 4062 2105 4102 suam

529 4143 683 4212 juxta
711 4138 1260 4209 hicavaangelium
1305 4137 1559 4192 dixerat:
1601 4136 1716 4206 Ego
1739 4139 1943 4192 mittam
1981 4156 2105 4208 pro-

531 4233 830 4289 missionem
858 4228 1036 4283 Patris
1062 4231 1162 4283 mei
1187 4231 1245 4283 in
1271 4245 1358 4286 eos
1383 4242 1402 4280 :
1431 4245 1518 4283 eos
1544 4237 1719 4283 autem
1743 4229 1912 4284 sedete
1938 4231 1997 4283 in
2023 4232 2099 4284 ci-

531 4325 710 4386 vitate,
759 4319 1095 4390 quoadusque
1117 4319 1412 4374 induamini
1451 4320 1693 4374 uirtutem
1720 4338 1786 4375 ea;
1811 4321 1919 4375 auo
1948 4321 2100 4394 (Luc.

535 4427 688 4476 xxiv,
718 4409 835 4480 49).
866 4407 934 4463 Et
951 4408 1108 4477 juxta
1135 4409 1384 4463 eumdem
1410 4411 1465 4464 in
1491 4411 1857 4480 apostolorum
1878 4411 2103 4467 Actibus

535 4510 619 4562 est
643 4500 854 4556 locutus
883 4516 899 4551 :
934 4496 1190 4568 Prcecepit
1224 4499 1300 4552 eis
1336 4498 1403 4552 ab
1443 4497 1821 4570 Hierosolymis
1847 4517 1911 4554 ne
1936 4500 2104 4555 disce-

535 4591 738 4654 derent,
762 4586 852 4642 sed
891 4596 1242 4657 exspectarent
1273 4587 1667 4655 promissionem
1705 4585 1904 4653 Patris,
1944 4605 2105 4658 quam

537 4681 775 4744 audiuit,
800 4677 984 4748 inquit,
1031 4692 1121 4746 per
1146 4693 1204 4730 os
1230 4693 1421 4732 meum.
1453 4675 1598 4742 Quia
1630 4675 1870 4732 Joannes
1895 4680 2102 4748 quidem

539 4769 814 4840 baptisait
842 4784 1001 4838 aqua,
1024 4782 1110 4821 sos
1137 4777 1309 4821 autem
1333 4768 1725 4838 baptisabimiui
1746 4768 1953 4838 Spiritu
1981 4787 2105 4828 uu-

539 4869 623 4912 cto
652 4875 754 4911 non
780 4868 891 4928 post
919 4857 1109 4912 multos
1133 4858 1225 4911 hos
1267 4857 1378 4912 dies
1405 4858 1546 4930 (Aet.
1580 4876 1624 4925 ι,
1668 4859 1749 4930 5).
1770 4859 2013 4929 Bursam
2046 4861 2105 4916 in

540 4949 650 5006 ﬁne
671 4947 944 5018 Evangelii
971 4948 1266 5024 secundum
1293 4945 1557 5003 Joannem
1575 4964 1646 5004 eo
1670 4949 1762 5007 die
1792 4967 1900 5020 quo
1925 4966 2106 5007 resur-

542 5045 782 5103 rexerat,
817 5037 874 5092 id
898 5045 1000 5102 est,
1042 5039 1130 5094 die
1162 5037 1441 5093 Dominica
1465 5038 1664 5094 daum's
1682 5039 1865 5108 ianuis
1885 5044 1955 5098 ad
1979 5059 2106 5114 apo-

545 5126 712 5182 stolos
751 5126 1003 5182 introisse
1048 5135 1322 5195 narratur,
1369 5136 1427 5184 et
1470 5127 1670 5184 dixisse
1705 5131 1786 5185 eis
1821 5135 2056 5189 sewndo
2088 5153 2102 5187 :

545 5215 862 5283 Pasoobis,’
890 5225 945 5273 et
973 5216 1218 5272 intulisse
1628 5218 1988 5286 mePater,et
2016 5240 2109 5294 ego

539 5307 697 5361 mitto
740 5325 847 5363 uss.
896 5307 1012 5362 Hoc
1044 5323 1162 5361 eum
1191 5307 1427 5374 diuisam,
1462 5311 1744 5382 insuﬂarit
1776 5322 1828 5366 et
1869 5313 1999 5366 dicit
2037 5316 2111 5368 eis

549 5394 776 5465 Accipite
801 5396 1055 5465 Spiritum
1094 5407 1357 5463 sanctum,
1399 5413 1620 5468 qurum
1659 5402 1960 5456 remiseritis
2000 5420 2112 5471 pec-

616 5582 643 5609 ·
684 5567 912 5624 Sanctus
939 5570 1309 5643 Hieronymus,
1337 5574 1495 5644 epist.
1523 5571 1644 5639 19.0,
1667 5591 1784 5646 cap.
1807 5578 1860 5632 9.

2265 3153 2408 3209 Idem
2439 3166 2654 3224 quoque
2677 3151 3003 3224 Augustinus
3027 3151 3081 3204 in
3111 3149 3252 3204 libro
3273 3159 3471 3221 quarto
3496 3151 3567 3205 de
3589 3148 3772 3206 Trini-

2198 3254 2306 3301 tate
2333 3286 2348 3311 ,
2389 3262 2479 3300 xxI
2516 3245 2750 3316 capitulo
2777 3245 3147 3315 praascriptum
3175 3255 3450 3312 exponens
3469 3241 3768 3312 capitum

2198 3345 2428 3392 testatur
2446 3339 2587 3407 quod
2607 3336 2911 3406 unigenitus
2935 3334 3032 3389 Dei
3058 3331 3226 3387 Filius
3243 3333 3503 3404 Spiritum
3523 3339 3771 3387 sanetum

2199 3442 2231 3480 a
2259 3441 2319 3481 se
2346 3427 2637 3496 procedere
2665 3425 2938 3491 declarat,
2984 3424 3299 3480 insulﬁando
3337 3423 3393 3476 in
3420 3421 3691 3492 apostolos
3716 3428 3772 3474 et

2199 3518 2425 3574 dicendo
2475 3536 2488 3572 :
2541 3517 2772 3586 Accipite
2802 3514 3054 3586 Spiritum
3090 3523 3348 3569 sanctum.
3387 3511 3523 3565 Hinc
3551 3517 3773 3563 sanctus

2199 3608 2531 3678 Augusﬁnus
2565 3607 2732 3662 dicit:
2767 3624 2786 3656 ‹
2816 3605 2924 3660 Nec
2951 3614 3235 3675 posuimus
3265 3602 3446 3657 dicere
3479 3598 3622 3669 quod
3646 3597 3772 3668 Spi-

2201 3699 2337 3750 ritus
2365 3706 2583 3751 sanctus
2613 3703 2668 3748 et
2716 3710 2746 3749 a
2776 3695 2910 3749 Filio
2937 3710 3040 3749 non
3087 3693 3373 3765 procedat;
3422 3705 3600 3759 neque
3625 3688 3771 3742 enim

2202 3782 2405 3836 frustra
2435 3783 2572 3837 idem
2610 3782 2844 3852 Spiritus
2866 3789 2922 3836 et
2959 3782 3136 3835 Patris
3159 3789 3217 3834 et
3235 3780 3358 3833 Filii
3387 3779 3624 3848 Spiritus
3647 3777 3774 3832 dici-

2203 3883 2309 3928 tur.
2353 3873 2463 3928 Nec
2499 3873 2656 3928 video
2695 3874 2821 3943 quid
2859 3873 3001 3926 aliud
3028 3870 3334 3939 signiﬁcare
3357 3868 3612 3933 voluerit,
3649 3881 3772 3922 eum

2202 3964 2418 4019 suﬁlans
2439 3965 2541 4018 ait:
2563 3964 2790 4034 Accipite
2815 3961 3064 4034 Spiritum
3085 3971 3319 4016 sanctum
3341 3959 3521 4030 (lacn.
3544 3974 3636 4024 xx,
3656 3957 3770 4030 Ω).

2202 4053 2386 4121 Neque
2411 4053 2554 4107 enim
2585 4052 2745 4108 ﬂatus
2772 4054 2860 4107 ille
2885 4066 3194 4121 corporeus,
3239 4064 3361 4105 cum
3398 4062 3564 4105 sensu
3585 4063 3775 4120 corpo-

2203 4143 2391 4198 raliter
2428 4144 2681 4214 tang’endi
2726 4143 3020 4213 procedens
3059 4156 3126 4197 ex
3175 4154 3420 4210 corpore,
3471 4129 3774 4195 substantia

2205 4233 2438 4302 Spiritus
2459 4234 2634 4287 sancti
2660 4231 2784 4296 fuit,
2814 4233 2907 4287 sed
2931 4233 3318 4286 demonstratio
3335 4243 3437 4300 per
3474 4245 3772 4301 congruam

2206 4323 2671 4394 signiﬁcationem,
2715 4337 2820 4376 non
2852 4329 3058 4376 tantum
3087 4337 3118 4376 a
3144 4321 3332 4386 Patre,
3355 4322 3448 4376 sed
3487 4330 3544 4376 et
3569 4337 3601 4376 a
3637 4319 3776 4377 Filio

2131 4379 2185 4442 Β
2206 4379 2498 4489 pmcedem
2527 4379 2788 4488 Spiritum
2817 4424 3080 4481 sanctum,
3119 4425 3266 4471 certa
3451 4413 3591 4482 Quis
3629 4413 3777 4469 enim

2207 4509 2642 4566 clementissimus
2672 4507 2891 4572 dixerit,
2938 4506 3098 4560 alium
3143 4506 3312 4559 fuisse
3352 4504 3614 4574 Spiritum
3653 4509 3776 4557 san-

2205 4607 2352 4654 ctum
2371 4611 2530 4669 quem
2554 4586 2776 4651 summa
2796 4595 2960 4659 dedit,
3002 4603 3058 4648 et
3080 4594 3242 4648 alium
3262 4607 3422 4663 quem
3446 4601 3570 4663 post
3587 4592 3779 4647 ascen-

2205 4691 2412 4745 sionem
2441 4704 2593 4742 suam
2615 4688 2804 4742 misit?
2831 4686 2980 4742 Unus
3005 4686 3148 4741 enim
3173 4683 3410 4756 Spiritus
3428 4691 3520 4739 est
3541 4682 3777 4754 Spiritus

2211 4780 2303 4835 Dei
2333 4779 2563 4848 Spiritus
2603 4777 2780 4833 Patris
2831 4785 2885 4833 et
2937 4776 3079 4841 Filii,
3111 4776 3347 4846 Spiritus
3383 4782 3632 4837 sanctus,
3681 4773 3776 4843 qui

2202 4882 2456 4944 operatur
2479 4874 2659 4928 omnia
2683 4873 2736 4926 in
2765 4871 3031 4926 omnibus.
3063 4870 3215 4938 Quod
3235 4884 3363 4940 ergo
3385 4868 3463 4921 ait
3489 4858 3776 4935 Dominus,

2203 4979 2352 5032 quem
2374 4977 2467 5033 ego
2489 4965 2688 5016 mittam
2715 4961 2852 5014 vobis
2879 4977 2912 5013 a
2950 4958 3132 5024 Patre,
3155 4952 3396 5015 ostendit
3433 4958 3693 5029 Spiritum
3721 4966 3780 5014 et

2207 5051 2384 5106 Patris
2407 5059 2462 5106 et
2487 5051 2627 5105 Filii.
2653 5049 2787 5116 Quia
2815 5051 2976 5104 etiam
3010 5065 3130 5103 eum
3162 5050 3402 5111 dixisset,
3440 5067 3592 5120 quem
3611 5047 3778 5104 mittet

2210 5137 2391 5206 Pater,
2433 5139 2659 5203 addidit,
2706 5140 2761 5191 in
2797 5140 3001 5193 nomine
3049 5155 3193 5202 meo;
3229 5154 3334 5193 non
3370 5149 3558 5195 tamen
3584 5135 3774 5196 sitit:

2216 5245 2366 5299 quem
2389 5231 2550 5282 mittet
2579 5227 2737 5281 Pater
2770 5246 2802 5282 a
2839 5245 2941 5304 me,
2972 5231 3416 5300 quemadmodum
3449 5231 3603 5294 dixit,

2218 5333 2310 5385 ego
2336 5320 2537 5372 mittam
2574 5319 2712 5370 vobis
2753 5334 2784 5371 a
2811 5315 3012 5372 Putre:
3038 5320 3282 5374 videlicet
3302 5319 3612 5386 ostendam,
3634 5321 3779 5392 quod

2217 5409 2381 5462 totius
2407 5407 2720 5471 divinitatis,
2745 5409 2829 5462 vel
2853 5410 2901 5463 si
2927 5409 3119 5465 melius
3143 5411 3360 5475 dicitur,
3385 5408 3612 5467 Deitatis
3631 5413 3780 5484 prin-

2289 5576 2315 5613 δ
2360 5576 2435 5630 Ex
2461 5575 2521 5632 S.
2554 5578 2712 5650 Aug,
2750 5587 2907 5637 tract.
2931 5597 3052 5638 cxxt
3081 5583 3133 5637 in
3153 5580 3331 5637 Joan..
3371 5600 3521 5639 num.
3549 5584 3638 5641 ﬁt
