  <div class='ocr_page' id='page_1' title='image "/cluster/home/n/w/nwhite01/storage/ocr_20150623/101/uva.x000834944/042.png"; bbox 0 0 4228 6304; ppageno 0'>
   <div class='ocr_carea' id='block_1_1' title="bbox 1307 23 3866 143">
    <p class='ocr_par' dir='ltr' id='par_1_1' title="bbox 1307 32 3866 139">
     <span class='ocr_line' id='line_1_1' title="bbox 2678 32 3866 59; baseline -0.006 0"><span class='ocrx_word' id='word_1_1' title='bbox 2678 54 2691 59; x_wconf 86' lang='grc'><strong>-</strong></span> <span class='ocrx_word' id='word_1_2' title='bbox 2820 52 2833 57; x_wconf 84' lang='grc' dir='ltr'><strong>ι-</strong></span> <span class='ocrx_word' id='word_1_3' title='bbox 3400 32 3463 57; x_wconf 40' lang='grc' dir='ltr'><strong>-⁷Α</strong></span> <span class='ocrx_word' id='word_1_4' title='bbox 3849 43 3866 52; x_wconf 74' lang='grc' dir='ltr'><strong>ιι</strong></span> 
     </span>
     <span class='ocr_line' id='line_1_2' title="bbox 1940 60 3830 105; baseline -0.011 3"><span class='ocrx_word' id='word_1_5' title='bbox 1940 92 1953 97; x_wconf 83' lang='lat'><strong>-</strong></span> <span class='ocrx_word' id='word_1_6' title='bbox 2136 80 2141 81; x_wconf 50' lang='grc' dir='ltr'><em>ν</em></span> <span class='ocrx_word' id='word_1_7' title='bbox 2268 72 2315 105; x_wconf 34' lang='lat' dir='ltr'><strong>ag</strong></span> <span class='ocrx_word' id='word_1_8' title='bbox 2368 90 2411 101; x_wconf 49' lang='grc' dir='ltr'><strong>ημ</strong></span> <span class='ocrx_word' id='word_1_9' title='bbox 2502 88 2533 89; x_wconf 58' lang='grc' dir='ltr'>η</span> <span class='ocrx_word' id='word_1_10' title='bbox 2650 82 2742 90; x_wconf 72' lang='grc' dir='ltr'><strong>--ι</strong></span> <span class='ocrx_word' id='word_1_11' title='bbox 2777 78 2836 98; x_wconf 87' lang='grc'><strong>,</strong></span> <span class='ocrx_word' id='word_1_12' title='bbox 2982 72 2987 73; x_wconf 53' lang='grc' dir='ltr'><em>ν</em></span> <span class='ocrx_word' id='word_1_13' title='bbox 3041 87 3064 96; x_wconf 83' lang='grc'><strong>,.</strong></span> <span class='ocrx_word' id='word_1_14' title='bbox 3142 66 3155 69; x_wconf 73' lang='grc'><em>”</em></span> <span class='ocrx_word' id='word_1_15' title='bbox 3262 64 3469 101; x_wconf 64' lang='grc' dir='ltr'><strong>ξ,</strong></span> <span class='ocrx_word' id='word_1_16' title='bbox 3374 72 3393 91; x_wconf 57' lang='lat'><strong>;,</strong></span> <span class='ocrx_word' id='word_1_17' title='bbox 3486 66 3603 89; x_wconf 46' lang='grc' dir='ltr'><strong>ί--</strong></span> <span class='ocrx_word' id='word_1_18' title='bbox 3610 60 3830 96; x_wconf 52' lang='lat' dir='ltr'><strong>r.-::‘-:</strong></span> 
     </span>
     <span class='ocr_line' id='line_1_3' title="bbox 1307 104 3866 138; baseline -0.008 -1"><span class='ocrx_word' id='word_1_19' title='bbox 1307 123 1644 138; x_wconf 64' lang='grc' dir='ltr'><strong>-.....,--ι-..-.-..ι-ιο</strong></span> <span class='ocrx_word' id='word_1_20' title='bbox 1671 125 1714 136; x_wconf 70' lang='grc' dir='ltr'><strong>..τ-</strong></span> <span class='ocrx_word' id='word_1_21' title='bbox 1801 117 1820 122; x_wconf 89' lang='grc'><strong>“·</strong></span> <span class='ocrx_word' id='word_1_22' title='bbox 1858 128 1867 133; x_wconf 56' lang='grc' dir='ltr'><em>τ</em></span> <span class='ocrx_word' id='word_1_23' title='bbox 1909 133 1918 137; x_wconf 95' lang='lat'>_</span> <span class='ocrx_word' id='word_1_24' title='bbox 1947 113 1956 122; x_wconf 88' lang='lat'><strong>&quot;</strong></span> <span class='ocrx_word' id='word_1_25' title='bbox 1995 113 2055 136; x_wconf 74' lang='grc'><strong>,“</strong></span> <span class='ocrx_word' id='word_1_26' title='bbox 2076 116 2081 117; x_wconf 62' lang='grc'><strong><em>⁷</em></strong></span> <span class='ocrx_word' id='word_1_27' title='bbox 2120 106 2129 125; x_wconf 59' lang='grc' dir='ltr'><strong>ί</strong></span> <span class='ocrx_word' id='word_1_28' title='bbox 2174 124 2181 125; x_wconf 45' lang='grc' dir='ltr'><em>κ</em></span> <span class='ocrx_word' id='word_1_29' title='bbox 2212 108 2219 115; x_wconf 66' lang='grc'><strong><em>⁷</em></strong></span> <span class='ocrx_word' id='word_1_30' title='bbox 2423 129 2434 136; x_wconf 78' lang='lat'>_</span> <span class='ocrx_word' id='word_1_31' title='bbox 2545 131 2548 134; x_wconf 93' lang='lat'><em>_</em></span> <span class='ocrx_word' id='word_1_32' title='bbox 2610 122 2672 134; x_wconf 53' lang='grc' dir='ltr'><strong>Γ.</strong></span> <span class='ocrx_word' id='word_1_33' title='bbox 2705 119 2772 136; x_wconf 80' lang='lat'><strong>-____-</strong></span> <span class='ocrx_word' id='word_1_34' title='bbox 3030 122 3037 125; x_wconf 88' lang='lat'>_</span> <span class='ocrx_word' id='word_1_35' title='bbox 3060 123 3086 133; x_wconf 92' lang='lat'><em>__</em></span> <span class='ocrx_word' id='word_1_36' title='bbox 3134 112 3227 131; x_wconf 24' lang='grc' dir='ltr'><strong>,ἡμων</strong></span> <span class='ocrx_word' id='word_1_37' title='bbox 3278 108 3453 129; x_wconf 26' lang='lat' dir='ltr'><strong>gms-Hc:</strong></span> <span class='ocrx_word' id='word_1_38' title='bbox 3480 112 3507 119; x_wconf 28' lang='lat'><strong>-7</strong></span> <span class='ocrx_word' id='word_1_39' title='bbox 3614 116 3617 117; x_wconf 43' lang='grc' dir='ltr'><em>ν</em></span> <span class='ocrx_word' id='word_1_40' title='bbox 3656 104 3689 119; x_wconf 57' lang='lat'><strong>;‘</strong></span> <span class='ocrx_word' id='word_1_41' title='bbox 3722 112 3741 115; x_wconf 41' lang='grc' dir='ltr'>μ</span> <span class='ocrx_word' id='word_1_42' title='bbox 3786 112 3789 113; x_wconf 49' lang='grc' dir='ltr'><em>ν</em></span> <span class='ocrx_word' id='word_1_43' title='bbox 3821 107 3866 124; x_wconf 82' lang='lat'><em>-___</em></span> 
     </span>
     <span class='ocr_line' id='line_1_4' title="bbox 3175 126 3780 139; baseline 0.005 -3"><span class='ocrx_word' id='word_1_44' title='bbox 3175 133 3180 136; x_wconf 86' lang='lat'>.</span> <span class='ocrx_word' id='word_1_45' title='bbox 3407 131 3414 134; x_wconf 82' lang='lat'>&#39;</span> <span class='ocrx_word' id='word_1_46' title='bbox 3459 131 3474 138; x_wconf 65' lang='grc' dir='ltr'><strong>-υ</strong></span> <span class='ocrx_word' id='word_1_47' title='bbox 3557 131 3568 136; x_wconf 57' lang='grc' dir='ltr'>α</span> <span class='ocrx_word' id='word_1_48' title='bbox 3589 135 3594 139; x_wconf 75' lang='grc' dir='ltr'>ι</span> <span class='ocrx_word' id='word_1_49' title='bbox 3627 137 3630 139; x_wconf 92' lang='grc'><strong>,</strong></span> <span class='ocrx_word' id='word_1_50' title='bbox 3686 126 3689 131; x_wconf 23' lang='grc' dir='ltr'>ἱ</span> <span class='ocrx_word' id='word_1_51' title='bbox 3743 135 3746 138; x_wconf 79' lang='grc' dir='ltr'><strong><em>π</em></strong></span> <span class='ocrx_word' id='word_1_52' title='bbox 3777 135 3780 139; x_wconf 88' lang='grc' dir='ltr'><strong>Ι</strong></span> 
     </span>
    </p>
   </div>
   <div class='ocr_carea' id='block_1_2' title="bbox 1331 123 1714 138">
    <p class='ocr_par' dir='ltr' id='par_1_2' title="bbox 1331 123 1714 138">
     <span class='ocr_line' id='line_1_5' title="bbox 1331 123 1714 138; baseline -0.005 0"><span class='ocrx_word' id='word_1_53' title='bbox 1331 123 1644 138; x_wconf 43' lang='lat' dir='ltr'><strong>EH...“</strong></span> <span class='ocrx_word' id='word_1_54' title='bbox 1671 125 1714 136; x_wconf 69' lang='lat' dir='ltr'><strong>cur-</strong></span> 
     </span>
    </p>
   </div>
   <div class='ocr_carea' id='block_1_3' title="bbox 1133 295 3678 405">
    <p class='ocr_par' dir='ltr' id='par_1_3' title="bbox 1133 295 3678 405">
     <span class='ocr_line' id='line_1_6' title="bbox 1133 295 3678 405; baseline -0.009 1"><span class='ocrx_word' id='word_1_55' title='bbox 1133 295 1135 297; x_wconf 10' lang='lat'><strong><em>1</em></strong></span> <span class='ocrx_word' id='word_1_56' title='bbox 1169 344 1584 405; x_wconf 73' lang='lat' dir='ltr'><strong>DOGMATlCA.</strong></span> <span class='ocrx_word' id='word_1_57' title='bbox 1623 371 1694 386; x_wconf 91' lang='lat'><strong><em>—-</em></strong></span> <span class='ocrx_word' id='word_1_58' title='bbox 1728 341 1862 398; x_wconf 79' lang='lat' dir='ltr'><strong>LIB.</strong></span> <span class='ocrx_word' id='word_1_59' title='bbox 1897 340 1992 396; x_wconf 80' lang='lat' dir='ltr'><strong>DE</strong></span> <span class='ocrx_word' id='word_1_60' title='bbox 2033 330 2506 393; x_wconf 75' lang='lat' dir='ltr'><strong>PROCESSIUNE</strong></span> <span class='ocrx_word' id='word_1_61' title='bbox 2543 330 2604 386; x_wconf 89' lang='lat' dir='ltr'><strong>S.</strong></span> <span class='ocrx_word' id='word_1_62' title='bbox 2642 328 2976 386; x_wconf 77' lang='lat' dir='ltr'><strong>SPllllTL&#39;S.</strong></span> <span class='ocrx_word' id='word_1_63' title='bbox 3606 327 3678 382; x_wconf 75' lang='grc' dir='ltr'><strong>το</strong></span> 
     </span>
    </p>
   </div>
   <div class='ocr_carea' id='block_1_4' title="bbox 421 427 3680 550">
    <p class='ocr_par' dir='ltr' id='par_1_4' title="bbox 421 427 3680 550">
     <span class='ocr_line' id='line_1_7' title="bbox 421 427 3680 550; baseline -0.013 -18"><span class='ocrx_word' id='word_1_64' title='bbox 421 447 623 550; x_wconf 86' lang='lat' dir='ltr'><strong>cipium</strong></span> <span class='ocrx_word' id='word_1_65' title='bbox 668 470 838 529; x_wconf 80' lang='lat' dir='ltr'><strong>Pater</strong></span> <span class='ocrx_word' id='word_1_66' title='bbox 875 477 983 526; x_wconf 85' lang='lat' dir='ltr'><strong>est.</strong></span> <span class='ocrx_word' id='word_1_67' title='bbox 1032 465 1136 535; x_wconf 86' lang='lat' dir='ltr'><strong>Qui</strong></span> <span class='ocrx_word' id='word_1_68' title='bbox 1180 479 1312 535; x_wconf 88' lang='lat' dir='ltr'><strong>ergo</strong></span> <span class='ocrx_word' id='word_1_69' title='bbox 1345 478 1413 519; x_wconf 88' lang='lat' dir='ltr'><strong>ex</strong></span> <span class='ocrx_word' id='word_1_70' title='bbox 1457 461 1617 538; x_wconf 87' lang='lat' dir='ltr'><strong>Patre</strong></span> <span class='ocrx_word' id='word_1_71' title='bbox 1655 456 1901 529; x_wconf 86' lang='lat' dir='ltr'><strong>procedit</strong></span> <span class='ocrx_word' id='word_1_72' title='bbox 1940 465 1998 512; x_wconf 87' lang='lat' dir='ltr'><strong>et</strong></span> <span class='ocrx_word' id='word_1_73' title='bbox 2023 459 2073 524; x_wconf 71' lang='grc' dir='ltr'><strong>Α</strong></span> <span class='ocrx_word' id='word_1_74' title='bbox 2098 464 2236 550; x_wconf 73' lang='lat' dir='ltr'><strong>quas</strong></span> <span class='ocrx_word' id='word_1_75' title='bbox 2259 448 2423 503; x_wconf 88' lang='lat' dir='ltr'><strong>iidem</strong></span> <span class='ocrx_word' id='word_1_76' title='bbox 2451 445 2553 516; x_wconf 90' lang='lat' dir='ltr'><strong>ipsi</strong></span> <span class='ocrx_word' id='word_1_77' title='bbox 2810 441 3538 550; x_wconf 52' lang='lat' dir='ltr'><strong>mntiﬁcciscripsemnt,et</strong></span> <span class='ocrx_word' id='word_1_78' title='bbox 3560 454 3680 510; x_wconf 79' lang='lat' dir='ltr'><strong>qua:</strong></span> 
     </span>
    </p>
   </div>
   <div class='ocr_carea' id='block_1_5' title="bbox 425 549 1826 633">
    <p class='ocr_par' dir='ltr' id='par_1_5' title="bbox 425 549 1826 633">
     <span class='ocr_line' id='line_1_8' title="bbox 425 549 1826 633; baseline -0.017 -7"><span class='ocrx_word' id='word_1_79' title='bbox 425 566 584 633; x_wconf 85' lang='lat' dir='ltr'><strong>Filio,</strong></span> <span class='ocrx_word' id='word_1_80' title='bbox 603 564 819 620; x_wconf 84' lang='lat' dir='ltr'><strong>adeum</strong></span> <span class='ocrx_word' id='word_1_81' title='bbox 843 559 1078 616; x_wconf 76' lang='lat' dir='ltr'><strong>refertur</strong></span> <span class='ocrx_word' id='word_1_82' title='bbox 1095 572 1128 610; x_wconf 84' lang='lat' dir='ltr'><strong>a</strong></span> <span class='ocrx_word' id='word_1_83' title='bbox 1155 569 1263 627; x_wconf 90' lang='lat' dir='ltr'><strong>quo</strong></span> <span class='ocrx_word' id='word_1_84' title='bbox 1293 563 1453 608; x_wconf 88' lang='lat' dir='ltr'><strong>natus</strong></span> <span class='ocrx_word' id='word_1_85' title='bbox 1474 559 1559 608; x_wconf 86' lang='lat' dir='ltr'><strong>est</strong></span> <span class='ocrx_word' id='word_1_86' title='bbox 1587 549 1774 605; x_wconf 81' lang='lat' dir='ltr'><strong>Filius.</strong></span> <span class='ocrx_word' id='word_1_87' title='bbox 1804 565 1826 602; x_wconf 73' lang='grc' dir='ltr'><strong>ι</strong></span> 
     </span>
    </p>
   </div>
   <div class='ocr_carea' id='block_1_6' title="bbox 451 662 1998 752">
    <p class='ocr_par' dir='ltr' id='par_1_6' title="bbox 451 662 1998 752">
     <span class='ocr_line' id='line_1_9' title="bbox 451 662 1998 752; baseline -0.015 -14"><span class='ocrx_word' id='word_1_88' title='bbox 451 673 454 676; x_wconf 66' lang='grc'><strong>’</strong></span> <span class='ocrx_word' id='word_1_89' title='bbox 495 677 658 752; x_wconf 62' lang='grc'><strong>747</strong></span> <span class='ocrx_word' id='word_1_90' title='bbox 691 674 840 732; x_wconf 83' lang='lat' dir='ltr'><strong>Idem</strong></span> <span class='ocrx_word' id='word_1_91' title='bbox 881 686 1096 743; x_wconf 91' lang='lat' dir='ltr'><strong>quoque</strong></span> <span class='ocrx_word' id='word_1_92' title='bbox 1127 668 1374 741; x_wconf 80' lang='lat' dir='ltr'><strong>egregius</strong></span> <span class='ocrx_word' id='word_1_93' title='bbox 1397 666 1586 721; x_wconf 83' lang='lat' dir='ltr'><strong>doctor</strong></span> <span class='ocrx_word' id='word_1_94' title='bbox 1608 662 1943 752; x_wconf 75' lang='lat' dir='ltr'><strong>Augustinus</strong></span> <span class='ocrx_word' id='word_1_95' title='bbox 1969 672 1998 702; x_wconf 79' lang='grc' dir='ltr'>ι</span> 
     </span>
    </p>
   </div>
   <div class='ocr_carea' id='block_1_7' title="bbox 423 746 2003 835">
    <p class='ocr_par' dir='ltr' id='par_1_7' title="bbox 423 746 2003 835">
     <span class='ocr_line' id='line_1_10' title="bbox 423 746 2003 835; baseline -0.013 -7"><span class='ocrx_word' id='word_1_96' title='bbox 423 746 802 835; x_wconf 71' lang='lat' dir='ltr'><strong>auctoritatem</strong></span> <span class='ocrx_word' id='word_1_97' title='bbox 823 773 1135 823; x_wconf 89' lang='lat' dir='ltr'><strong>sanctorum</strong></span> <span class='ocrx_word' id='word_1_98' title='bbox 1161 760 1637 833; x_wconf 83' lang='lat' dir='ltr'><strong>evangelistarum,</strong></span> <span class='ocrx_word' id='word_1_99' title='bbox 1666 756 1828 812; x_wconf 72' lang='lat' dir='ltr'><strong>Luca:</strong></span> <span class='ocrx_word' id='word_1_100' title='bbox 1853 746 2003 810; x_wconf 87' lang='lat' dir='ltr'><strong>vide-</strong></span> 
     </span>
    </p>
   </div>
   <div class='ocr_carea' id='block_1_8' title="bbox 427 846 2000 926">
    <p class='ocr_par' dir='ltr' id='par_1_8' title="bbox 427 846 2000 926">
     <span class='ocr_line' id='line_1_11' title="bbox 427 846 2000 926; baseline -0.012 -8"><span class='ocrx_word' id='word_1_101' title='bbox 427 863 554 920; x_wconf 91' lang='lat' dir='ltr'><strong>licet</strong></span> <span class='ocrx_word' id='word_1_102' title='bbox 594 869 652 918; x_wconf 90' lang='lat' dir='ltr'><strong>et</strong></span> <span class='ocrx_word' id='word_1_103' title='bbox 685 858 912 916; x_wconf 78' lang='lat' dir='ltr'><strong>Joannis</strong></span> <span class='ocrx_word' id='word_1_104' title='bbox 934 854 1230 926; x_wconf 86' lang='lat' dir='ltr'><strong>sequendo,</strong></span> <span class='ocrx_word' id='word_1_105' title='bbox 1260 853 1316 908; x_wconf 91' lang='lat' dir='ltr'><strong>in</strong></span> <span class='ocrx_word' id='word_1_106' title='bbox 1359 851 1498 908; x_wconf 89' lang='lat' dir='ltr'><strong>libro</strong></span> <span class='ocrx_word' id='word_1_107' title='bbox 1522 865 1590 905; x_wconf 93' lang='lat' dir='ltr'><strong>xv</strong></span> <span class='ocrx_word' id='word_1_108' title='bbox 1621 849 1689 905; x_wconf 90' lang='lat' dir='ltr'><strong>de</strong></span> <span class='ocrx_word' id='word_1_109' title='bbox 1715 846 2000 910; x_wconf 85' lang='lat' dir='ltr'><strong>Trinitate,</strong></span> 
     </span>
    </p>
   </div>
   <div class='ocr_carea' id='block_1_9' title="bbox 430 939 2006 1025">
    <p class='ocr_par' dir='ltr' id='par_1_9' title="bbox 430 939 2006 1025">
     <span class='ocr_line' id='line_1_12' title="bbox 430 939 2006 1025; baseline -0.014 -12"><span class='ocrx_word' id='word_1_110' title='bbox 430 971 557 1014; x_wconf 73' lang='lat' dir='ltr'><strong>xxv:</strong></span> <span class='ocrx_word' id='word_1_111' title='bbox 587 952 820 1025; x_wconf 89' lang='lat' dir='ltr'><strong>capitulo</strong></span> <span class='ocrx_word' id='word_1_112' title='bbox 841 949 1102 1022; x_wconf 89' lang='lat' dir='ltr'><strong>Spiritum</strong></span> <span class='ocrx_word' id='word_1_113' title='bbox 1132 955 1381 1025; x_wconf 85' lang='lat' dir='ltr'><strong>sanctum</strong></span> <span class='ocrx_word' id='word_1_114' title='bbox 1409 959 1440 998; x_wconf 89' lang='lat' dir='ltr'><strong>a</strong></span> <span class='ocrx_word' id='word_1_115' title='bbox 1464 941 1625 998; x_wconf 83' lang='lat' dir='ltr'><strong>Patre</strong></span> <span class='ocrx_word' id='word_1_116' title='bbox 1645 948 1703 997; x_wconf 91' lang='lat' dir='ltr'><strong>et</strong></span> <span class='ocrx_word' id='word_1_117' title='bbox 1722 939 1860 995; x_wconf 79' lang='lat' dir='ltr'><strong>Filio</strong></span> <span class='ocrx_word' id='word_1_118' title='bbox 1879 952 2006 1009; x_wconf 88' lang='lat' dir='ltr'><strong>pro-</strong></span> 
     </span>
    </p>
   </div>
   <div class='ocr_carea' id='block_1_10' title="bbox 383 1027 2003 1103">
    <p class='ocr_par' dir='ltr' id='par_1_10' title="bbox 383 1027 2003 1103">
     <span class='ocr_line' id='line_1_13' title="bbox 383 1027 2003 1103; baseline -0.014 0"><span class='ocrx_word' id='word_1_119' title='bbox 383 1082 389 1086; x_wconf 94' lang='lat'><strong><em>-</em></strong></span> <span class='ocrx_word' id='word_1_120' title='bbox 432 1047 626 1103; x_wconf 79' lang='lat' dir='ltr'><strong>cedere</strong></span> <span class='ocrx_word' id='word_1_121' title='bbox 651 1049 882 1098; x_wconf 77' lang='lat' dir='ltr'><strong>testatur</strong></span> <span class='ocrx_word' id='word_1_122' title='bbox 909 1039 1096 1096; x_wconf 89' lang='lat' dir='ltr'><strong>dicens</strong></span> <span class='ocrx_word' id='word_1_123' title='bbox 1134 1054 1150 1090; x_wconf 89' lang='lat'><strong>:</strong></span> <span class='ocrx_word' id='word_1_124' title='bbox 1209 1053 1227 1087; x_wconf 78' lang='lat' dir='ltr'><strong>t</strong></span> <span class='ocrx_word' id='word_1_125' title='bbox 1261 1033 1320 1088; x_wconf 88' lang='lat' dir='ltr'><strong>In</strong></span> <span class='ocrx_word' id='word_1_126' title='bbox 1351 1032 1440 1088; x_wconf 88' lang='lat' dir='ltr'><strong>illa</strong></span> <span class='ocrx_word' id='word_1_127' title='bbox 1482 1043 1694 1087; x_wconf 90' lang='lat' dir='ltr'><strong>summa</strong></span> <span class='ocrx_word' id='word_1_128' title='bbox 1717 1027 2003 1092; x_wconf 84' lang='lat' dir='ltr'><strong>Trinitate,</strong></span> 
     </span>
    </p>
   </div>
   <div class='ocr_carea' id='block_1_11' title="bbox 433 1121 2006 1208">
    <p class='ocr_par' dir='ltr' id='par_1_11' title="bbox 433 1121 2006 1208">
     <span class='ocr_line' id='line_1_14' title="bbox 433 1121 2006 1208; baseline -0.015 -15"><span class='ocrx_word' id='word_1_129' title='bbox 433 1152 555 1208; x_wconf 63' lang='lat' dir='ltr'><strong>quae</strong></span> <span class='ocrx_word' id='word_1_130' title='bbox 597 1135 740 1190; x_wconf 84' lang='lat' dir='ltr'><strong>Deus</strong></span> <span class='ocrx_word' id='word_1_131' title='bbox 764 1139 870 1198; x_wconf 90' lang='lat' dir='ltr'><strong>est,</strong></span> <span class='ocrx_word' id='word_1_132' title='bbox 915 1127 1201 1186; x_wconf 91' lang='lat' dir='ltr'><strong>intervalla</strong></span> <span class='ocrx_word' id='word_1_133' title='bbox 1229 1134 1529 1196; x_wconf 78' lang='lat' dir='ltr'><strong>temporum</strong></span> <span class='ocrx_word' id='word_1_134' title='bbox 1554 1121 1700 1177; x_wconf 87' lang='lat' dir='ltr'><strong>nulla</strong></span> <span class='ocrx_word' id='word_1_135' title='bbox 1725 1126 1874 1185; x_wconf 91' lang='lat' dir='ltr'><strong>sunt,</strong></span> <span class='ocrx_word' id='word_1_136' title='bbox 1908 1132 2006 1189; x_wconf 84' lang='lat' dir='ltr'><strong>per</strong></span> 
     </span>
    </p>
   </div>
   <div class='ocr_carea' id='block_1_12' title="bbox 433 1211 2009 1298">
    <p class='ocr_par' dir='ltr' id='par_1_12' title="bbox 433 1211 2009 1298">
     <span class='ocr_line' id='line_1_15' title="bbox 433 1211 2009 1298; baseline -0.011 -15"><span class='ocrx_word' id='word_1_137' title='bbox 433 1242 554 1298; x_wconf 81' lang='lat' dir='ltr'><strong>qua:</strong></span> <span class='ocrx_word' id='word_1_138' title='bbox 581 1225 754 1296; x_wconf 80' lang='lat' dir='ltr'><strong>possit</strong></span> <span class='ocrx_word' id='word_1_139' title='bbox 775 1222 1021 1288; x_wconf 79' lang='lat' dir='ltr'><strong>ostendi,</strong></span> <span class='ocrx_word' id='word_1_140' title='bbox 1052 1228 1146 1275; x_wconf 88' lang='lat' dir='ltr'><strong>aut</strong></span> <span class='ocrx_word' id='word_1_141' title='bbox 1164 1219 1352 1274; x_wconf 85' lang='lat' dir='ltr'><strong>saltem</strong></span> <span class='ocrx_word' id='word_1_142' title='bbox 1378 1215 1611 1286; x_wconf 86' lang='lat' dir='ltr'><strong>requiri,</strong></span> <span class='ocrx_word' id='word_1_143' title='bbox 1649 1221 1830 1268; x_wconf 86' lang='lat' dir='ltr'><strong>utrum</strong></span> <span class='ocrx_word' id='word_1_144' title='bbox 1856 1211 2009 1282; x_wconf 92' lang='lat' dir='ltr'><strong>prius</strong></span> 
     </span>
    </p>
   </div>
   <div class='ocr_carea' id='block_1_13' title="bbox 433 1303 2010 1378">
    <p class='ocr_par' dir='ltr' id='par_1_13' title="bbox 433 1303 2010 1378">
     <span class='ocr_line' id='line_1_16' title="bbox 433 1303 2010 1378; baseline -0.011 -6"><span class='ocrx_word' id='word_1_145' title='bbox 433 1315 504 1372; x_wconf 87' lang='lat' dir='ltr'><strong>de</strong></span> <span class='ocrx_word' id='word_1_146' title='bbox 529 1313 686 1369; x_wconf 85' lang='lat' dir='ltr'><strong>Patre</strong></span> <span class='ocrx_word' id='word_1_147' title='bbox 708 1321 871 1368; x_wconf 86' lang='lat' dir='ltr'><strong>natus</strong></span> <span class='ocrx_word' id='word_1_148' title='bbox 893 1312 967 1366; x_wconf 88' lang='lat' dir='ltr'><strong>sit</strong></span> <span class='ocrx_word' id='word_1_149' title='bbox 988 1308 1178 1374; x_wconf 79' lang='lat' dir='ltr'><strong>Filius,</strong></span> <span class='ocrx_word' id='word_1_150' title='bbox 1206 1316 1262 1362; x_wconf 91' lang='lat' dir='ltr'><strong>et</strong></span> <span class='ocrx_word' id='word_1_151' title='bbox 1290 1314 1474 1378; x_wconf 85' lang='lat' dir='ltr'><strong>postea</strong></span> <span class='ocrx_word' id='word_1_152' title='bbox 1503 1305 1571 1360; x_wconf 90' lang='lat' dir='ltr'><strong>de</strong></span> <span class='ocrx_word' id='word_1_153' title='bbox 1602 1303 1864 1358; x_wconf 87' lang='lat' dir='ltr'><strong>ambobus</strong></span> <span class='ocrx_word' id='word_1_154' title='bbox 1884 1314 2010 1372; x_wconf 88' lang='lat' dir='ltr'><strong>pro—</strong></span> 
     </span>
    </p>
   </div>
   <div class='ocr_carea' id='block_1_14' title="bbox 436 1388 2009 1474">
    <p class='ocr_par' dir='ltr' id='par_1_14' title="bbox 436 1388 2009 1474">
     <span class='ocr_line' id='line_1_17' title="bbox 436 1388 2009 1474; baseline -0.012 -13"><span class='ocrx_word' id='word_1_155' title='bbox 436 1388 666 1462; x_wconf 83' lang='lat' dir='ltr'><strong>cesserit</strong></span> <span class='ocrx_word' id='word_1_156' title='bbox 691 1401 926 1474; x_wconf 86' lang='lat' dir='ltr'><strong>Spiritus</strong></span> <span class='ocrx_word' id='word_1_157' title='bbox 947 1407 1203 1464; x_wconf 89' lang='lat' dir='ltr'><strong>sanctus;</strong></span> <span class='ocrx_word' id='word_1_158' title='bbox 1230 1395 1485 1468; x_wconf 89' lang='lat' dir='ltr'><strong>quoniam</strong></span> <span class='ocrx_word' id='word_1_159' title='bbox 1515 1391 1794 1462; x_wconf 83' lang='lat' dir='ltr'><strong>Scriptura</strong></span> <span class='ocrx_word' id='word_1_160' title='bbox 1821 1396 2009 1445; x_wconf 88' lang='lat' dir='ltr'><strong>sancta</strong></span> 
     </span>
    </p>
   </div>
   <div class='ocr_carea' id='block_1_15' title="bbox 437 1480 2012 1566">
    <p class='ocr_par' dir='ltr' id='par_1_15' title="bbox 437 1480 2012 1566">
     <span class='ocr_line' id='line_1_18' title="bbox 437 1480 2012 1566; baseline -0.011 -15"><span class='ocrx_word' id='word_1_161' title='bbox 437 1493 701 1566; x_wconf 78' lang='lat' dir='ltr'><strong>Spiritum</strong></span> <span class='ocrx_word' id='word_1_162' title='bbox 722 1507 846 1547; x_wconf 91' lang='lat' dir='ltr'><strong>eum</strong></span> <span class='ocrx_word' id='word_1_163' title='bbox 874 1489 1006 1546; x_wconf 92' lang='lat' dir='ltr'><strong>dicit</strong></span> <span class='ocrx_word' id='word_1_164' title='bbox 1041 1489 1341 1545; x_wconf 88' lang='lat' dir='ltr'><strong>amborum.</strong></span> <span class='ocrx_word' id='word_1_165' title='bbox 1373 1484 1491 1556; x_wconf 85' lang='lat' dir='ltr'><strong>Ipse</strong></span> <span class='ocrx_word' id='word_1_166' title='bbox 1510 1491 1596 1540; x_wconf 90' lang='lat' dir='ltr'><strong>est</strong></span> <span class='ocrx_word' id='word_1_167' title='bbox 1617 1483 1784 1547; x_wconf 89' lang='lat' dir='ltr'><strong>enim,</strong></span> <span class='ocrx_word' id='word_1_168' title='bbox 1809 1480 1876 1536; x_wconf 89' lang='lat' dir='ltr'><strong>de</strong></span> <span class='ocrx_word' id='word_1_169' title='bbox 1901 1493 2012 1549; x_wconf 92' lang='lat' dir='ltr'><strong>quo</strong></span> 
     </span>
    </p>
   </div>
   <div class='ocr_carea' id='block_1_16' title="bbox 438 1569 2010 1653">
    <p class='ocr_par' dir='ltr' id='par_1_16' title="bbox 438 1569 2010 1653">
     <span class='ocr_line' id='line_1_19' title="bbox 438 1569 2010 1653; baseline -0.012 -13"><span class='ocrx_word' id='word_1_170' title='bbox 438 1584 572 1640; x_wconf 84' lang='lat' dir='ltr'><strong>dicit</strong></span> <span class='ocrx_word' id='word_1_171' title='bbox 615 1580 908 1653; x_wconf 82' lang='lat' dir='ltr'><strong>Apostolus</strong></span> <span class='ocrx_word' id='word_1_172' title='bbox 950 1596 966 1634; x_wconf 86' lang='lat'><strong>:</strong></span> <span class='ocrx_word' id='word_1_173' title='bbox 1027 1577 1288 1644; x_wconf 72' lang='lat' dir='ltr'><strong>Quoniam</strong></span> <span class='ocrx_word' id='word_1_174' title='bbox 1333 1587 1508 1630; x_wconf 68' lang='lat' dir='ltr'><strong>autem</strong></span> <span class='ocrx_word' id='word_1_175' title='bbox 1542 1572 1662 1628; x_wconf 88' lang='lat' dir='ltr'><strong>estis</strong></span> <span class='ocrx_word' id='word_1_176' title='bbox 1708 1570 1830 1640; x_wconf 74' lang='lat' dir='ltr'><strong>ﬁlii,</strong></span> <span class='ocrx_word' id='word_1_177' title='bbox 1865 1569 2010 1624; x_wconf 81' lang='lat' dir='ltr'><strong>ntisit</strong></span> 
     </span>
    </p>
   </div>
   <div class='ocr_carea' id='block_1_17' title="bbox 441 1657 2008 1743">
    <p class='ocr_par' dir='ltr' id='par_1_17' title="bbox 441 1657 2008 1743">
     <span class='ocr_line' id='line_1_20' title="bbox 441 1657 2008 1743; baseline -0.011 -14"><span class='ocrx_word' id='word_1_178' title='bbox 441 1673 583 1729; x_wconf 74' lang='lat' dir='ltr'><strong>Deus</strong></span> <span class='ocrx_word' id='word_1_179' title='bbox 623 1671 878 1743; x_wconf 75' lang='lat' dir='ltr'><strong>Spiritum</strong></span> <span class='ocrx_word' id='word_1_180' title='bbox 909 1667 1038 1723; x_wconf 80' lang='lat' dir='ltr'><strong>Filii</strong></span> <span class='ocrx_word' id='word_1_181' title='bbox 1069 1669 1151 1722; x_wconf 78' lang='lat' dir='ltr'><strong>sui</strong></span> <span class='ocrx_word' id='word_1_182' title='bbox 1176 1669 1232 1721; x_wconf 79' lang='lat' dir='ltr'><strong>in</strong></span> <span class='ocrx_word' id='word_1_183' title='bbox 1260 1665 1420 1720; x_wconf 83' lang='lat' dir='ltr'><strong>corda</strong></span> <span class='ocrx_word' id='word_1_184' title='bbox 1452 1672 1630 1717; x_wconf 83' lang='lat' dir='ltr'><strong>nostra</strong></span> <span class='ocrx_word' id='word_1_185' title='bbox 1651 1658 1794 1733; x_wconf 84' lang='lat' dir='ltr'><strong>(Gal.</strong></span> <span class='ocrx_word' id='word_1_186' title='bbox 1828 1674 1903 1724; x_wconf 89' lang='lat' dir='ltr'><strong>tv,</strong></span> <span class='ocrx_word' id='word_1_187' title='bbox 1929 1657 2008 1730; x_wconf 79' lang='lat' dir='ltr'><strong>ti).</strong></span> 
     </span>
    </p>
   </div>
   <div class='ocr_carea' id='block_1_18' title="bbox 441 1753 2012 1837">
    <p class='ocr_par' dir='ltr' id='par_1_18' title="bbox 441 1753 2012 1837">
     <span class='ocr_line' id='line_1_21' title="bbox 441 1753 2012 1837; baseline -0.011 -16"><span class='ocrx_word' id='word_1_188' title='bbox 441 1766 508 1821; x_wconf 83' lang='lat' dir='ltr'><strong>Et</strong></span> <span class='ocrx_word' id='word_1_189' title='bbox 536 1765 650 1837; x_wconf 90' lang='lat' dir='ltr'><strong>ipse</strong></span> <span class='ocrx_word' id='word_1_190' title='bbox 675 1772 782 1829; x_wconf 85' lang='lat' dir='ltr'><strong>est,</strong></span> <span class='ocrx_word' id='word_1_191' title='bbox 805 1762 874 1818; x_wconf 90' lang='lat' dir='ltr'><strong>de</strong></span> <span class='ocrx_word' id='word_1_192' title='bbox 897 1777 1006 1833; x_wconf 87' lang='lat' dir='ltr'><strong>quo</strong></span> <span class='ocrx_word' id='word_1_193' title='bbox 1032 1761 1166 1816; x_wconf 90' lang='lat' dir='ltr'><strong>dicit</strong></span> <span class='ocrx_word' id='word_1_194' title='bbox 1188 1759 1330 1814; x_wconf 85' lang='lat' dir='ltr'><strong>idem</strong></span> <span class='ocrx_word' id='word_1_195' title='bbox 1352 1757 1519 1811; x_wconf 87' lang='lat' dir='ltr'><strong>Filius</strong></span> <span class='ocrx_word' id='word_1_196' title='bbox 1548 1773 1562 1806; x_wconf 89' lang='lat'><strong>:</strong></span> <span class='ocrx_word' id='word_1_197' title='bbox 1608 1753 1733 1808; x_wconf 81' lang='lat' dir='ltr'><strong>Non</strong></span> <span class='ocrx_word' id='word_1_198' title='bbox 1755 1753 1892 1807; x_wconf 81' lang='lat' dir='ltr'><strong>enim</strong></span> <span class='ocrx_word' id='word_1_199' title='bbox 1924 1767 2012 1805; x_wconf 80' lang='lat' dir='ltr'><strong>vos</strong></span> 
     </span>
    </p>
   </div>
   <div class='ocr_carea' id='block_1_19' title="bbox 438 1847 2014 1930">
    <p class='ocr_par' dir='ltr' id='par_1_19' title="bbox 438 1847 2014 1930">
     <span class='ocr_line' id='line_1_22' title="bbox 438 1847 2014 1930; baseline -0.008 -16"><span class='ocrx_word' id='word_1_200' title='bbox 438 1863 560 1914; x_wconf 85' lang='lat' dir='ltr'><strong>estis</strong></span> <span class='ocrx_word' id='word_1_201' title='bbox 586 1859 678 1930; x_wconf 78' lang='lat' dir='ltr'><strong>qui</strong></span> <span class='ocrx_word' id='word_1_202' title='bbox 717 1857 1006 1928; x_wconf 77' lang='lat' dir='ltr'><strong>loquimini,</strong></span> <span class='ocrx_word' id='word_1_203' title='bbox 1037 1855 1128 1910; x_wconf 79' lang='lat' dir='ltr'><strong>sed</strong></span> <span class='ocrx_word' id='word_1_204' title='bbox 1152 1853 1378 1923; x_wconf 73' lang='lat' dir='ltr'><strong>Spiritus</strong></span> <span class='ocrx_word' id='word_1_205' title='bbox 1419 1851 1596 1906; x_wconf 82' lang='lat' dir='ltr'><strong>Patris</strong></span> <span class='ocrx_word' id='word_1_206' title='bbox 1642 1851 1795 1906; x_wconf 73' lang='lat' dir='ltr'><strong>uestri</strong></span> <span class='ocrx_word' id='word_1_207' title='bbox 1817 1847 1906 1920; x_wconf 84' lang='lat' dir='ltr'><strong>qui</strong></span> <span class='ocrx_word' id='word_1_208' title='bbox 1935 1847 2014 1902; x_wconf 80' lang='lat' dir='ltr'><strong>lo—</strong></span> 
     </span>
    </p>
   </div>
   <div class='ocr_carea' id='block_1_20' title="bbox 440 1941 2017 2020">
    <p class='ocr_par' dir='ltr' id='par_1_20' title="bbox 440 1941 2017 2020">
     <span class='ocr_line' id='line_1_23' title="bbox 440 1941 2017 2020; baseline -0.007 -16"><span class='ocrx_word' id='word_1_209' title='bbox 440 1952 620 2020; x_wconf 78' lang='lat' dir='ltr'><strong>quitur</strong></span> <span class='ocrx_word' id='word_1_210' title='bbox 649 1951 706 2004; x_wconf 82' lang='lat' dir='ltr'><strong>in</strong></span> <span class='ocrx_word' id='word_1_211' title='bbox 742 1950 882 2004; x_wconf 73' lang='lat' dir='ltr'><strong>vobis</strong></span> <span class='ocrx_word' id='word_1_212' title='bbox 908 1948 1122 2020; x_wconf 68' lang='lat' dir='ltr'><strong>(Matth.</strong></span> <span class='ocrx_word' id='word_1_213' title='bbox 1150 1963 1208 2011; x_wconf 85' lang='lat' dir='ltr'><strong>x,</strong></span> <span class='ocrx_word' id='word_1_214' title='bbox 1231 1945 1346 2016; x_wconf 70' lang='grc'><strong>20).</strong></span> <span class='ocrx_word' id='word_1_215' title='bbox 1373 1945 1440 1999; x_wconf 84' lang='lat' dir='ltr'><strong>Et</strong></span> <span class='ocrx_word' id='word_1_216' title='bbox 1466 1943 1646 1998; x_wconf 90' lang='lat' dir='ltr'><strong>multis</strong></span> <span class='ocrx_word' id='word_1_217' title='bbox 1673 1942 1792 1997; x_wconf 89' lang='lat' dir='ltr'><strong>aliis</strong></span> <span class='ocrx_word' id='word_1_218' title='bbox 1809 1941 2017 1995; x_wconf 87' lang='lat' dir='ltr'><strong>divino-</strong></span> 
     </span>
    </p>
   </div>
   <div class='ocr_carea' id='block_1_21' title="bbox 443 2033 2021 2110">
    <p class='ocr_par' dir='ltr' id='par_1_21' title="bbox 443 2033 2021 2110">
     <span class='ocr_line' id='line_1_24' title="bbox 443 2033 2021 2110; baseline -0.006 -14"><span class='ocrx_word' id='word_1_219' title='bbox 443 2047 564 2096; x_wconf 86' lang='lat' dir='ltr'><strong>rum</strong></span> <span class='ocrx_word' id='word_1_220' title='bbox 602 2041 938 2110; x_wconf 89' lang='lat' dir='ltr'><strong>eloquiorum</strong></span> <span class='ocrx_word' id='word_1_221' title='bbox 981 2038 1305 2094; x_wconf 89' lang='lat' dir='ltr'><strong>testimoniis</strong></span> <span class='ocrx_word' id='word_1_222' title='bbox 1343 2035 1726 2105; x_wconf 80' lang='lat' dir='ltr'><strong>comprobatur</strong></span> <span class='ocrx_word' id='word_1_223' title='bbox 1765 2033 1944 2088; x_wconf 83' lang='lat' dir='ltr'><strong>Patris</strong></span> <span class='ocrx_word' id='word_1_224' title='bbox 1965 2042 2021 2088; x_wconf 89' lang='lat' dir='ltr'><strong>et</strong></span> 
     </span>
    </p>
   </div>
   <div class='ocr_carea' id='block_1_22' title="bbox 445 2124 2067 2202">
    <p class='ocr_par' dir='ltr' id='par_1_22' title="bbox 445 2124 2067 2202">
     <span class='ocr_line' id='line_1_25' title="bbox 445 2124 2067 2202; baseline -0.005 -16"><span class='ocrx_word' id='word_1_225' title='bbox 445 2130 1014 2202; x_wconf 77' lang='lat' dir='ltr'><strong>FiliiesseSpiritum,</strong></span> <span class='ocrx_word' id='word_1_226' title='bbox 1053 2127 1146 2199; x_wconf 89' lang='lat' dir='ltr'><strong>qui</strong></span> <span class='ocrx_word' id='word_1_227' title='bbox 1185 2128 1403 2200; x_wconf 88' lang='lat' dir='ltr'><strong>proprie</strong></span> <span class='ocrx_word' id='word_1_228' title='bbox 1445 2127 1643 2182; x_wconf 91' lang='lat' dir='ltr'><strong>dicitur</strong></span> <span class='ocrx_word' id='word_1_229' title='bbox 1674 2125 1726 2179; x_wconf 92' lang='lat' dir='ltr'><strong>in</strong></span> <span class='ocrx_word' id='word_1_230' title='bbox 1756 2124 2021 2179; x_wconf 86' lang='lat' dir='ltr'><strong>Trinitate</strong></span> <span class='ocrx_word' id='word_1_231' title='bbox 2062 2167 2067 2171; x_wconf 90' lang='lat'><strong>.</strong></span> 
     </span>
    </p>
   </div>
   <div class='ocr_carea' id='block_1_23' title="bbox 446 2210 2021 2298">
    <p class='ocr_par' dir='ltr' id='par_1_23' title="bbox 446 2210 2021 2298">
     <span class='ocr_line' id='line_1_26' title="bbox 446 2210 2021 2298; baseline -0.01 -17"><span class='ocrx_word' id='word_1_232' title='bbox 446 2223 682 2298; x_wconf 72' lang='lat' dir='ltr'><strong>Spiritus</strong></span> <span class='ocrx_word' id='word_1_233' title='bbox 705 2231 942 2280; x_wconf 66' lang='lat' dir='ltr'><strong>sanctam.</strong></span> <span class='ocrx_word' id='word_1_234' title='bbox 961 2221 1039 2276; x_wconf 88' lang='lat' dir='ltr'><strong>De</strong></span> <span class='ocrx_word' id='word_1_235' title='bbox 1059 2235 1164 2290; x_wconf 91' lang='lat' dir='ltr'><strong>quo</strong></span> <span class='ocrx_word' id='word_1_236' title='bbox 1191 2219 1318 2274; x_wconf 84' lang='lat' dir='ltr'><strong>item</strong></span> <span class='ocrx_word' id='word_1_237' title='bbox 1341 2217 1471 2273; x_wconf 84' lang='lat' dir='ltr'><strong>dicit</strong></span> <span class='ocrx_word' id='word_1_238' title='bbox 1493 2216 1606 2286; x_wconf 83' lang='lat' dir='ltr'><strong>ipse</strong></span> <span class='ocrx_word' id='word_1_239' title='bbox 1626 2212 1830 2269; x_wconf 79' lang='lat' dir='ltr'><strong>Filius:</strong></span> <span class='ocrx_word' id='word_1_240' title='bbox 1855 2210 2021 2278; x_wconf 74' lang='lat' dir='ltr'><strong>Quem</strong></span> 
     </span>
    </p>
   </div>
   <div class='ocr_carea' id='block_1_24' title="bbox 449 2301 2020 2384">
    <p class='ocr_par' dir='ltr' id='par_1_24' title="bbox 449 2301 2020 2384">
     <span class='ocr_line' id='line_1_27' title="bbox 449 2301 2020 2384; baseline -0.009 -15"><span class='ocrx_word' id='word_1_241' title='bbox 449 2330 545 2384; x_wconf 82' lang='lat' dir='ltr'><strong>ego</strong></span> <span class='ocrx_word' id='word_1_242' title='bbox 569 2315 718 2368; x_wconf 75' lang='lat' dir='ltr'><strong>mitto</strong></span> <span class='ocrx_word' id='word_1_243' title='bbox 745 2312 885 2367; x_wconf 73' lang='lat' dir='ltr'><strong>nobis</strong></span> <span class='ocrx_word' id='word_1_244' title='bbox 907 2329 942 2366; x_wconf 90' lang='lat' dir='ltr'><strong>a</strong></span> <span class='ocrx_word' id='word_1_245' title='bbox 970 2308 1134 2364; x_wconf 82' lang='lat' dir='ltr'><strong>Patre</strong></span> <span class='ocrx_word' id='word_1_246' title='bbox 1159 2307 1342 2381; x_wconf 81' lang='lat' dir='ltr'><strong>(Joan.</strong></span> <span class='ocrx_word' id='word_1_247' title='bbox 1373 2321 1467 2372; x_wconf 94' lang='lat' dir='ltr'><strong>xv,</strong></span> <span class='ocrx_word' id='word_1_248' title='bbox 1491 2303 1604 2376; x_wconf 74' lang='lat'><strong>26).</strong></span> <span class='ocrx_word' id='word_1_249' title='bbox 1637 2303 1706 2358; x_wconf 81' lang='lat' dir='ltr'><strong>Et</strong></span> <span class='ocrx_word' id='word_1_250' title='bbox 1730 2303 1837 2358; x_wconf 90' lang='lat' dir='ltr'><strong>alio</strong></span> <span class='ocrx_word' id='word_1_251' title='bbox 1865 2301 2020 2356; x_wconf 87' lang='lat' dir='ltr'><strong>loco:</strong></span> 
     </span>
    </p>
   </div>
   <div class='ocr_carea' id='block_1_25' title="bbox 453 2389 2025 2469">
    <p class='ocr_par' dir='ltr' id='par_1_25' title="bbox 453 2389 2025 2469">
     <span class='ocr_line' id='line_1_28' title="bbox 453 2389 2025 2469; baseline -0.01 -11"><span class='ocrx_word' id='word_1_252' title='bbox 453 2399 624 2469; x_wconf 70' lang='lat' dir='ltr'><strong>Quem</strong></span> <span class='ocrx_word' id='word_1_253' title='bbox 641 2401 807 2456; x_wconf 86' lang='lat' dir='ltr'><strong>ntittet</strong></span> <span class='ocrx_word' id='word_1_254' title='bbox 830 2396 991 2454; x_wconf 83' lang='lat' dir='ltr'><strong>Pater</strong></span> <span class='ocrx_word' id='word_1_255' title='bbox 1009 2399 1066 2452; x_wconf 82' lang='lat' dir='ltr'><strong>in</strong></span> <span class='ocrx_word' id='word_1_256' title='bbox 1093 2397 1300 2452; x_wconf 80' lang='lat' dir='ltr'><strong>nomine</strong></span> <span class='ocrx_word' id='word_1_257' title='bbox 1326 2411 1441 2449; x_wconf 84' lang='lat' dir='ltr'><strong>meo</strong></span> <span class='ocrx_word' id='word_1_258' title='bbox 1471 2393 1655 2465; x_wconf 84' lang='lat' dir='ltr'><strong>(Joan.</strong></span> <span class='ocrx_word' id='word_1_259' title='bbox 1677 2408 1789 2458; x_wconf 84' lang='lat' dir='ltr'><strong>xtv,</strong></span> <span class='ocrx_word' id='word_1_260' title='bbox 1809 2389 1922 2462; x_wconf 65' lang='lat'><strong>26).</strong></span> <span class='ocrx_word' id='word_1_261' title='bbox 1949 2390 2025 2444; x_wconf 89' lang='lat' dir='ltr'><strong>De</strong></span> 
     </span>
    </p>
   </div>
   <div class='ocr_carea' id='block_1_26' title="bbox 450 2476 2026 2558">
    <p class='ocr_par' dir='ltr' id='par_1_26' title="bbox 450 2476 2026 2558">
     <span class='ocr_line' id='line_1_29' title="bbox 450 2476 2026 2558; baseline -0.008 -14"><span class='ocrx_word' id='word_1_262' title='bbox 450 2495 683 2558; x_wconf 86' lang='lat' dir='ltr'><strong>utroque</strong></span> <span class='ocrx_word' id='word_1_263' title='bbox 704 2496 882 2543; x_wconf 83' lang='lat' dir='ltr'><strong>autem</strong></span> <span class='ocrx_word' id='word_1_264' title='bbox 909 2485 1200 2556; x_wconf 81' lang='lat' dir='ltr'><strong>procedere</strong></span> <span class='ocrx_word' id='word_1_265' title='bbox 1235 2483 1316 2538; x_wconf 88' lang='lat' dir='ltr'><strong>sic</strong></span> <span class='ocrx_word' id='word_1_266' title='bbox 1355 2482 1602 2545; x_wconf 86' lang='lat' dir='ltr'><strong>docetur,</strong></span> <span class='ocrx_word' id='word_1_267' title='bbox 1635 2480 1761 2552; x_wconf 86' lang='lat' dir='ltr'><strong>quia</strong></span> <span class='ocrx_word' id='word_1_268' title='bbox 1793 2480 1909 2548; x_wconf 88' lang='lat' dir='ltr'><strong>ipse</strong></span> <span class='ocrx_word' id='word_1_269' title='bbox 1940 2476 2026 2532; x_wconf 80' lang='lat' dir='ltr'><strong>Fi-</strong></span> 
     </span>
    </p>
   </div>
   <div class='ocr_carea' id='block_1_27' title="bbox 449 2568 2026 2649">
    <p class='ocr_par' dir='ltr' id='par_1_27' title="bbox 449 2568 2026 2649">
     <span class='ocr_line' id='line_1_30' title="bbox 449 2568 2026 2649; baseline -0.008 -16"><span class='ocrx_word' id='word_1_270' title='bbox 449 2576 557 2634; x_wconf 86' lang='lat' dir='ltr'><strong>lius</strong></span> <span class='ocrx_word' id='word_1_271' title='bbox 584 2577 705 2633; x_wconf 90' lang='lat' dir='ltr'><strong>ait:</strong></span> <span class='ocrx_word' id='word_1_272' title='bbox 736 2576 816 2631; x_wconf 88' lang='lat' dir='ltr'><strong>De</strong></span> <span class='ocrx_word' id='word_1_273' title='bbox 855 2573 1017 2630; x_wconf 78' lang='lat' dir='ltr'><strong>Patre</strong></span> <span class='ocrx_word' id='word_1_274' title='bbox 1053 2573 1287 2649; x_wconf 77' lang='lat' dir='ltr'><strong>procedit</strong></span> <span class='ocrx_word' id='word_1_275' title='bbox 1329 2585 1347 2624; x_wconf 89' lang='lat'><strong><em>:</em></strong></span> <span class='ocrx_word' id='word_1_276' title='bbox 1395 2586 1520 2627; x_wconf 90' lang='lat' dir='ltr'><strong>cum</strong></span> <span class='ocrx_word' id='word_1_277' title='bbox 1564 2568 1958 2626; x_wconf 74' lang='lat' dir='ltr'><strong>resurrexissct</strong></span> <span class='ocrx_word' id='word_1_278' title='bbox 1991 2581 2026 2621; x_wconf 86' lang='lat' dir='ltr'><strong>a</strong></span> 
     </span>
    </p>
   </div>
   <div class='ocr_carea' id='block_1_28' title="bbox 449 2657 2030 2740">
    <p class='ocr_par' dir='ltr' id='par_1_28' title="bbox 449 2657 2030 2740">
     <span class='ocr_line' id='line_1_31' title="bbox 449 2657 2030 2740; baseline -0.009 -15"><span class='ocrx_word' id='word_1_279' title='bbox 449 2668 702 2734; x_wconf 84' lang='lat' dir='ltr'><strong>mortuis,</strong></span> <span class='ocrx_word' id='word_1_280' title='bbox 729 2676 787 2723; x_wconf 89' lang='lat' dir='ltr'><strong>et</strong></span> <span class='ocrx_word' id='word_1_281' title='bbox 826 2664 1167 2740; x_wconf 85' lang='lat' dir='ltr'><strong>apparuisset</strong></span> <span class='ocrx_word' id='word_1_282' title='bbox 1191 2660 1466 2732; x_wconf 85' lang='lat' dir='ltr'><strong>discipulis</strong></span> <span class='ocrx_word' id='word_1_283' title='bbox 1493 2661 1628 2726; x_wconf 88' lang='lat' dir='ltr'><strong>suis,</strong></span> <span class='ocrx_word' id='word_1_284' title='bbox 1654 2657 1942 2730; x_wconf 63' lang='lat' dir='ltr'><strong>Insuﬂlnoit</strong></span> <span class='ocrx_word' id='word_1_285' title='bbox 1979 2665 2030 2712; x_wconf 91' lang='lat' dir='ltr'><strong>et</strong></span> 
     </span>
    </p>
   </div>
   <div class='ocr_carea' id='block_1_29' title="bbox 450 2746 2034 2829">
    <p class='ocr_par' dir='ltr' id='par_1_29' title="bbox 450 2746 2034 2829">
     <span class='ocr_line' id='line_1_32' title="bbox 450 2746 2034 2829; baseline -0.008 -15"><span class='ocrx_word' id='word_1_286' title='bbox 450 2759 524 2814; x_wconf 87' lang='lat' dir='ltr'><strong>ait</strong></span> <span class='ocrx_word' id='word_1_287' title='bbox 553 2772 587 2811; x_wconf 85' lang='lat'><strong><em>:-</em></strong></span> <span class='ocrx_word' id='word_1_288' title='bbox 617 2757 848 2829; x_wconf 75' lang='lat' dir='ltr'><strong>Accipite</strong></span> <span class='ocrx_word' id='word_1_289' title='bbox 889 2755 1144 2827; x_wconf 78' lang='lat' dir='ltr'><strong>Spiritum</strong></span> <span class='ocrx_word' id='word_1_290' title='bbox 1181 2761 1422 2806; x_wconf 76' lang='lat' dir='ltr'><strong>sanctum</strong></span> <span class='ocrx_word' id='word_1_291' title='bbox 1453 2749 1638 2822; x_wconf 81' lang='lat' dir='ltr'><strong>(Joan.</strong></span> <span class='ocrx_word' id='word_1_292' title='bbox 1685 2761 1780 2813; x_wconf 90' lang='lat' dir='ltr'><strong>xx,</strong></span> <span class='ocrx_word' id='word_1_293' title='bbox 1827 2746 1942 2820; x_wconf 71' lang='lat'><strong>22),</strong></span> <span class='ocrx_word' id='word_1_294' title='bbox 1969 2753 2034 2802; x_wconf 91' lang='lat' dir='ltr'><strong>ut</strong></span> 
     </span>
    </p>
   </div>
   <div class='ocr_carea' id='block_1_30' title="bbox 449 2837 2034 2912">
    <p class='ocr_par' dir='ltr' id='par_1_30' title="bbox 449 2837 2034 2912">
     <span class='ocr_line' id='line_1_33' title="bbox 449 2837 2034 2912; baseline -0.008 -10"><span class='ocrx_word' id='word_1_295' title='bbox 449 2861 575 2902; x_wconf 84' lang='lat' dir='ltr'><strong>eum</strong></span> <span class='ocrx_word' id='word_1_296' title='bbox 599 2845 764 2901; x_wconf 85' lang='lat' dir='ltr'><strong>etiam</strong></span> <span class='ocrx_word' id='word_1_297' title='bbox 806 2843 874 2899; x_wconf 89' lang='lat' dir='ltr'><strong>de</strong></span> <span class='ocrx_word' id='word_1_298' title='bbox 901 2855 962 2897; x_wconf 86' lang='lat' dir='ltr'><strong>se</strong></span> <span class='ocrx_word' id='word_1_299' title='bbox 1001 2839 1292 2912; x_wconf 84' lang='lat' dir='ltr'><strong>procedere</strong></span> <span class='ocrx_word' id='word_1_300' title='bbox 1327 2838 1653 2894; x_wconf 83' lang='lat' dir='ltr'><strong>ostenderet.</strong></span> <span class='ocrx_word' id='word_1_301' title='bbox 1685 2837 1754 2892; x_wconf 85' lang='lat' dir='ltr'><strong>Et</strong></span> <span class='ocrx_word' id='word_1_302' title='bbox 1791 2837 1907 2906; x_wconf 86' lang='lat' dir='ltr'><strong>ipsa</strong></span> <span class='ocrx_word' id='word_1_303' title='bbox 1945 2843 2034 2892; x_wconf 84' lang='lat' dir='ltr'><strong>est</strong></span> 
     </span>
    </p>
   </div>
   <div class='ocr_carea' id='block_1_31' title="bbox 449 2921 2032 3006">
    <p class='ocr_par' dir='ltr' id='par_1_31' title="bbox 449 2921 2032 3006">
     <span class='ocr_line' id='line_1_34' title="bbox 449 2921 2032 3006; baseline -0.009 -14"><span class='ocrx_word' id='word_1_304' title='bbox 449 2937 638 3002; x_wconf 71' lang='lat' dir='ltr'><strong>uirtus,</strong></span> <span class='ocrx_word' id='word_1_305' title='bbox 658 2947 783 3006; x_wconf 71' lang='lat' dir='ltr'><strong>qua:</strong></span> <span class='ocrx_word' id='word_1_306' title='bbox 822 2931 886 2986; x_wconf 82' lang='lat' dir='ltr'><strong>de</strong></span> <span class='ocrx_word' id='word_1_307' title='bbox 921 2929 1016 2985; x_wconf 90' lang='lat' dir='ltr'><strong>illo</strong></span> <span class='ocrx_word' id='word_1_308' title='bbox 1044 2929 1241 2995; x_wconf 69' lang='lat' dir='ltr'><strong>exibat,</strong></span> <span class='ocrx_word' id='word_1_309' title='bbox 1261 2927 1405 2983; x_wconf 88' lang='lat' dir='ltr'><strong>sicut</strong></span> <span class='ocrx_word' id='word_1_310' title='bbox 1437 2926 1635 2997; x_wconf 75' lang='lat' dir='ltr'><strong>legitur</strong></span> <span class='ocrx_word' id='word_1_311' title='bbox 1657 2924 1714 2981; x_wconf 91' lang='lat' dir='ltr'><strong>in</strong></span> <span class='ocrx_word' id='word_1_312' title='bbox 1739 2921 2032 2995; x_wconf 78' lang='lat' dir='ltr'><strong>Evangelia</strong></span> 
     </span>
    </p>
   </div>
   <div class='ocr_carea' id='block_1_32' title="bbox 451 3018 1600 3086">
    <p class='ocr_par' dir='ltr' id='par_1_32' title="bbox 451 3018 1600 3086">
     <span class='ocr_line' id='line_1_35' title="bbox 451 3018 1600 3086; baseline -0.01 -3"><span class='ocrx_word' id='word_1_313' title='bbox 451 3018 748 3082; x_wconf 66' lang='lat' dir='ltr'><strong>secundum</strong></span> <span class='ocrx_word' id='word_1_314' title='bbox 773 3021 996 3086; x_wconf 80' lang='lat' dir='ltr'><strong>Lucam,</strong></span> <span class='ocrx_word' id='word_1_315' title='bbox 1025 3029 1075 3076; x_wconf 86' lang='lat' dir='ltr'><strong>et</strong></span> <span class='ocrx_word' id='word_1_316' title='bbox 1100 3019 1320 3076; x_wconf 81' lang='lat' dir='ltr'><strong>sanabat</strong></span> <span class='ocrx_word' id='word_1_317' title='bbox 1349 3035 1544 3074; x_wconf 83' lang='lat' dir='ltr'><strong>omnes.</strong></span> <span class='ocrx_word' id='word_1_318' title='bbox 1579 3037 1600 3070; x_wconf 69' lang='grc' dir='ltr'><strong>ι</strong></span> 
     </span>
    </p>
   </div>
   <div class='ocr_carea' id='block_1_33' title="bbox 521 3103 2026 3181">
    <p class='ocr_par' dir='ltr' id='par_1_33' title="bbox 521 3103 2026 3181">
     <span class='ocr_line' id='line_1_36' title="bbox 521 3103 2026 3181; baseline -0.009 -9"><span class='ocrx_word' id='word_1_319' title='bbox 521 3114 682 3171; x_wconf 70' lang='lat' dir='ltr'><strong>Luca:</strong></span> <span class='ocrx_word' id='word_1_320' title='bbox 704 3112 851 3170; x_wconf 86' lang='lat' dir='ltr'><strong>enim</strong></span> <span class='ocrx_word' id='word_1_321' title='bbox 875 3113 929 3170; x_wconf 90' lang='lat' dir='ltr'><strong>in</strong></span> <span class='ocrx_word' id='word_1_322' title='bbox 953 3127 1021 3168; x_wconf 92' lang='lat' dir='ltr'><strong>eo</strong></span> <span class='ocrx_word' id='word_1_323' title='bbox 1043 3110 1184 3178; x_wconf 89' lang='lat' dir='ltr'><strong>loco,</strong></span> <span class='ocrx_word' id='word_1_324' title='bbox 1207 3111 1261 3166; x_wconf 93' lang='lat' dir='ltr'><strong>in</strong></span> <span class='ocrx_word' id='word_1_325' title='bbox 1282 3125 1390 3181; x_wconf 90' lang='lat' dir='ltr'><strong>quo</strong></span> <span class='ocrx_word' id='word_1_326' title='bbox 1409 3109 1603 3179; x_wconf 75' lang='lat' dir='ltr'><strong>legitur</strong></span> <span class='ocrx_word' id='word_1_327' title='bbox 1625 3106 1681 3162; x_wconf 89' lang='lat' dir='ltr'><strong>in</strong></span> <span class='ocrx_word' id='word_1_328' title='bbox 1700 3103 1989 3176; x_wconf 79' lang='lat' dir='ltr'><strong>Evangelia</strong></span> <span class='ocrx_word' id='word_1_329' title='bbox 2012 3121 2026 3158; x_wconf 90' lang='lat'>:</span> 
     </span>
    </p>
   </div>
   <div class='ocr_carea' id='block_1_34' title="bbox 456 3194 2028 3280">
    <p class='ocr_par' dir='ltr' id='par_1_34' title="bbox 456 3194 2028 3280">
     <span class='ocr_line' id='line_1_37' title="bbox 456 3194 2028 3280; baseline -0.008 -17"><span class='ocrx_word' id='word_1_330' title='bbox 456 3207 570 3280; x_wconf 79' lang='lat' dir='ltr'><strong>Ego</strong></span> <span class='ocrx_word' id='word_1_331' title='bbox 603 3205 829 3278; x_wconf 76' lang='lat' dir='ltr'><strong>cognovi</strong></span> <span class='ocrx_word' id='word_1_332' title='bbox 871 3204 1128 3260; x_wconf 76' lang='lat' dir='ltr'><strong>virtutem</strong></span> <span class='ocrx_word' id='word_1_333' title='bbox 1171 3203 1237 3259; x_wconf 92' lang='lat' dir='ltr'><strong>de</strong></span> <span class='ocrx_word' id='word_1_334' title='bbox 1264 3216 1352 3256; x_wconf 89' lang='lat' dir='ltr'><strong>me</strong></span> <span class='ocrx_word' id='word_1_335' title='bbox 1374 3201 1570 3256; x_wconf 88' lang='lat' dir='ltr'><strong>exiisse</strong></span> <span class='ocrx_word' id='word_1_336' title='bbox 1612 3198 1762 3272; x_wconf 81' lang='lat' dir='ltr'><strong>(Luc.</strong></span> <span class='ocrx_word' id='word_1_337' title='bbox 1787 3213 1872 3262; x_wconf 82' lang='lat' dir='ltr'><strong>.vt,</strong></span> <span class='ocrx_word' id='word_1_338' title='bbox 1921 3194 2028 3268; x_wconf 86' lang='lat' dir='ltr'><strong>l9),</strong></span> 
     </span>
    </p>
   </div>
   <div class='ocr_carea' id='block_1_35' title="bbox 454 3285 2034 3366">
    <p class='ocr_par' dir='ltr' id='par_1_35' title="bbox 454 3285 2034 3366">
     <span class='ocr_line' id='line_1_38' title="bbox 454 3285 2034 3366; baseline -0.009 -12"><span class='ocrx_word' id='word_1_339' title='bbox 454 3293 678 3354; x_wconf 57' lang='lat' dir='ltr'><strong>emotus</strong></span> <span class='ocrx_word' id='word_1_340' title='bbox 700 3292 897 3349; x_wconf 66' lang='lat' dir='ltr'><strong>divinat</strong></span> <span class='ocrx_word' id='word_1_341' title='bbox 920 3291 1214 3347; x_wconf 84' lang='lat' dir='ltr'><strong>curationis</strong></span> <span class='ocrx_word' id='word_1_342' title='bbox 1235 3289 1405 3366; x_wconf 75' lang='lat' dir='ltr'><strong>virtus</strong></span> <span class='ocrx_word' id='word_1_343' title='bbox 1424 3287 1646 3358; x_wconf 76' lang='lat' dir='ltr'><strong>intelligi</strong></span> <span class='ocrx_word' id='word_1_344' title='bbox 1673 3293 1870 3357; x_wconf 86' lang='lat' dir='ltr'><strong>potest,</strong></span> <span class='ocrx_word' id='word_1_345' title='bbox 1893 3285 2034 3340; x_wconf 89' lang='lat' dir='ltr'><strong>sicut</strong></span> 
     </span>
    </p>
   </div>
   <div class='ocr_carea' id='block_1_36' title="bbox 458 3371 2032 3455">
    <p class='ocr_par' dir='ltr' id='par_1_36' title="bbox 458 3371 2032 3455">
     <span class='ocr_line' id='line_1_39' title="bbox 458 3371 2032 3455; baseline -0.01 -12"><span class='ocrx_word' id='word_1_346' title='bbox 458 3387 650 3443; x_wconf 71' lang='lat' dir='ltr'><strong>beam</strong></span> <span class='ocrx_word' id='word_1_347' title='bbox 675 3380 988 3454; x_wconf 75' lang='lat' dir='ltr'><strong>Fulgentius</strong></span> <span class='ocrx_word' id='word_1_348' title='bbox 1011 3380 1280 3451; x_wconf 78' lang='lat' dir='ltr'><strong>exposuit.</strong></span> <span class='ocrx_word' id='word_1_349' title='bbox 1299 3371 1647 3455; x_wconf 14' lang='lat' dir='ltr'><strong>.I&#39;Augustinus</strong></span> <span class='ocrx_word' id='word_1_350' title='bbox 1673 3385 1852 3431; x_wconf 88' lang='lat' dir='ltr'><strong>tamen</strong></span> <span class='ocrx_word' id='word_1_351' title='bbox 1877 3375 2032 3439; x_wconf 91' lang='lat' dir='ltr'><strong>dicit,</strong></span> 
     </span>
    </p>
   </div>
   <div class='ocr_carea' id='block_1_37' title="bbox 458 3465 2044 3552">
    <p class='ocr_par' dir='ltr' id='par_1_37' title="bbox 458 3465 2044 3552">
     <span class='ocr_line' id='line_1_40' title="bbox 458 3465 2044 3552; baseline -0.008 -22"><span class='ocrx_word' id='word_1_352' title='bbox 458 3472 604 3545; x_wconf 90' lang='lat' dir='ltr'><strong>quod</strong></span> <span class='ocrx_word' id='word_1_353' title='bbox 625 3472 1028 3545; x_wconf 89' lang='lat' dir='ltr'><strong>processionem</strong></span> <span class='ocrx_word' id='word_1_354' title='bbox 1066 3468 1300 3552; x_wconf 78' lang='lat' dir='ltr'><strong>Spiritus</strong></span> <span class='ocrx_word' id='word_1_355' title='bbox 1344 3467 1515 3524; x_wconf 85' lang='lat' dir='ltr'><strong>sancti</strong></span> <span class='ocrx_word' id='word_1_356' title='bbox 1554 3483 1587 3522; x_wconf 89' lang='lat' dir='ltr'><strong>a</strong></span> <span class='ocrx_word' id='word_1_357' title='bbox 1614 3465 1753 3522; x_wconf 81' lang='lat' dir='ltr'><strong>Filio</strong></span> <span class='ocrx_word' id='word_1_358' title='bbox 1776 3465 1952 3547; x_wconf 82' lang='lat' dir='ltr'><strong>Lucas</strong></span> <span class='ocrx_word' id='word_1_359' title='bbox 1977 3465 2044 3518; x_wconf 81' lang='lat' dir='ltr'><strong>in‘</strong></span> 
     </span>
    </p>
   </div>
   <div class='ocr_carea' id='block_1_38' title="bbox 459 3543 2036 3639">
    <p class='ocr_par' dir='ltr' id='par_1_38' title="bbox 459 3543 2036 3639">
     <span class='ocr_line' id='line_1_41' title="bbox 459 3543 2036 3639; baseline -0.008 -17"><span class='ocrx_word' id='word_1_360' title='bbox 459 3543 774 3636; x_wconf 65' lang='lat' dir='ltr'><strong>[inscripto</strong></span> <span class='ocrx_word' id='word_1_361' title='bbox 811 3563 1014 3619; x_wconf 86' lang='lat' dir='ltr'><strong>indicat</strong></span> <span class='ocrx_word' id='word_1_362' title='bbox 1049 3543 1285 3632; x_wconf 87' lang='lat' dir='ltr'><strong>capitulo</strong></span> <span class='ocrx_word' id='word_1_363' title='bbox 1309 3558 1534 3616; x_wconf 88' lang='lat' dir='ltr'><strong>dicendo</strong></span> <span class='ocrx_word' id='word_1_364' title='bbox 1556 3557 1744 3639; x_wconf 74' lang='lat' dir='ltr'><strong>:_Quia</strong></span> <span class='ocrx_word' id='word_1_365' title='bbox 1779 3543 1943 3612; x_wconf 66' lang='lat' dir='ltr'><strong>virtus</strong></span> <span class='ocrx_word' id='word_1_366' title='bbox 1971 3557 2036 3611; x_wconf 82' lang='lat' dir='ltr'><strong>de</strong></span> 
     </span>
    </p>
   </div>
   <div class='ocr_carea' id='block_1_39' title="bbox 460 3647 2037 3724">
    <p class='ocr_par' dir='ltr' id='par_1_39' title="bbox 460 3647 2037 3724">
     <span class='ocr_line' id='line_1_42' title="bbox 460 3647 2037 3724; baseline -0.006 -14"><span class='ocrx_word' id='word_1_367' title='bbox 460 3653 554 3710; x_wconf 83' lang='lat' dir='ltr'><strong>illo</strong></span> <span class='ocrx_word' id='word_1_368' title='bbox 576 3654 765 3710; x_wconf 72' lang='lat' dir='ltr'><strong>exibat.</strong></span> <span class='ocrx_word' id='word_1_369' title='bbox 792 3653 851 3708; x_wconf 92' lang='lat' dir='ltr'><strong>ln</strong></span> <span class='ocrx_word' id='word_1_370' title='bbox 889 3649 1128 3724; x_wconf 66' lang='lat' dir='ltr'><strong>praelatis</strong></span> <span class='ocrx_word' id='word_1_371' title='bbox 1151 3651 1314 3723; x_wconf 88' lang='lat' dir='ltr'><strong>igitur</strong></span> <span class='ocrx_word' id='word_1_372' title='bbox 1335 3650 1506 3706; x_wconf 84' lang='lat' dir='ltr'><strong>sancti</strong></span> <span class='ocrx_word' id='word_1_373' title='bbox 1537 3647 1812 3720; x_wconf 77' lang='lat' dir='ltr'><strong>Evangelii</strong></span> <span class='ocrx_word' id='word_1_374' title='bbox 1841 3661 2037 3710; x_wconf 82' lang='lat' dir='ltr'><strong>secun-</strong></span> 
     </span>
    </p>
   </div>
   <div class='ocr_carea' id='block_1_40' title="bbox 461 3736 2039 3811">
    <p class='ocr_par' dir='ltr' id='par_1_40' title="bbox 461 3736 2039 3811">
     <span class='ocr_line' id='line_1_43' title="bbox 461 3736 2039 3811; baseline -0.006 -8"><span class='ocrx_word' id='word_1_375' title='bbox 461 3749 591 3804; x_wconf 88' lang='lat' dir='ltr'><strong>dum</strong></span> <span class='ocrx_word' id='word_1_376' title='bbox 629 3745 831 3801; x_wconf 85' lang='lat' dir='ltr'><strong>Lucam</strong></span> <span class='ocrx_word' id='word_1_377' title='bbox 855 3752 911 3800; x_wconf 89' lang='lat' dir='ltr'><strong>et</strong></span> <span class='ocrx_word' id='word_1_378' title='bbox 947 3741 1208 3799; x_wconf 82' lang='lat' dir='ltr'><strong>Joannem</strong></span> <span class='ocrx_word' id='word_1_379' title='bbox 1247 3739 1607 3805; x_wconf 85' lang='lat' dir='ltr'><strong>sermonibus,</strong></span> <span class='ocrx_word' id='word_1_380' title='bbox 1633 3748 1690 3795; x_wconf 90' lang='lat' dir='ltr'><strong>et</strong></span> <span class='ocrx_word' id='word_1_381' title='bbox 1715 3739 1771 3793; x_wconf 86' lang='lat' dir='ltr'><strong>in</strong></span> <span class='ocrx_word' id='word_1_382' title='bbox 1798 3736 2039 3811; x_wconf 85' lang='lat' dir='ltr'><strong>Epistula</strong></span> 
     </span>
    </p>
   </div>
   <div class='ocr_carea' id='block_1_41' title="bbox 461 3828 2040 3910">
    <p class='ocr_par' dir='ltr' id='par_1_41' title="bbox 461 3828 2040 3910">
     <span class='ocr_line' id='line_1_44' title="bbox 461 3828 2040 3910; baseline -0.008 -16"><span class='ocrx_word' id='word_1_383' title='bbox 461 3836 706 3910; x_wconf 54' lang='lat' dir='ltr'><strong>ejusdem</strong></span> <span class='ocrx_word' id='word_1_384' title='bbox 741 3834 988 3900; x_wconf 76' lang='lat' dir='ltr'><strong>Joannis,</strong></span> <span class='ocrx_word' id='word_1_385' title='bbox 1027 3848 1148 3905; x_wconf 69' lang='lat' dir='ltr'><strong>qua:</strong></span> <span class='ocrx_word' id='word_1_386' title='bbox 1168 3847 1274 3888; x_wconf 88' lang='lat' dir='ltr'><strong>una</strong></span> <span class='ocrx_word' id='word_1_387' title='bbox 1296 3831 1364 3887; x_wconf 91' lang='lat' dir='ltr'><strong>de</strong></span> <span class='ocrx_word' id='word_1_388' title='bbox 1391 3839 1600 3900; x_wconf 88' lang='lat' dir='ltr'><strong>septem</strong></span> <span class='ocrx_word' id='word_1_389' title='bbox 1627 3838 1710 3885; x_wconf 87' lang='lat' dir='ltr'><strong>est</strong></span> <span class='ocrx_word' id='word_1_390' title='bbox 1735 3828 2040 3895; x_wconf 85' lang='lat' dir='ltr'><strong>catholicis,</strong></span> 
     </span>
    </p>
   </div>
   <div class='ocr_carea' id='block_1_42' title="bbox 463 3917 2044 4001">
    <p class='ocr_par' dir='ltr' id='par_1_42' title="bbox 463 3917 2044 4001">
     <span class='ocr_line' id='line_1_45' title="bbox 463 3917 2044 4001; baseline -0.007 -17"><span class='ocrx_word' id='word_1_391' title='bbox 463 3936 653 4001; x_wconf 84' lang='lat' dir='ltr'><strong>aperte</strong></span> <span class='ocrx_word' id='word_1_392' title='bbox 673 3926 974 3983; x_wconf 87' lang='lat' dir='ltr'><strong>ostenditur</strong></span> <span class='ocrx_word' id='word_1_393' title='bbox 998 3923 1232 3998; x_wconf 81' lang='lat' dir='ltr'><strong>Spiritus</strong></span> <span class='ocrx_word' id='word_1_394' title='bbox 1255 3928 1474 3978; x_wconf 88' lang='lat' dir='ltr'><strong>sanctus</strong></span> <span class='ocrx_word' id='word_1_395' title='bbox 1489 3960 1510 3988; x_wconf 82' lang='lat'><strong>,</strong></span> <span class='ocrx_word' id='word_1_396' title='bbox 1531 3920 1624 3992; x_wconf 88' lang='lat' dir='ltr'><strong>qui</strong></span> <span class='ocrx_word' id='word_1_397' title='bbox 1646 3919 1797 3975; x_wconf 88' lang='lat' dir='ltr'><strong>Patri</strong></span> <span class='ocrx_word' id='word_1_398' title='bbox 1822 3927 1880 3975; x_wconf 90' lang='lat' dir='ltr'><strong>et</strong></span> <span class='ocrx_word' id='word_1_399' title='bbox 1902 3917 2044 3973; x_wconf 82' lang='lat' dir='ltr'><strong>Filio</strong></span> 
     </span>
    </p>
   </div>
   <div class='ocr_carea' id='block_1_43' title="bbox 464 4009 2044 4090">
    <p class='ocr_par' dir='ltr' id='par_1_43' title="bbox 464 4009 2044 4090">
     <span class='ocr_line' id='line_1_46' title="bbox 464 4009 2044 4090; baseline -0.006 -16"><span class='ocrx_word' id='word_1_400' title='bbox 464 4016 756 4090; x_wconf 71' lang='lat' dir='ltr'><strong>cocqualis</strong></span> <span class='ocrx_word' id='word_1_401' title='bbox 795 4023 881 4072; x_wconf 90' lang='lat' dir='ltr'><strong>est</strong></span> <span class='ocrx_word' id='word_1_402' title='bbox 902 4023 960 4083; x_wconf 87' lang='lat' dir='ltr'><strong>et</strong></span> <span class='ocrx_word' id='word_1_403' title='bbox 997 4023 1315 4076; x_wconf 69' lang='lat' dir='ltr'><strong>coaeternus,</strong></span> <span class='ocrx_word' id='word_1_404' title='bbox 1345 4014 1494 4084; x_wconf 89' lang='lat' dir='ltr'><strong>quod</strong></span> <span class='ocrx_word' id='word_1_405' title='bbox 1518 4029 1566 4067; x_wconf 87' lang='lat' dir='ltr'><strong>-a</strong></span> <span class='ocrx_word' id='word_1_406' title='bbox 1604 4010 1766 4066; x_wconf 83' lang='lat' dir='ltr'><strong>Patre</strong></span> <span class='ocrx_word' id='word_1_407' title='bbox 1799 4009 2044 4079; x_wconf 77' lang='lat' dir='ltr'><strong>Filioque</strong></span> 
     </span>
    </p>
   </div>
   <div class='ocr_carea' id='block_1_44' title="bbox 466 4097 2049 4184">
    <p class='ocr_par' dir='ltr' id='par_1_44' title="bbox 466 4097 2049 4184">
     <span class='ocr_line' id='line_1_47' title="bbox 466 4097 2049 4184; baseline -0.008 -19"><span class='ocrx_word' id='word_1_408' title='bbox 466 4107 736 4184; x_wconf 83' lang='lat' dir='ltr'><strong>procedit,</strong></span> <span class='ocrx_word' id='word_1_409' title='bbox 778 4105 921 4162; x_wconf 82' lang='lat' dir='ltr'><strong>sicut</strong></span> <span class='ocrx_word' id='word_1_410' title='bbox 950 4097 1075 4158; x_wconf 84' lang='lat' dir='ltr'><strong>tam</strong></span> <span class='ocrx_word' id='word_1_411' title='bbox 1119 4101 1363 4174; x_wconf 70' lang='lat' dir='ltr'><strong>prmdicti</strong></span> <span class='ocrx_word' id='word_1_412' title='bbox 1399 4100 1618 4166; x_wconf 88' lang='lat' dir='ltr'><strong>Patres,</strong></span> <span class='ocrx_word' id='word_1_413' title='bbox 1649 4098 1759 4156; x_wconf 83' lang='lat' dir='ltr'><strong>Leo</strong></span> <span class='ocrx_word' id='word_1_414' title='bbox 1795 4097 2049 4153; x_wconf 74' lang='lat' dir='ltr'><strong>videlicet</strong></span> 
     </span>
    </p>
   </div>
   <div class='ocr_carea' id='block_1_45' title="bbox 468 4190 2050 4273">
    <p class='ocr_par' dir='ltr' id='par_1_45' title="bbox 468 4190 2050 4273">
     <span class='ocr_line' id='line_1_48' title="bbox 468 4190 2050 4273; baseline -0.007 -16"><span class='ocrx_word' id='word_1_415' title='bbox 468 4199 634 4273; x_wconf 85' lang='lat' dir='ltr'><strong>papa,</strong></span> <span class='ocrx_word' id='word_1_416' title='bbox 660 4197 953 4271; x_wconf 82' lang='lat' dir='ltr'><strong>Gregorius</strong></span> <span class='ocrx_word' id='word_1_417' title='bbox 975 4195 1370 4258; x_wconf 79' lang='lat' dir='ltr'><strong>Nazianzenus,</strong></span> <span class='ocrx_word' id='word_1_418' title='bbox 1389 4191 1771 4263; x_wconf 81' lang='lat' dir='ltr'><strong>Hieronymus,</strong></span> <span class='ocrx_word' id='word_1_419' title='bbox 1794 4190 2050 4263; x_wconf 81' lang='lat' dir='ltr'><strong>Augusti—</strong></span> 
     </span>
    </p>
   </div>
   <div class='ocr_carea' id='block_1_46' title="bbox 471 4283 2047 4360">
    <p class='ocr_par' dir='ltr' id='par_1_46' title="bbox 471 4283 2047 4360">
     <span class='ocr_line' id='line_1_49' title="bbox 471 4283 2047 4360; baseline -0.006 -12"><span class='ocrx_word' id='word_1_420' title='bbox 471 4308 602 4360; x_wconf 88' lang='lat' dir='ltr'><strong>nus,</strong></span> <span class='ocrx_word' id='word_1_421' title='bbox 625 4290 790 4348; x_wconf 84' lang='lat' dir='ltr'><strong>verba</strong></span> <span class='ocrx_word' id='word_1_422' title='bbox 815 4285 989 4345; x_wconf 87' lang='lat' dir='ltr'><strong>sancti</strong></span> <span class='ocrx_word' id='word_1_423' title='bbox 1019 4284 1291 4358; x_wconf 85' lang='lat' dir='ltr'><strong>Evangelii</strong></span> <span class='ocrx_word' id='word_1_424' title='bbox 1319 4283 1426 4340; x_wconf 79' lang='lat' dir='ltr'><strong>lida</strong></span> <span class='ocrx_word' id='word_1_425' title='bbox 1455 4283 1789 4358; x_wconf 85' lang='lat' dir='ltr'><strong>expositione</strong></span> <span class='ocrx_word' id='word_1_426' title='bbox 1822 4283 2047 4340; x_wconf 82' lang='lat' dir='ltr'><strong>investi-</strong></span> 
     </span>
    </p>
   </div>
   <div class='ocr_carea' id='block_1_47' title="bbox 471 4374 1049 4464">
    <p class='ocr_par' dir='ltr' id='par_1_47' title="bbox 471 4374 1049 4464">
     <span class='ocr_line' id='line_1_50' title="bbox 471 4374 1049 4464; baseline -0.009 -25"><span class='ocrx_word' id='word_1_427' title='bbox 471 4381 666 4464; x_wconf 74' lang='lat' dir='ltr'><strong>gantb,</strong></span> <span class='ocrx_word' id='word_1_428' title='bbox 689 4379 875 4435; x_wconf 81' lang='lat' dir='ltr'><strong>testati</strong></span> <span class='ocrx_word' id='word_1_429' title='bbox 899 4374 1049 4434; x_wconf 75' lang='lat' dir='ltr'><strong>sunt.</strong></span> 
     </span>
    </p>
   </div>
   <div class='ocr_carea' id='block_1_48' title="bbox 2097 532 3679 610">
    <p class='ocr_par' dir='ltr' id='par_1_48' title="bbox 2097 532 3679 610">
     <span class='ocr_line' id='line_1_51' title="bbox 2097 532 3679 610; baseline -0.004 -15"><span class='ocrx_word' id='word_1_430' title='bbox 2097 540 2154 595; x_wconf 90' lang='lat' dir='ltr'><strong>in</strong></span> <span class='ocrx_word' id='word_1_431' title='bbox 2173 545 2467 610; x_wconf 88' lang='lat' dir='ltr'><strong>conspectu</strong></span> <span class='ocrx_word' id='word_1_432' title='bbox 2497 537 2660 591; x_wconf 89' lang='lat' dir='ltr'><strong>totius</strong></span> <span class='ocrx_word' id='word_1_433' title='bbox 2689 535 2958 606; x_wconf 86' lang='lat' dir='ltr'><strong>Epheseni</strong></span> <span class='ocrx_word' id='word_1_434' title='bbox 2985 544 3042 590; x_wconf 88' lang='lat' dir='ltr'><strong>et</strong></span> <span class='ocrx_word' id='word_1_435' title='bbox 3069 532 3548 598; x_wconf 83' lang='lat' dir='ltr'><strong>Chalcedonensis,</strong></span> <span class='ocrx_word' id='word_1_436' title='bbox 3576 547 3679 588; x_wconf 88' lang='lat' dir='ltr'><strong>nec</strong></span> 
     </span>
    </p>
   </div>
   <div class='ocr_carea' id='block_1_49' title="bbox 2099 625 3672 700">
    <p class='ocr_par' dir='ltr' id='par_1_49' title="bbox 2099 625 3672 700">
     <span class='ocr_line' id='line_1_52' title="bbox 2099 625 3672 700; baseline -0.004 -14"><span class='ocrx_word' id='word_1_437' title='bbox 2099 647 2206 687; x_wconf 90' lang='lat' dir='ltr'><strong>non</strong></span> <span class='ocrx_word' id='word_1_438' title='bbox 2229 639 2287 687; x_wconf 91' lang='lat' dir='ltr'><strong>et</strong></span> <span class='ocrx_word' id='word_1_439' title='bbox 2329 630 2383 684; x_wconf 90' lang='lat' dir='ltr'><strong>in</strong></span> <span class='ocrx_word' id='word_1_440' title='bbox 2426 629 2599 700; x_wconf 86' lang='lat' dir='ltr'><strong>quinti</strong></span> <span class='ocrx_word' id='word_1_441' title='bbox 2626 627 2859 692; x_wconf 84' lang='lat' dir='ltr'><strong>concilii,</strong></span> <span class='ocrx_word' id='word_1_442' title='bbox 2896 627 3039 696; x_wconf 90' lang='lat' dir='ltr'><strong>quod</strong></span> <span class='ocrx_word' id='word_1_443' title='bbox 3073 625 3176 682; x_wconf 87' lang='lat' dir='ltr'><strong>sub</strong></span> <span class='ocrx_word' id='word_1_444' title='bbox 3202 625 3398 695; x_wconf 86' lang='lat' dir='ltr'><strong>Vigilio</strong></span> <span class='ocrx_word' id='word_1_445' title='bbox 3444 641 3584 697; x_wconf 90' lang='lat' dir='ltr'><strong>papa</strong></span> <span class='ocrx_word' id='word_1_446' title='bbox 3613 634 3672 682; x_wconf 85' lang='lat' dir='ltr'><strong>et</strong></span> 
     </span>
    </p>
   </div>
   <div class='ocr_carea' id='block_1_50' title="bbox 2097 716 3679 791">
    <p class='ocr_par' dir='ltr' id='par_1_50' title="bbox 2097 716 3679 791">
     <span class='ocr_line' id='line_1_53' title="bbox 2097 716 3679 791; baseline -0.005 -15"><span class='ocrx_word' id='word_1_447' title='bbox 2097 719 2402 777; x_wconf 89' lang='lat' dir='ltr'><strong>Justiniano</strong></span> <span class='ocrx_word' id='word_1_448' title='bbox 2441 718 2682 791; x_wconf 87' lang='lat' dir='ltr'><strong>principe</strong></span> <span class='ocrx_word' id='word_1_449' title='bbox 2727 716 3192 788; x_wconf 87' lang='lat' dir='ltr'><strong>Constantinopoli</strong></span> <span class='ocrx_word' id='word_1_450' title='bbox 3248 725 3528 787; x_wconf 87' lang='lat' dir='ltr'><strong>peractum</strong></span> <span class='ocrx_word' id='word_1_451' title='bbox 3569 723 3679 782; x_wconf 88' lang='lat' dir='ltr'><strong>cst,</strong></span> 
     </span>
    </p>
   </div>
   <div class='ocr_carea' id='block_1_51' title="bbox 2100 795 3778 883">
    <p class='ocr_par' dir='ltr' id='par_1_51' title="bbox 2100 795 3778 883">
     <span class='ocr_line' id='line_1_54' title="bbox 2100 795 3778 883; baseline -0.005 -16"><span class='ocrx_word' id='word_1_452' title='bbox 2100 811 2393 883; x_wconf 67' lang='lat' dir='ltr'><strong>praesentia</strong></span> <span class='ocrx_word' id='word_1_453' title='bbox 2419 810 2575 866; x_wconf 71' lang='lat' dir='ltr'><strong>lecta:</strong></span> <span class='ocrx_word' id='word_1_454' title='bbox 2599 817 2762 878; x_wconf 87' lang='lat' dir='ltr'><strong>atque</strong></span> <span class='ocrx_word' id='word_1_455' title='bbox 2789 809 3030 876; x_wconf 65' lang='lat' dir='ltr'><strong>probata</strong></span> <span class='ocrx_word' id='word_1_456' title='bbox 3056 814 3202 862; x_wconf 88' lang='lat' dir='ltr'><strong>sunt.</strong></span> <span class='ocrx_word' id='word_1_457' title='bbox 3243 805 3481 872; x_wconf 85' lang='lat' dir='ltr'><strong>Quarum</strong></span> <span class='ocrx_word' id='word_1_458' title='bbox 3507 803 3683 860; x_wconf 70' lang='lat' dir='ltr'><strong>etiam</strong></span> <span class='ocrx_word' id='word_1_459' title='bbox 3773 795 3778 799; x_wconf 75' lang='grc'><em>’</em></span> 
     </span>
    </p>
   </div>
   <div class='ocr_carea' id='block_1_52' title="bbox 2101 893 3683 966">
    <p class='ocr_par' dir='ltr' id='par_1_52' title="bbox 2101 893 3683 966">
     <span class='ocr_line' id='line_1_55' title="bbox 2101 893 3683 966; baseline -0.004 -11"><span class='ocrx_word' id='word_1_460' title='bbox 2101 900 2478 955; x_wconf 85' lang='lat' dir='ltr'><strong>auctoritatem</strong></span> <span class='ocrx_word' id='word_1_461' title='bbox 2503 905 2707 953; x_wconf 84' lang='lat' dir='ltr'><strong>rectam</strong></span> <span class='ocrx_word' id='word_1_462' title='bbox 2729 905 2887 966; x_wconf 91' lang='lat' dir='ltr'><strong>atque</strong></span> <span class='ocrx_word' id='word_1_463' title='bbox 2912 895 3269 966; x_wconf 88' lang='lat' dir='ltr'><strong>probabilem,</strong></span> <span class='ocrx_word' id='word_1_464' title='bbox 3298 893 3535 964; x_wconf 78' lang='lat' dir='ltr'><strong>Spiritus</strong></span> <span class='ocrx_word' id='word_1_465' title='bbox 3556 907 3683 948; x_wconf 87' lang='lat' dir='ltr'><strong>san-</strong></span> 
     </span>
    </p>
   </div>
   <div class='ocr_carea' id='block_1_53' title="bbox 2103 981 3684 1058">
    <p class='ocr_par' dir='ltr' id='par_1_53' title="bbox 2103 981 3684 1058">
     <span class='ocr_line' id='line_1_56' title="bbox 2103 981 3684 1058; baseline -0.006 -12"><span class='ocrx_word' id='word_1_466' title='bbox 2103 991 2177 1046; x_wconf 88' lang='lat' dir='ltr'><strong>cti</strong></span> <span class='ocrx_word' id='word_1_467' title='bbox 2208 990 2568 1044; x_wconf 83' lang='lat' dir='ltr'><strong>illustratione</strong></span> <span class='ocrx_word' id='word_1_468' title='bbox 2593 1002 2930 1058; x_wconf 82' lang='lat' dir='ltr'><strong>expressam,</strong></span> <span class='ocrx_word' id='word_1_469' title='bbox 2955 985 3279 1056; x_wconf 87' lang='lat' dir='ltr'><strong>expositioni</strong></span> <span class='ocrx_word' id='word_1_470' title='bbox 3307 1000 3337 1039; x_wconf 92' lang='lat' dir='ltr'><strong>a</strong></span> <span class='ocrx_word' id='word_1_471' title='bbox 3364 992 3554 1039; x_wconf 87' lang='lat' dir='ltr'><strong>sancto</strong></span> <span class='ocrx_word' id='word_1_472' title='bbox 3585 981 3684 1037; x_wconf 76' lang='lat' dir='ltr'><strong>Ni-</strong></span> 
     </span>
    </p>
   </div>
   <div class='ocr_carea' id='block_1_54' title="bbox 2105 1071 3685 1146">
    <p class='ocr_par' dir='ltr' id='par_1_54' title="bbox 2105 1071 3685 1146">
     <span class='ocr_line' id='line_1_57' title="bbox 2105 1071 3685 1146; baseline -0.004 -11"><span class='ocrx_word' id='word_1_473' title='bbox 2105 1094 2254 1136; x_wconf 68' lang='lat' dir='ltr'><strong>czcno</strong></span> <span class='ocrx_word' id='word_1_474' title='bbox 2272 1078 2498 1133; x_wconf 90' lang='lat' dir='ltr'><strong>concilio</strong></span> <span class='ocrx_word' id='word_1_475' title='bbox 2521 1076 2696 1140; x_wconf 62' lang='lat' dir='ltr'><strong>factm,</strong></span> <span class='ocrx_word' id='word_1_476' title='bbox 2723 1087 2780 1133; x_wconf 89' lang='lat' dir='ltr'><strong>et</strong></span> <span class='ocrx_word' id='word_1_477' title='bbox 2806 1074 2930 1129; x_wconf 81' lang='lat' dir='ltr'><strong>ﬁdei</strong></span> <span class='ocrx_word' id='word_1_478' title='bbox 2958 1085 3015 1128; x_wconf 92' lang='lat' dir='ltr'><strong>et</strong></span> <span class='ocrx_word' id='word_1_479' title='bbox 3037 1074 3237 1145; x_wconf 75' lang='lat' dir='ltr'><strong>regulis</strong></span> <span class='ocrx_word' id='word_1_480' title='bbox 3273 1071 3616 1146; x_wconf 88' lang='lat' dir='ltr'><strong>[consonam]</strong></span> <span class='ocrx_word' id='word_1_481' title='bbox 3649 1085 3685 1128; x_wconf 82' lang='lat' dir='ltr'><strong>a</strong></span> 
     </span>
    </p>
   </div>
   <div class='ocr_carea' id='block_1_55' title="bbox 2063 1159 3685 1235">
    <p class='ocr_par' dir='ltr' id='par_1_55' title="bbox 2063 1159 3685 1235">
     <span class='ocr_line' id='line_1_58' title="bbox 2063 1159 3685 1235; baseline -0.004 -13"><span class='ocrx_word' id='word_1_482' title='bbox 2063 1183 2066 1186; x_wconf 91' lang='grc'>·</span> <span class='ocrx_word' id='word_1_483' title='bbox 2105 1175 2292 1223; x_wconf 88' lang='lat' dir='ltr'><strong>sancta</strong></span> <span class='ocrx_word' id='word_1_484' title='bbox 2338 1175 2396 1222; x_wconf 89' lang='lat' dir='ltr'><strong>et</strong></span> <span class='ocrx_word' id='word_1_485' title='bbox 2419 1180 2612 1235; x_wconf 80' lang='lat' dir='ltr'><strong>magna</strong></span> <span class='ocrx_word' id='word_1_486' title='bbox 2652 1163 2921 1232; x_wconf 72' lang='lat' dir='ltr'><strong>Ephesina</strong></span> <span class='ocrx_word' id='word_1_487' title='bbox 2950 1165 3156 1233; x_wconf 85' lang='lat' dir='ltr'><strong>synodo</strong></span> <span class='ocrx_word' id='word_1_488' title='bbox 3183 1163 3488 1233; x_wconf 86' lang='lat' dir='ltr'><strong>expositam</strong></span> <span class='ocrx_word' id='word_1_489' title='bbox 3514 1159 3685 1216; x_wconf 87' lang='lat' dir='ltr'><strong>Chal-</strong></span> 
     </span>
    </p>
   </div>
   <div class='ocr_carea' id='block_1_56' title="bbox 2107 1250 3689 1326">
    <p class='ocr_par' dir='ltr' id='par_1_56' title="bbox 2107 1250 3689 1326">
     <span class='ocr_line' id='line_1_59' title="bbox 2107 1250 3689 1326; baseline -0.005 -14"><span class='ocrx_word' id='word_1_490' title='bbox 2107 1256 2424 1312; x_wconf 89' lang='lat' dir='ltr'><strong>cedonensis</strong></span> <span class='ocrx_word' id='word_1_491' title='bbox 2450 1253 2686 1326; x_wconf 79' lang='lat' dir='ltr'><strong>synodus</strong></span> <span class='ocrx_word' id='word_1_492' title='bbox 2715 1251 3028 1307; x_wconf 87' lang='lat' dir='ltr'><strong>creditcsse</strong></span> <span class='ocrx_word' id='word_1_493' title='bbox 3052 1252 3127 1305; x_wconf 89' lang='lat' dir='ltr'><strong>ita</strong></span> <span class='ocrx_word' id='word_1_494' title='bbox 3157 1252 3344 1306; x_wconf 86' lang='lat' dir='ltr'><strong>dicens</strong></span> <span class='ocrx_word' id='word_1_495' title='bbox 3379 1266 3394 1305; x_wconf 87' lang='lat'><strong>:</strong></span> <span class='ocrx_word' id='word_1_496' title='bbox 3440 1269 3460 1303; x_wconf 76' lang='grc' dir='ltr'>ι</span> <span class='ocrx_word' id='word_1_497' title='bbox 3487 1250 3689 1306; x_wconf 87' lang='lat' dir='ltr'><strong>Didici-</strong></span> 
     </span>
    </p>
   </div>
   <div class='ocr_carea' id='block_1_57' title="bbox 2107 1338 3689 1410">
    <p class='ocr_par' dir='ltr' id='par_1_57' title="bbox 2107 1338 3689 1410">
     <span class='ocr_line' id='line_1_60' title="bbox 2107 1338 3689 1410; baseline -0.002 -13"><span class='ocrx_word' id='word_1_498' title='bbox 2107 1357 2231 1400; x_wconf 87' lang='lat' dir='ltr'><strong>mus</strong></span> <span class='ocrx_word' id='word_1_499' title='bbox 2257 1351 2474 1400; x_wconf 87' lang='lat' dir='ltr'><strong>sanctos</strong></span> <span class='ocrx_word' id='word_1_500' title='bbox 2500 1341 2693 1396; x_wconf 87' lang='lat' dir='ltr'><strong>Patres</strong></span> <span class='ocrx_word' id='word_1_501' title='bbox 2719 1339 2891 1410; x_wconf 87' lang='lat' dir='ltr'><strong>sequi.</strong></span> <span class='ocrx_word' id='word_1_502' title='bbox 2932 1339 3141 1395; x_wconf 83' lang='lat' dir='ltr'><strong>Etenim</strong></span> <span class='ocrx_word' id='word_1_503' title='bbox 3165 1339 3354 1396; x_wconf 86' lang='lat' dir='ltr'><strong>Patres</strong></span> <span class='ocrx_word' id='word_1_504' title='bbox 3374 1339 3570 1405; x_wconf 88' lang='lat' dir='ltr'><strong>nostri,</strong></span> <span class='ocrx_word' id='word_1_505' title='bbox 3593 1338 3689 1410; x_wconf 86' lang='lat' dir='ltr'><strong>qui</strong></span> 
     </span>
    </p>
   </div>
   <div class='ocr_carea' id='block_1_58' title="bbox 2110 1431 3694 1502">
    <p class='ocr_par' dir='ltr' id='par_1_58' title="bbox 2110 1431 3694 1502">
     <span class='ocr_line' id='line_1_61' title="bbox 2110 1431 3694 1502; baseline -0.002 -13"><span class='ocrx_word' id='word_1_506' title='bbox 2110 1434 2165 1490; x_wconf 89' lang='lat' dir='ltr'><strong>in</strong></span> <span class='ocrx_word' id='word_1_507' title='bbox 2194 1433 2407 1490; x_wconf 64' lang='lat' dir='ltr'><strong>Nicena</strong></span> <span class='ocrx_word' id='word_1_508' title='bbox 2426 1441 2943 1499; x_wconf 86' lang='lat' dir='ltr'><strong>convenerunt,non</strong></span> <span class='ocrx_word' id='word_1_509' title='bbox 2971 1447 3002 1487; x_wconf 90' lang='lat' dir='ltr'><strong>a</strong></span> <span class='ocrx_word' id='word_1_510' title='bbox 3029 1432 3338 1502; x_wconf 81' lang='lat' dir='ltr'><strong>semetipsis</strong></span> <span class='ocrx_word' id='word_1_511' title='bbox 3371 1431 3536 1487; x_wconf 90' lang='lat' dir='ltr'><strong>locuti</strong></span> <span class='ocrx_word' id='word_1_512' title='bbox 3562 1440 3694 1488; x_wconf 81' lang='lat' dir='ltr'><strong>sunt</strong></span> 
     </span>
    </p>
   </div>
   <div class='ocr_carea' id='block_1_59' title="bbox 2115 1522 3691 1597">
    <p class='ocr_par' dir='ltr' id='par_1_59' title="bbox 2115 1522 3691 1597">
     <span class='ocr_line' id='line_1_62' title="bbox 2115 1522 3691 1597; baseline -0.003 -16"><span class='ocrx_word' id='word_1_513' title='bbox 2115 1541 2237 1597; x_wconf 62' lang='lat' dir='ltr'><strong>quae</strong></span> <span class='ocrx_word' id='word_1_514' title='bbox 2276 1525 2441 1580; x_wconf 90' lang='lat' dir='ltr'><strong>locuti</strong></span> <span class='ocrx_word' id='word_1_515' title='bbox 2470 1532 2618 1590; x_wconf 91' lang='lat' dir='ltr'><strong>sunt,</strong></span> <span class='ocrx_word' id='word_1_516' title='bbox 2647 1525 2742 1580; x_wconf 90' lang='lat' dir='ltr'><strong>sed</strong></span> <span class='ocrx_word' id='word_1_517' title='bbox 2765 1525 2912 1595; x_wconf 88' lang='lat' dir='ltr'><strong>quod</strong></span> <span class='ocrx_word' id='word_1_518' title='bbox 2939 1522 3176 1594; x_wconf 88' lang='lat' dir='ltr'><strong>Spiritus</strong></span> <span class='ocrx_word' id='word_1_519' title='bbox 3204 1533 3426 1579; x_wconf 86' lang='lat' dir='ltr'><strong>sanctus</strong></span> <span class='ocrx_word' id='word_1_520' title='bbox 3447 1524 3691 1579; x_wconf 79' lang='lat' dir='ltr'><strong>dictavit.</strong></span> 
     </span>
    </p>
   </div>
   <div class='ocr_carea' id='block_1_60' title="bbox 2096 1615 3696 1691">
    <p class='ocr_par' dir='ltr' id='par_1_60' title="bbox 2096 1615 3696 1691">
     <span class='ocr_line' id='line_1_63' title="bbox 2096 1615 3696 1691; baseline -0.003 -18"><span class='ocrx_word' id='word_1_521' title='bbox 2096 1617 2376 1691; x_wconf 80' lang='lat' dir='ltr'><strong>Similiter</strong></span> <span class='ocrx_word' id='word_1_522' title='bbox 2395 1616 2772 1672; x_wconf 89' lang='lat' dir='ltr'><strong>sanctissimus</strong></span> <span class='ocrx_word' id='word_1_523' title='bbox 2797 1624 2854 1670; x_wconf 92' lang='lat' dir='ltr'><strong>et</strong></span> <span class='ocrx_word' id='word_1_524' title='bbox 2871 1616 2985 1672; x_wconf 88' lang='lat' dir='ltr'><strong>Deo</strong></span> <span class='ocrx_word' id='word_1_525' title='bbox 3013 1617 3226 1672; x_wconf 88' lang='lat' dir='ltr'><strong>amicus</strong></span> <span class='ocrx_word' id='word_1_526' title='bbox 3253 1615 3444 1671; x_wconf 85' lang='lat' dir='ltr'><strong>beatus</strong></span> <span class='ocrx_word' id='word_1_527' title='bbox 3464 1615 3696 1686; x_wconf 77' lang='lat' dir='ltr'><strong>Cyrinus</strong></span> 
     </span>
    </p>
   </div>
   <div class='ocr_carea' id='block_1_61' title="bbox 2113 1705 3695 1780">
    <p class='ocr_par' dir='ltr' id='par_1_61' title="bbox 2113 1705 3695 1780">
     <span class='ocr_line' id='line_1_64' title="bbox 2113 1705 3695 1780; baseline -0.002 -17"><span class='ocrx_word' id='word_1_528' title='bbox 2113 1723 2179 1764; x_wconf 93' lang='lat' dir='ltr'><strong>ex</strong></span> <span class='ocrx_word' id='word_1_529' title='bbox 2211 1707 2417 1780; x_wconf 90' lang='lat' dir='ltr'><strong>Spiritu</strong></span> <span class='ocrx_word' id='word_1_530' title='bbox 2458 1715 2668 1770; x_wconf 88' lang='lat' dir='ltr'><strong>sancto,</strong></span> <span class='ocrx_word' id='word_1_531' title='bbox 2706 1720 2825 1775; x_wconf 75' lang='lat' dir='ltr'><strong>qua:</strong></span> <span class='ocrx_word' id='word_1_532' title='bbox 2851 1714 2978 1760; x_wconf 89' lang='lat' dir='ltr'><strong>sunt</strong></span> <span class='ocrx_word' id='word_1_533' title='bbox 3000 1714 3313 1761; x_wconf 86' lang='lat' dir='ltr'><strong>sanctorum</strong></span> <span class='ocrx_word' id='word_1_534' title='bbox 3338 1705 3582 1770; x_wconf 87' lang='lat' dir='ltr'><strong>Patrum,</strong></span> <span class='ocrx_word' id='word_1_535' title='bbox 3613 1705 3695 1760; x_wconf 86' lang='lat' dir='ltr'><strong>lo-</strong></span> 
     </span>
    </p>
   </div>
   <div class='ocr_carea' id='block_1_62' title="bbox 2041 1793 3696 1866">
    <p class='ocr_par' dir='ltr' id='par_1_62' title="bbox 2041 1793 3696 1866">
     <span class='ocr_line' id='line_1_65' title="bbox 2041 1793 3696 1866; baseline -0.003 -13"><span class='ocrx_word' id='word_1_536' title='bbox 2041 1793 2087 1853; x_wconf 80' lang='grc' dir='ltr'><strong><em>Β</em></strong></span> <span class='ocrx_word' id='word_1_537' title='bbox 2115 1805 2274 1852; x_wconf 90' lang='lat' dir='ltr'><strong>cutus</strong></span> <span class='ocrx_word' id='word_1_538' title='bbox 2297 1803 2461 1851; x_wconf 90' lang='lat' dir='ltr'><strong>estet</strong></span> <span class='ocrx_word' id='word_1_539' title='bbox 2481 1795 2682 1850; x_wconf 90' lang='lat' dir='ltr'><strong>docuit.</strong></span> <span class='ocrx_word' id='word_1_540' title='bbox 2723 1814 2741 1847; x_wconf 76' lang='grc' dir='ltr'><strong>ι</strong></span> <span class='ocrx_word' id='word_1_541' title='bbox 2776 1795 2843 1849; x_wconf 84' lang='lat' dir='ltr'><strong>Et</strong></span> <span class='ocrx_word' id='word_1_542' title='bbox 2867 1802 2989 1865; x_wconf 88' lang='lat' dir='ltr'><strong>post</strong></span> <span class='ocrx_word' id='word_1_543' title='bbox 3024 1810 3196 1866; x_wconf 86' lang='lat' dir='ltr'><strong>pauca</strong></span> <span class='ocrx_word' id='word_1_544' title='bbox 3230 1796 3418 1850; x_wconf 88' lang='lat' dir='ltr'><strong>eadem</strong></span> <span class='ocrx_word' id='word_1_545' title='bbox 3444 1794 3696 1864; x_wconf 72' lang='lat' dir='ltr'><strong>praedicta</strong></span> 
     </span>
    </p>
   </div>
   <div class='ocr_carea' id='block_1_63' title="bbox 2117 1884 3698 1965">
    <p class='ocr_par' dir='ltr' id='par_1_63' title="bbox 2117 1884 3698 1965">
     <span class='ocr_line' id='line_1_66' title="bbox 2117 1884 3698 1965; baseline -0.004 -22"><span class='ocrx_word' id='word_1_546' title='bbox 2117 1885 2354 1959; x_wconf 86' lang='lat' dir='ltr'><strong>synodus</strong></span> <span class='ocrx_word' id='word_1_547' title='bbox 2378 1885 2544 1965; x_wconf 82' lang='lat' dir='ltr'><strong>dicit:</strong></span> <span class='ocrx_word' id='word_1_548' title='bbox 2583 1903 2601 1936; x_wconf 75' lang='grc' dir='ltr'>ι</span> <span class='ocrx_word' id='word_1_549' title='bbox 2640 1884 2860 1940; x_wconf 76' lang='lat' dir='ltr'><strong>Lectum</strong></span> <span class='ocrx_word' id='word_1_550' title='bbox 2886 1900 2918 1939; x_wconf 89' lang='lat' dir='ltr'><strong>a</strong></span> <span class='ocrx_word' id='word_1_551' title='bbox 2944 1894 3133 1941; x_wconf 86' lang='lat' dir='ltr'><strong>sancta</strong></span> <span class='ocrx_word' id='word_1_552' title='bbox 3155 1885 3361 1956; x_wconf 78' lang='lat' dir='ltr'><strong>synodo</strong></span> <span class='ocrx_word' id='word_1_553' title='bbox 3387 1891 3698 1939; x_wconf 83' lang='lat' dir='ltr'><strong>sanctorum</strong></span> 
     </span>
    </p>
   </div>
   <div class='ocr_carea' id='block_1_64' title="bbox 2120 1974 3699 2046">
    <p class='ocr_par' dir='ltr' id='par_1_64' title="bbox 2120 1974 3699 2046">
     <span class='ocr_line' id='line_1_67' title="bbox 2120 1974 3699 2046; baseline -0.002 -15"><span class='ocrx_word' id='word_1_554' title='bbox 2120 1977 2342 2031; x_wconf 88' lang='lat' dir='ltr'><strong>Patrum</strong></span> <span class='ocrx_word' id='word_1_555' title='bbox 2367 1976 2754 2046; x_wconf 86' lang='lat' dir='ltr'><strong>expositionem</strong></span> <span class='ocrx_word' id='word_1_556' title='bbox 2771 2015 2787 2040; x_wconf 94' lang='lat'><strong>,</strong></span> <span class='ocrx_word' id='word_1_557' title='bbox 2818 1984 2874 2028; x_wconf 92' lang='lat' dir='ltr'><strong>et</strong></span> <span class='ocrx_word' id='word_1_558' title='bbox 2901 1975 3071 2030; x_wconf 89' lang='lat' dir='ltr'><strong>lectas</strong></span> <span class='ocrx_word' id='word_1_559' title='bbox 3095 1975 3251 2030; x_wconf 90' lang='lat' dir='ltr'><strong>nobis</strong></span> <span class='ocrx_word' id='word_1_560' title='bbox 3278 1974 3535 2043; x_wconf 86' lang='lat' dir='ltr'><strong>epistolas</strong></span> <span class='ocrx_word' id='word_1_561' title='bbox 3568 1990 3699 2030; x_wconf 82' lang='lat' dir='ltr'><strong>san-</strong></span> 
     </span>
    </p>
   </div>
   <div class='ocr_carea' id='block_1_65' title="bbox 2119 2064 3728 2136">
    <p class='ocr_par' dir='ltr' id='par_1_65' title="bbox 2119 2064 3728 2136">
     <span class='ocr_line' id='line_1_68' title="bbox 2119 2064 3728 2136; baseline -0.004 -12"><span class='ocrx_word' id='word_1_562' title='bbox 2119 2067 2346 2124; x_wconf 90' lang='lat' dir='ltr'><strong>ctissimi</strong></span> <span class='ocrx_word' id='word_1_563' title='bbox 2376 2073 2432 2121; x_wconf 89' lang='lat' dir='ltr'><strong>et</strong></span> <span class='ocrx_word' id='word_1_564' title='bbox 2457 2065 2569 2121; x_wconf 88' lang='lat' dir='ltr'><strong>Deo</strong></span> <span class='ocrx_word' id='word_1_565' title='bbox 2603 2064 2750 2136; x_wconf 89' lang='lat' dir='ltr'><strong>digni</strong></span> <span class='ocrx_word' id='word_1_566' title='bbox 2799 2065 3071 2135; x_wconf 85' lang='lat' dir='ltr'><strong>quondam</strong></span> <span class='ocrx_word' id='word_1_567' title='bbox 3118 2065 3357 2135; x_wconf 90' lang='lat' dir='ltr'><strong>episcopi</strong></span> <span class='ocrx_word' id='word_1_568' title='bbox 3405 2064 3618 2136; x_wconf 86' lang='lat' dir='ltr'><strong>Cyrilli,</strong></span> <span class='ocrx_word' id='word_1_569' title='bbox 3646 2073 3728 2120; x_wconf 87' lang='lat' dir='ltr'><strong>et&#39;</strong></span> 
     </span>
    </p>
   </div>
   <div class='ocr_carea' id='block_1_66' title="bbox 2119 2153 3702 2228">
    <p class='ocr_par' dir='ltr' id='par_1_66' title="bbox 2119 2153 3702 2228">
     <span class='ocr_line' id='line_1_69' title="bbox 2119 2153 3702 2228; baseline -0.002 -16"><span class='ocrx_word' id='word_1_570' title='bbox 2119 2157 2392 2228; x_wconf 74' lang='lat' dir='ltr'><strong>expositas</strong></span> <span class='ocrx_word' id='word_1_571' title='bbox 2421 2155 2632 2226; x_wconf 84' lang='lat' dir='ltr'><strong>regulas</strong></span> <span class='ocrx_word' id='word_1_572' title='bbox 2656 2162 2712 2210; x_wconf 91' lang='lat' dir='ltr'><strong>et</strong></span> <span class='ocrx_word' id='word_1_573' title='bbox 2741 2153 2913 2209; x_wconf 75' lang='lat' dir='ltr'><strong>tidem</strong></span> <span class='ocrx_word' id='word_1_574' title='bbox 2939 2169 2971 2208; x_wconf 89' lang='lat' dir='ltr'><strong>a</strong></span> <span class='ocrx_word' id='word_1_575' title='bbox 2993 2162 3178 2209; x_wconf 88' lang='lat' dir='ltr'><strong>sancta</strong></span> <span class='ocrx_word' id='word_1_576' title='bbox 3206 2162 3264 2208; x_wconf 90' lang='lat' dir='ltr'><strong>et</strong></span> <span class='ocrx_word' id='word_1_577' title='bbox 3297 2170 3492 2225; x_wconf 87' lang='lat' dir='ltr'><strong>magna</strong></span> <span class='ocrx_word' id='word_1_578' title='bbox 3523 2153 3702 2223; x_wconf 70' lang='lat' dir='ltr'><strong>Epito-</strong></span> 
     </span>
    </p>
   </div>
   <div class='ocr_carea' id='block_1_67' title="bbox 2120 2241 3710 2323">
    <p class='ocr_par' dir='ltr' id='par_1_67' title="bbox 2120 2241 3710 2323">
     <span class='ocr_line' id='line_1_70' title="bbox 2120 2241 3710 2323; baseline -0.002 -21"><span class='ocrx_word' id='word_1_579' title='bbox 2120 2248 2260 2311; x_wconf 83' lang='lat' dir='ltr'><strong>sina,</strong></span> <span class='ocrx_word' id='word_1_580' title='bbox 2289 2261 2524 2323; x_wconf 89' lang='lat' dir='ltr'><strong>consona</strong></span> <span class='ocrx_word' id='word_1_581' title='bbox 2550 2243 2729 2299; x_wconf 90' lang='lat' dir='ltr'><strong>omnia</strong></span> <span class='ocrx_word' id='word_1_582' title='bbox 2767 2245 3150 2313; x_wconf 88' lang='lat' dir='ltr'><strong>comperimus.</strong></span> <span class='ocrx_word' id='word_1_583' title='bbox 3182 2263 3203 2296; x_wconf 72' lang='grc' dir='ltr'>ι</span> <span class='ocrx_word' id='word_1_584' title='bbox 3235 2243 3400 2315; x_wconf 87' lang='lat' dir='ltr'><strong>Igitur</strong></span> <span class='ocrx_word' id='word_1_585' title='bbox 3424 2241 3481 2298; x_wconf 85' lang='lat' dir='ltr'><strong>et</strong></span> <span class='ocrx_word' id='word_1_586' title='bbox 3503 2259 3605 2314; x_wconf 88' lang='lat' dir='ltr'><strong>ego</strong></span> <span class='ocrx_word' id='word_1_587' title='bbox 3626 2243 3710 2299; x_wconf 89' lang='lat' dir='ltr'><strong>sic</strong></span> 
     </span>
    </p>
   </div>
   <div class='ocr_carea' id='block_1_68' title="bbox 2122 2334 3702 2407">
    <p class='ocr_par' dir='ltr' id='par_1_68' title="bbox 2122 2334 3702 2407">
     <span class='ocr_line' id='line_1_71' title="bbox 2122 2334 3702 2407; baseline -0.003 -12"><span class='ocrx_word' id='word_1_588' title='bbox 2122 2339 2285 2395; x_wconf 85' lang='lat' dir='ltr'><strong>credo</strong></span> <span class='ocrx_word' id='word_1_589' title='bbox 2307 2346 2364 2392; x_wconf 90' lang='lat' dir='ltr'><strong>et</strong></span> <span class='ocrx_word' id='word_1_590' title='bbox 2387 2337 2670 2400; x_wconf 80' lang='lat' dir='ltr'><strong>conﬁteor,</strong></span> <span class='ocrx_word' id='word_1_591' title='bbox 2701 2344 2756 2390; x_wconf 85' lang='lat' dir='ltr'><strong>et</strong></span> <span class='ocrx_word' id='word_1_592' title='bbox 2781 2337 2874 2405; x_wconf 85' lang='lat' dir='ltr'><strong>qui</strong></span> <span class='ocrx_word' id='word_1_593' title='bbox 2902 2344 3108 2407; x_wconf 57' lang='lat' dir='ltr'><strong>przeter»</strong></span> <span class='ocrx_word' id='word_1_594' title='bbox 3129 2337 3248 2392; x_wconf 67' lang='lat' dir='ltr'><strong>haec</strong></span> <span class='ocrx_word' id='word_1_595' title='bbox 3271 2337 3438 2406; x_wconf 88' lang='lat' dir='ltr'><strong>sapit,</strong></span> <span class='ocrx_word' id='word_1_596' title='bbox 3466 2334 3702 2392; x_wconf 80' lang='lat' dir='ltr'><strong>alienum</strong></span> 
     </span>
    </p>
   </div>
   <div class='ocr_carea' id='block_1_69' title="bbox 2117 2425 3705 2499">
    <p class='ocr_par' dir='ltr' id='par_1_69' title="bbox 2117 2425 3705 2499">
     <span class='ocr_line' id='line_1_72' title="bbox 2117 2425 3705 2499; baseline 0 -17"><span class='ocrx_word' id='word_1_597' title='bbox 2117 2428 2302 2499; x_wconf 87' lang='lat' dir='ltr'><strong>judico</strong></span> <span class='ocrx_word' id='word_1_598' title='bbox 2339 2443 2371 2482; x_wconf 87' lang='lat' dir='ltr'><strong>a</strong></span> <span class='ocrx_word' id='word_1_599' title='bbox 2413 2435 2602 2482; x_wconf 88' lang='lat' dir='ltr'><strong>sancta</strong></span> <span class='ocrx_word' id='word_1_600' title='bbox 2646 2425 2914 2480; x_wconf 85' lang='lat' dir='ltr'><strong>catholica</strong></span> <span class='ocrx_word' id='word_1_601' title='bbox 2938 2425 3185 2480; x_wconf 84' lang='lat' dir='ltr'><strong>Ecclesia</strong></span> <span class='ocrx_word' id='word_1_602' title='bbox 3219 2436 3278 2481; x_wconf 86' lang='lat' dir='ltr'><strong>et</strong></span> <span class='ocrx_word' id='word_1_603' title='bbox 3315 2441 3348 2480; x_wconf 91' lang='lat' dir='ltr'><strong>a</strong></span> <span class='ocrx_word' id='word_1_604' title='bbox 3399 2425 3508 2481; x_wconf 84' lang='lat' dir='ltr'><strong>lide</strong></span> <span class='ocrx_word' id='word_1_605' title='bbox 3554 2433 3705 2482; x_wconf 78' lang='lat' dir='ltr'><strong>recta</strong></span> 
     </span>
    </p>
   </div>
   <div class='ocr_carea' id='block_1_70' title="bbox 2125 2518 3710 2576">
    <p class='ocr_par' dir='ltr' id='par_1_70' title="bbox 2125 2518 3710 2576">
     <span class='ocr_line' id='line_1_73' title="bbox 2125 2518 3710 2576; baseline -0.008 0"><span class='ocrx_word' id='word_1_606' title='bbox 2125 2518 2484 2576; x_wconf 89' lang='lat' dir='ltr'><strong>credentium.</strong></span> <span class='ocrx_word' id='word_1_607' title='bbox 3703 2567 3710 2576; x_wconf 60' lang='grc'><strong><em>,</em></strong></span> 
     </span>
    </p>
   </div>
   <div class='ocr_carea' id='block_1_71' title="bbox 2197 2605 3707 2680">
    <p class='ocr_par' dir='ltr' id='par_1_71' title="bbox 2197 2605 3707 2680">
     <span class='ocr_line' id='line_1_74' title="bbox 2197 2605 3707 2680; baseline -0.001 -14"><span class='ocrx_word' id='word_1_608' title='bbox 2197 2611 2394 2665; x_wconf 87' lang='lat' dir='ltr'><strong>Beatus</strong></span> <span class='ocrx_word' id='word_1_609' title='bbox 2418 2609 2582 2680; x_wconf 80' lang='lat' dir='ltr'><strong>igitur</strong></span> <span class='ocrx_word' id='word_1_610' title='bbox 2607 2607 2839 2680; x_wconf 80' lang='lat' dir='ltr'><strong>Cyrinus</strong></span> <span class='ocrx_word' id='word_1_611' title='bbox 2864 2607 2893 2646; x_wconf 71' lang='grc' dir='ltr'>δ</span> <span class='ocrx_word' id='word_1_612' title='bbox 2935 2607 2994 2661; x_wconf 91' lang='lat' dir='ltr'><strong>in</strong></span> <span class='ocrx_word' id='word_1_613' title='bbox 3016 2605 3276 2677; x_wconf 63' lang='lat' dir='ltr'><strong>pradicta</strong></span> <span class='ocrx_word' id='word_1_614' title='bbox 3303 2606 3566 2663; x_wconf 82' lang='lat' dir='ltr'><strong>eamnica</strong></span> <span class='ocrx_word' id='word_1_615' title='bbox 3594 2607 3707 2678; x_wconf 83' lang='lat' dir='ltr'><strong>epi-</strong></span> 
     </span>
    </p>
   </div>
   <div class='ocr_carea' id='block_1_72' title="bbox 2127 2692 3709 2770">
    <p class='ocr_par' dir='ltr' id='par_1_72' title="bbox 2127 2692 3709 2770">
     <span class='ocr_line' id='line_1_75' title="bbox 2127 2692 3709 2770; baseline -0.003 -16"><span class='ocrx_word' id='word_1_616' title='bbox 2127 2700 2269 2756; x_wconf 90' lang='lat' dir='ltr'><strong>stola</strong></span> <span class='ocrx_word' id='word_1_617' title='bbox 2295 2740 2311 2766; x_wconf 93' lang='lat'><strong>,</strong></span> <span class='ocrx_word' id='word_1_618' title='bbox 2353 2713 2518 2770; x_wconf 89' lang='lat' dir='ltr'><strong>quam</strong></span> <span class='ocrx_word' id='word_1_619' title='bbox 2571 2698 2641 2752; x_wconf 90' lang='lat' dir='ltr'><strong>ad</strong></span> <span class='ocrx_word' id='word_1_620' title='bbox 2685 2695 2996 2753; x_wconf 84' lang='lat' dir='ltr'><strong>Nestorium</strong></span> <span class='ocrx_word' id='word_1_621' title='bbox 3033 2693 3358 2766; x_wconf 86' lang='lat' dir='ltr'><strong>conscripsit</strong></span> <span class='ocrx_word' id='word_1_622' title='bbox 3381 2733 3399 2760; x_wconf 94' lang='lat'><strong>,</strong></span> <span class='ocrx_word' id='word_1_623' title='bbox 3446 2692 3709 2766; x_wconf 79' lang='lat' dir='ltr'><strong>Spiritum</strong></span> 
     </span>
    </p>
   </div>
   <div class='ocr_carea' id='block_1_73' title="bbox 2128 2783 3701 2854">
    <p class='ocr_par' dir='ltr' id='par_1_73' title="bbox 2128 2783 3701 2854">
     <span class='ocr_line' id='line_1_76' title="bbox 2128 2783 3701 2854; baseline -0.003 -10"><span class='ocrx_word' id='word_1_624' title='bbox 2128 2796 2374 2844; x_wconf 83' lang='lat' dir='ltr'><strong>sanctum</strong></span> <span class='ocrx_word' id='word_1_625' title='bbox 2402 2803 2434 2840; x_wconf 88' lang='lat' dir='ltr'><strong>a</strong></span> <span class='ocrx_word' id='word_1_626' title='bbox 2455 2787 2622 2841; x_wconf 83' lang='lat' dir='ltr'><strong>Patre</strong></span> <span class='ocrx_word' id='word_1_627' title='bbox 2647 2793 2701 2841; x_wconf 89' lang='lat' dir='ltr'><strong>et</strong></span> <span class='ocrx_word' id='word_1_628' title='bbox 2723 2783 2864 2840; x_wconf 79' lang='lat' dir='ltr'><strong>Filio</strong></span> <span class='ocrx_word' id='word_1_629' title='bbox 2886 2784 3180 2854; x_wconf 82' lang='lat' dir='ltr'><strong>procedere</strong></span> <span class='ocrx_word' id='word_1_630' title='bbox 3206 2792 3440 2841; x_wconf 79' lang='lat' dir='ltr'><strong>testatur</strong></span> <span class='ocrx_word' id='word_1_631' title='bbox 3465 2785 3653 2843; x_wconf 77' lang='lat' dir='ltr'><strong>dicens</strong></span> <span class='ocrx_word' id='word_1_632' title='bbox 3686 2803 3701 2840; x_wconf 91' lang='lat'><strong>:</strong></span> 
     </span>
    </p>
   </div>
   <div class='ocr_carea' id='block_1_74' title="bbox 2135 2873 3710 2945">
    <p class='ocr_par' dir='ltr' id='par_1_74' title="bbox 2135 2873 3710 2945">
     <span class='ocr_line' id='line_1_77' title="bbox 2135 2873 3710 2945; baseline 0.002 -19"><span class='ocrx_word' id='word_1_633' title='bbox 2135 2894 2156 2926; x_wconf 72' lang='grc' dir='ltr'>ι</span> <span class='ocrx_word' id='word_1_634' title='bbox 2180 2875 2436 2943; x_wconf 82' lang='lat' dir='ltr'><strong>Quamvis</strong></span> <span class='ocrx_word' id='word_1_635' title='bbox 2461 2882 2545 2930; x_wconf 85' lang='lat' dir='ltr'><strong>est</strong></span> <span class='ocrx_word' id='word_1_636' title='bbox 2573 2873 2629 2928; x_wconf 85' lang='lat' dir='ltr'><strong>in</strong></span> <span class='ocrx_word' id='word_1_637' title='bbox 2653 2873 3005 2930; x_wconf 84' lang='lat' dir='ltr'><strong>subsistentia</strong></span> <span class='ocrx_word' id='word_1_638' title='bbox 3030 2873 3267 2943; x_wconf 88' lang='lat' dir='ltr'><strong>Spiritus</strong></span> <span class='ocrx_word' id='word_1_639' title='bbox 3302 2875 3553 2945; x_wconf 84' lang='lat' dir='ltr'><strong>speciali,</strong></span> <span class='ocrx_word' id='word_1_640' title='bbox 3585 2891 3710 2931; x_wconf 88' lang='lat' dir='ltr'><strong>nam</strong></span> 
     </span>
    </p>
   </div>
   <div class='ocr_carea' id='block_1_75' title="bbox 2133 2961 3711 3037">
    <p class='ocr_par' dir='ltr' id='par_1_75' title="bbox 2133 2961 3711 3037">
     <span class='ocr_line' id='line_1_78' title="bbox 2133 2961 3711 3037; baseline -0.001 -16"><span class='ocrx_word' id='word_1_641' title='bbox 2133 2974 2192 3021; x_wconf 86' lang='lat' dir='ltr'><strong>et</strong></span> <span class='ocrx_word' id='word_1_642' title='bbox 2235 2964 2550 3036; x_wconf 87' lang='lat' dir='ltr'><strong>intelligitur</strong></span> <span class='ocrx_word' id='word_1_643' title='bbox 2574 2978 2672 3034; x_wconf 85' lang='lat' dir='ltr'><strong>per</strong></span> <span class='ocrx_word' id='word_1_644' title='bbox 2703 2977 2762 3018; x_wconf 86' lang='lat' dir='ltr'><strong>se</strong></span> <span class='ocrx_word' id='word_1_645' title='bbox 2802 2961 3095 3019; x_wconf 83' lang='lat' dir='ltr'><strong>secundum</strong></span> <span class='ocrx_word' id='word_1_646' title='bbox 3124 2963 3290 3037; x_wconf 67' lang='lat'><strong>7‘8</strong></span> <span class='ocrx_word' id='word_1_647' title='bbox 3311 2966 3457 3035; x_wconf 85' lang='lat' dir='ltr'><strong>quod</strong></span> <span class='ocrx_word' id='word_1_648' title='bbox 3480 2964 3711 3036; x_wconf 75' lang='lat' dir='ltr'><strong>Spiritus</strong></span> 
     </span>
    </p>
   </div>
   <div class='ocr_carea' id='block_1_76' title="bbox 2135 3054 3712 3118">
    <p class='ocr_par' dir='ltr' id='par_1_76' title="bbox 2135 3054 3712 3118">
     <span class='ocr_line' id='line_1_79' title="bbox 2135 3054 3712 3118; baseline -0.001 -6"><span class='ocrx_word' id='word_1_649' title='bbox 2135 3064 2236 3118; x_wconf 85' lang='lat' dir='ltr'><strong>est.</strong></span> <span class='ocrx_word' id='word_1_650' title='bbox 2275 3065 2332 3111; x_wconf 92' lang='lat' dir='ltr'><strong>et</strong></span> <span class='ocrx_word' id='word_1_651' title='bbox 2358 3071 2465 3111; x_wconf 89' lang='lat' dir='ltr'><strong>non</strong></span> <span class='ocrx_word' id='word_1_652' title='bbox 2489 3054 2687 3116; x_wconf 86' lang='lat' dir='ltr'><strong>Filius;</strong></span> <span class='ocrx_word' id='word_1_653' title='bbox 2719 3054 2814 3110; x_wconf 82' lang='lat' dir='ltr'><strong>sed</strong></span> <span class='ocrx_word' id='word_1_654' title='bbox 2848 3063 3029 3110; x_wconf 87' lang='lat' dir='ltr'><strong>tamen</strong></span> <span class='ocrx_word' id='word_1_655' title='bbox 3057 3069 3164 3110; x_wconf 89' lang='lat' dir='ltr'><strong>non</strong></span> <span class='ocrx_word' id='word_1_656' title='bbox 3186 3063 3273 3110; x_wconf 90' lang='lat' dir='ltr'><strong>est</strong></span> <span class='ocrx_word' id='word_1_657' title='bbox 3296 3055 3510 3112; x_wconf 76' lang='lat' dir='ltr'><strong>alienus</strong></span> <span class='ocrx_word' id='word_1_658' title='bbox 3532 3055 3602 3110; x_wconf 84' lang='lat' dir='ltr'><strong>ab</strong></span> <span class='ocrx_word' id='word_1_659' title='bbox 3625 3064 3712 3111; x_wconf 87' lang='lat' dir='ltr'><strong>&#39;eo.</strong></span> 
     </span>
    </p>
   </div>
   <div class='ocr_carea' id='block_1_77' title="bbox 2133 3146 3712 3220">
    <p class='ocr_par' dir='ltr' id='par_1_77' title="bbox 2133 3146 3712 3220">
     <span class='ocr_line' id='line_1_80' title="bbox 2133 3146 3712 3220; baseline -0.001 -16"><span class='ocrx_word' id='word_1_660' title='bbox 2133 3147 2366 3220; x_wconf 84' lang='lat' dir='ltr'><strong>Spiritus</strong></span> <span class='ocrx_word' id='word_1_661' title='bbox 2409 3150 2554 3205; x_wconf 85' lang='lat' dir='ltr'><strong>enim</strong></span> <span class='ocrx_word' id='word_1_662' title='bbox 2592 3148 2836 3204; x_wconf 81' lang='lat' dir='ltr'><strong>veritatis</strong></span> <span class='ocrx_word' id='word_1_663' title='bbox 2883 3148 3208 3214; x_wconf 85' lang='lat' dir='ltr'><strong>nominatur,</strong></span> <span class='ocrx_word' id='word_1_664' title='bbox 3245 3157 3304 3204; x_wconf 87' lang='lat' dir='ltr'><strong>et</strong></span> <span class='ocrx_word' id='word_1_665' title='bbox 3346 3155 3432 3204; x_wconf 87' lang='lat' dir='ltr'><strong>est</strong></span> <span class='ocrx_word' id='word_1_666' title='bbox 3469 3146 3712 3204; x_wconf 68' lang='lat' dir='ltr'><strong>Christus</strong></span> 
     </span>
    </p>
   </div>
   <div class='ocr_carea' id='block_1_78' title="bbox 2130 3233 3713 3310">
    <p class='ocr_par' dir='ltr' id='par_1_78' title="bbox 2130 3233 3713 3310">
     <span class='ocr_line' id='line_1_81' title="bbox 2130 3233 3713 3310; baseline -0.001 -18"><span class='ocrx_word' id='word_1_667' title='bbox 2130 3237 2363 3304; x_wconf 86' lang='lat' dir='ltr'><strong>veritas,</strong></span> <span class='ocrx_word' id='word_1_668' title='bbox 2391 3253 2449 3299; x_wconf 82' lang='lat' dir='ltr'><strong>et</strong></span> <span class='ocrx_word' id='word_1_669' title='bbox 2472 3235 2691 3310; x_wconf 73' lang='lat' dir='ltr'><strong>proﬂuit</strong></span> <span class='ocrx_word' id='word_1_670' title='bbox 2717 3238 2788 3294; x_wconf 88' lang='lat' dir='ltr'><strong>ab</strong></span> <span class='ocrx_word' id='word_1_671' title='bbox 2813 3252 2913 3303; x_wconf 90' lang='lat' dir='ltr'><strong>eo,</strong></span> <span class='ocrx_word' id='word_1_672' title='bbox 2949 3233 3090 3293; x_wconf 85' lang='lat' dir='ltr'><strong>sicut</strong></span> <span class='ocrx_word' id='word_1_673' title='bbox 3129 3251 3200 3293; x_wconf 87' lang='lat' dir='ltr'><strong>ex</strong></span> <span class='ocrx_word' id='word_1_674' title='bbox 3246 3236 3361 3293; x_wconf 88' lang='lat' dir='ltr'><strong>Deo</strong></span> <span class='ocrx_word' id='word_1_675' title='bbox 3385 3246 3444 3292; x_wconf 92' lang='lat' dir='ltr'><strong>et</strong></span> <span class='ocrx_word' id='word_1_676' title='bbox 3470 3236 3652 3292; x_wconf 88' lang='lat' dir='ltr'><strong>Patre.</strong></span> <span class='ocrx_word' id='word_1_677' title='bbox 3693 3257 3713 3290; x_wconf 76' lang='grc' dir='ltr'><strong><em>ι</em></strong></span> 
     </span>
    </p>
   </div>
   <div class='ocr_carea' id='block_1_79' title="bbox 2129 3327 3823 3401">
    <p class='ocr_par' dir='ltr' id='par_1_79' title="bbox 2129 3327 3823 3401">
     <span class='ocr_line' id='line_1_82' title="bbox 2129 3327 3823 3401; baseline 0.002 -19"><span class='ocrx_word' id='word_1_678' title='bbox 2129 3327 2276 3383; x_wconf 85' lang='lat' dir='ltr'><strong>idem</strong></span> <span class='ocrx_word' id='word_1_679' title='bbox 2317 3341 2532 3398; x_wconf 88' lang='lat' dir='ltr'><strong>quoque</strong></span> <span class='ocrx_word' id='word_1_680' title='bbox 2572 3336 2793 3385; x_wconf 86' lang='lat' dir='ltr'><strong>sanctus</strong></span> <span class='ocrx_word' id='word_1_681' title='bbox 2819 3327 3052 3401; x_wconf 82' lang='lat' dir='ltr'><strong>Cyrinus</strong></span> <span class='ocrx_word' id='word_1_682' title='bbox 3077 3339 3100 3368; x_wconf 72' lang='grc' dir='ltr'>α</span> <span class='ocrx_word' id='word_1_683' title='bbox 3143 3329 3200 3383; x_wconf 91' lang='lat' dir='ltr'><strong>in</strong></span> <span class='ocrx_word' id='word_1_684' title='bbox 3243 3328 3415 3385; x_wconf 85' lang='lat' dir='ltr'><strong>altera</strong></span> <span class='ocrx_word' id='word_1_685' title='bbox 3455 3329 3716 3384; x_wconf 82' lang='lat' dir='ltr'><strong>canonica</strong></span> <span class='ocrx_word' id='word_1_686' title='bbox 3818 3381 3823 3386; x_wconf 86' lang='lat'><strong>.</strong></span> 
     </span>
    </p>
   </div>
   <div class='ocr_carea' id='block_1_80' title="bbox 2131 3417 3716 3490">
    <p class='ocr_par' dir='ltr' id='par_1_80' title="bbox 2131 3417 3716 3490">
     <span class='ocr_line' id='line_1_83' title="bbox 2131 3417 3716 3490; baseline 0.001 -17"><span class='ocrx_word' id='word_1_687' title='bbox 2131 3418 2382 3488; x_wconf 88' lang='lat' dir='ltr'><strong>epistola,</strong></span> <span class='ocrx_word' id='word_1_688' title='bbox 2408 3433 2572 3488; x_wconf 91' lang='lat' dir='ltr'><strong>quam</strong></span> <span class='ocrx_word' id='word_1_689' title='bbox 2613 3420 2683 3476; x_wconf 89' lang='lat' dir='ltr'><strong>ad</strong></span> <span class='ocrx_word' id='word_1_690' title='bbox 2725 3417 2990 3474; x_wconf 84' lang='lat' dir='ltr'><strong>Joannem</strong></span> <span class='ocrx_word' id='word_1_691' title='bbox 3033 3419 3254 3490; x_wconf 85' lang='lat' dir='ltr'><strong>scripsit</strong></span> <span class='ocrx_word' id='word_1_692' title='bbox 3294 3420 3716 3485; x_wconf 76' lang='lat' dir='ltr'><strong>Antiochenam,</strong></span> 
     </span>
    </p>
   </div>
   <div class='ocr_carea' id='block_1_81' title="bbox 2132 3492 3717 3580">
    <p class='ocr_par' dir='ltr' id='par_1_81' title="bbox 2132 3492 3717 3580">
     <span class='ocr_line' id='line_1_84' title="bbox 2132 3492 3717 3580; baseline 0.002 -17"><span class='ocrx_word' id='word_1_693' title='bbox 2132 3506 2363 3563; x_wconf 87' lang='lat' dir='ltr'><strong>similem</strong></span> <span class='ocrx_word' id='word_1_694' title='bbox 2398 3506 2466 3562; x_wconf 91' lang='lat' dir='ltr'><strong>de</strong></span> <span class='ocrx_word' id='word_1_695' title='bbox 2500 3506 2733 3579; x_wconf 87' lang='lat' dir='ltr'><strong>Spiritus</strong></span> <span class='ocrx_word' id='word_1_696' title='bbox 2779 3508 2955 3564; x_wconf 79' lang='lat' dir='ltr'><strong>sancti</strong></span> <span class='ocrx_word' id='word_1_697' title='bbox 2985 3523 3018 3562; x_wconf 83' lang='lat' dir='ltr'><strong>a</strong></span> <span class='ocrx_word' id='word_1_698' title='bbox 3057 3507 3222 3563; x_wconf 86' lang='lat' dir='ltr'><strong>Patre</strong></span> <span class='ocrx_word' id='word_1_699' title='bbox 3251 3517 3310 3564; x_wconf 91' lang='lat' dir='ltr'><strong>et</strong></span> <span class='ocrx_word' id='word_1_700' title='bbox 3337 3507 3476 3564; x_wconf 83' lang='lat' dir='ltr'><strong>Filio</strong></span> <span class='ocrx_word' id='word_1_701' title='bbox 3501 3492 3717 3580; x_wconf 55' lang='lat' dir='ltr'><strong>procos</strong></span> 
     </span>
    </p>
   </div>
   <div class='ocr_carea' id='block_1_82' title="bbox 2136 3597 3718 3668">
    <p class='ocr_par' dir='ltr' id='par_1_82' title="bbox 2136 3597 3718 3668">
     <span class='ocr_line' id='line_1_85' title="bbox 2136 3597 3718 3668; baseline 0.001 -14"><span class='ocrx_word' id='word_1_702' title='bbox 2136 3598 2288 3654; x_wconf 88' lang='lat' dir='ltr'><strong>sione</strong></span> <span class='ocrx_word' id='word_1_703' title='bbox 2325 3597 2548 3668; x_wconf 77' lang='lat' dir='ltr'><strong>protulit</strong></span> <span class='ocrx_word' id='word_1_704' title='bbox 2594 3599 2923 3660; x_wconf 82' lang='lat' dir='ltr'><strong>sententiam</strong></span> <span class='ocrx_word' id='word_1_705' title='bbox 2962 3600 3037 3654; x_wconf 88' lang='lat' dir='ltr'><strong>ita</strong></span> <span class='ocrx_word' id='word_1_706' title='bbox 3080 3600 3307 3657; x_wconf 86' lang='lat' dir='ltr'><strong>dicens:</strong></span> <span class='ocrx_word' id='word_1_707' title='bbox 3334 3619 3353 3653; x_wconf 83' lang='lat' dir='ltr'><strong>t</strong></span> <span class='ocrx_word' id='word_1_708' title='bbox 3383 3601 3718 3661; x_wconf 70' lang='lat' dir='ltr'><strong>laniuimus</strong></span> 
     </span>
    </p>
   </div>
   <div class='ocr_carea' id='block_1_83' title="bbox 2137 3690 3714 3764">
    <p class='ocr_par' dir='ltr' id='par_1_83' title="bbox 2137 3690 3714 3764">
     <span class='ocr_line' id='line_1_86' title="bbox 2137 3690 3714 3764; baseline 0.002 -19"><span class='ocrx_word' id='word_1_709' title='bbox 2137 3690 2283 3746; x_wconf 91' lang='lat' dir='ltr'><strong>enim</strong></span> <span class='ocrx_word' id='word_1_710' title='bbox 2313 3699 2370 3747; x_wconf 90' lang='lat' dir='ltr'><strong>et</strong></span> <span class='ocrx_word' id='word_1_711' title='bbox 2417 3690 2660 3747; x_wconf 84' lang='lat' dir='ltr'><strong>dicentes</strong></span> <span class='ocrx_word' id='word_1_712' title='bbox 2687 3709 2704 3745; x_wconf 85' lang='lat'><strong>:</strong></span> <span class='ocrx_word' id='word_1_713' title='bbox 2735 3690 2864 3746; x_wconf 86' lang='lat' dir='ltr'><strong>Noli</strong></span> <span class='ocrx_word' id='word_1_714' title='bbox 2885 3693 3180 3764; x_wconf 75' lang='lat' dir='ltr'><strong>transgredi</strong></span> <span class='ocrx_word' id='word_1_715' title='bbox 3199 3694 3447 3748; x_wconf 71' lang='lat' dir='ltr'><strong>lamina</strong></span> <span class='ocrx_word' id='word_1_716' title='bbox 3469 3703 3714 3756; x_wconf 59' lang='lat' dir='ltr'><strong>«ternos,</strong></span> 
     </span>
    </p>
   </div>
   <div class='ocr_carea' id='block_1_84' title="bbox 2137 3779 3719 3852">
    <p class='ocr_par' dir='ltr' id='par_1_84' title="bbox 2137 3779 3719 3852">
     <span class='ocr_line' id='line_1_87' title="bbox 2137 3779 3719 3852; baseline 0.001 -18"><span class='ocrx_word' id='word_1_717' title='bbox 2137 3795 2268 3851; x_wconf 76' lang='lat' dir='ltr'><strong>quos</strong></span> <span class='ocrx_word' id='word_1_718' title='bbox 2310 3789 2593 3852; x_wconf 78' lang='lat' dir='ltr'><strong>posuerunt</strong></span> <span class='ocrx_word' id='word_1_719' title='bbox 2645 3789 2822 3852; x_wconf 82' lang='lat' dir='ltr'><strong>patres</strong></span> <span class='ocrx_word' id='word_1_720' title='bbox 2864 3781 2942 3835; x_wconf 80' lang='lat' dir='ltr'><strong>tui</strong></span> <span class='ocrx_word' id='word_1_721' title='bbox 2990 3779 3172 3851; x_wconf 72' lang='lat' dir='ltr'><strong>(Prov.</strong></span> <span class='ocrx_word' id='word_1_722' title='bbox 3201 3794 3339 3845; x_wconf 79' lang='lat' dir='ltr'><strong>xxn,</strong></span> <span class='ocrx_word' id='word_1_723' title='bbox 3368 3779 3482 3850; x_wconf 74' lang='lat'><strong>28).</strong></span> <span class='ocrx_word' id='word_1_724' title='bbox 3536 3780 3719 3850; x_wconf 82' lang='lat' dir='ltr'><strong>Neque</strong></span> 
     </span>
    </p>
   </div>
   <div class='ocr_carea' id='block_1_85' title="bbox 2138 3866 3720 3942">
    <p class='ocr_par' dir='ltr' id='par_1_85' title="bbox 2138 3866 3720 3942">
     <span class='ocr_line' id='line_1_88' title="bbox 2138 3866 3720 3942; baseline -0.001 -15"><span class='ocrx_word' id='word_1_725' title='bbox 2138 3871 2286 3928; x_wconf 84' lang='lat' dir='ltr'><strong>enim</strong></span> <span class='ocrx_word' id='word_1_726' title='bbox 2329 3869 2688 3939; x_wconf 81' lang='lat' dir='ltr'><strong>loquebantur</strong></span> <span class='ocrx_word' id='word_1_727' title='bbox 2729 3867 2832 3933; x_wconf 86' lang='lat' dir='ltr'><strong>illi,</strong></span> <span class='ocrx_word' id='word_1_728' title='bbox 2855 3867 2958 3922; x_wconf 80' lang='lat' dir='ltr'><strong>sed</strong></span> <span class='ocrx_word' id='word_1_729' title='bbox 2993 3866 3228 3936; x_wconf 87' lang='lat' dir='ltr'><strong>Spiritus</strong></span> <span class='ocrx_word' id='word_1_730' title='bbox 3261 3867 3356 3925; x_wconf 87' lang='lat' dir='ltr'><strong>Dei</strong></span> <span class='ocrx_word' id='word_1_731' title='bbox 3391 3868 3588 3937; x_wconf 82' lang='lat' dir='ltr'><strong>Patris,</strong></span> <span class='ocrx_word' id='word_1_732' title='bbox 3630 3873 3720 3942; x_wconf 91' lang='lat' dir='ltr'><strong>qui</strong></span> 
     </span>
    </p>
   </div>
   <div class='ocr_carea' id='block_1_86' title="bbox 2139 3956 3722 4040">
    <p class='ocr_par' dir='ltr' id='par_1_86' title="bbox 2139 3956 3722 4040">
     <span class='ocr_line' id='line_1_89' title="bbox 2139 3956 3722 4040; baseline 0.004 -27"><span class='ocrx_word' id='word_1_733' title='bbox 2139 3956 2384 4040; x_wconf 77' lang='lat' dir='ltr'><strong>procedit</strong></span> <span class='ocrx_word' id='word_1_734' title='bbox 2408 3956 2626 4026; x_wconf 83' lang='lat' dir='ltr'><strong>quidem</strong></span> <span class='ocrx_word' id='word_1_735' title='bbox 2651 3971 2720 4013; x_wconf 90' lang='lat' dir='ltr'><strong>ex</strong></span> <span class='ocrx_word' id='word_1_736' title='bbox 2749 3957 2888 4027; x_wconf 84' lang='lat' dir='ltr'><strong>ipso.</strong></span> <span class='ocrx_word' id='word_1_737' title='bbox 2938 3957 3032 4014; x_wconf 86' lang='lat' dir='ltr'><strong>Est</strong></span> <span class='ocrx_word' id='word_1_738' title='bbox 3072 3967 3252 4018; x_wconf 88' lang='lat' dir='ltr'><strong>autem</strong></span> <span class='ocrx_word' id='word_1_739' title='bbox 3275 3971 3334 4017; x_wconf 86' lang='lat' dir='ltr'><strong>et</strong></span> <span class='ocrx_word' id='word_1_740' title='bbox 3371 3977 3404 4018; x_wconf 87' lang='lat' dir='ltr'><strong>a</strong></span> <span class='ocrx_word' id='word_1_741' title='bbox 3440 3961 3580 4020; x_wconf 77' lang='lat' dir='ltr'><strong>Filio</strong></span> <span class='ocrx_word' id='word_1_742' title='bbox 3617 3979 3722 4020; x_wconf 83' lang='lat' dir='ltr'><strong>non</strong></span> 
     </span>
    </p>
   </div>
   <div class='ocr_carea' id='block_1_87' title="bbox 2142 4046 3722 4120">
    <p class='ocr_par' dir='ltr' id='par_1_87' title="bbox 2142 4046 3722 4120">
     <span class='ocr_line' id='line_1_90' title="bbox 2142 4046 3722 4120; baseline 0.006 -17"><span class='ocrx_word' id='word_1_743' title='bbox 2142 4048 2352 4104; x_wconf 86' lang='lat' dir='ltr'><strong>alienus</strong></span> <span class='ocrx_word' id='word_1_744' title='bbox 2376 4046 2671 4102; x_wconf 81' lang='lat' dir='ltr'><strong>secundum</strong></span> <span class='ocrx_word' id='word_1_745' title='bbox 2692 4047 2852 4103; x_wconf 88' lang='lat' dir='ltr'><strong>unius</strong></span> <span class='ocrx_word' id='word_1_746' title='bbox 2871 4049 3123 4105; x_wconf 62' lang='lat' dir='ltr'><strong>essentia</strong></span> <span class='ocrx_word' id='word_1_747' title='bbox 3145 4053 3434 4120; x_wconf 84' lang='lat' dir='ltr'><strong>rationem,</strong></span> <span class='ocrx_word' id='word_1_748' title='bbox 3451 4061 3512 4109; x_wconf 87' lang='lat' dir='ltr'><strong>et</strong></span> <span class='ocrx_word' id='word_1_749' title='bbox 3531 4054 3600 4112; x_wconf 83' lang='lat' dir='ltr'><strong>ad</strong></span> <span class='ocrx_word' id='word_1_750' title='bbox 3622 4055 3722 4112; x_wconf 70' lang='lat' dir='ltr'><strong>bos</strong></span> 
     </span>
    </p>
   </div>
   <div class='ocr_carea' id='block_1_88' title="bbox 2142 4137 3723 4208">
    <p class='ocr_par' dir='ltr' id='par_1_88' title="bbox 2142 4137 3723 4208">
     <span class='ocr_line' id='line_1_91' title="bbox 2142 4137 3723 4208; baseline 0.003 -16"><span class='ocrx_word' id='word_1_751' title='bbox 2142 4137 2320 4208; x_wconf 90' lang='lat' dir='ltr'><strong>ipsum</strong></span> <span class='ocrx_word' id='word_1_752' title='bbox 2369 4142 2683 4192; x_wconf 86' lang='lat' dir='ltr'><strong>sanctorum</strong></span> <span class='ocrx_word' id='word_1_753' title='bbox 2734 4150 2932 4193; x_wconf 87' lang='lat' dir='ltr'><strong>arcana</strong></span> <span class='ocrx_word' id='word_1_754' title='bbox 2973 4137 3281 4194; x_wconf 89' lang='lat' dir='ltr'><strong>docentium</strong></span> <span class='ocrx_word' id='word_1_755' title='bbox 3325 4141 3491 4203; x_wconf 83' lang='lat' dir='ltr'><strong>verba</strong></span> <span class='ocrx_word' id='word_1_756' title='bbox 3528 4142 3723 4200; x_wconf 66' lang='lat' dir='ltr'><strong>cornit-</strong></span> 
     </span>
    </p>
   </div>
   <div class='ocr_carea' id='block_1_89' title="bbox 2144 4219 3725 4297">
    <p class='ocr_par' dir='ltr' id='par_1_89' title="bbox 2144 4219 3725 4297">
     <span class='ocr_line' id='line_1_92' title="bbox 2144 4219 3725 4297; baseline 0.003 -20"><span class='ocrx_word' id='word_1_757' title='bbox 2144 4229 2333 4287; x_wconf 86' lang='lat' dir='ltr'><strong>mant;</strong></span> <span class='ocrx_word' id='word_1_758' title='bbox 2383 4221 2438 4276; x_wconf 87' lang='lat' dir='ltr'><strong>in</strong></span> <span class='ocrx_word' id='word_1_759' title='bbox 2483 4219 2710 4276; x_wconf 81' lang='lat' dir='ltr'><strong>Actibus</strong></span> <span class='ocrx_word' id='word_1_760' title='bbox 2757 4233 2990 4294; x_wconf 85' lang='lat' dir='ltr'><strong>namque</strong></span> <span class='ocrx_word' id='word_1_761' title='bbox 3050 4224 3416 4293; x_wconf 78' lang='lat' dir='ltr'><strong>apostolorum</strong></span> <span class='ocrx_word' id='word_1_762' title='bbox 3464 4226 3725 4297; x_wconf 84' lang='lat' dir='ltr'><strong>scriptum</strong></span> 
     </span>
    </p>
   </div>
   <div class='ocr_carea' id='block_1_90' title="bbox 2146 4303 3724 4382">
    <p class='ocr_par' dir='ltr' id='par_1_90' title="bbox 2146 4303 3724 4382">
     <span class='ocr_line' id='line_1_93' title="bbox 2146 4303 3724 4382; baseline 0 -21"><span class='ocrx_word' id='word_1_763' title='bbox 2146 4315 2268 4362; x_wconf 86' lang='lat' dir='ltr'><strong>est:</strong></span> <span class='ocrx_word' id='word_1_764' title='bbox 2308 4303 2582 4360; x_wconf 74' lang='lat' dir='ltr'><strong>Venientes</strong></span> <span class='ocrx_word' id='word_1_765' title='bbox 2607 4313 2782 4359; x_wconf 74' lang='lat' dir='ltr'><strong>autem</strong></span> <span class='ocrx_word' id='word_1_766' title='bbox 2815 4306 2872 4359; x_wconf 81' lang='lat' dir='ltr'><strong>in</strong></span> <span class='ocrx_word' id='word_1_767' title='bbox 2900 4306 3079 4359; x_wconf 71' lang='lat' dir='ltr'><strong>Asiam</strong></span> <span class='ocrx_word' id='word_1_768' title='bbox 3117 4306 3386 4382; x_wconf 63' lang='lat' dir='ltr'><strong>tentabattt</strong></span> <span class='ocrx_word' id='word_1_769' title='bbox 3423 4307 3501 4366; x_wconf 85' lang='lat' dir='ltr'><strong>ire</strong></span> <span class='ocrx_word' id='word_1_770' title='bbox 3539 4308 3598 4363; x_wconf 77' lang='lat' dir='ltr'><strong>in</strong></span> <span class='ocrx_word' id='word_1_771' title='bbox 3633 4307 3724 4366; x_wconf 83' lang='lat' dir='ltr'><strong>Bi-</strong></span> 
     </span>
    </p>
   </div>
   <div class='ocr_carea' id='block_1_91' title="bbox 2148 4385 3727 4472">
    <p class='ocr_par' dir='ltr' id='par_1_91' title="bbox 2148 4385 3727 4472">
     <span class='ocr_line' id='line_1_94' title="bbox 2148 4385 3727 4472; baseline 0.004 -24"><span class='ocrx_word' id='word_1_772' title='bbox 2148 4393 2384 4463; x_wconf 66' lang='lat' dir='ltr'><strong>thyniam</strong></span> <span class='ocrx_word' id='word_1_773' title='bbox 2406 4390 2556 4464; x_wconf 60' lang='grc' dir='ltr'><strong>μσς..</strong></span> <span class='ocrx_word' id='word_1_774' title='bbox 2584 4389 2876 4464; x_wconf 73' lang='lat' dir='ltr'><strong>Bgtltitnn],</strong></span> <span class='ocrx_word' id='word_1_775' title='bbox 2909 4401 2958 4445; x_wconf 90' lang='lat' dir='ltr'><strong>et</strong></span> <span class='ocrx_word' id='word_1_776' title='bbox 2985 4408 3088 4446; x_wconf 81' lang='lat' dir='ltr'><strong>non</strong></span> <span class='ocrx_word' id='word_1_777' title='bbox 3107 4385 3341 4463; x_wconf 69' lang='lat' dir='ltr'><strong>permisit</strong></span> <span class='ocrx_word' id='word_1_778' title='bbox 3497 4393 3727 4466; x_wconf 84' lang='lat' dir='ltr'><strong>Spiritus</strong></span> 
     </span>
    </p>
   </div>
   <div class='ocr_carea' id='block_1_92' title="bbox 437 4477 3726 4562">
    <p class='ocr_par' dir='ltr' id='par_1_92' title="bbox 437 4477 3726 4562">
     <span class='ocr_line' id='line_1_95' title="bbox 437 4477 3726 4562; baseline 0 -18"><span class='ocrx_word' id='word_1_779' title='bbox 437 4538 444 4544; x_wconf 92' lang='lat'><strong>.</strong></span> <span class='ocrx_word' id='word_1_780' title='bbox 473 4488 761 4562; x_wconf 73' lang='lat' dir='ltr'><strong>[laeuaque</strong></span> <span class='ocrx_word' id='word_1_781' title='bbox 781 4486 850 4542; x_wconf 70' lang='lat' dir='ltr'><strong>de</strong></span> <span class='ocrx_word' id='word_1_782' title='bbox 870 4483 1176 4562; x_wconf 58' lang='lat' dir='ltr'><strong>Euugglio,</strong></span> <span class='ocrx_word' id='word_1_783' title='bbox 1195 4499 1332 4562; x_wconf 67' lang='lat' dir='ltr'><strong>nunc</strong></span> <span class='ocrx_word' id='word_1_784' title='bbox 1355 4483 1422 4562; x_wconf 60' lang='lat' dir='ltr'><strong>de</strong></span> <span class='ocrx_word' id='word_1_785' title='bbox 1436 4481 1730 4562; x_wconf 39' lang='lat' dir='ltr'><strong>.emaibns</strong></span> <span class='ocrx_word' id='word_1_786' title='bbox 1748 4491 2048 4538; x_wconf 64' lang='lat' dir='ltr'><strong>sanctorum</strong></span> <span class='ocrx_word' id='word_1_787' title='bbox 2079 4477 2129 4537; x_wconf 86' lang='lat' dir='ltr'><strong>D</strong></span> <span class='ocrx_word' id='word_1_788' title='bbox 2149 4480 2279 4559; x_wconf 72' lang='lat' dir='ltr'><strong>Iesu</strong></span> <span class='ocrx_word' id='word_1_789' title='bbox 2300 4480 2450 4552; x_wconf 72' lang='grc' dir='ltr'><strong>μοι.-</strong></span> <span class='ocrx_word' id='word_1_790' title='bbox 2464 4493 2579 4545; x_wconf 77' lang='lat' dir='ltr'><strong>xvi,</strong></span> <span class='ocrx_word' id='word_1_791' title='bbox 2602 4479 2679 4553; x_wconf 84' lang='grc' dir='ltr'><strong>τ).</strong></span> <span class='ocrx_word' id='word_1_792' title='bbox 2709 4479 2971 4537; x_wconf 87' lang='lat' dir='ltr'><strong>Similiter</strong></span> <span class='ocrx_word' id='word_1_793' title='bbox 2994 4481 3182 4537; x_wconf 90' lang='lat' dir='ltr'><strong>scribit</strong></span> <span class='ocrx_word' id='word_1_794' title='bbox 3209 4490 3390 4539; x_wconf 89' lang='lat' dir='ltr'><strong>autem</strong></span> <span class='ocrx_word' id='word_1_795' title='bbox 3409 4492 3468 4540; x_wconf 88' lang='lat' dir='ltr'><strong>et</strong></span> <span class='ocrx_word' id='word_1_796' title='bbox 3490 4484 3726 4544; x_wconf 82' lang='lat' dir='ltr'><strong>admira-</strong></span> 
     </span>
    </p>
   </div>
   <div class='ocr_carea' id='block_1_93' title="bbox 1036 4551 1492 4623">
    <p class='ocr_par' dir='ltr' id='par_1_93' title="bbox 1036 4551 1492 4623">
     <span class='ocr_line' id='line_1_96' title="bbox 1036 4551 1492 4623; baseline 0 -17"><span class='ocrx_word' id='word_1_797' title='bbox 1036 4551 1260 4607; x_wconf 79' lang='lat' dir='ltr'><strong>Patrunt</strong></span> <span class='ocrx_word' id='word_1_798' title='bbox 1287 4553 1492 4623; x_wconf 80' lang='lat' dir='ltr'><strong>incipit.</strong></span> 
     </span>
    </p>
   </div>
   <div class='ocr_carea' id='block_1_94' title="bbox 550 4659 2053 4740">
    <p class='ocr_par' dir='ltr' id='par_1_94' title="bbox 550 4659 2053 4740">
     <span class='ocr_line' id='line_1_97' title="bbox 550 4659 2053 4740; baseline -0.01 -10"><span class='ocrx_word' id='word_1_799' title='bbox 877 4681 1093 4740; x_wconf 62' lang='lat' dir='ltr'><strong>coortus</strong></span> <span class='ocrx_word' id='word_1_800' title='bbox 1111 4673 1168 4723; x_wconf 80' lang='lat' dir='ltr'><strong>et</strong></span> <span class='ocrx_word' id='word_1_801' title='bbox 1187 4661 1624 4722; x_wconf 81' lang='lat' dir='ltr'><strong>reverendissimi</strong></span> <span class='ocrx_word' id='word_1_802' title='bbox 1637 4659 2053 4732; x_wconf 60' lang='lat' dir='ltr'><strong>pontiﬁcesqui</strong></span> 
     </span>
    </p>
   </div>
   <div class='ocr_carea' id='block_1_95' title="bbox 475 4753 2054 4834">
    <p class='ocr_par' dir='ltr' id='par_1_95' title="bbox 475 4753 2054 4834">
     <span class='ocr_line' id='line_1_98' title="bbox 475 4753 2054 4834; baseline -0.011 -9"><span class='ocrx_word' id='word_1_803' title='bbox 475 4766 683 4827; x_wconf 67' lang='lat' dir='ltr'><strong>unctis</strong></span> <span class='ocrx_word' id='word_1_804' title='bbox 697 4771 758 4834; x_wconf 73' lang='lat' dir='ltr'><strong>et</strong></span> <span class='ocrx_word' id='word_1_805' title='bbox 776 4760 1061 4834; x_wconf 61' lang='lat' dir='ltr'><strong>praecipuis</strong></span> <span class='ocrx_word' id='word_1_806' title='bbox 1085 4759 1370 4816; x_wconf 78' lang='lat' dir='ltr'><strong>beatorum</strong></span> <span class='ocrx_word' id='word_1_807' title='bbox 1391 4757 1615 4814; x_wconf 83' lang='lat' dir='ltr'><strong>Patrum</strong></span> <span class='ocrx_word' id='word_1_808' title='bbox 1637 4753 1902 4827; x_wconf 65' lang='lat' dir='ltr'><strong>prafnere</strong></span> <span class='ocrx_word' id='word_1_809' title='bbox 1923 4768 2054 4809; x_wconf 76' lang='lat' dir='ltr'><strong>con—</strong></span> 
     </span>
    </p>
   </div>
   <div class='ocr_carea' id='block_1_96' title="bbox 476 4842 2058 4926">
    <p class='ocr_par' dir='ltr' id='par_1_96' title="bbox 476 4842 2058 4926">
     <span class='ocr_line' id='line_1_99' title="bbox 476 4842 2058 4926; baseline -0.008 -16"><span class='ocrx_word' id='word_1_810' title='bbox 476 4851 979 4926; x_wconf 75' lang='lat' dir='ltr'><strong>dliis,etquot:um</strong></span> <span class='ocrx_word' id='word_1_811' title='bbox 1017 4852 1452 4915; x_wconf 59' lang='lat' dir='ltr'><strong>«magno</strong></span> <span class='ocrx_word' id='word_1_812' title='bbox 1486 4842 2058 4902; x_wconf 79' lang='lat' dir='ltr'><strong>decretauaiveraalia</strong></span> 
     </span>
    </p>
   </div>
   <div class='ocr_carea' id='block_1_97' title="bbox 467 4931 2060 5012">
    <p class='ocr_par' dir='ltr' id='par_1_97' title="bbox 467 4931 2060 5012">
     <span class='ocr_line' id='line_1_100' title="bbox 467 4931 2060 5012; baseline -0.011 -9"><span class='ocrx_word' id='word_1_813' title='bbox 1029 4931 1266 5010; x_wconf 68' lang='lat' dir='ltr'><strong>Cyrinus</strong></span> <span class='ocrx_word' id='word_1_814' title='bbox 1279 4932 1529 4992; x_wconf 81' lang='lat' dir='ltr'><strong>videlicet</strong></span> <span class='ocrx_word' id='word_1_815' title='bbox 1547 4931 1889 4990; x_wconf 67' lang='lat' dir='ltr'><strong>Alea-thin</strong></span> <span class='ocrx_word' id='word_1_816' title='bbox 1907 4932 2060 4992; x_wconf 79' lang='lat' dir='ltr'><strong>urbis</strong></span> 
     </span>
    </p>
   </div>
   <div class='ocr_carea' id='block_1_98' title="bbox 481 5025 2058 5106">
    <p class='ocr_par' dir='ltr' id='par_1_98' title="bbox 481 5025 2058 5106">
     <span class='ocr_line' id='line_1_101' title="bbox 481 5025 2058 5106; baseline -0.007 1"><span class='ocrx_word' id='word_1_817' title='bbox 481 5025 2058 5106; x_wconf 60' lang='grc' dir='ltr'><strong>ενδωναιιφίίιιωαηυίιΠιῙΨιοάοωνη-</strong></span> 
     </span>
    </p>
   </div>
   <div class='ocr_carea' id='block_1_99' title="bbox 484 5115 2063 5194">
    <p class='ocr_par' dir='ltr' id='par_1_99' title="bbox 484 5115 2063 5194">
     <span class='ocr_line' id='line_1_102' title="bbox 484 5115 2063 5194; baseline -0.005 -14"><span class='ocrx_word' id='word_1_818' title='bbox 484 5115 2063 5194; x_wconf 64' lang='grc' dir='ltr'><strong>ῐ-ίιιονιωωενίιωνειειιωωιοιιιυυθιωίιίο</strong></span> 
     </span>
    </p>
   </div>
   <div class='ocr_carea' id='block_1_100' title="bbox 484 5207 2062 5286">
    <p class='ocr_par' dir='ltr' id='par_1_100' title="bbox 484 5207 2062 5286">
     <span class='ocr_line' id='line_1_103' title="bbox 484 5207 2062 5286; baseline -0.004 -16"><span class='ocrx_word' id='word_1_819' title='bbox 484 5209 796 5286; x_wconf 68' lang='lat' dir='ltr'><strong>apostolica</strong></span> <span class='ocrx_word' id='word_1_820' title='bbox 817 5211 964 5269; x_wconf 80' lang='lat' dir='ltr'><strong>sedis</strong></span> <span class='ocrx_word' id='word_1_821' title='bbox 987 5210 1269 5284; x_wconf 75' lang='lat' dir='ltr'><strong>pontifex.</strong></span> <span class='ocrx_word' id='word_1_822' title='bbox 1303 5208 1461 5281; x_wconf 64' lang='grc' dir='ltr'><strong>(λύω</strong></span> <span class='ocrx_word' id='word_1_823' title='bbox 1485 5207 1863 5266; x_wconf 74' lang='lat' dir='ltr'><strong>auctoritatem</strong></span> <span class='ocrx_word' id='word_1_824' title='bbox 1881 5219 2062 5264; x_wconf 72' lang='lat' dir='ltr'><strong>neua</strong></span> 
     </span>
    </p>
   </div>
   <div class='ocr_carea' id='block_1_101' title="bbox 485 5294 2061 5374">
    <p class='ocr_par' dir='ltr' id='par_1_101' title="bbox 485 5294 2061 5374">
     <span class='ocr_line' id='line_1_104' title="bbox 485 5294 2061 5374; baseline -0.007 -12"><span class='ocrx_word' id='word_1_825' title='bbox 485 5301 680 5362; x_wconf 65' lang='lat' dir='ltr'><strong>Palla</strong></span> <span class='ocrx_word' id='word_1_826' title='bbox 703 5299 1043 5362; x_wconf 79' lang='lat' dir='ltr'><strong>Chalcedone</strong></span> <span class='ocrx_word' id='word_1_827' title='bbox 1069 5301 1380 5374; x_wconf 79' lang='lat' dir='ltr'><strong>congregati</strong></span> <span class='ocrx_word' id='word_1_828' title='bbox 1421 5299 1592 5357; x_wconf 88' lang='lat' dir='ltr'><strong>secuti</strong></span> <span class='ocrx_word' id='word_1_829' title='bbox 1628 5305 1773 5361; x_wconf 87' lang='lat' dir='ltr'><strong>sunt,</strong></span> <span class='ocrx_word' id='word_1_830' title='bbox 1802 5294 2061 5366; x_wconf 86' lang='lat' dir='ltr'><strong>Spiritum</strong></span> 
     </span>
    </p>
   </div>
   <div class='ocr_carea' id='block_1_102' title="bbox 486 5378 2065 5462">
    <p class='ocr_par' dir='ltr' id='par_1_102' title="bbox 486 5378 2065 5462">
     <span class='ocr_line' id='line_1_105' title="bbox 486 5378 2065 5462; baseline -0.007 -11"><span class='ocrx_word' id='word_1_831' title='bbox 486 5395 738 5451; x_wconf 70' lang='lat' dir='ltr'><strong>suum</strong></span> <span class='ocrx_word' id='word_1_832' title='bbox 759 5387 832 5452; x_wconf 74' lang='lat' dir='ltr'><strong>ab</strong></span> <span class='ocrx_word' id='word_1_833' title='bbox 847 5387 1125 5460; x_wconf 83' lang='lat' dir='ltr'><strong>unigenlto</strong></span> <span class='ocrx_word' id='word_1_834' title='bbox 1151 5389 1248 5445; x_wconf 82' lang='lat' dir='ltr'><strong>Dei</strong></span> <span class='ocrx_word' id='word_1_835' title='bbox 1270 5389 1432 5456; x_wconf 76' lang='lat' dir='ltr'><strong>Filio,</strong></span> <span class='ocrx_word' id='word_1_836' title='bbox 1466 5389 1560 5462; x_wconf 90' lang='lat' dir='ltr'><strong>qui</strong></span> <span class='ocrx_word' id='word_1_837' title='bbox 1582 5395 1670 5446; x_wconf 88' lang='lat' dir='ltr'><strong>est</strong></span> <span class='ocrx_word' id='word_1_838' title='bbox 1693 5384 1931 5444; x_wconf 74' lang='lat' dir='ltr'><strong>Verbum</strong></span> <span class='ocrx_word' id='word_1_839' title='bbox 1960 5378 2065 5441; x_wconf 80' lang='lat' dir='ltr'><strong>Pa-</strong></span> 
     </span>
    </p>
   </div>
   <div class='ocr_carea' id='block_1_103' title="bbox 487 5475 2064 5553">
    <p class='ocr_par' dir='ltr' id='par_1_103' title="bbox 487 5475 2064 5553">
     <span class='ocr_line' id='line_1_106' title="bbox 487 5475 2064 5553; baseline -0.003 -16"><span class='ocrx_word' id='word_1_840' title='bbox 487 5477 618 5545; x_wconf 80' lang='lat' dir='ltr'><strong>tris,</strong></span> <span class='ocrx_word' id='word_1_841' title='bbox 655 5478 946 5550; x_wconf 66' lang='lat' dir='ltr'><strong>mre</strong></span> <span class='ocrx_word' id='word_1_842' title='bbox 987 5478 1043 5534; x_wconf 89' lang='lat' dir='ltr'><strong>in</strong></span> <span class='ocrx_word' id='word_1_843' title='bbox 1089 5479 1363 5553; x_wconf 80' lang='lat' dir='ltr'><strong>synodicis</strong></span> <span class='ocrx_word' id='word_1_844' title='bbox 1401 5479 1587 5536; x_wconf 8' lang='lat' dir='ltr'><strong>emus</strong></span> <span class='ocrx_word' id='word_1_845' title='bbox 1630 5486 1757 5535; x_wconf 80' lang='lat' dir='ltr'><strong>sunt</strong></span> <span class='ocrx_word' id='word_1_846' title='bbox 1795 5475 2064 5548; x_wconf 78' lang='lat' dir='ltr'><strong>epistolis,</strong></span> 
     </span>
    </p>
   </div>
   <div class='ocr_carea' id='block_1_104' title="bbox 567 5587 1849 5662">
    <p class='ocr_par' dir='ltr' id='par_1_104' title="bbox 567 5587 1849 5662">
     <span class='ocr_line' id='line_1_107' title="bbox 567 5587 1849 5662; baseline -0.002 -18"><span class='ocrx_word' id='word_1_847' title='bbox 567 5601 596 5662; x_wconf 62' lang='grc' dir='ltr'><strong><em>ξ</em></strong></span> <span class='ocrx_word' id='word_1_848' title='bbox 631 5588 713 5662; x_wconf 66' lang='grc' dir='ltr'><strong>ξι</strong></span> <span class='ocrx_word' id='word_1_849' title='bbox 731 5587 792 5662; x_wconf 78' lang='lat' dir='ltr'><strong>S.</strong></span> <span class='ocrx_word' id='word_1_850' title='bbox 821 5589 987 5662; x_wconf 43' lang='lat' dir='ltr'><strong>Aug,</strong></span> <span class='ocrx_word' id='word_1_851' title='bbox 1003 5589 1097 5662; x_wconf 58' lang='lat' dir='ltr'><strong>lib.</strong></span> <span class='ocrx_word' id='word_1_852' title='bbox 1117 5605 1190 5662; x_wconf 77' lang='lat' dir='ltr'><strong>xv</strong></span> <span class='ocrx_word' id='word_1_853' title='bbox 1223 5587 1291 5662; x_wconf 83' lang='lat' dir='ltr'><strong>de</strong></span> <span class='ocrx_word' id='word_1_854' title='bbox 1311 5589 1594 5662; x_wconf 83' lang='lat' dir='ltr'><strong>Trinitate,</strong></span> <span class='ocrx_word' id='word_1_855' title='bbox 1615 5604 1734 5660; x_wconf 88' lang='lat' dir='ltr'><strong>cap.</strong></span> <span class='ocrx_word' id='word_1_856' title='bbox 1758 5587 1849 5662; x_wconf 53' lang='grc' dir='ltr'><strong>ᾔ.</strong></span> 
     </span>
    </p>
   </div>
   <div class='ocr_carea' id='block_1_105' title="bbox 565 5655 2060 5732">
    <p class='ocr_par' dir='ltr' id='par_1_105' title="bbox 565 5655 2060 5732">
     <span class='ocr_line' id='line_1_108' title="bbox 565 5655 2060 5732; baseline -0.001 -18"><span class='ocrx_word' id='word_1_857' title='bbox 565 5657 598 5732; x_wconf 59' lang='grc' dir='ltr'>ξ</span> <span class='ocrx_word' id='word_1_858' title='bbox 635 5657 696 5732; x_wconf 78' lang='lat' dir='ltr'><strong>S.</strong></span> <span class='ocrx_word' id='word_1_859' title='bbox 718 5655 1029 5732; x_wconf 64' lang='lat' dir='ltr'><strong>Cydllu&#39;gin</strong></span> <span class='ocrx_word' id='word_1_860' title='bbox 1048 5659 1318 5732; x_wconf 78' lang='lat' dir='ltr'><strong>Ephesina</strong></span> <span class='ocrx_word' id='word_1_861' title='bbox 1344 5655 1588 5731; x_wconf 52' lang='lat' dir='ltr'><strong>synodo,</strong></span> <span class='ocrx_word' id='word_1_862' title='bbox 1606 5655 1737 5717; x_wconf 78' lang='lat' dir='ltr'><strong>tom.</strong></span> <span class='ocrx_word' id='word_1_863' title='bbox 1768 5657 1832 5712; x_wconf 88' lang='lat' dir='ltr'><strong>Ill</strong></span> <span class='ocrx_word' id='word_1_864' title='bbox 1855 5655 2060 5714; x_wconf 87' lang='lat' dir='ltr'><strong>Concil.</strong></span> 
     </span>
    </p>
   </div>
   <div class='ocr_carea' id='block_1_106' title="bbox 489 5727 1306 5803">
    <p class='ocr_par' dir='ltr' id='par_1_106' title="bbox 489 5727 1306 5803">
     <span class='ocr_line' id='line_1_109' title="bbox 489 5727 1306 5803; baseline -0.007 -15"><span class='ocrx_word' id='word_1_865' title='bbox 489 5728 693 5799; x_wconf 71' lang='grc' dir='ltr'><strong>ωειι,</strong></span> <span class='ocrx_word' id='word_1_866' title='bbox 727 5727 851 5803; x_wconf 77' lang='lat' dir='ltr'><strong>pag.</strong></span> <span class='ocrx_word' id='word_1_867' title='bbox 890 5728 1019 5798; x_wconf 78' lang='lat'><strong>955,</strong></span> <span class='ocrx_word' id='word_1_868' title='bbox 1043 5727 1188 5784; x_wconf 85' lang='lat' dir='ltr'><strong>mim.</strong></span> <span class='ocrx_word' id='word_1_869' title='bbox 1222 5727 1306 5782; x_wconf 82' lang='lat' dir='ltr'><strong>lo.</strong></span> 
     </span>
    </p>
   </div>
   <div class='ocr_carea' id='block_1_107' title="bbox 2149 4569 3726 4647">
    <p class='ocr_par' dir='ltr' id='par_1_107' title="bbox 2149 4569 3726 4647">
     <span class='ocr_line' id='line_1_110' title="bbox 2149 4569 3726 4647; baseline 0.002 -18"><span class='ocrx_word' id='word_1_870' title='bbox 2149 4573 2273 4629; x_wconf 83' lang='lat' dir='ltr'><strong>bilis</strong></span> <span class='ocrx_word' id='word_1_871' title='bbox 2298 4571 2501 4628; x_wconf 83' lang='lat' dir='ltr'><strong>Paulus</strong></span> <span class='ocrx_word' id='word_1_872' title='bbox 2535 4588 2550 4624; x_wconf 90' lang='lat'><strong>:</strong></span> <span class='ocrx_word' id='word_1_873' title='bbox 2597 4569 2704 4638; x_wconf 81' lang='lat' dir='ltr'><strong>Qui</strong></span> <span class='ocrx_word' id='word_1_874' title='bbox 2730 4580 2904 4627; x_wconf 79' lang='lat' dir='ltr'><strong>autem</strong></span> <span class='ocrx_word' id='word_1_875' title='bbox 2939 4570 2996 4626; x_wconf 81' lang='lat' dir='ltr'><strong>in</strong></span> <span class='ocrx_word' id='word_1_876' title='bbox 3029 4588 3188 4628; x_wconf 83' lang='lat' dir='ltr'><strong>carne</strong></span> <span class='ocrx_word' id='word_1_877' title='bbox 3213 4580 3361 4639; x_wconf 76' lang='lat' dir='ltr'><strong>suat,</strong></span> <span class='ocrx_word' id='word_1_878' title='bbox 3383 4572 3591 4647; x_wconf 75' lang='lat' dir='ltr'><strong>placere</strong></span> <span class='ocrx_word' id='word_1_879' title='bbox 3609 4575 3726 4632; x_wconf 81' lang='lat' dir='ltr'><strong>Deo</strong></span> 
     </span>
    </p>
   </div>
   <div class='ocr_carea' id='block_1_108' title="bbox 2151 4658 3732 4734">
    <p class='ocr_par' dir='ltr' id='par_1_108' title="bbox 2151 4658 3732 4734">
     <span class='ocr_line' id='line_1_111' title="bbox 2151 4658 3732 4734; baseline 0.002 -16"><span class='ocrx_word' id='word_1_880' title='bbox 2151 4679 2255 4718; x_wconf 76' lang='lat' dir='ltr'><strong>non</strong></span> <span class='ocrx_word' id='word_1_881' title='bbox 2280 4671 2516 4734; x_wconf 75' lang='lat' dir='ltr'><strong>possunt.</strong></span> <span class='ocrx_word' id='word_1_882' title='bbox 2568 4658 2674 4717; x_wconf 81' lang='lat' dir='ltr'><strong>Vos</strong></span> <span class='ocrx_word' id='word_1_883' title='bbox 2716 4671 2892 4717; x_wconf 78' lang='lat' dir='ltr'><strong>autem</strong></span> <span class='ocrx_word' id='word_1_884' title='bbox 2943 4679 3047 4718; x_wconf 81' lang='lat' dir='ltr'><strong>non</strong></span> <span class='ocrx_word' id='word_1_885' title='bbox 3086 4664 3210 4720; x_wconf 77' lang='lat' dir='ltr'><strong>estis</strong></span> <span class='ocrx_word' id='word_1_886' title='bbox 3235 4665 3292 4720; x_wconf 79' lang='lat' dir='ltr'><strong>ia</strong></span> <span class='ocrx_word' id='word_1_887' title='bbox 3318 4681 3505 4731; x_wconf 74' lang='lat' dir='ltr'><strong>carae,</strong></span> <span class='ocrx_word' id='word_1_888' title='bbox 3552 4667 3732 4728; x_wconf 75' lang='lat' dir='ltr'><strong>ted&#39;iu</strong></span> 
     </span>
    </p>
   </div>
   <div class='ocr_carea' id='block_1_109' title="bbox 2151 4745 3734 4826">
    <p class='ocr_par' dir='ltr' id='par_1_109' title="bbox 2151 4745 3734 4826">
     <span class='ocr_line' id='line_1_112' title="bbox 2151 4745 3734 4826; baseline 0.004 -20"><span class='ocrx_word' id='word_1_889' title='bbox 2151 4753 2374 4824; x_wconf 78' lang='lat' dir='ltr'><strong>spiritu;</strong></span> <span class='ocrx_word' id='word_1_890' title='bbox 2400 4751 2655 4823; x_wconf 71' lang='lat' dir='ltr'><strong>siquidem</strong></span> <span class='ocrx_word' id='word_1_891' title='bbox 2692 4745 2920 4823; x_wconf 77' lang='lat' dir='ltr'><strong>Spiritus</strong></span> <span class='ocrx_word' id='word_1_892' title='bbox 2958 4751 3052 4808; x_wconf 88' lang='lat' dir='ltr'><strong>Dei</strong></span> <span class='ocrx_word' id='word_1_893' title='bbox 3075 4745 3343 4826; x_wconf 71' lang='lat' dir='ltr'><strong>habitabat</strong></span> <span class='ocrx_word' id='word_1_894' title='bbox 3370 4753 3428 4811; x_wconf 74' lang='lat' dir='ltr'><strong>in</strong></span> <span class='ocrx_word' id='word_1_895' title='bbox 3464 4752 3625 4810; x_wconf 64' lang='lat' dir='ltr'><strong>nobis.</strong></span> <span class='ocrx_word' id='word_1_896' title='bbox 3671 4753 3734 4813; x_wconf 86' lang='lat' dir='ltr'><strong>Si</strong></span> 
     </span>
    </p>
   </div>
   <div class='ocr_carea' id='block_1_110' title="bbox 2151 4835 3733 4928">
    <p class='ocr_par' dir='ltr' id='par_1_110' title="bbox 2151 4835 3733 4928">
     <span class='ocr_line' id='line_1_113' title="bbox 2151 4835 3733 4928; baseline 0.003 -32"><span class='ocrx_word' id='word_1_897' title='bbox 2151 4841 2269 4914; x_wconf 75' lang='lat' dir='ltr'><strong>quis</strong></span> <span class='ocrx_word' id='word_1_898' title='bbox 2292 4850 2467 4897; x_wconf 64' lang='lat' dir='ltr'><strong>autem</strong></span> <span class='ocrx_word' id='word_1_899' title='bbox 2490 4838 2742 4914; x_wconf 63' lang='lat' dir='ltr'><strong>Spiritui</strong></span> <span class='ocrx_word' id='word_1_900' title='bbox 2761 4837 2957 4898; x_wconf 68' lang='lat' dir='ltr'><strong>Christi</strong></span> <span class='ocrx_word' id='word_1_901' title='bbox 2976 4860 3080 4899; x_wconf 82' lang='lat' dir='ltr'><strong>non</strong></span> <span class='ocrx_word' id='word_1_902' title='bbox 3097 4843 3272 4911; x_wconf 72' lang='lat' dir='ltr'><strong>Iubet,</strong></span> <span class='ocrx_word' id='word_1_903' title='bbox 3289 4841 3374 4897; x_wconf 61' lang='lat' dir='ltr'><strong>lic</strong></span> <span class='ocrx_word' id='word_1_904' title='bbox 3386 4854 3501 4900; x_wconf 62' lang='lat' dir='ltr'><strong>non</strong></span> <span class='ocrx_word' id='word_1_905' title='bbox 3519 4853 3597 4900; x_wconf 80' lang='lat' dir='ltr'><strong>est</strong></span> <span class='ocrx_word' id='word_1_906' title='bbox 3615 4835 3733 4928; x_wconf 73' lang='lat' dir='ltr'><strong>ejus</strong></span> 
     </span>
    </p>
   </div>
   <div class='ocr_carea' id='block_1_111' title="bbox 2156 4928 3734 5012">
    <p class='ocr_par' dir='ltr' id='par_1_111' title="bbox 2156 4928 3734 5012">
     <span class='ocr_line' id='line_1_114' title="bbox 2156 4928 3734 5012; baseline 0.004 -26"><span class='ocrx_word' id='word_1_907' title='bbox 2156 4933 2335 5006; x_wconf 71' lang='lat' dir='ltr'><strong>(Rom.</strong></span> <span class='ocrx_word' id='word_1_908' title='bbox 2365 4947 2487 4998; x_wconf 79' lang='lat' dir='ltr'><strong>vin,</strong></span> <span class='ocrx_word' id='word_1_909' title='bbox 2509 4931 2569 4998; x_wconf 73' lang='lat'><strong>8,</strong></span> <span class='ocrx_word' id='word_1_910' title='bbox 2595 4931 2676 5004; x_wconf 77' lang='lat'><strong>9).</strong></span> <span class='ocrx_word' id='word_1_911' title='bbox 2715 4951 2734 4985; x_wconf 72' lang='grc' dir='ltr'>ι</span> <span class='ocrx_word' id='word_1_912' title='bbox 2774 4931 2983 4988; x_wconf 90' lang='lat' dir='ltr'><strong>Cuncta</strong></span> <span class='ocrx_word' id='word_1_913' title='bbox 3011 4933 3198 5006; x_wconf 85' lang='lat' dir='ltr'><strong>igitur,</strong></span> <span class='ocrx_word' id='word_1_914' title='bbox 3224 4947 3344 5005; x_wconf 62' lang='lat' dir='ltr'><strong>qua</strong></span> <span class='ocrx_word' id='word_1_915' title='bbox 3367 4939 3591 5010; x_wconf 77' lang='lat' dir='ltr'><strong>sanctus</strong></span> <span class='ocrx_word' id='word_1_916' title='bbox 3617 4928 3734 5012; x_wconf 63' lang='lat' dir='ltr'><strong>Cy-</strong></span> 
     </span>
    </p>
   </div>
   <div class='ocr_carea' id='block_1_112' title="bbox 2155 5012 3744 5098">
    <p class='ocr_par' dir='ltr' id='par_1_112' title="bbox 2155 5012 3744 5098">
     <span class='ocr_line' id='line_1_115' title="bbox 2155 5012 3744 5098; baseline 0.003 -19"><span class='ocrx_word' id='word_1_917' title='bbox 2155 5023 2308 5080; x_wconf 82' lang='lat' dir='ltr'><strong>rillna</strong></span> <span class='ocrx_word' id='word_1_918' title='bbox 2334 5030 2392 5079; x_wconf 85' lang='lat' dir='ltr'><strong>et</strong></span> <span class='ocrx_word' id='word_1_919' title='bbox 2417 5037 2482 5079; x_wconf 87' lang='lat' dir='ltr'><strong>cc</strong></span> <span class='ocrx_word' id='word_1_920' title='bbox 2503 5023 2679 5079; x_wconf 83' lang='lat' dir='ltr'><strong>sancti</strong></span> <span class='ocrx_word' id='word_1_921' title='bbox 2705 5022 2898 5080; x_wconf 84' lang='lat' dir='ltr'><strong>Patres</strong></span> <span class='ocrx_word' id='word_1_922' title='bbox 2925 5025 2981 5080; x_wconf 90' lang='lat' dir='ltr'><strong>in</strong></span> <span class='ocrx_word' id='word_1_923' title='bbox 3001 5022 3273 5098; x_wconf 76' lang='lat' dir='ltr'><strong>Epheslna</strong></span> <span class='ocrx_word' id='word_1_924' title='bbox 3297 5018 3508 5098; x_wconf 76' lang='lat' dir='ltr'><strong>synodo</strong></span> <span class='ocrx_word' id='word_1_925' title='bbox 3521 5012 3744 5090; x_wconf 78' lang='lat' dir='ltr'><strong>collecti</strong></span> 
     </span>
    </p>
   </div>
   <div class='ocr_carea' id='block_1_113' title="bbox 2156 5112 3734 5174">
    <p class='ocr_par' dir='ltr' id='par_1_113' title="bbox 2156 5112 3734 5174">
     <span class='ocr_line' id='line_1_116' title="bbox 2156 5112 3734 5174; baseline 0.002 -3"><span class='ocrx_word' id='word_1_926' title='bbox 2156 5114 2223 5171; x_wconf 86' lang='lat' dir='ltr'><strong>de</strong></span> <span class='ocrx_word' id='word_1_927' title='bbox 2251 5113 2357 5170; x_wconf 80' lang='lat' dir='ltr'><strong>Me</strong></span> <span class='ocrx_word' id='word_1_928' title='bbox 2376 5113 2643 5171; x_wconf 68' lang='lat' dir='ltr'><strong>camella</strong></span> <span class='ocrx_word' id='word_1_929' title='bbox 2670 5121 2727 5173; x_wconf 89' lang='lat' dir='ltr'><strong>et</strong></span> <span class='ocrx_word' id='word_1_930' title='bbox 2752 5113 2820 5169; x_wconf 88' lang='lat' dir='ltr'><strong>de</strong></span> <span class='ocrx_word' id='word_1_931' title='bbox 2859 5112 3241 5170; x_wconf 80' lang='lat' dir='ltr'><strong>ecclesiasticis</strong></span> <span class='ocrx_word' id='word_1_932' title='bbox 3265 5114 3526 5172; x_wconf 86' lang='lat' dir='ltr'><strong>institutis</strong></span> <span class='ocrx_word' id='word_1_933' title='bbox 3545 5114 3734 5174; x_wconf 78' lang='lat' dir='ltr'><strong>decre-</strong></span> 
     </span>
    </p>
   </div>
   <div class='ocr_carea' id='block_1_114' title="bbox 2158 5197 3741 5276">
    <p class='ocr_par' dir='ltr' id='par_1_114' title="bbox 2158 5197 3741 5276">
     <span class='ocr_line' id='line_1_117' title="bbox 2158 5197 3741 5276; baseline 0 -15"><span class='ocrx_word' id='word_1_934' title='bbox 2158 5213 2376 5268; x_wconf 81' lang='lat' dir='ltr'><strong>verunt,</strong></span> <span class='ocrx_word' id='word_1_935' title='bbox 2398 5200 2748 5262; x_wconf 77' lang='lat' dir='ltr'><strong>beatissimus</strong></span> <span class='ocrx_word' id='word_1_936' title='bbox 2768 5216 2908 5273; x_wconf 80' lang='lat' dir='ltr'><strong>papa</strong></span> <span class='ocrx_word' id='word_1_937' title='bbox 2944 5200 3270 5259; x_wconf 72' lang='lat' dir='ltr'><strong>Caelestinus</strong></span> <span class='ocrx_word' id='word_1_938' title='bbox 3315 5203 3611 5276; x_wconf 85' lang='lat' dir='ltr'><strong>apostolica</strong></span> <span class='ocrx_word' id='word_1_939' title='bbox 3638 5197 3741 5261; x_wconf 57' lang='lat' dir='ltr'><strong>llr?-</strong></span> 
     </span>
    </p>
   </div>
   <div class='ocr_carea' id='block_1_115' title="bbox 2160 5294 3823 5359">
    <p class='ocr_par' dir='ltr' id='par_1_115' title="bbox 2160 5294 3823 5359">
     <span class='ocr_line' id='line_1_118' title="bbox 2160 5294 3823 5359; baseline -0.002 -5"><span class='ocrx_word' id='word_1_940' title='bbox 2160 5296 2330 5354; x_wconf 88' lang='lat' dir='ltr'><strong>mavit</strong></span> <span class='ocrx_word' id='word_1_941' title='bbox 2373 5296 2716 5359; x_wconf 86' lang='lat' dir='ltr'><strong>auctoritate,</strong></span> <span class='ocrx_word' id='word_1_942' title='bbox 2755 5303 2812 5350; x_wconf 83' lang='lat' dir='ltr'><strong>et</strong></span> <span class='ocrx_word' id='word_1_943' title='bbox 2859 5294 2930 5350; x_wconf 88' lang='lat' dir='ltr'><strong>ab</strong></span> <span class='ocrx_word' id='word_1_944' title='bbox 2979 5297 3274 5352; x_wconf 88' lang='lat' dir='ltr'><strong>universali</strong></span> <span class='ocrx_word' id='word_1_945' title='bbox 3322 5295 3575 5353; x_wconf 76' lang='lat' dir='ltr'><strong>Ecclesia:</strong></span> <span class='ocrx_word' id='word_1_946' title='bbox 3615 5307 3738 5351; x_wconf 86' lang='lat' dir='ltr'><strong>cro-</strong></span> <span class='ocrx_word' id='word_1_947' title='bbox 3816 5315 3823 5322; x_wconf 65' lang='grc' dir='ltr'><strong><em>ο</em></strong></span> 
     </span>
    </p>
   </div>
   <div class='ocr_carea' id='block_1_116' title="bbox 2161 5382 3740 5458">
    <p class='ocr_par' dir='ltr' id='par_1_116' title="bbox 2161 5382 3740 5458">
     <span class='ocr_line' id='line_1_119' title="bbox 2161 5382 3740 5458; baseline -0.003 -12"><span class='ocrx_word' id='word_1_948' title='bbox 2161 5387 2334 5446; x_wconf 78' lang='lat' dir='ltr'><strong>denda</strong></span> <span class='ocrx_word' id='word_1_949' title='bbox 2366 5384 2772 5456; x_wconf 80' lang='lat' dir='ltr'><strong>assejudieavit</strong></span> <span class='ocrx_word' id='word_1_950' title='bbox 2808 5394 2978 5457; x_wconf 79' lang='lat' dir='ltr'><strong>atque</strong></span> <span class='ocrx_word' id='word_1_951' title='bbox 3015 5387 3439 5458; x_wconf 56' lang='lat' dir='ltr'><strong>serpendaﬂioc</strong></span> <span class='ocrx_word' id='word_1_952' title='bbox 3465 5382 3628 5442; x_wconf 84' lang='lat' dir='ltr'><strong>modo</strong></span> <span class='ocrx_word' id='word_1_953' title='bbox 3653 5384 3740 5443; x_wconf 85' lang='lat' dir='ltr'><strong>di-</strong></span> 
     </span>
    </p>
   </div>
   <div class='ocr_carea' id='block_1_117' title="bbox 2162 5473 3859 5550">
    <p class='ocr_par' dir='ltr' id='par_1_117' title="bbox 2162 5473 3859 5550">
     <span class='ocr_line' id='line_1_120' title="bbox 2162 5473 3859 5550; baseline -0.001 -14"><span class='ocrx_word' id='word_1_954' title='bbox 2162 5492 2290 5536; x_wconf 76' lang='lat' dir='ltr'><strong>cens</strong></span> <span class='ocrx_word' id='word_1_955' title='bbox 2323 5495 2340 5532; x_wconf 89' lang='lat'><strong>:</strong></span> <span class='ocrx_word' id='word_1_956' title='bbox 2397 5493 2417 5531; x_wconf 78' lang='grc' dir='ltr'>ι</span> <span class='ocrx_word' id='word_1_957' title='bbox 2451 5473 2777 5534; x_wconf 59' lang='lat' dir='ltr'><strong>Calatinus</strong></span> <span class='ocrx_word' id='word_1_958' title='bbox 2820 5477 3105 5549; x_wconf 83' lang='lat' dir='ltr'><strong>episcopus</strong></span> <span class='ocrx_word' id='word_1_959' title='bbox 3148 5476 3198 5530; x_wconf 73' lang='grc' dir='ltr'><strong>δ.</strong></span> <span class='ocrx_word' id='word_1_960' title='bbox 3250 5473 3741 5534; x_wconf 73' lang='lat' dir='ltr'><strong>Commonitorium</strong></span> <span class='ocrx_word' id='word_1_961' title='bbox 3857 5548 3859 5550; x_wconf 24' lang='grc' dir='ltr'><strong>η</strong></span> 
     </span>
    </p>
   </div>
   <div class='ocr_carea' id='block_1_118' title="bbox 2235 5588 3666 5662">
    <p class='ocr_par' dir='ltr' id='par_1_118' title="bbox 2235 5588 3666 5662">
     <span class='ocr_line' id='line_1_121' title="bbox 2235 5588 3666 5662; baseline 0.003 -17"><span class='ocrx_word' id='word_1_962' title='bbox 2235 5602 2258 5662; x_wconf 57' lang='grc' dir='ltr'>ε</span> <span class='ocrx_word' id='word_1_963' title='bbox 2299 5589 2498 5662; x_wconf 78' lang='lat' dir='ltr'><strong>lterum</strong></span> <span class='ocrx_word' id='word_1_964' title='bbox 2525 5588 2756 5662; x_wconf 79' lang='lat' dir='ltr'><strong>Cyrillus</strong></span> <span class='ocrx_word' id='word_1_965' title='bbox 2788 5591 2844 5647; x_wconf 90' lang='lat' dir='ltr'><strong>in</strong></span> <span class='ocrx_word' id='word_1_966' title='bbox 2880 5591 3087 5662; x_wconf 81' lang='lat' dir='ltr'><strong>synodo</strong></span> <span class='ocrx_word' id='word_1_967' title='bbox 3111 5590 3405 5661; x_wconf 74' lang='lat' dir='ltr'><strong>Ephesina,</strong></span> <span class='ocrx_word' id='word_1_968' title='bbox 3421 5601 3552 5648; x_wconf 89' lang='lat' dir='ltr'><strong>tom.</strong></span> <span class='ocrx_word' id='word_1_969' title='bbox 3577 5591 3666 5649; x_wconf 83' lang='lat' dir='ltr'><strong>Ill.</strong></span> 
     </span>
    </p>
   </div>
   <div class='ocr_carea' id='block_1_119' title="bbox 2233 5659 3739 5748">
    <p class='ocr_par' dir='ltr' id='par_1_119' title="bbox 2233 5659 3739 5748">
     <span class='ocr_line' id='line_1_122' title="bbox 2233 5659 3739 5748; baseline 0.003 -34"><span class='ocrx_word' id='word_1_970' title='bbox 2233 5659 2760 5748; x_wconf 28' lang='lat' dir='ltr'><strong>{Alia-ndata‘ltlgatis</strong></span> <span class='ocrx_word' id='word_1_971' title='bbox 2776 5659 2990 5748; x_wconf 36' lang='grc' dir='ltr'><strong>ρει-ξήρ’</strong></span> <span class='ocrx_word' id='word_1_972' title='bbox 3004 5659 3295 5742; x_wconf 61' lang='lat' dir='ltr'><strong>impertita,</strong></span> <span class='ocrx_word' id='word_1_973' title='bbox 3319 5661 3739 5748; x_wconf 60' lang='lat' dir='ltr'><strong>commonitori:</strong></span> 
     </span>
    </p>
   </div>
   <div class='ocr_carea' id='block_1_120' title="bbox 2166 5730 3738 5806">
    <p class='ocr_par' dir='ltr' id='par_1_120' title="bbox 2166 5730 3738 5806">
     <span class='ocr_line' id='line_1_123' title="bbox 2166 5730 3738 5806; baseline -0.003 -18"><span class='ocrx_word' id='word_1_974' title='bbox 2166 5738 2448 5796; x_wconf 89' lang='lat' dir='ltr'><strong>vocantur,</strong></span> <span class='ocrx_word' id='word_1_975' title='bbox 2491 5731 2566 5788; x_wconf 87' lang='lat' dir='ltr'><strong>ait</strong></span> <span class='ocrx_word' id='word_1_976' title='bbox 2603 5730 2907 5806; x_wconf 75' lang='lat' dir='ltr'><strong>Severinus</strong></span> <span class='ocrx_word' id='word_1_977' title='bbox 2935 5731 3118 5787; x_wconf 83' lang='lat' dir='ltr'><strong>Binius</strong></span> <span class='ocrx_word' id='word_1_978' title='bbox 3148 5731 3200 5787; x_wconf 91' lang='lat' dir='ltr'><strong>in</strong></span> <span class='ocrx_word' id='word_1_979' title='bbox 3229 5733 3370 5788; x_wconf 90' lang='lat' dir='ltr'><strong>notis</strong></span> <span class='ocrx_word' id='word_1_980' title='bbox 3410 5733 3477 5787; x_wconf 87' lang='lat' dir='ltr'><strong>ad</strong></span> <span class='ocrx_word' id='word_1_981' title='bbox 3519 5730 3738 5803; x_wconf 72' lang='lat' dir='ltr'><strong>capit.5</strong></span> 
     </span>
    </p>
   </div>
  </div>
