4228 6318
76 5362 138 5839 .j

2 5666 95 5735 ξι

0 5752 165 6318 ἵ

286 3634 293 3639 ι
352 3614 573 3700 verunt,
604 3619 705 3661 nec
737 3607 815 3663 ab
839 3605 958 3677 eius
993 3609 1109 3664 ﬁde
1142 3623 1177 3663 ν

296 3718 306 3725 ’
355 3696 526 3787 sunt;
667 3697 835 3767 ipsius
872 3697 1311 3787 [communionis]
1343 3714 1441 3771 per
1466 3700 1562 3756 Dei
1585 3702 1814 3773 gratiam
1838 3717 1930 3759 us-

294 6186 305 6195 .
340 6146 363 6183 τ
386 6160 463 6213 3..-
536 6150 589 6215 ξ.

454 6212 469 6223 ,
496 6198 527 6229 ,-
572 6218 583 6227 _
642 6200 653 6209 .
700 6202 707 6209 .

214 6290 223 6318 Ι
252 6270 275 6295 II.
292 6194 519 6318 mil
456 6238 471 6253 .
492 6212 669 6318 mali-'5‘”.
672 6244 711 6309 εἴ

3337 41 3354 48 ι-
3929 39 3950 42 _
3969 33 3996 40 ι.-
4085 35 4088 38 .

3359 80 3364 82 -
3747 65 3754 68 _
3795 55 3830 66 _.
3881 61 3898 66 ἰ
3940 56 3951 61 _
3982 58 3987 61 ,
4032 54 4123 75 ,7‘---

2951 93 2956 96 _
2975 87 3070 94 o.——
3147 85 3152 88 -
4005 83 4022 88 __
4050 82 4055 83 γ

2507 110 2528 116 .--
2555 107 2578 114 ι.
2605 103 2618 108 ·-
2651 100 2696 112 --τ
3859 111 3872 114 _
3913 95 3942 108 ν,
3975 95 4096 114 ..ν-ι..

1493 141 1536 146 ’⁷
1575 141 1584 144 “
1643 138 1698 157 __.
1879 130 1882 132 η
1971 153 2000 158 ,.,
2159 153 2162 156 .
2195 151 2228 156 ....
2249 147 2346 156 ...ν-ι
2365 148 2382 153 --
2445 151 2450 154 .
2711 147 2718 150 -
2751 146 2754 148 -
2919 139 2980 150 ιιι-ι-
3135 131 3308 143 -----··³¹“““-
3391 131 3394 134 “
3426 156 3430 160 Δ
3501 129 3512 134 ⁵
3529 129 3544 132 ””
3561 127 3592 137 ‘--
4050 126 4063 131 ”

1074 172 1081 179 .
1574 170 1581 181 χ
1756 176 1759 177 ,

248 609 252 612 ἠ
356 535 427 593 π
960 490 979 499 ”
1075 536 1489 594 ιιοςιιΑτιοΑ.
1530 568 1595 576 ——
1632 537 1759 591 ιω.
1802 533 1940 590 DEI

2030 530 2392 603 DCI-ISSIONE
2428 530 2482 587 S.
2527 531 2748 585 Sl’llll'l'
2758 527 2867 586 US.
3105 601 3108 605 ν
3382 514 3387 519 ’
3518 519 3589 574 74

349 666 477 708 esse
503 651 914 722 suscipiendam,
939 649 1222 705 conﬁrmat
1248 651 1322 705 ita
1346 651 1530 706 dicens
1554 669 1564 702 :
1603 668 1622 700 ι
1653 649 1804 704 Scire
1823 662 1918 703 vos
1946 652 1993 708 Α
2020 645 2143 699 sita
2170 643 2306 698 Filio
2333 646 2597 711 accipere,
2632 643 2775 710 quod
2803 656 2834 695 a
2863 638 3020 693 Patre
3054 636 3387 708 procedere?
3415 633 3596 707 [quod

354 741 618 807 volumus,
649 730 918 813 quod'nos
943 757 1028 806 ea,
1057 758 1178 813 quae
1200 758 1233 807 a
1256 741 1461 797 sanctis
1480 749 1711 811 quatuor
1744 739 1923 795 conci-

354 830 463 901 liis,
486 830 719 895 Niceno,
744 830 1357 907 Constantinopolitano,
1376 830 1649 902 Ephesiae
1676 830 1849 900 primo
1872 835 1927 883 et

354 918 776 977 Chalcedonensi
797 921 867 976 de
890 936 998 976 una
1025 921 1322 990 eademque
1350 919 1455 975 ﬁde
1481 919 1725 989 exposita
1750 926 1809 974 et
1831 918 1927 971 de-

276 1056 279 1059 .
354 1008 507 1067 ﬁnita
530 1015 677 1075 sunt,
705 1018 760 1065 et
804 1010 871 1064 de
899 1010 1267 1066 ecclesiastico
1294 1018 1438 1096 statu
1475 1008 1792 1081 regulariter
1814 1007 1929 1063 dis-

354 1099 550 1168 posita,
578 1098 913 1154 servabimus
932 1106 990 1155 et
1013 1098 1368 1165 defendimus,
1388 1107 1444 1153 et
1466 1114 1531 1153 ea
1555 1097 1850 1167 sequimur.
1864 1100 1928 1161 et

351 1189 534 1245 omnia
558 1204 679 1259 qua:
704 1188 1147 1244 consonant'istis
1165 1230 1182 1255 ,
1227 1189 1548 1258 suscipimus
1570 1195 1627 1242 et
1652 1185 1928 1256 amplecti-

349 1296 498 1338 mur.
527 1280 795 1360 Quidquid
823 1288 1003 1335 autem
1038 1295 1144 1336 non
1178 1288 1440 1335 consonat
1464 1279 1604 1344 istis,
1628 1276 1767 1332 vela
1794 1286 1927 1346 qna-

351 1388 567 1443 cunque
593 1386 824 1441 persona
867 1372 1129 1443 scripturn
1157 1372 1461 1426 inveniatur
1502 1377 1690 1439 contra
1718 1384 1782 1424 ea
1808 1383 1929 1440 quae

356 1460 425 1516 'de
452 1472 566 1515 una
587 1460 884 1529 eademque
906 1460 1012 1515 ﬁde
1038 1470 1068 1514 a
1090 1459 1290 1516 sanctis
1310 1469 1542 1530 quatuor
1560 1457 1819 1522 conciliis,
1843 1455 1929 1511 vel

330 1567 471 1608 -.uno
496 1565 565 1606 ex
599 1551 686 1606 his
712 1550 928 1606 deﬁnita
960 1559 1110 1616 sunt,
1137 1551 1240 1606 hoc
1260 1560 1514 1620 tanquam
1547 1548 1782 1603 alienum
1811 1561 1929 1602 em-

352 1641 489 1696 nino
513 1640 731 1712 pietatis
760 1655 1125 1696 exsecramur.
1151 1641 1437 1712 Sequimur
1458 1651 1640 1696 autem
1676 1640 1729 1694 in
1755 1639 1929 1694 omni-

356 1731 463 1787 bus
482 1739 705 1806 sanctos
729 1731 919 1787 Patres
942 1739 998 1786 et
1018 1731 1269 1787 doctores
1290 1739 1490 1788 sanctae
1525 1730 1620 1786 Dei
1646 1727 1926 1793 Ecclesiae,

354 1819 415 1875 id
439 1826 545 1885 est,
573 1818 948 1886 Athanasium,
983 1820 1269 1886 Hilarium,
1303 1820 1582 1885 Basiliam,
1605 1817 1927 1888 Gregorium

354 1908 686 1979 Theologum
709 1920 764 1966 et
787 1909 1104 1982 Gregorium
1123 1910 1544 1974 Nazianzenum,
1560 1908 1924 1973 Ambrosium,

2027 733 2072 787 si
2100 730 2228 787 nihil
2259 730 2472 786 diﬁ'erre
2499 730 2739 786 creditur
2782 730 2922 784 inter
2962 727 3206 795 accipere
3247 741 3276 779 a
3316 725 3451 780 Filio
3480 733 3536 779 et
3560 741 3593 779 ιι

2026 823 2184 879 Patre
2223 823 2561 895 procedere],
2609 834 2757 876 certe
2799 822 3029 889 idipsum
3070 829 3230 889 atque
3269 836 3435 892 unum
3478 834 3598 875 esse

2026 912 2447 977 cxistimabiiur,
2469 920 2525 966 et
2549 928 2579 965 a
2608 912 2745 965 Filio
2772 911 3036 979 accipere,
3067 910 3209 977 quod
3247 910 3317 962 sit
3357 908 3598 975 aeriprre

2026 1017 2056 1056 a
2080 1002 2276 1057 Patre:
2318 999 2432 1070 ipse
2470 1001 2612 1055 enim
2642 1001 2898 1054 Dominus
2929 999 3043 1051 ait:
3085 996 3347 1062 Quoniam
3392 997 3458 1051 de
3486 1012 3597 1049 meo

2026 1092 2263 1160 accipiet,
2282 1099 2331 1144 ct
2356 1088 2683 1143 annuntiabit
2707 1088 2866 1142 vobis.
2899 1087 3089 1142 Omnia
3109 1102 3426 1157 qua'cuuque
3447 1084 3598 1139 habet

2028 1177 2209 1243 Pater,
2234 1197 2350 1233 πιθα
2382 1189 2521 1233 sunt.
2553 1176 2833 1247 Propterea
2859 1177 2970 1229 dixi
2992 1191 3010 1227 :
3049 1174 3126 1230 De
3149 1192 3260 1228 meo
3288 1175 3523 1245 accipiet,
3550 1183 3598 1226 et

2027 1268 2356 1323 animmiabit
2397 1267 2535 1322 vobis
2564 1267 2743 1337 (lacn.
2776 1282 2897 1330 xvi,
2927 1264 3035 1336 id).
3076 1264 3189 1319 Hoc
3213 1250 3355 1335 quod
3382 1264 3599 1333 accipit,

2028 1362 2142 1416 sive
2165 1370 2402 1432 potestas
2421 1370 2525 1425 est,
2551 1361 2663 1415 sive
2690 1361 2882 1422 virtus,
2905 1359 3018 1412 sive
3044 1357 3287 1421 doctrina
3307 1364 3411 1421 cst,
3435 1355 3602 1414 Filius

2026 1436 2060 1504 a
2091 1465 2150 1506 se
2177 1451 2548 1519 accipiendum
2571 1463 2689 1503 esse
2714 1448 2880 1502 dixit:
2915 1468 2933 1499 ι
2972 1447 3113 1501 idem
3138 1446 3386 1516 egregius
3416 1445 3603 1499 doctor
3642 1500 3661 1503 ,

2029 1540 2083 1594 in
2110 1556 2187 1595 ιιι
2213 1541 2280 1597 de
2301 1540 2564 1595 Trinitate
2599 1540 2671 1592 ait
2692 1538 2831 1592 libro
2860 1537 3028 1609 (Nam
3053 1537 3196 1611 ult.),
3221 1535 3387 1591 Deum
3415 1537 3603 1606 dcpre-
3692 1579 3709 1591 κ

2028 1632 2243 1686 cando:
2288 1649 2308 1681 ι
2341 1629 2631 1692 Conserva,
2664 1644 2783 1693 oro,
2821 1628 2962 1683 hanc
2988 1627 3110 1683 ﬁdei
3131 1642 3266 1681 mea:
3290 1627 3604 1699 incontami-

2024 1727 2214 1774 natam
2263 1712 2578 1790 religionem
2601 1758 2617 1784 ,
2646 1728 2700 1772 et
2743 1732 2911 1786 usque
2955 1717 3024 1771 ad
3065 1731 3344 1771 excessum
3383 1715 3606 1784 Spiritus

2028 1811 2134 1866 mei
2155 1810 2292 1866 dona
2311 1810 2444 1864 mihi
2467 1809 2606 1864 hanc
2624 1808 2964 1863 conscientiae
2984 1822 3118 1862 mea:
3136 1821 3345 1870 vocem,
3362 1814 3439 1871 ut,
3462 1806 3617 1874 quod-

2029 1899 2084 1955 in
2122 1899 2554 1969 regenerationis
2582 1912 2716 1952 mc:e
2750 1897 2996 1967 symbolo
3034 1895 3337 1966 baptizatus
3364 1898 3416 1951 in
3446 1896 3607 1951 Patre

358 1997 736 2070 Theophilum,
762 2000 1023 2057 Joannem
1064 1998 1734 2070 Constantinopolitantim,
1763 1996 1932 2069 Cyril-

2034 1996 2092 2043 et‘
2109 1988 2247 2043 Filio
2273 1998 2329 2043 et
2354 1987 2557 2058 Spiritu
2587 1996 2776 2041 sancto
2796 1984 3071 2059 professus
3098 2001 3240 2051 sum,
3276 1984 3609 2067 SCIIlpt‘l'ﬂb-

350 2088 487 2155 lum,
528 2089 917 2161 Augustinum,
949 2089 1267 2156 Proculum,
1320 2086 1584 2155 Leodcm;
1621 2098 1677 2144 et
1712 2087 1926 2152 omnia,

351 2194 477 2249 qua
498 2179 574 2234 ab
597 2179 685 2234 his
705 2179 771 2234 de
797 2179 904 2235 ﬁde
939 2189 1105 2243 recta,
1133 2188 1189 2235 et
1208 2179 1277 2233 ad
1300 2179 1798 2234 condemnationem
1822 2178 1932 2231 hae-

352 2254 643 2331 réticorum
667 2269 968 2339 Conscripta
987 2277 1046 2325 et
1072 2270 1316 2341 exposita
1340 2276 1482 2334 sunt,
1507 2266 1930 2337 suscipimuan

350 2355 624 2428 pmdictis
649 2356 813 2428 igitur
836 2356 1086 2412 omnibus
1112 2365 1492 2429 permanentes
1519 2357 1638 2411 illos
1662 2356 1853 2411 Patres
1876 2363 1933 2410 et

329 2446 661 2502 sacerdotes
684 2446 1028 2516 suscipimus,
1054 2447 1143 2517 qui
1159 2462 1253 2512 ,ea,
1276 2461 1396 2516 qua:
1422 2463 1453 2519 a
1481 2444 1682 2502 sanctis
1700 2429 1933 2515 quatuor

354 2535 598 2590 conciliis
618 2536 686 2590 de
716 2534 822 2591 ﬁde
852 2536 1097 2605 exposita
1135 2544 1284 2601 sunt,
1318 2544 1375 2590 et
1418 2536 1688 2605 przedictis
1732 2535 1933 2590 sanctis

356 2621 609 2684 Patribus
631 2624 922 2694 przedicata
938 2632 1089 2690 sunt,
1112 2634 1331 2680 servant
1352 2634 1409 2679 et
1425 2626 1717 2694 praedicant
1737 2626 1793 2680 in
1811 2638 1935 2679 san-

352 2721 445 2767 cta
592 2706 850 2768 Ecclesia.
886 2731 910 2765 ι

428 2800 590 2872 750
619 2801 968 2857 Beatissimus
992 2804 1204 2873 quoque
1228 2812 1283 2859 et
1310 2804 1788 2860 reverendissimus
1824 2804 1934 2861 Bo-

358 2907 534 2948 manze
554 2893 701 2947 urbis
729 2892 964 2963 pontifex
999 2893 1266 2960 Gclasius,
1291 2885 1533 2965 praedicti
1552 2895 1936 2951 Constantino-

354 2980 579 3053 politsni
605 2982 817 3037 concilii
842 2983 1096 3049 decretis,
1120 2985 1187 3039 de
1216 2985 1536 3054 recipiendis
1559 2998 1719 3056 atque
1745 2987 1931 3057 legen-

349 3068 441 3122 dis
465 3071 703 3125 omnium
740 3069 1163 3125 orthodoxorum
1204 3071 1393 3139 libris,
1420 3073 1475 3127 in
1513 3073 1775 3129 Decretali
1813 3077 1931 3145 epi-

353 3155 520 3221 stola,
549 3170 714 3225 quam
747 3155 815 3210 de
844 3157 1164 3213 auctoritate
1186 3159 1488 3215 divinorum
1512 3160 1841 3215 voluminum
1875 3168 1933 3216 et

353 3245 426 3303 de
452 3246 540 3303 his
563 3247 719 3303 libris
739 3249 832 3319 qui
857 3262 966 3305 non
994 3258 1118 3306 sunt
1143 3251 1199 3306 in
1219 3250 1458 3317 Ecclesia
1483 3253 1775 3324 recipiendi
1794 3253 1937 3310 scri-

2033 2080 2279 2144 tincam;
2319 2079 2538 2132 Patrem
2564 2077 2772 2132 scilicet
2815 2086 2869 2130 te
2903 2083 3181 2140 nostrum,
3215 2064 3415 2129 Filium
3455 2083 3606 2128 tuum

2030 2187 2139 2226 una
2167 2181 2344 2226 tecum
2372 2172 2615 2232 adorem,
2652 2177 2706 2222 et
2738 2168 2999 2237 Spiritum
3039 2174 3483 2230 sanctum-tuum,
3514 2167 3610 2237 qui

2030 2278 2097 2317 ex
2120 2270 2175 2316 te
2194 2276 2293 2331 per
2315 2260 2649 2329 unigenitum
2674 2267 2822 2313 tuum
2847 2266 2953 2323 est,
2975 2272 3307 2327 promereor,
3331 2261 3455 2328 quia
3475 2256 3609 2314 mihi

2033 2352 2268 2407 idoneus
2294 2352 2362 2407 ad
2401 2350 2561 2405 ﬁdem
2607 2351 2763 2405 testis
2801 2358 2905 2416 est,
2937 2350 3160 2405 dicens:
3198 2347 3390 2413 Pater,
3433 2348 3611 2403 omnia

2031 2459 2146 2496 mea
2174 2452 2265 2495 tua
2292 2450 2436 2507 sunt,
2467 2451 2515 2496 et
2544 2451 2636 2494 tua
2662 2456 2775 2494 mea
2798 2460 2816 2492 ι
2851 2439 3031 2508 (Joan.
3061 2455 3197 2504 χιιι,
3225 2436 3334 2509 l0).
3647 2449 3650 2452 '

2104 2523 2606 2587 ltevcrendissimus
2620 2545 2832 2600 quoque
2849 2527 3088 2600 pontifex
3110 2526 3609 2598 Ambrosius,cujus

2032 2621 2281 2678 similiter
2308 2621 2471 2676 ﬁdem
2514 2629 2571 2675 et
2594 2620 2928 2689 probabilem
2976 2620 3317 2674 traditionem
3352 2612 3620 2691 praefatus

2031 2728 2168 2783 papa
2194 2712 2463 2778 Gclasius,
2485 2720 2540 2768 et
2563 2712 2815 2782 praedicta
2838 2711 3427 2783 Cunstantinopolitana
3451 2729 3609 2785 synoo

2033 2805 2134 2859 dus
2165 2804 2233 2857 ab
2259 2802 2566 2882 universali
2590 2802 2829 2857 Ecclesia
2860 2802 3254 2871 suscipiendam
3282 2818 3404 2859 esse
3425 2805 3608 2859 decre-

2032 2900 2245 2958 verunt,
2274 2894 2327 2947 in
2357 2892 2495 2947 libro
2523 2900 2676 2948 sexto
2697 2893 2749 2947 in
2778 2892 2886 2957 his,
2914 2908 3048 2963 quos
3083 2893 3150 2947 de
3182 2891 3286 2948 ﬁde
3305 2893 3370 2947 ad
3396 2891 3607 2947 Gratia-
3694 2912 3715 2921 υ

2033 2996 2161 3034 num
2190 2981 2568 3049 imperatorem
2608 2980 2954 3049 conscripsit,
3002 2979 3261 3049 Spiritum
3302 2992 3543 3037 sanctum
3574 2998 3607 3035 a

2036 3066 2169 3123 Filio
2197 3068 2490 3137 procedere
2516 3066 2801 3122 confirmat
2832 3068 2904 3121 ita
2945 3049 3165 3123 dicens:
3201 3080 3224 3108 ο
3260 3088 3279 3120 ι
3313 3068 3428 3124 Non
3453 3085 3606 3141 ergo,
3654 3064 3689 3109 ’τ

2034 3156 2229 3225 inquit,
2249 3156 2404 3226 quasi
2438 3171 2505 3211 ex
2532 3156 2650 3212 loco
2674 3156 2909 3211 mittitur
2937 3156 3188 3227 Spiritus,
3228 3166 3321 3214 aut
3357 3160 3510 3230 quasi
3536 3176 3603 3215 ex
3684 3189 3687 3191 >

2034 3243 2151 3301 loco
2169 3245 2431 3316 procedit,
2469 3245 2686 3317 quando
2731 3246 2974 3318 procedit
3013 3262 3081 3303 ex
3120 3248 3296 3305 Filio:
3328 3250 3608 3322 sicut'ipse

347 3336 484 3408 psit,
506 3350 742 3420 consona
772 3339 1000 3409 protulit
1022 3340 1186 3395 verba
1210 3341 1287 3396 ita
1312 3341 1532 3398 dicens:
1563 3355 1590 3384 ι
1617 3361 1636 3395 ι
1663 3342 1931 3415 Οριιωιιιι
1955 3342 2007 3407 c
2031 3334 2201 3391 Filius
2232 3351 2355 3391 cum
2396 3336 2526 3392 dicit
2548 3329 2565 3390 ξ
2584 3330 2588 3335 ’
2607 3334 2683 3390 De
2726 3335 2888 3391 Patre
2923 3337 3147 3408 processi
3182 3347 3232 3392 et
3270 3340 3383 3394 veni
3424 3337 3603 3410 (Joan.

351 3436 518 3499 atque
538 3420 801 3485 tractatus
824 3431 1066 3485 omnium
1086 3430 1309 3485 Patrum
1344 3434 1766 3490 orthodoxorum
1781 3476 1798 3503 ,
1832 3436 1928 3506 qui

354 3518 416 3574 in
442 3515 587 3572 nullo
611 3530 644 3570 a
666 3525 869 3572 saneta:
893 3518 1148 3574 Ecclesiae
1165 3518 1212 3573 Κ
1253 3528 1257 3533 '
1305 3536 1424 3577 anas
1449 3524 1721 3580 consortio
1746 3524 1932 3580 devia-

354 3614 573 3665 verunt.
604 3619 705 3661 nec
737 3607 815 3663 ab
839 3605 958 3665 eius
993 3609 1109 3664 ﬁde
1142 3534 1649 3665 vﬁmdieatione
1696 3611 1928 3665 seinncti

1270 3610 1649 3687 pradicatione
1696 3611 1928 3683 sejuncti

349 3799 465 3858 que
490 3785 544 3840 in
571 3785 818 3841 ultimum
845 3786 990 3843 diem
1017 3787 1141 3844 vitae
1161 3785 1315 3845 fuere
1337 3789 1648 3859 participes,
1675 3790 1929 3870 legendos

356 3876 717 3933 decernimus.
756 3897 778 3931 ο
979 3911 982 3914 ~
1050 3886 1055 3895 '

427 3964 626 4021 Beatus
653 3967 816 4037 igitur
839 3967 1168 4032 Athanasius
1195 3970 1674 4027 reverendissimus
1695 3971 1928 4025 Alexan-

352 4051 491 4108 dria
527 4054 678 4110 urbis
694 4057 1000 4125 episcopus,
1024 4058 1117 4127 qui
1137 4072 1346 4113 summo
1367 4058 1607 4128 ejusdem
1628 4042 1932 4129 urbis’pon-

354 4130 489 4196 tillci
511 4141 839 4210 Alexandro,
876 4161 974 4200 suo
1001 4147 1165 4200 etiam
1192 4148 1508 4217 praeceptori
1531 4149 1753 4204 devotus
1778 4146 1930 4214 adju-

358 4242 446 4288 tor
469 4233 526 4288 in
554 4233 896 4291 Nicanofuit
922 4237 1170 4301 concilio,
1211 4238 1266 4291 in
1297 4238 1634 4309 Expositione
1660 4237 1928 4294 catholica

354 4322 503 4394 ﬁdei,
527 4338 687 4394 quam
710 4324 823 4393 ipse
849 4326 1094 4395 egregius
1120 4327 1309 4382 doctor
1329 4328 1671 4397 conscripsit,
1691 4336 1746 4383 et
1764 4343 1926 4397 quam

357 4413 674 4468 universalis
692 4415 978 4470 conﬁtetur
996 4415 1254 4482 Ecclesia,
1278 4417 1674 4486 processionem
1697 4417 1929 4487 Spiritus
1970 4478 1983 4488 ,

354 4500 530 4556 sancti
556 4517 588 4555 a
611 4503 771 4556 Patre
807 4511 863 4558 et
906 4503 1043 4559 Filio
1073 4493 1331 4569 declarat,
1359 4507 1434 4559 ita
1458 4506 1678 4561 dicens:
1714 4524 1731 4557 ι
1767 4506 1928 4561 Pater

357 4604 391 4642 a
418 4588 566 4643 nullo
593 4599 677 4644 est
700 4590 897 4657 factus,
926 4608 1028 4651 nec
1054 4604 1287 4658 creatus,
1317 4612 1417 4651 nec
1441 4597 1673 4665 genitus.
1699 4596 1867 4651 Filius
1894 4612 1926 4650 a

358 4766 593 4839 Spiritus
620 4778 840 4825 sanctus
876 4785 905 4825 a
942 4770 1104 4825 Patre
1132 4780 1185 4827 et
1223 4772 1379 4837 Filio,
1425 4787 1533 4828 non
1576 4773 1781 4839 factus,
1826 4789 1927 4830 nec

358 4869 593 4926 creatus,
625 4862 973 4943 nec_genitus,
1012 4863 1106 4918 sed
1130 4865 1425 4933 procedens
1458 4863 1506 4917 ιι.
1549 4884 1591 4917 »ί

360 4974 365 4977 ι
430 4950 661 5007 Sanctus
696 4967 909 5022 quoque
936 4952 1167 5008 Hilarius
1209 4955 1490 5024 episcopus
1510 4998 1523 5021 ,
1554 4958 1638 5012 vir
1664 4958 1724 5013 in”
1748 4959 1928 5014 divino

358 5039 507 5095 cultu
530 5041 843 5110 praeclarus,
859 5041 1013 5112 cujus
1039 5044 1411 5098 auctoritatem
1438 5050 1574 5115 papa
1602 5045 1846 5101 Gelasius
1872 5048 1927 5102 in

359 5120 907 5200 pmdieta‘decretali
944 5131 1196 5200 epistola,
1238 5140 1295 5187 et
1337 5132 1925 5205 ConstantinOpolitana

362 5216 598 5289 synodus
624 5234 655 5273 a
679 5221 944 5277 catholica
957 5221 1204 5278 Ecclesia
1231 5222 1625 5291 suscipiendam
1651 5238 1772 5280 esse
1794 5240 1926 5281 con-

363 5308 565 5373 ﬁrmat,
587 5307 847 5379 Spiritum
869 5321 1111 5370 sanctum
1140 5328 1170 5367 a
1198 5312 1335 5369 Filio
1358 5315 1650 5391 procedere
1665 5355 1679 5381 ,
1709 5316 1764 5370 in
1789 5316 1927 5375 libro

362 5408 463 5453 ml
503 5395 573 5453 de
611 5395 894 5468 Trinitate,
917 5409 1147 5466 testatur
1188 5404 1274 5459 his
1314 5403 1494 5460 verbis
1539 5394 1735 5477 (Num.
1783 5408 1922 5479 20):

370 5503 397 5542 α
420 5485 657 5560 Spiritus
679 5499 896 5545 sanctus
919 5505 951 5544 a
975 5492 1111 5548 Filio
1140 5494 1357 5566 arripit,
1379 5496 1470 5566 qui
1510 5505 1564 5549 et
1582 5496 1650 5551 ab
1669 5510 1737 5550 eo
1762 5498 1928 5555 mitti-

366 5583 480 5644 tur,
503 5584 564 5634 et
579 5592 612 5634 a
636 5579 794 5635 Patre
815 5581 1075 5649 procedit.
1098 5584 1167 5639 Et
1187 5585 1463 5658 interrogo
1500 5593 1680 5643 utrum
1698 5587 1930 5656 idipsum

484 5682 740 5765 {Magius
766 5702 929 5759 papa,
956 5695 1085 5744 tom.
1114 5691 1159 5765 Υ
1185 5689 1565 5765 _Coneil.,_pag.
1594 5694 1719 5751 387.

440 5752 471 5796 δ
498 5751 806 5829 Symbolum
838 5751 993 5829 ergo,
1023 5760 1164 5815 unde
1191 5762 1307 5817 hac
1332 5751 1491 5818 verba
1514 5751 1780 5829 citantur,
1806 5779 1931 5820 san-

440 5768 471 5796 ι·
498 5768 540 5811 δ
630 5768 806 5811 uotum
844 5771 993 5825 ergo,
1023 5768 1164 5815 unde
1191 5768 1307 5817 haec
1332 5768 1491 5818 verba
1516 5768 1780 5829 citantur,
1806 5779 1927 5820 san-

369 5830 515 5897 ctum
532 5768 882 5897 manasium
902 5827 1099 5897 habere
1120 5838 1390 5897 auctorem
1414 5832 1666 5887 Aleuinus
1683 5834 1927 5896 credidit,

320 5942 341 5975 ,Δ
370 5891 643 5963 modernis
665 5892 870 5948 criticis
888 5891 1340 5954 dissentientibus.

724 5982 978 6047 PATBOL
1037 5986 1137 6049 Cl.
1201 6073 1210 6081 ἢ

2029 3439 2115 3490 ιιι,
2135 3424 2251 3495 28),
2293 3440 2484 3482 omnes
2507 3425 2781 3481 interfecit
2812 3426 3125 3497 opiniones,
3166 3443 3287 3499 quae
3308 3444 3373 3483 ex
3398 3428 3514 3489 loco
3538 3432 3609 3486 ad

2025 3513 2204 3569 locum
2237 3523 2484 3584 possunt,
2513 3516 2654 3571 sicut
2690 3517 2745 3570 in
2784 3516 3051 3586 aliquibus
3086 3520 3426 3591 corporibus,
3464 3522 3609 3577 testi-

2025 3604 2186 3658 mari.
2226 3604 2492 3660 Similiter
2527 3621 2649 3660 cum
2688 3606 2833 3660 intus
2879 3607 2965 3661 vel
3006 3607 3140 3664 foris
3182 3609 3410 3681 legimus
3437 3611 3605 3669 Deum

2026 3701 2169 3758 esse,
2199 3707 2307 3748 non
2331 3693 2520 3764 utique
2543 3693 2716 3770 Deum
2743 3696 2839 3747 aut
2874 3688 3017 3750 intra
3046 3696 3269 3766 aliquod
3294 3714 3490 3769 corpus
3527 3701 3609 3768 in.

2025 3782 2310 3849 cludimus,
2338 3790 2433 3837 aut
2453 3782 2523 3838 ab
2552 3782 2735 3853 aliquo
2761 3798 2987 3855 corpore
3010 3799 3359 3857 separamus;
3382 3791 3474 3845 sed
3495 3791 3604 3847 alta

2026 3886 2082 3931 et
2109 3875 2452 3931 inenarrabili
2466 3876 2833 3932 aestimatione
2853 3886 3166 3948 pensantes,
3188 3879 3381 3935 divinze
3400 3890 3606 3935 natura

2027 3965 2377 4037 intelligimus
2404 3980 2683 4021 arcanum.
2717 3966 2957 4035 Denique
2995 3968 3067 4020 ita
3097 3968 3359 4036 sapientia
3403 3983 3469 4023 ex
3511 3984 3607 4024 ore

2027 4057 2287 4112 Altissimi
2316 4056 2581 4127 prodiisse
2607 4071 2666 4111 se
2703 4057 2832 4109 dicit
2878 4054 3048 4127 (Eccl.
3079 4056 3350 4129 κκμιγιὸ),
3394 4066 3453 4112 ιιι
3497 4076 3605 4116 non

2027 4156 2179 4200 extra
2207 4146 2419 4199 Patrem
2448 4146 2539 4209 sit,
2565 4144 2657 4199 sed
2686 4144 2825 4214 apud
2854 4143 3091 4208 Patrem,
3117 4146 3242 4215 quia
3266 4148 3473 4201 verbum
3494 4161 3606 4203 erat

2028 4234 2169 4304 apud
2204 4233 2369 4287 Deum
2411 4232 2591 4305 (Joan.
2639 4250 2678 4298 ι,
2721 4232 2812 4303 l):
2855 4249 2955 4288 nec
2987 4235 3157 4289 solum
3186 4239 3326 4305 apud
3365 4239 3601 4306 Patrem,

2028 4324 2121 4378 sed
2170 4324 2333 4377 etiam
2380 4323 2432 4375 in
2479 4322 2676 4388 Patre;
2717 4322 2849 4377 dicit
2896 4323 3078 4379 enim:
3122 4322 3233 4394 Ego
3268 4326 3321 4379 in
3360 4326 3523 4382 Patre
3557 4342 3606 4384 et

2030 4411 2192 4467 Peter
2217 4415 2270 4466 in
2300 4425 2379 4467 me
2411 4412 2574 4485 (Ibid.
2607 4430 2721 4477 xw,
2757 4412 2862 4485 lO).
2891 4412 2995 4468 Sed
3018 4430 3187 4483 neque
3216 4428 3335 4470 cum
3360 4416 3425 4468 de
3444 4415 3607 4474 Patre

2028 4490 2159 4570 exit,
2191 4503 2395 4559 deloco
2417 4505 2639 4566 recedit,
2663 4512 2716 4556 et
2744 4505 2896 4574 quasi
2926 4520 3119 4573 corpus
3153 4522 3183 4559 a
3205 4508 3429 4575 corpore
3452 4522 3603 4578 sepa-

2030 4603 2211 4648 ratur:
2240 4610 2412 4664 neque
2433 4609 2557 4648 cum
2589 4596 2641 4647 in
2678 4593 2837 4648 Patre
2862 4602 2964 4659 est,
2989 4598 3141 4663 quasi
3167 4598 3220 4649 in
3243 4613 3465 4668 corpore
3487 4608 3605 4653 tan-

320 4675 519 4763 “Patre
541 4677 656 4732 solo
685 4687 790 4743 est,
818 4694 923 4734 non
947 4679 1149 4745 factus,
1186 4698 1285 4737 nec
1307 4687 1537 4747 creatus,
1571 4679 1669 4738 sed
1692 4686 1922 4752 genitus.
1942 4678 2003 4751 ,ο
2029 4696 2190 4749 quam
2239 4697 2436 4751 corpus
2480 4682 2788 4735 includitur.
2842 4681 3075 4751 Spiritus
3127 4701 3338 4755 quoque
3389 4698 3605 4745 sanctus

2028 4787 2150 4825 cum
2171 4772 2413 4841 procedit
2434 4786 2463 4824 a
2493 4772 2653 4825 Patre
2678 4782 2730 4826 et
2758 4773 2913 4838 Filio,
2939 4790 3042 4829 non
3065 4788 3345 4845 separatur
3366 4795 3393 4833 a
3422 4780 3602 4845 Patre,

2026 4876 2132 4914 non
2173 4869 2457 4929 separatur
2491 4862 2646 4932 751
2691 4878 2721 4915 a
2764 4862 2917 4918 Filio.
2963 4864 3419 4931 Quemadmodum
3459 4872 3601 4924 enim

2027 4952 2266 5022 separari
2304 4962 2481 5023 potest
2516 4969 2546 5008 a
2587 4953 2775 5017 Patre,
2823 4956 2913 5024 qui
2960 4957 3177 5025 spiritus
3214 4958 3477 5032 oris'ejus
3521 4973 3603 5017 est

2028 5042 2199 5113 (Paul.
2232 5061 2417 5111 xxx”,
2449 5044 2527 5117 6),
2570 5048 2712 5116 quod
2762 5048 2945 5117 utique
2999 5049 3317 5104 aeternitatis
3348 5049 3600 5105 iudicium
3704 5052 3707 5055 ’

2031 5144 2084 5188 et
2116 5135 2410 5191 divinitatis
2438 5136 2691 5205 exprimit
2719 5138 3016 5193 unitatem?
3060 5137 3151 5192 Est
3181 5152 3310 5207 ergo
3333 5147 3387 5191 ct
3423 5151 3603 5196 manet
3660 5142 3669 5147 ’

2032 5240 2275 5294 semper,
2306 5227 2397 5297 qui
2428 5227 2648 5295 spiritus
2674 5229 2786 5282 oris
2828 5227 2943 5295 ejus
2984 5235 3102 5289 est;
3142 5226 3234 5281 sed
3278 5229 3602 5286 descendere

2032 5316 2263 5382 videtur,
2295 5332 2418 5372 cum
2445 5316 2597 5372 illum
2621 5319 2928 5387 recipimus,
2976 5326 3036 5372 ut
3077 5318 3282 5374 habitet
3323 5321 3375 5375 in
3415 5321 3599 5385 nobis,
3660 5310 3664 5314 ’

2031 5418 2099 5458 ne
2127 5419 2225 5460 nos
2258 5401 2425 5462 simus
2460 5421 2490 5460 a
2529 5407 2699 5478 gratia
2726 5406 2841 5475 ejus
2868 5406 3045 5461 alieni.
3089 5406 3251 5464 Nobis
3278 5408 3602 5469 descendere

2032 5495 2262 5560 videtur,
2291 5511 2397 5552 non
2423 5510 2532 5565 quo
2555 5495 2643 5550 ille
2663 5496 2943 5565 ascendat,
2973 5500 3067 5557 sed
3094 5514 3201 5571 quo
3220 5503 3287 5557 ad
3308 5501 3454 5557 illum
3481 5505 3596 5557 ani-

2033 5600 2153 5641 mus
2180 5595 2366 5643 noster
2389 5585 2707 5642 ascendatd.
2740 5605 2759 5637 ι

2105 5708 2133 5819 lt;
2179 5695 2408 5819 'Sanctus
2452 5693 2789 5761 Ambrosius,
2838 5697 2904 5752 de
2951 5695 3152 5767 Spiritu
3197 5706 3403 5773 sancto,
3434 5698 3525 5757 lib.
3558 5718 3595 5758 ι.

2033 5780 2133 5833 Cap

2102 5804 2308 5904 ἵΧρυά
2336 5835 2395 5889 s.
2427 5834 2653 5889 Amhr.:
2689 5853 2707 5883 ι
2748 5834 2862 5889 Non
2890 5835 3030 5904 quod
3059 5835 3145 5889 ille
3175 5836 3478 5901 descendat,
3508 5839 3598 5893 sed

2035 5905 2176 5974 quod
2198 5906 2262 5958 a‘d
2289 5905 2432 5957 illum
2466 5904 2675 5958 animus
2699 5914 2877 5959 noster
2902 5907 3172 5960 ascendat.
3213 5930 3228 5956 ι

3206 5996 3288 6060 3,
