4228 6246
592 374 655 430 75
1449 368 1507 420 Β.
1548 366 1607 419 1⁵.
1648 357 1870 425 ΑιΒιΧι
1910 355 2042 415 SEU
2080 353 2222 411 ALCl

2268 351 2353 409 [Nl
2391 349 2674 409 orenam
2708 349 2885 407 rans
2920 347 3003 404 ιιι.
3370 328 3373 331 “
3748 345 3817 399 τε

661 486 855 540 Beatus
893 482 1139 537 similiter
1186 480 1530 556 Augustinus,
1581 478 1733 547 cujus
1780 475 2149 529 auctoritatem
2182 472 2225 528 Α
2257 465 2359 519 Sed
2390 462 2504 536 eius
2529 463 2712 517 missio
2741 463 2853 532 ipsa
2879 461 3148 532 processio
3154 469 3266 556 est,
3295 474 3398 531 qua
3426 460 3492 556 de
3517 460 3675 515 Patre
3695 478 3818 525 pro-

592 586 754 645 atque
797 571 1094 629 doctrinam
1133 583 1267 639 papa
1307 567 1551 623 Gelasins
1595 564 1884 634 apostolica
1925 562 2156 616 auctori-

594 674 726 730 tate,
752 672 807 720 ct
833 660 1055 732 prmfata
1082 659 1315 730 synodus
1341 654 1927 724 Constantinopolitana
1948 653 2014 705 ab
2040 651 2159 705 uni—

594 745 787 811 uersali
814 752 1047 808 Ecclesia
1076 747 1473 818 suscipiendam
1502 761 1620 801 esse
1648 754 1806 813 atque
1831 742 2157 812 sequendam

587 842 853 907 decrevit,
880 838 1123 894 eumdem
1152 837 1409 907 Spiritum
1445 843 1688 891 sanctum
1713 846 1747 887 a‘
1772 832 1931 887 Patre
1954 840 2009 886 et
2025 830 2161 885 Filio

598 930 908 1006 procedere,
934 931 988 983 in
1016 928 1155 982 libro
1184 941 1251 980 xv
1275 926 1341 981 de
1361 932 1544 980 sancta
1568 922 1851 983 Trinitate,
1871 936 1994 974 xxvn
2020 917 2162 986 capi-

598 1022 710 1080 tulo
733 1028 981 1084 testatur,
1012 1018 1087 1073 ita
1116 1017 1299 1071 dicens
1322 1013 1509 1087 (Num.
1536 1011 1627 1081 47)
1651 1029 1661 1064 :
1701 1029 1719 1060 ί
1748 1009 1848 1075 Qui
1878 1015 2050 1076 potest
2077 1007 2161 1059 in-

602 1113 839 1185 telligere
859 1111 975 1167 sine
1004 1117 1239 1178 tempore
1277 1102 1675 1177 generationem
1712 1098 1830 1151 Filii
1860 1098 1925 1153 de
1966 1096 2163 1158 Patre,

602 1193 863 1277 intelligat
892 1202 1005 1257 sine
1030 1206 1270 1267 tempore
1296 1193 1693 1266 processionem
1732 1188 1966 1259 Spiritus
1994 1186 2167 1277 sancti

602 1294 671 1353 de
694 1275 955 1362 utroque;
995 1297 1061 1355 et
1074 1288 1166 1357 qui
1209 1291 1385 1356 potest
1426 1281 1723 1352 intelligere
1743 1280 1799 1334 in
1826 1293 1890 1333 eo
1919 1275 2060 1346 quod
2094 1275 2169 1328 ait

604 1369 799 1439 Filius:
823 1380 969 1437 Sicut
994 1377 1144 1432 habet
1178 1373 1340 1428 Pater
1365 1372 1521 1427 vitam
1540 1372 1596 1425 in
1618 1370 1909 1439 semetipso,
1934 1367 2009 1420 sic
2031 1364 2170 1418 dedit

605 1472 744 1527 Filio
787 1473 944 1527 vitam
988 1468 1176 1523 habere
1219 1464 1274 1518 in
1317 1463 1588 1530 sentetipso
1629 1459 1807 1531 (Joan.
1839 1471 1894 1521 γ,
1922 1452 2036 1526 26),
2064 1466 2171 1508 non

606 1563 721 1617 sine
748 1561 858 1616 rita
883 1556 1133 1615 existenti
1151 1554 1264 1623 jam
1300 1552 1437 1607 Filio
1462 1547 1672 1622 [vitam]
1700 1544 1911 1601 Patrem
1939 1544 2171 1607 dedisse,

610 1652 706 1707 sed
726 1652 800 1705 ita
822 1659 944 1706 eam
971 1647 1087 1702 sine
1114 1652 1354 1714 tempore
1382 1639 1648 1712 genuisse,
1678 1645 1738 1691 ut
1762 1637 1873 1691 vita
1898 1648 2061 1703 quam
2083 1632 2178 1685 Pa-

612 1751 695 1796 ter
720 1739 856 1795 Filio
875 1736 1140 1811 gignendo
1160 1733 1329 1797 dedit,
1358 1739 1625 1786 comtcrna
1651 1729 1722 1783 sit
1740 1725 1863 1780 vitae
1886 1720 2065 1778 Patris
2084 1720 2175 1792 qui

2257 553 2395 608 cedit
2440 561 2493 607 et
2536 552 2670 607 Filio
2697 569 2711 617 ;
2737 555 2889 607 sicut
2934 552 3113 618 itaque
3150 547 3383 618 Spiritus
3423 549 3558 603 mitti
3604 552 3823 617 dicitur,

2258 643 2381 710 quia
2412 641 2653 711 procedit
2674 642 2803 705 ;.ita
2839 648 2895 695 et
2914 639 3095 693 Filius
3123 652 3227 691 non
3254 637 3543 709 incongrue
3576 639 3716 693 mitti
3742 642 3824 694 di-

2259 730 2420 794 citur,
2449 730 2572 799 quia
2602 736 2907 799 generatur.
2944 749 2963 781 ι

2330 819 2639 876 Gennadius
2686 835 2899 891 quoque
2947 819 3293 874 Massiliensis
3332 818 3613 889 episcopus
3656 819 3711 873 in
3756 819 3827 873 li-

2261 908 2419 972 bello,
2467 923 2625 977 quem
2664 909 2741 963 De
2782 909 3156 965 Ecclesiastico
3192 909 3512 979 conscripsit
3546 908 3824 978 Dogmate,

2263 999 2491 1054 formam
2514 1001 2738 1071 symboli
2759 1002 2813 1054 in
2828 1003 3003 1071 primo
3022 1016 3345 1071 componens
3366 1000 3614 1069 capitulo,
3631 1002 3696 1055 de
3710 1017 3832 1070 pro-

2266 1092 2507 1146 cessionc
2533 1090 2767 1159 Spiritus
2792 1091 2962 1146 sancti
2991 1106 3020 1144 a
3043 1090 3202 1145 Patre
3223 1098 3275 1145 et
3295 1089 3429 1144 Filio
3451 1090 3677 1143 similem
3700 1104 3835 1158 prte-
3870 1146 3875 1147 ,

2268 1178 2392 1233 fatis
2422 1178 2732 1235 doctoribus
2751 1181 3069 1236 sententiam
3089 1180 3307 1251 protulit
3327 1181 3400 1234 ita
3420 1164 3635 1235 dicens?
3661 1198 3679 1230 ι
3708 1179 3834 1234 Cre-

2214 1302 2228 1307 —
2267 1272 2443 1327 dimus
2462 1290 2626 1328 unum
2649 1274 2817 1328 Deum
2836 1289 2953 1330 esse
2975 1274 3188 1333 Patrem
3211 1281 3267 1328 et
3287 1272 3479 1327 Filium
3499 1283 3554 1329 et
3578 1273 3835 1342 Spiritum

2268 1371 2533 1416 sanctum.
2566 1363 2804 1426 Patrem,
2836 1378 2902 1417 eo
2928 1363 3073 1433 quod
3116 1362 3311 1417 habeat
3336 1362 3568 1429 Filium;
3607 1363 3832 1426 Filium,

2270 1467 2337 1508 eo
2369 1448 2509 1523 quod
2536 1454 2733 1510 habeat
2757 1454 3006 1520 Patrem;
3037 1440 3295 1522 Spiritum
3322 1463 3587 1519 sanctum,
3611 1470 3672 1509 eo
3694 1456 3838 1524 quod

2273 1544 2344 1598 sit
2373 1559 2439 1600 ex
2470 1542 2629 1600 Patre
2656 1546 2969 1615 procedens,
3009 1555 3064 1599 et
3096 1545 3250 1600 Filio.
3290 1544 3450 1601 Pater
3483 1560 3610 1615 ergo
3635 1546 3838 1615 princi-

2274 1639 2421 1709 pium
2439 1638 2599 1710 752
2619 1638 2858 1701 Deitatis,
2880 1638 3121 1707 quisicut
3143 1652 3412 1707 nunquam
3435 1636 3534 1692 fuit
3557 1638 3658 1691 nisi
3676 1638 3838 1703 Deus,

2280 1731 2352 1784 ita
2376 1745 2612 1798 unquam
2633 1745 2739 1785 non
2761 1728 2863 1783 fuit
2887 1729 2987 1783 nisi
3014 1728 3196 1794 Pater,
3226 1742 3257 1781 a
3280 1742 3387 1797 quo
3415 1727 3581 1782 Filius
3606 1735 3784 1790 natus,
3811 1742 3843 1779 a

615 1832 757 1887 dedit
783 1847 795 1883 :
836 1797 1116 1895 inneiligat,
1137 1824 1278 1879 sicut
1300 1821 1463 1877 habet
1490 1819 1652 1873 Pater
1679 1817 1732 1869 in
1761 1814 2079 1883 semetipso,
2116 1822 2176 1866 ut
2205 1797 2253 1857 Β
2282 1833 2389 1886 quo
2412 1797 2645 1886 spiritus
2670 1827 2887 1873 sanctus
2908 1834 3013 1872 non
3039 1826 3215 1882 natus,
3238 1818 3362 1886 quia
3389 1832 3494 1870 non
3530 1826 3614 1871 est
3637 1816 3802 1870 Filius
3826 1832 3840 1881 ;

615 1922 680 1975 dc
705 1920 792 1975 illo
827 1917 1061 1987 Spiritus
1087 1920 1329 1975 sanctus,
1359 1910 1438 1964 sic
1466 1907 1676 1963 dedisse
1718 1904 1872 1969 Filio,
1900 1910 1960 1957 ut
1987 1902 2053 1957 de
2091 1900 2182 1956 illo

617 2006 873 2078 procedat
899 2004 1038 2058 idem
1074 2000 1303 2072 Spiritus
1340 2004 1591 2061 sanctus;
1640 2003 1696 2050 et
1740 2001 2024 2063 utrumque
2068 1993 2185 2047 sine

620 2107 857 2166 tempore
881 2109 895 2147 :
923 2101 1083 2163 atque
1113 2092 1186 2145 ita
1211 2089 1409 2144 dictum
1437 2085 1695 2157 Spiritum
1732 2092 1975 2139 sanctum
2001 2082 2066 2137 de
2088 2082 2187 2136 Pa-

622 2195 705 2240 tre
732 2182 1043 2255 procedere,
1081 2187 1142 2233 ut
1176 2177 1532 2247 intelligatur,
1580 2173 1723 2242 quod
1760 2172 1923 2227 etiam
1950 2170 2190 2241 procedit

622 2274 689 2330 de
713 2272 870 2338 Filio,
892 2271 959 2326 de
983 2269 1145 2324 Patre
1168 2281 1285 2323 esse
1308 2266 1461 2320 Filio.
1491 2262 1547 2317 Si
1582 2263 1722 2316 enim
1752 2260 2009 2330 quidquid
2032 2259 2191 2313 habet

624 2364 690 2418 de
718 2362 897 2425 Patre,
928 2360 1090 2414 habet
1113 2356 1301 2421 Filius,
1329 2356 1394 2409 de
1418 2353 1577 2407 Patre
1606 2351 1767 2406 habet
1802 2351 1984 2418 utique
2005 2391 2019 2415 ,
2056 2358 2113 2404 ut
2139 2357 2193 2403 et

627 2452 693 2507 de
720 2449 807 2505 illo
830 2448 1088 2520 procedat
1114 2445 1345 2515 Spiritus
1380 2451 1615 2497 sanctus.
1651 2440 1754 2496 Sed
1784 2440 1926 2494 nulla
1956 2441 2027 2495 ibi
2063 2451 2193 2495 tem-

626 2554 757 2612 pora
778 2538 1098 2611 cogitentur,
1129 2549 1247 2605 quae
1279 2534 1478 2588 habent
1503 2532 1649 2601 prius
1671 2540 1723 2585 et
1751 2531 2037 2601 posterius,
2068 2531 2193 2598 quia

628 2629 700 2684 ibi
727 2629 942 2684 omnino
966 2626 1108 2681 nulla
1142 2632 1285 2679 sunt.
1318 2622 1467 2677 Sicut
1502 2622 1645 2675 enim
1687 2621 1820 2673 Filio
1865 2628 2085 2688 pruzstat
2112 2635 2198 2673 cs-

553 2742 559 2749 ·
630 2719 855 2776 sentiam
880 2718 994 2772 sine
1019 2715 1126 2771 ullo
1153 2714 1303 2768 initio
1338 2712 1615 2780 temporis,
1644 2710 1760 2763 sine
1789 2708 1895 2762 ulla
1927 2708 2197 2761 mutabili—

634 2820 743 2866 tate
763 2817 983 2873 naturzc,
1013 2806 1080 2861 de
1107 2804 1269 2859 Patre
1305 2801 1617 2873 generatio;
1654 2801 1727 2853 ita
1764 2798 1984 2867 Spiritui
2015 2806 2200 2852 sancto
2242 2807 2248 2815 '

632 2909 852 2971 pra-stat
872 2898 1155 2954 essentiam
1181 2897 1297 2951 sine
1324 2894 1431 2948 ullo
1458 2893 1606 2947 initio
1633 2892 1906 2960 temporis,
1953 2891 2069 2945 sine
2096 2889 2201 2944 ulla

636 2992 989 3048 mutabilitate
1010 2997 1235 3054 natura,
1263 2988 1328 3041 de
1353 2994 1579 3055 utroque
1603 2984 1894 3054 processio.
1922 2982 2041 3037 ideo
2062 2983 2202 3035 enim

639 3094 761 3142 eum
792 3081 1047 3151 Spiritum
1072 3085 1315 3135 sanetum
1342 3076 1578 3148 genitum
1604 3089 1710 3128 non
1738 3075 1999 3137 dicamus,
2027 3073 2204 3127 dicere

639 3154 816 3231 tamen
846 3185 953 3226 non
991 3169 1247 3224 audemus
1276 3166 1591 3239 ingenitum,
1621 3178 1687 3216 ne
1726 3161 1780 3215 in
1822 3163 1925 3216 hoc
1948 3161 2206 3215 vocabulo

639 3262 729 3319 vel
748 3263 878 3317 duos
896 3260 1087 3315 Patres
1106 3259 1161 3312 in
1182 3257 1270 3311 illa
1293 3256 1577 3317 Trinitate,
1596 3251 1679 3307 vel
1696 3252 1829 3306 duos
1849 3252 1940 3321 qui
1960 3265 2065 3304 non
2087 3259 2211 3303 sunt

645 3352 712 3407 de
740 3349 866 3413 alio,
904 3348 1167 3418 quispiam
1206 3345 1522 3414 suspicetur.
1571 3342 1730 3397 Pater
1753 3342 1896 3396 enim
1934 3342 2077 3397 solus
2106 3358 2211 3396 non

646 3447 732 3494 est
755 3439 820 3493 de
845 3437 980 3502 alio;
1014 3436 1131 3491 ideo
1164 3435 1308 3491 solus
1332 3435 1629 3507 appellatur
1650 3436 1944 3507 ingenitus;
1966 3451 2072 3490 non
2096 3436 2215 3503 qni-

651 3530 773 3584 dem
796 3529 849 3583 in
875 3526 1188 3597 Scripturis,
1213 3527 1308 3583 sed
1329 3528 1382 3581 in
1406 3526 1789 3581 consuetudine
1808 3527 2213 3597 disputantium,

650 3627 708 3676 et
734 3621 798 3676 de
834 3635 892 3674 re
919 3628 1068 3672 tanta
1101 3604 1433 3682 sermonem,
1463 3616 1676 3685 qualem
1718 3617 1985 3672 voluerint
2020 3617 2214 3690 [Aug.,

652 3707 958 3780 valuerint],
986 3708 1407 3779 proferentium;
1444 3707 1614 3762 Filius
1643 3714 1822 3762 autem
1850 3708 1915 3762 de
1938 3706 2098 3761 Patre
2123 3723 2217 3761 na-

654 3808 741 3855 tus
765 3806 865 3863 est,
896 3807 950 3853 et
974 3796 1206 3867 Spiritus
1226 3804 1444 3850 sanctus
1464 3782 1533 3849 de
1557 3796 1719 3851 Patre
1746 3796 2133 3866 principaliter,
2166 3805 2220 3851 et

657 3890 773 3962 ipso
795 3890 908 3945 sine
932 3888 1037 3943 ullo
1059 3886 1339 3941 intervallo
1370 3886 1623 3955 temporis
1660 3887 1842 3950 dante,
1868 3889 2223 3941 communiter

662 3982 729 4036 de
750 3987 971 4049 utroque
995 3978 1255 4047 procedit.
1294 3996 1312 4027 ι
1344 3976 1408 4029 Et
1430 3976 1622 4049 iterum
1650 3977 1703 4030 in
1738 3975 1924 4030 eodem
1952 3975 2023 4028 ait
2048 3975 2183 4029 libro
2207 3991 2219 4028 :

665 4085 687 4119 ι
716 4048 1076 4135 Αιιιιοίὶιιιὺθῐ
1109 4063 1275 4117 Filius
1302 4072 1360 4117 ut
1393 4064 1461 4116 sit
1502 4048 1641 4118 Deus
1681 4065 1785 4135 (est
1822 4064 1965 4139 enim
2008 4066 2073 4118 de
2118 4066 2225 4119 Deo

660 4156 846 4226 Deus),
867 4156 934 4210 ab
953 4154 1042 4209 illo
1068 4153 1227 4211 habet
1246 4161 1305 4207 ut
1324 4153 1485 4207 etiam
1506 4153 1571 4207 de
1598 4153 1685 4207 illo
1708 4154 1966 4223 procedat
1995 4154 2229 4224 Spiritus

663 4257 910 4312 sanctus;
960 4260 1022 4299 ac
1048 4259 1146 4313 per
1175 4244 1279 4296 hoc
1320 4240 1552 4310 Spiritus
1579 4252 1811 4307 sanctus,
1857 4250 1916 4296 ut
1960 4230 2124 4298 etiam
2162 4244 2229 4297 de

663 4340 798 4395 Filio
821 4337 1093 4408 procedat,
1117 4333 1257 4389 sicut
1279 4331 1522 4404 procedit
1543 4332 1609 4387 de
1632 4330 1811 4399 Patre,
1840 4334 1908 4388 ab
1931 4333 2046 4403 ipso
2069 4335 2232 4390 habet

672 4431 853 4486 Patre.
888 4449 908 4482 ι
1484 4476 1485 4479 η

741 4520 932 4573 Beatus
959 4530 1166 4586 quoque
1189 4529 1327 4588 papa
1356 4514 1645 4586 Gregorius
1680 4516 1735 4570 in
1762 4514 1993 4571 homelia
2010 4556 2025 4582 ,
2070 4531 2233 4585 quam

672 4606 988 4673 conscripsit
1014 4606 1078 4657 de
1106 4603 1412 4676 evangeliea
1437 4604 1686 4668 lectione,
1716 4602 1869 4671 cujus
1895 4605 2105 4660 initium
2131 4615 2233 4669 est,

673 4693 805 4754 Cum
832 4711 945 4750 sero
986 4676 1344 4763 factum'esset
1365 4710 1384 4758 ;
1426 4691 1685 4761 Spiritum
1731 4703 1975 4748 sanctum
2008 4709 2040 4749 a
2078 4694 2237 4747 Patre

673 4796 731 4848 et
767 4786 906 4842 Filio
947 4786 1230 4856 procedere
1276 4793 1504 4840 testatur
1543 4785 1615 4837 ita
1662 4785 1882 4839 dicens:
1928 4798 1951 4825 α
1996 4802 2013 4835 α
2058 4785 2238 4839 Missio

676 4879 842 4934 etiam
866 4876 988 4931 Filii
1008 4874 1161 4942 juxta
1198 4884 1442 4928 naturam
1468 4875 1765 4929 divinitatis
1797 4883 1973 4943 potest
1996 4876 2237 4946 intelligi.

683 4964 757 5018 Eo
782 4965 921 5019 enim
948 4964 1060 5034 ipso
1089 4978 1118 5015 a
1146 4961 1305 5017 Patre
1330 4962 1495 5017 Filius
1520 4966 1657 5019 mitti
1684 4965 1881 5018 dicitur
1900 5004 1915 5028 ,
1956 4980 2061 5033 quo
2085 4982 2113 5017 a
2149 4965 2243 5016 l’a—

684 5061 765 5107 tre
788 5062 1086 5123 generatur.
1120 5051 1252 5106 Nam
1293 5064 1536 5107 sanctum
1579 5071 1790 5125 quoque
1833 5056 2089 5125 Spiritum
2110 5096 2123 5119 ,
2154 5057 2242 5123 qui

685 5161 803 5201 cum
828 5148 897 5199 sit
924 5148 1205 5216 coaequalis
1229 5147 1373 5199 Patri
1399 5156 1449 5199 et
1480 5146 1628 5209 Filio,
1668 5163 1772 5202 non
1804 5158 1980 5209 tamen
2002 5149 2244 5203 incarna-

691 5246 776 5292 tus
795 5246 908 5298 est;
933 5236 1069 5288 idem
1100 5251 1156 5291 se
1180 5236 1345 5291 Filius
1370 5238 1580 5289 mittere
1601 5238 1844 5304 perhibet
1865 5238 2078 5292 dicens:
2115 5235 2245 5291 Cum

687 5328 877 5387 venerit
920 5324 1253 5392 Paracletus,
1303 5345 1449 5399 quem
1493 5346 1583 5398 ego
1635 5330 1779 5381 mitto
1829 5328 1967 5382 vobis
2013 5346 2044 5382 α
2088 5327 2247 5381 Patre

689 5420 868 5492 (Joan.
898 5436 985 5484 xv,
1014 5418 1140 5489 26);
1189 5420 1233 5470 si
1274 5420 1414 5471 enim
1457 5420 1586 5471 mitti
1624 5418 1956 5474 solummodo
1981 5418 2247 5472 incarnari

692 5510 906 5565 deberet
932 5509 1171 5577 intelligi,
1196 5516 1415 5562 sanctus
1438 5509 1621 5574 procul
1656 5508 1814 5562 dubio
1854 5506 2083 5577 Spiritus
2108 5508 2248 5562 nullo

700 5597 854 5651 modo
876 5597 1138 5658 diceretur
1163 5597 1320 5661 mitti,
1347 5596 1441 5667 qui
1466 5610 1797 5668 nequaquam
1816 5598 2121 5655 incarnatus
2147 5609 2248 5657 est.

770 5730 789 5745 α
826 5708 1107 5776 Gregorius
1136 5722 1272 5778 papa
1292 5707 1346 5763 in
1373 5706 1511 5760 hom.
1536 5704 1627 5773 26,
1654 5722 1799 5763 num.
1824 5707 1881 5765 2.

2286 1922 2457 1977 neque
2483 1908 2769 1978 ingenitus,
2808 1909 2932 1977 quia
2961 1923 3065 1962 non
3092 1916 3173 1962 est
3193 1907 3382 1971 Pater;
3410 1921 3509 1961 nec
3529 1904 3701 1961 factus
3727 1904 3856 1975 Spis

2286 1998 2422 2053 ritus
2448 2006 2685 2064 sanctus,
2715 2014 2839 2067 quia
2861 2013 2967 2053 non
2992 2005 3163 2052 estex
3198 1996 3384 2063 nihilo,
3411 1995 3506 2050 sed
3530 2008 3599 2049 ex
3620 1994 3728 2049 Deo
3748 1994 3849 2048 Pa-

2288 2100 2370 2145 tre
2397 2100 2454 2146 ct
2480 2091 2589 2147 Deo
2610 2090 2748 2145 Filio
2768 2091 2909 2160 Deus
2936 2089 3252 2159 procedens.
3290 2107 3310 2139 ι

2356 2177 2592 2233 Isidorus
2635 2192 2847 2248 quoque
2890 2178 2955 2231 de
2991 2176 3335 2247 processione
3362 2172 3594 2243 Spiritus
3619 2175 3789 2228 sancti
3818 2191 3849 2229 a

2290 2269 2449 2324 Patre
2477 2278 2531 2323 et
2558 2268 2693 2324 Filio
2722 2271 2775 2323 in
2807 2268 3031 2338 septimo
3064 2264 3523 2336 Etymologiarum
3552 2249 3688 2319 libro
3712 2279 3851 2334 pra:-

2292 2360 2465 2415 dictos
2493 2359 2762 2428 sequendo
2790 2357 2979 2412 Patres
3005 2358 3058 2411 in
3086 2356 3245 2410 tertio
3269 2357 3345 2409 ait
3365 2353 3595 2424 capitulo
3620 2374 3631 2407 :
3676 2371 3695 2403 ‹
3729 2353 3851 2423 Spi—

2294 2451 2428 2504 ritus
2473 2458 2686 2503 sanctus
2718 2448 2836 2501 ideo
2877 2447 3197 2516 prmdicatur
3238 2445 3398 2509 Deus,
3441 2445 3565 2515 quia
3608 2458 3670 2497 ex
3699 2444 3858 2500 Patre

2294 2538 2536 2607 Filioque
2566 2537 2822 2605 procedit,
2847 2545 2901 2591 et
2925 2534 3279 2590 substantiam
3306 2548 3422 2604 eius
3466 2534 3643 2588 habet.
3670 2534 3859 2605 Neque

2296 2630 2438 2684 enim
2461 2630 2525 2683 de
2552 2628 2710 2681 Patre
2745 2627 3036 2698 procedere
3060 2628 3253 2696 potuit,
3277 2641 3435 2694 quam
3470 2628 3610 2695 quod
3640 2629 3753 2696 ipse
3777 2634 3863 2684 est

2300 2718 2481 2773 Pater.
2514 2739 2533 2771 ι

2372 2812 2623 2867 Boethius
2650 2824 2861 2880 quoque
2882 2809 2964 2863 vir
2987 2810 3041 2863 in
3067 2807 3280 2873 divinis,
3325 2824 3425 2863 nec
3448 2822 3552 2863 non
3591 2817 3644 2862 et
3670 2809 3722 2863 in
3745 2808 3864 2877 phi-

2302 2901 2590 2973 1050pbicis
2633 2899 2990 2954 voluminibus
3016 2898 3278 2965 eruditus,
3319 2898 3374 2952 in
3420 2899 3558 2954 libro
3602 2913 3759 2968 quem
3800 2899 3866 2953 de

2305 2996 2509 3050 unitate
2535 2993 2845 3049 substantiae
2874 2992 3045 3046 Patris
3068 2998 3121 3043 et
3148 2990 3270 3044 Filii
3296 3000 3458 3060 atque
3491 2992 3719 3061 Spiritus
3744 3004 3868 3045 san-

2305 3083 2379 3137 cti
2398 3082 2736 3149 conscripsit,
2766 3078 3015 3147 praefatos
3035 3078 3087 3131 in
3111 3077 3385 3132 catholica:
3404 3077 3526 3132 ﬁdei
3548 3080 3731 3147 regula
3749 3078 3870 3133 imi-

2310 3171 2469 3224 tando
2493 3171 2636 3223 viros
2661 3178 2913 3233 testatur,
2956 3170 3100 3239 quod
3140 3167 3373 3239 Spiritus
3414 3176 3631 3224 sanctus
3654 3184 3685 3221 a
3712 3166 3872 3222 Patro

2308 3259 2551 3328 procedit
2570 3267 2624 3312 et
2649 3258 2786 3312 Filio
2813 3260 2888 3312 ita
2927 3260 3147 3314 dicens:
3191 3277 3209 3310 ι
3248 3259 3431 3329 Neque
3456 3260 3747 3314 accessisse
3768 3257 3874 3313 dici

2308 3358 2485 3418 potest
2504 3348 2703 3417 aliquid
2733 3350 2863 3414 Deo,
2904 3360 2964 3403 ut
2992 3350 3153 3404 Pater
3183 3350 3373 3415 ﬁeret;
3414 3365 3519 3404 nou
3542 3351 3685 3404 enim
3708 3348 3877 3418 cmpit

2314 3454 2431 3494 esse
2461 3454 2695 3506 unquam
2720 3438 2899 3503 Pater,
2914 3452 2980 3494 eo
2996 3440 3136 3507 quod
3170 3439 3642 3504 consubstantialis
3665 3437 3878 3507 quidem

2314 3531 2364 3585 ei
2386 3538 2467 3585 est
2486 3530 2766 3599 productio
2787 3528 2930 3594 Filii,
2952 3530 3175 3584 relativa
3194 3546 3323 3585 vero
3340 3532 3650 3601 praedicatio
3670 3530 3876 3585 Patris:

2316 3637 2383 3676 ac
2408 3621 2454 3675 si
2483 3620 2885 3675 meminerimus
2906 3620 3145 3675 omnium
3167 3621 3222 3675 in
3243 3621 3515 3691 prioribus
3536 3621 3600 3675 de
3622 3620 3731 3675 Deo
3759 3634 3881 3674 sen-

2318 3694 2630 3777 tentiarum,
2660 3712 2735 3765 ita
2762 3712 3055 3780 cogitemus
3081 3711 3407 3779 processisse
3428 3710 3642 3778 quidem
3677 3725 3744 3765 ex
3773 3710 3884 3765 Deo

2320 3803 2479 3857 Patre
2499 3802 2691 3856 Filium
2713 3801 2897 3864 Deum,
2918 3808 2967 3855 et
2984 3816 3051 3854 ex
3070 3800 3310 3871 utrisque
3327 3800 3585 3871 Spiritum
3608 3810 3879 3866 sanctum;

2324 3892 2420 3946 hos
2449 3892 2700 3963 quoniam
2723 3890 3082 3961 incorporales
3105 3890 3230 3953 sint,
3264 3891 3483 3944 minime
3506 3890 3637 3947 locis
3661 3891 3882 3945 distare.

2325 3980 2586 4046 Quoniam
2613 3994 2739 4033 vero
2778 3980 2937 4033 Pater
2977 3979 3147 4042 Deus,
3174 3988 3228 4032 et
3260 3967 3427 4033 Filius
3468 3979 3627 4043 Deus,
3648 3979 3810 4033 Deus
3833 3987 3889 4034 et
3938 4047 3943 4051 ρ

2328 4070 2559 4142 Spiritus
2595 4079 2853 4135 sanctus;
2896 4068 3034 4123 Deus
3071 4083 3199 4123 vero
3229 4070 3403 4123 nullas
3433 4068 3595 4123 habet
3638 4069 3887 4123 dideren-

2328 4163 2451 4226 tias,
2482 4162 2676 4229 quibus
2699 4159 2911 4213 ditIerat
2950 4160 3016 4213 ab
3043 4158 3175 4225 Deo,
3216 4176 3247 4214 τι
3293 4160 3435 4213 nullo
3460 4174 3643 4214 eorum
3675 4159 3887 4229 dilfert;

2328 4249 2643 4304 differentiae
2686 4263 2813 4303 vero
2847 4248 2936 4302 ubi
2980 4248 3207 4312 absunt,
3256 4250 3407 4302 abest
3452 4248 3761 4316 pluralitas;
3798 4248 3889 4301 ubi

2331 4341 2485 4394 abest
2506 4325 2805 4409 plpura'litas,
2832 4339 2984 4392 adest
3006 4339 3214 4404 unitas;
3238 4338 3368 4393 nihil
3387 4347 3565 4393 autem
3586 4338 3727 4393 aliud
3750 4332 3895 4409 gigni

2334 4430 2507 4500 potuit
2531 4443 2598 4481 ex
2628 4428 2763 4493 Deo,
2794 4428 2894 4481 nisi
2920 4427 3079 4483 Deus.
3121 4448 3139 4481 ι

2404 4525 2683 4580 Pascasius
2714 4539 2923 4595 quoque
2946 4526 3001 4578 in
3025 4524 3220 4590 libello,
3251 4541 3408 4595 quem
3437 4525 3512 4579 De
3552 4524 3753 4593 Spiritu
3775 4540 3896 4579 sar.-

2336 4624 2422 4671 cto
2444 4617 2790 4685 conscripsit,
2822 4624 3047 4669 testatur
3074 4617 3099 4655 δ
3125 4617 3267 4685 quod
3298 4618 3363 4669 ab
3390 4615 3659 4683 unigenito
3688 4616 3781 4669 Dei
3808 4616 3893 4667 Fid

2338 4708 2430 4769 lio,
2460 4709 2550 4775 qui
2579 4715 2661 4759 est
2686 4707 2915 4759 Verbum
2954 4706 3149 4769 Patris,
3185 4706 3415 4773 Spiritus
3442 4719 3658 4760 sanctus
3684 4721 3901 4776 progre-

2342 4798 2504 4851 ditur.
2536 4797 2597 4850 lli
2639 4797 2799 4866 igitur
2825 4797 2913 4864 qui
2938 4796 3193 4869 Spiritum
3226 4804 3465 4850 sanctum
3492 4813 3521 4848 a
3552 4795 3686 4848 Filio
3715 4810 3901 4863 procc-

2343 4888 2467 4940 dere
2494 4887 2689 4939 idcirco
2719 4901 2913 4954 negare
2945 4895 3225 4950 conantur,
3262 4887 3387 4954 quia
3429 4884 3673 4938 Salvator
3699 4896 3900 4951 noster,

2342 4977 2466 5029 utin
2482 4977 2766 5046 Evangelia
2790 4979 3078 5031 secundum
3098 4975 3355 5030 Joannem
3381 4975 3590 5042 legitur,
3615 4978 3678 5028 de
3702 4976 3903 5044 Spiritu

2345 5077 2528 5121 sancto
2546 5068 2857 5136 pronuntiat
2880 5068 3101 5122 dicendo
3128 5084 3142 5119 :
3184 5066 3409 5135 Spiritus
3430 5066 3517 5134 qui
3547 5083 3577 5117 α
3604 5063 3761 5120 Patre
3786 5084 3907 5136 pro-

2344 5160 2497 5225 cedit,
2521 5159 2608 5213 ille
2628 5160 2971 5211 testimonium
2996 5158 3271 5227 perhibebit
3291 5159 3353 5210 de
3380 5174 3462 5210 me
3480 5158 3658 5229 (Joan.
3684 5176 3771 5222 xv,
3792 5158 3905 5227 26).

2346 5249 2563 5301 audiant
2585 5246 2709 5313 quid
2732 5247 2920 5301 beatus
2939 5247 3264 5315 Augustinus
3284 5249 3592 5316 praescripta
3615 5250 3779 5301 etiam
3794 5262 3911 5299 san-

2348 5339 2420 5390 cti
2449 5335 2719 5405 Evangelii
2747 5337 2909 5390 verba
2934 5338 2989 5389 in
3013 5336 3149 5390 libro
3177 5351 3245 5388 xv
3268 5338 3332 5391 de
3358 5336 3618 5390 Trinitate
3640 5346 3911 5404 exponens

2348 5445 2471 5482 χχιιι
2498 5428 2730 5496 capitulo
2754 5428 2901 5493 dicit,
2926 5430 2999 5482 ait
3026 5429 3170 5483 enim
3193 5430 3269 5481 sic
3304 5428 3491 5499 (Num.
3516 5428 3637 5497 38):
3671 5448 3686 5477 ι
3715 5428 3910 5483 Verum

2349 5521 2471 5587 quia
2498 5518 2550 5571 in
2581 5518 2667 5571 illa
2689 5528 2952 5572 ceteterna
2978 5528 3033 5572 et
3058 5518 3247 5586 :equali
3280 5528 3333 5572 et
3356 5518 3675 5586 incorporati
3704 5528 3760 5572 et
3783 5517 3912 5571 incf-

2352 5608 2582 5662 fabiliter
2607 5608 2925 5663 immutabili
2955 5618 3114 5678 atque
3152 5609 3495 5678 inseparabili
3524 5609 3781 5665 Trinitate
3810 5607 3911 5664 dif-

2422 5716 2451 5757 b
2476 5712 2825 5784 Paschasius,
2849 5713 2943 5773 lib.
2972 5733 3011 5784 ι,
3046 5733 3161 5789 cap.
3196 5718 3280 5773 lO.
