4228 6334
1033 481 1446 580 uocantes.
1483 551 1555 562 -ς
1589 485 1715 576 Lis.
1758 517 1846 573 DE
1883 514 2352 572 rnocsssroxs
2394 515 2452 570 s.
2493 511 2831 569 sruurus.

3460 507 3530 562 78

295 639 591 698 ﬁeillimutn
628 645 738 702 est,
781 634 1179 714 generationem
1222 649 1254 689 a
1292 632 1638 705 processione
1675 631 1863 692 distin-
1891 633 1938 692 Α
1965 631 2046 685 sic
2072 645 2103 684 a
2132 630 2308 698 seipse
2346 627 2566 698 propter
2609 623 3080 682 demonstrandam
3123 623 3283 678 unius
3330 631 3536 678 natura
3627 686 3629 688 _

294 745 478 802 gnere,
513 727 742 786 sufﬁciat
781 725 997 782 interim
1037 725 1118 781 eis
1164 725 1255 795 qui
1311 723 1536 779 extendi
1556 738 1662 779 non
1689 721 1868 777 valent

297 821 547 892 antplius,
582 819 636 874 id
657 819 798 888 quod
823 819 888 873 de
916 815 1017 870 hac
1038 831 1098 870 re
1127 815 1183 870 in
1211 829 1459 871 sermone
1475 813 1714 892 quodam
1737 813 1866 883 pro-

296 891 519 967 ferendo
540 909 609 964 ad
629 921 788 963 aures
810 906 990 978 populi
1025 903 1318 960 Christiani
1347 891 1580 960 dixlmus
1599 943 1614 969 ,
1639 902 1868 958 dictum.

296 1016 402 1075 que
428 998 864 1068 conscripsimus.
885 995 1030 1050 inter
1051 1002 1246 1049 cetera
1269 993 1436 1057 enim,
1463 1007 1585 1049 cum
1606 1006 1706 1062 per
1725 989 1869 1046 Scri-

299 1099 578 1162 pturarum
606 1092 915 1140 sanctarum
953 1081 1258 1138 testimonia
1279 1079 1604 1144 docuissem,
1630 1080 1696 1134 de
1717 1087 1867 1134 utro—

300 1192 404 1250 que
443 1175 738 1246 procedere
776 1171 1033 1242 Spiritum
1071 1167 1336 1235 sanctum,
1362 1172 1408 1225 si
1437 1185 1589 1240 ergo,
1627 1169 1867 1238 inquam,

300 1265 442 1321 etde
466 1265 626 1319 Patre
665 1270 722 1317 et
759 1261 900 1316 Filio
939 1260 1182 1331 procedit
1216 1257 1450 1329 Spiritus
1493 1267 1745 1325 sanctus,
1775 1275 1872 1314 cur

300 1355 467 1411 Filius
514 1354 682 1408 dicit:
724 1351 802 1406 De
847 1348 1009 1404 Patre
1047 1349 1329 1420 procedit?
1373 1348 1483 1418 cur
1531 1357 1720 1418 putas,
1766 1349 1869 1404 nisi

300 1445 749 1518 quemadmodum
779 1442 916 1498 solet
940 1441 1006 1497 ad
1030 1457 1152 1502 eum
1185 1441 1408 1507 referre,
1435 1449 1490 1496 et
1525 1443 1668 1511 quod
1704 1442 1873 1511 ipsius

300 1526 402 1599 est,
426 1533 492 1611 de
516 1549 624 1604 quo
648 1540 702 1611 et
725 1532 838 1602 ipse
860 1531 983 1586 est?
1008 1530 1159 1587 Unde
1179 1531 1307 1586 illud
1331 1538 1431 1596 est,
1454 1535 1598 1600 quod
1621 1534 1693 1609 ait
1711 1570 1728 1594 .
1751 1531 1873 1586 Mea

302 1609 542 1679 doctrina
575 1609 679 1677 non
707 1630 782 1675 est
806 1624 920 1674 mea
937 1661 951 1686 ,
986 1620 1076 1674 sed
1113 1621 1227 1690 ejus
1253 1622 1342 1692 qui
1369 1637 1450 1675 me
1475 1621 1617 1674 misit
1668 1619 1871 1692 (Joan.

301 1729 399 1778 vn,
423 1706 542 1784 {6);
580 1713 626 1767 si
649 1712 811 1783 igitur
836 1711 923 1764 hic
939 1709 1262 1781 intelligitur
1280 1709 1396 1779 ejus
1424 1709 1690 1773 doctrina,
1711 1697 1874 1779 quam

229 1817 236 1826 '
299 1809 481 1858 tamen
506 1801 645 1858 dixit
666 1816 772 1855 non
799 1815 972 1864 suam,
992 1799 1087 1855 sed
1109 1800 1320 1866 Patris;
1343 1807 1545 1870 quanto
1574 1797 1746 1870 magis
1767 1797 1873 1852 illic

223 1901 234 1906 '
299 1893 676 1964 intelligendus
709 1899 814 1954 est,
841 1897 896 1944 et
931 1890 999 1945 de
1027 1890 1142 1958 ipso
1160 1889 1452 1959 procedere
1489 1887 1723 1957 Spiritus
1751 1902 1874 1946 san-

299 1993 442 2050 ctus,
469 1983 561 2040 ubi
588 1983 668 2038 sic
692 1981 806 2036 ait:
844 1980 922 2035 De
955 1977 1117 2034 Patre
1143 1977 1396 2049 procedit,
1425 1985 1486 2050 ut
1511 1992 1618 2033 non
1646 1977 1872 2043 diceret;
1906 1972 1954 2032 Β

301 2076 370 2132 de
396 2087 482 2128 nte
515 2088 620 2128 non
647 2069 932 2140 procedit?
967 2083 1000 2123 a
1047 2060 1153 2137 quo
1197 2068 1364 2132 enim,
1407 2073 1469 2121 ut
1505 2066 1873 2137 praediximus,

302 2164 468 2220 habet
489 2162 678 2226 Filius,
707 2170 766 2215 ut
800 2160 871 2215 sit
907 2159 1050 2214 Deus
1074 2155 1180 2229 (est
1203 2156 1350 2211 enim
1373 2155 1440 2210 de
1459 2155 1568 2209 Deo
1592 2154 1778 2232 Deus),
1808 2153 1878 2210 ab

303 2255 395 2310 illo
420 2253 581 2307 habet
602 2252 809 2320 utique,
833 2257 894 2302 ut
928 2248 1091 2303 etiam
1129 2247 1195 2302 de
1235 2245 1325 2300 illo
1349 2244 1610 2314 procedat
1635 2243 1878 2313 Spiritus

302 2351 556 2399 sanctus:
595 2328 663 2395 ac
693 2355 791 2409 per
827 2339 932 2393 hoc
977 2337 1208 2407 Spiritus
1235 2343 1474 2402 sanctus,
1513 2341 1574 2388 ut
1618 2334 1781 2389 etiam
1811 2333 1892 2389 de-

306 2426 439 2485 Filio
463 2429 740 2501 procedat,
767 2427 908 2482 sicut
933 2424 1175 2496 procedit
1196 2423 1263 2479 de
1287 2421 1560 2489 Patre,,ab
1582 2422 1698 2497 ipso
1714 2423 1879 2477 habet

309 2521 492 2576 Patre.
519 2540 538 2573 ι

376 2597 523 2664 idem
565 2622 692 2662 vero
731 2605 962 2675 Spiritus
1005 2614 1251 2668 sanctus,
1293 2605 1386 2674 qui
1430 2605 1588 2660 unius
1616 2605 1879 2676 ejusdem.

308 2715 415 2771 que
438 2706 522 2754 est
549 2712 671 2753 cum
703 2697 862 2752 Patre
891 2703 947 2752 et
976 2695 1114 2751 Filio
1142 2695 1476 2762 substantiaz,
1503 2696 1658 2761 licet,
1701 2705 1763 2750 ut
1796 2711 1880 2750 se—

306 2790 543 2846 cundum
563 2788 755 2843 divina:
775 2786 1066 2857 Scriptum
1079 2787 1453 2841 auctoritatem
1473 2794 1529 2840 et
1549 2786 1878 2840 eruditorum

309 2880 370 2937 in
389 2880 560 2936 sacris
583 2874 941 2935 voluminibus
971 2877 1311 2932 traditionem
1341 2877 1576 2930 virorum
1607 2883 1882 2931 monstra-

311 2972 511 3037 vimus,
556 2978 777 3041 propter
812 2970 1070 3023 unitatem
1120 2967 1286 3036 ipsius
1327 2983 1448 3021 cum
1476 2965 1635 3020 Patre
1665 2974 1720 3020 et
1746 2965 1882 3020 Filio

309 3061 644 3123 substantiae,
673 3067 729 3113 et
766 3063 986 3129 propter
1027 3055 1443 3125 inseparabilem
1480 3063 1681 3109 sancta:
1706 3053 1883 3108 Trini-

312 3150 442 3206 tatis
461 3158 729 3214 naturam,
759 3146 1106 3210 voluntatem,
1136 3145 1410 3209 virtutem,
1438 3144 1804 3214 Operationem
1827 3143 1883 3196 in

312 3238 423 3296 alio
442 3247 599 3309 atque
623 3237 727 3292 alio
755 3236 873 3291 loco
895 3234 1127 3304 Spiritus
1146 3233 1240 3288 Dei
1266 3233 1443 3288 Patris
1469 3241 1525 3288 et
1542 3232 1742 3288 Christi
1765 3231 1883 3304 Spi—

1967 718 2233 776 Deitatem
2262 733 2367 774 non
2412 718 2666 786 loquitur,
2697 724 2758 770 ut
2797 723 2977 770 tamen
3003 728 3122 784 qua:
3163 711 3400 784 loquitur
3420 710 3539 783 ejus

1967 822 2106 873 esse,
2151 816 2206 863 et
2238 821 2343 863 non
2373 806 2547 862 aliena
2592 807 2900 871 credantur,
2939 804 3117 884 Lucas
3161 803 3428 875 loquendo
3472 802 3540 859 de

1968 898 2223 968 apostolis
2272 905 2505 952 testatur
2551 896 2772 950 dicens:
2812 895 3084 965 Coeperunt
3128 893 3348 965 apostoli
3399 892 3539 966 loqui

1967 989 2087 1044 aliis
2108 989 2319 1058 linguis,
2335 997 2492 1058 prout
2504 985 2732 1056 Spiritus
2750 986 2910 1040 dabat
2926 985 3032 1040 illis
3046 983 3216 1056 eloqui
3229 984 3367 1057 (Act.
3381 1001 3442 1050 tt,
3460 983 3538 1054 4).

1966 1080 2034 1134 Et
2078 1079 2132 1134 in
2173 1077 2498 1148 Evangelia:
2542 1075 2664 1130 Non
2690 1076 2829 1129 enim
2872 1092 2961 1130 vos
2989 1077 3112 1129 estis
3134 1075 3224 1144 qui
3248 1073 3542 1145 loquimini,

1969 1169 2060 1224 sed
2085 1169 2313 1239 Spiritus
2338 1167 2516 1222 Patris
2542 1167 2693 1220 vestri
2718 1166 2806 1236 qui
2830 1164 3062 1236 loquitur
3077 1165 3132 1220 in
3161 1165 3300 1219 vobis
3326 1163 3540 1235 (Matth.

1971 1275 2025 1319 χ,
2048 1257 2158 1328 22).
2189 1256 2360 1311 Habet
2389 1271 2520 1326 ergo
2546 1256 2658 1325 ipse
2681 1254 2955 1324 propriam
2974 1253 3120 1309 fandi
3145 1253 3540 1315 auctoritatem,

1971 1347 2065 1416 qui
2101 1346 2324 1402 liberam
2363 1345 2574 1402 caeteris
2595 1344 2846 1416 loquendi
2873 1344 3058 1399 tribuit
3087 1342 3435 1398 facultatem:
3477 1342 3546 1396 ab
3617 1355 3626 1364 ·

1970 1436 2285 1506 operatione
2310 1443 2486 1491 autem
2505 1443 2565 1490 et
2594 1435 2829 1504 potentia
2852 1444 3013 1503 atque
3032 1435 3272 1490 bonitate
3299 1432 3476 1488 Patris
3494 1441 3548 1486 et
3598 1434 3599 1437 “

1971 1524 2094 1580 Filii
2119 1538 2240 1580 esse
2260 1539 2367 1579 non
2393 1531 2569 1594 potest
2597 1523 2836 1588 alienus,
2867 1523 2957 1593 qui
2987 1538 3111 1578 cum
3137 1520 3300 1576 Patre
3334 1530 3389 1576 et
3411 1521 3549 1578 Filio

1973 1615 2397 1672 substantialiter
2427 1615 2684 1669 unitatem
2713 1615 2952 1684 possidet
2990 1613 3250 1678 Deitatis,
3278 1611 3406 1668 licet
3441 1612 3550 1667 dis-

1975 1707 2199 1763 tincmm
2219 1705 2416 1760 habeat
2439 1705 2492 1760 in
2516 1705 2844 1776 proprietate
2870 1717 3177 1776 personam.

2604 1815 2832 1872 CAPUT
2870 1815 2934 1870 ll.

1979 1909 2057 1964 De
2081 1925 2142 1964 eo
2167 1910 2305 1980 quod
2329 1907 2556 1980 Spiritus
2576 1918 2788 1980 sanctus
2805 1907 2990 1980 Patris
3016 1916 3065 1962 et
3088 1905 3219 1960 Filii
3249 1903 3474 1977 Spintus
3497 1908 3552 1960 in

2353 1975 2540 2033 divinis
2569 1975 2914 2032 voluminibus
2940 1986 3173 2030 vocatur.

2049 2069 2283 2139 Spiritus
2311 2077 2535 2123 sanctus
2553 2108 2569 2132 ,
2597 2068 2688 2138 qui
2713 2065 2863 2122 Patri
2905 2075 2961 2122 et
2995 2055 3133 2121 Filio
3159 2066 3446 2136 comqualis
3473 2074 3552 2122 est

1976 2162 2388 2220 et‘coazternus,
2419 2158 2474 2212 in
2507 2156 2774 2226 aliquibus
2816 2155 3109 2225 Scriptum
3152 2156 3284 2212 locis
3323 2156 3556 2226 Spiritus

1978 2247 2182 2312 Patris;
2207 2248 2261 2301 in
2283 2247 2548 2316 aliquibus
2568 2261 2698 2300 vero
2716 2255 2936 2316 propter
2955 2247 3215 2302 unitatem
3239 2248 3556 2312 voluntatis,

1978 2337 2279 2408 potestatis,
2306 2337 2648 2401 aeternitatis,
2675 2335 2990 2392 substantia:
3018 2346 3218 2393 sanctae
3249 2337 3555 2400 Trinitatis,
3579 2356 3582 2358 ·

1980 2426 2216 2498 Spiritus
2242 2426 2445 2482 Christi
2472 2435 2720 2482 vocatur.

2049 2519 2246 2574 Beatus
2272 2519 2417 2578 enim
2444 2517 2656 2587 Petrus,
2675 2527 2743 2572 ut
2761 2504 3011 2574 eumdém
3032 2517 3294 2588 Spiritum
3313 2525 3558 2572 sanctum

1980 2608 2178 2663 Christi
2201 2623 2321 2662 esse
2342 2616 2690 2674 monstraret,
2714 2608 2767 2662 in
2796 2609 2970 2676 prima
2996 2606 3255 2678 Epistola,
3282 2623 3442 2676 quam
3469 2608 3557 2662 his

1980 2697 2072 2766 qui
2100 2711 2167 2752 ex
2197 2697 2608 2752 circumcisione
2645 2697 2990 2752 crediderant
3013 2735 3028 2760 ,
3059 2696 3306 2766 scripsit,
3335 2697 3401 2751 de
3427 2711 3560 2767 pro-

1981 2789 2158 2857 phetis
2187 2789 2432 2859 loquens,
2459 2791 2530 2844 ita
2558 2789 2870 2860 pronuntiat
2896 2807 2910 2842 :
2938 2788 3212 2844 Exsultate
3239 2788 3418 2843 latitia
3441 2789 3558 2842 ine-

1985 2881 2237 2934 narrabili
2263 2890 2309 2933 et
2337 2881 2684 2948 honori/iectu
2715 2880 3011 2950 recipientes
3045 2879 3202 2947 finem
3230 2879 3352 2947 fidei
3379 2887 3559 2933 vestra:

1983 2971 2205 3029 salutem
2253 2972 2548 3026 animarum
2567 3011 2584 3035 ,
2612 2970 2676 3023 de
2701 2987 2804 3041 qua
2829 2969 2998 3024 salute
3025 2971 3376 3039 exquisierunt
3407 2978 3560 3039 atque

1983 3063 2203 3117 scrutati
2228 3070 2348 3115 sunt
2371 3061 2658 3131 prophetae,
2702 3060 2791 3130 qui
2829 3060 2894 3113 de
2934 3059 3114 3130 futura
3141 3061 3195 3113 in
3221 3060 3359 3114 vobis
3385 3061 3558 3129 gratia
3615 3081 3620 3084 ·

1984 3149 2083 3204 Dei
2110 3149 2562 3229 praplzetaverunt,
2591 3158 2881 3204 scrutantes
2906 3151 2962 3204 in
2982 3154 3119 3219 quod
3140 3149 3215 3203 uel
3239 3149 3394 3221 quale
3429 3159 3561 3202 tent-

1986 3257 2082 3310 pus
2127 3238 2475 3310 signiﬁcaret,
2521 3238 2610 3309 qui
2649 3239 2704 3292 in
2753 3237 2827 3293 eis
2881 3248 3038 3302 erat,
3089 3236 3315 3308 Spiritus
3367 3237 3564 3292 Christi

311 3331 456 3388 ritus
478 3328 795 3401 appellatur,
824 3334 880 3382 et
899 3326 975 3380 ab
1015 3325 1256 3394 utrisque
1284 3324 1577 3393 procedere
1614 3325 1808 3380 dicitur
1831 3334 1886 3380 et
1914 3315 1959 3376 C
1991 3331 2044 3402 (1
2076 3332 2220 3386 Petr.
2251 3347 2287 3394 ι,
2325 3331 2432 3401 10).

311 3423 534 3478 missus.
574 3420 672 3474 Est
712 3429 892 3472 tamen
931 3430 1096 3470 verus
1143 3415 1282 3469 Deus
1324 3414 1544 3484 aequalis
1581 3429 1678 3484 per
1702 3415 1886 3470 omnia

312 3511 466 3566 Patri
495 3517 552 3564 et
581 3508 720 3563 Filio
745 3506 1040 3570 voluntate,
1082 3511 1369 3575 potestate,
1411 3506 1732 3570 aeternitate,
1763 3507 1888 3561 sub-

311 3599 536 3656 stantia.
563 3598 639 3652 De
684 3611 789 3665 quo
828 3594 1118 3666 Gregorius
1159 3593 1527 3648 Nazianzenus
1571 3595 1627 3647 in
1655 3594 1888 3663 praefata

314 3689 452 3744 dicit
473 3686 726 3742 homilia:
768 3697 793 3725 α
827 3703 846 3737 ι
882 3684 1114 3754 Spiritus
1152 3692 1369 3738 sanctus
1393 3684 1505 3738 vita
1529 3693 1611 3739 est
1638 3691 1693 3739 et
1719 3684 1891 3737 viviti-

239 3778 245 3782 ’
312 3795 472 3844 caus,
497 3778 586 3832 lux
607 3785 663 3834 et
688 3776 1016 3841 illuminans,
1039 3775 1212 3841 bonus
1235 3784 1290 3849 et
1317 3774 1473 3847 753
1499 3775 1710 3831 bonitas
1735 3793 1748 3829 :
1773 3775 1893 3846 Spi-

317 3855 690 3932 ritusirectus,
733 3865 967 3936 Spiritus
1012 3866 1340 3936 principalis,
1385 3867 1475 3936 qui
1509 3877 1594 3920 est
1636 3866 1894 3922 Dominus

314 3959 590 4022 omnium,
612 3956 828 4010 mittens
858 3954 1146 4024 apostolos,
1173 3969 1427 4024 separans
1455 3954 1559 4008 sibi
1585 3955 1859 4011 ministros
1876 3994 1891 4019 ,

313 4048 526 4119 templa
557 4045 657 4102 sibi
689 4046 804 4115 ipse
832 4032 1162 4101 constituens
1187 4061 1201 4108 ;
1243 4043 1513 4113 inSpirans
1541 4044 1631 4098 ubi
1661 4044 1791 4109 vult,
1818 4045 1898 4099 di—

314 4140 516 4194 videns
539 4137 861 4201 donationis,
891 4135 1112 4205 spiritus
1140 4134 1402 4200 veritatis,
1441 4135 1662 4203 spiritus
1686 4135 1900 4204 sapien-

318 4227 418 4280 tiae
445 4233 500 4278 et
524 4224 848 4287 intellectus,
875 4233 929 4277 et
953 4223 1212 4287 scientiae,
1246 4231 1302 4276 et
1336 4223 1574 4291 pietatis,
1611 4231 1666 4276 et
1691 4222 1899 4276 consilii

313 4327 378 4370 et
411 4314 650 4378 virtutis,
671 4321 726 4367 et
753 4312 960 4367 timoris
987 4313 1113 4376 Dei,
1151 4327 1249 4382 per
1290 4328 1450 4382 quem
1477 4311 1635 4365 Pater
1659 4313 1901 4381 agnosci-

317 4416 444 4470 tur,
471 4413 528 4459 et
549 4403 714 4459 Filius
737 4403 1085 4473 gloriﬁcatur,
1114 4410 1169 4457 et
1208 4417 1236 4455 a
1277 4403 1470 4470 quibus
1506 4403 1634 4458 solis
1673 4404 1786 4473 ipse
1813 4419 1903 4457 co-

316 4496 647 4568 gnoscitur;
685 4509 822 4549 unus
863 4494 1016 4558 ordo,
1047 4509 1185 4548 unus
1211 4493 1417 4556 cultus,
1449 4509 1553 4548 una
1592 4495 1898 4558 veneratio,

316 4600 439 4638 una
470 4583 663 4647 virtus,
709 4599 813 4637 una
856 4581 1114 4652 perfectio
1168 4591 1225 4638 et
1257 4581 1626 4637 sanctiﬁcatio.
1669 4584 1736 4636 Et
1776 4585 1910 4654 quid

314 4679 470 4741 Opus
491 4679 576 4724 est
600 4671 842 4739 pluribus
857 4649 1082 4727 verbis?
1117 4671 1307 4728 Omnia
1338 4688 1456 4741 quze
1477 4671 1635 4726 Pater
1659 4682 1760 4737 est,
1789 4649 1905 4729 haec
1931 4649 1978 4708 θ

265 4821 268 4824 ,
313 4767 414 4814 est
441 4756 634 4822 Filius,
669 4767 892 4828 excepto
917 4775 984 4815 eo
1020 4761 1160 4830 quod
1196 4761 1410 4814 innatus
1437 4769 1518 4814 est
1556 4760 1754 4826 Pater;
1794 4763 1907 4816 hinc

315 4858 415 4906 est
447 4846 683 4917 Spiritus
717 4856 952 4912 sanctus,
984 4859 1180 4918 praeter
1206 4850 1306 4904 hoc
1341 4851 1481 4919 quod
1524 4859 1681 4905 natus
1709 4859 1790 4904 est
1822 4851 1908 4904 Fi-

315 4941 458 4995 lius.
513 4935 620 4992 Sed
657 4937 770 4991 haec
805 4953 910 4991 non
937 4940 1288 4993 substantiam
1338 4948 1606 5010 separant,
1653 4941 1747 4994 sed
1783 4957 1910 5011 erga

315 5029 702 5088 substantiam
739 5029 1130 5084 discernuntur.
1170 5051 1186 5080 ι
1222 5031 1371 5095 Quod
1400 5048 1528 5087 vero
1553 5033 1695 5090 idem
1725 5033 1910 5087 Salva-

287 5128 418 5193 _tor
465 5124 658 5171 uoster
687 5117 753 5171 de
796 5115 981 5171 eodem
1017 5125 1199 5171 sancto
1245 5118 1478 5185 Spiritu,
1521 5130 1581 5174 ut
1627 5123 1682 5175 in
1726 5125 1912 5178 eodem

317 5207 634 5276 Evangelia
662 5211 951 5264 secundum
980 5208 1237 5263 Joannem
1264 5209 1476 5276 legitur,
1505 5214 1816 5279 pronuntiat
1836 5214 1917 5268 di—

317 5313 468 5355 cens
491 5315 509 5351 ε
553 5296 676 5351 Non
704 5298 942 5369 loquetur
965 5318 995 5353 τι
1021 5302 1289 5370 semetipso
1312 5341 1323 5362 ,
1347 5299 1436 5352 sed
1471 5316 1788 5371 quaecunque
1817 5322 1914 5356 au-

316 5391 463 5457 diet,
500 5387 769 5460 loquetur,
792 5403 840 5444 et
862 5395 984 5468 quia
1011 5394 1074 5448 de
1097 5409 1209 5448 meo
1236 5393 1448 5464 accipiet
1469 5393 1646 5461 (Joan.
1669 5409 1783 5460 xvi,
1806 5397 1914 5469 15),

209 5517 214 5522 -
316 5482 396 5538 ad
429 5479 956 5541 demonstrationem
979 5484 1137 5537 unius
1161 5482 1473 5537 substantia:
1497 5482 1723 5538 Deitatis
1753 5494 1809 5539 et
1827 5503 1917 5541 vo-

318 5571 580 5660 luntatis
604 5569 780 5660 Patris
804 5578 861 5626 et
883 5571 1005 5626 Filii
1044 5584 1098 5628 et
1137 5574 1368 5643 Spiritus
1392 5576 1563 5630 sancti
1591 5577 1692 5631 hoc
1704 5577 1915 5638 dictum

318 5674 462 5722 “se
481 5657 796 5722 certissime
821 5660 1110 5726 credimus.
1135 5661 1365 5733 Spiritus
1396 5664 1537 5725 enim
1563 5675 1782 5726 sanctus
1826 5670 1918 5724 oui

311 5803 318 5812 '
401 5811 432 5840 ι
469 5795 778 5867 gregarius
794 5796 1187 5866 Nazianzenus,
1209 5808 1344 5856 orat.
1369 5803 1456 5867 Η.
1484 5817 1629 5857 num.
1655 5803 1720 5856 l5
1742 5811 1797 5856 et
1819 5804 1900 5856 14.

405 5868 442 5911 ι
471 5863 688 5922 Leonis
713 5880 868 5936 papa:
887 5882 1050 5930 serm,
1074 5863 1301 5940 75.Vcap.
1326 5875 1386 5936 '5;
1412 5863 1571 5926 serm.
1601 5871 1688 5936 76,
1714 5887 1832 5944 cap.
1857 5875 1922 5938 2;
1963 5872 2120 5943 epist.
2159 5869 2241 5936 16,
2267 5883 2385 5938 cap.

2056 3420 2256 3478 Beatus
2302 3421 2549 3475 similiter
2585 3418 2783 3475 Paulus
2824 3435 2878 3472 in
2925 3419 3145 3488 epistola
3184 3417 3251 3472 ad
3291 3418 3562 3473 Romanos

1987 3526 2120 3565 svnt
2150 3509 2382 3579 capitulo
2409 3511 2582 3579 inquit
2611 3529 2624 3562 :
2653 3508 2710 3565 Si
2737 3510 2854 3580 quis
2893 3519 3065 3563 autem
3093 3506 3344 3578 Spiritum
3370 3507 3565 3563 Christi

1990 3616 2093 3654 non
2113 3599 2282 3662 habet,
2310 3599 2393 3652 hic
2422 3616 2526 3653 non
2552 3608 2626 3653 est
2648 3599 2763 3668 ejus
2792 3597 2968 3668 (Rom.
3001 3614 3096 3652 vm
3118 3637 3133 3663 ,
3165 3597 3241 3656 9i.
3273 3599 3338 3652 Et
3365 3600 3560 3653 iterum

1990 3690 2134 3745 idem
2159 3690 2405 3759 egregius
2431 3687 2683 3743 Gentium
2707 3687 2908 3742 Doctur
2943 3690 2998 3742 in
3027 3686 3253 3756 epistola
3296 3688 3362 3742 ad
3391 3686 3556 3742 Gala-

1993 3788 2076 3834 tas
2103 3793 2235 3834 xvut
2258 3775 2490 3846 capitulo
2515 3777 2761 3832 eumdem
2789 3775 3054 3847 Spiritum
3091 3785 3339 3830 sanctum
3366 3776 3546 3845 unige-

1991 3869 2093 3924 niti
2136 3867 2260 3925 Filii
2307 3869 2402 3924 Dei
2453 3867 2713 3938 Spiritum
2767 3881 2887 3922 esse
2938 3875 3193 3936 testatur,
3222 3867 3297 3922 ita
3338 3867 3561 3921 dicens:

1995 3961 2138 4016 Misit
2170 3960 2307 4016 Deus
2332 3959 2584 4032 Spiritum
2618 3959 2746 4014 Filii
2773 3961 2855 4016 sui
2883 3962 2940 4015 in
2973 3961 3132 4014 corda
3161 3970 3358 4014 nostra.
3382 3960 3437 4013 in
3466 3976 3568 4030 quo

1993 4054 2282 4110 clamamus
2307 4054 2452 4108 Abba
2473 4051 2638 4110 Pater
2658 4052 2802 4123 (Gal.
2835 4067 2909 4114 Iv,
2937 4049 3012 4118 6).

2065 4144 2175 4198 Leo
2199 4143 2443 4197 similiter
2467 4155 2604 4209 papa
2633 4140 2686 4192 in
2717 4138 2934 4192 homilia
2955 4177 2970 4202 ,
2991 4151 2994 4153 λ
3015 4152 3179 4206 quam
3220 4137 3286 4192 de
3337 4138 3569 4191 adventu

1999 4231 2231 4302 Spiritus
2267 4233 2435 4286 sancti
2476 4245 2637 4301 super
2678 4230 2948 4302 apostolos
2976 4229 3230 4298 scripsit,
3277 4241 3569 4285 consonam

1998 4324 2139 4378 beati
2171 4321 2315 4377 Petri
2344 4321 2680 4377 sermonibus
2699 4321 2768 4376 de
2789 4322 2978 4375 eodem
3005 4329 3194 4375 sancto
3221 4320 3422 4388 Spiritu
3448 4334 3574 4390 pro-

2002 4413 2122 4466 tulit
2148 4411 2486 4476 senteutiam,
2513 4411 2586 4465 ita
2614 4411 2798 4465 dicens
2824 4410 2882 4463 εδ
2912 4429 2928 4461 ι
2951 4409 3045 4463 Est
3075 4408 3291 4477 quidem
3312 4409 3380 4461 de
3410 4408 3571 4464 Patre

2002 4501 2172 4557 Filius
2191 4503 2497 4571 unigenitus
2516 4542 2530 4567 ,
2557 4509 2611 4556 ct
2641 4500 2876 4570 Spiritus
2900 4507 3118 4557 sanctus
3144 4498 3320 4554 Patris
3345 4497 3574 4569 Filiiquc

2002 4601 2088 4648 est
2120 4591 2373 4663 Spiritus.
2407 4613 2425 4642 ι
2451 4591 2594 4647 Idem
2618 4606 2830 4661 quoque
2859 4592 2911 4645 in
2939 4591 3174 4646 secunda
3203 4590 3276 4644 ita
3301 4590 3377 4642 ait
3404 4589 3575 4646 homi-

2007 4682 2074 4734 lia
2099 4696 2114 4735 :
2145 4700 2164 4733 ι
2194 4681 2590 4750 Sempltcrnum
2620 4690 2702 4736 est
2729 4681 2886 4746 Filio,
2910 4680 3334 4750 intemporaliter
3361 4695 3390 4734 a
3416 4678 3576 4734 Patre

2007 4762 2127 4826 esse
2150 4771 2522 4842 progenitum;
2551 4771 2938 4840 sempiternum
2967 4786 3181 4840 quoque
3221 4756 3308 4826 est
3350 4767 3576 4840 Spiritui

2010 4867 2216 4925 sancto,
2248 4859 2507 4930 Spiritum
2533 4859 2650 4915 esse
2676 4859 2853 4914 Patris
2876 4868 2931 4914 et
2955 4858 3099 4915 Filii.
3138 4880 3157 4914 ι
3191 4859 3336 4914 Idem
3361 4872 3579 4929 quoque

2010 4951 2330 5007 venerabilis
2360 4966 2494 5020 papa
2526 4951 2635 5032 Leo
2666 4951 2718 5005 in
2745 4951 3000 5006 decretali
3038 4951 3292 5021 epistola,
3321 4964 3483 5019 quam
3512 4950 3579 5004 de

2012 5042 2349 5112 baptismatis
2370 5043 2625 5110 mysterio
2651 5042 3000 5112 conscripsit,
3032 5041 3288 5110 Spiritum
3309 5047 3575 5105 sanctum,

2015 5133 2274 5203 Spiritum
2308 5133 2578 5197 veritatis,
2611 5133 2664 5188 id
2706 5141 2790 5197 est
2810 5174 2824 5197 ,
2853 5133 3052 5188 Christi
3079 5146 3208 5187 esse
3239 5137 3469 5185 testatur
3494 5131 3580 5186 di-

2014 5237 2142 5278 cens
2167 5242 2178 5276 :
2201 5224 2232 5274 ”‹
2259 5223 2390 5303 Cum
2415 5225 2627 5279 venerit
2654 5223 2742 5278 ille
2779 5222 3012 5292 Spiritus
3038 5220 3280 5279 veritatis
3297 5259 3314 5284 ,
3341 5221 3429 5275 ille
3452 5219 3580 5273 diri-

2014 5321 2102 5386 get
2129 5329 2224 5369 vos
2251 5316 2304 5369 iu
2347 5329 2560 5371 omnem
2587 5315 2868 5370 veritatem
2906 5310 3086 5381 (Joan.
3130 5326 3255 5374 xvi,
3297 5310 3407 5380 15).
3446 5308 3580 5364 Cum

2018 5404 2198 5472 itaque
2229 5405 2428 5467 veritas
2453 5403 2699 5460 Christus
2725 5401 2830 5464 sit,
2861 5407 2916 5453 et
2944 5398 3178 5468 Spiritus
3205 5407 3424 5455 sanctus
3461 5397 3583 5467 Spi-

2020 5495 2155 5549 ritus
2183 5497 2424 5550 veritatis
2447 5503 2691 5557 vocatur,
2739 5507 3041 5562 nomenque
3078 5491 3327 5548 Paracliti
3369 5491 3582 5558 utrique

2025 5586 2095 5640 sit
2123 5588 2413 5657 proprium,
2443 5601 2547 5641 non
2576 5584 2835 5640 dissimile
2856 5590 2939 5641 est
2966 5583 3180 5650 festum,
3203 5583 3293 5639 ubi
3306 5597 3477 5638 unum
3503 5591 3586 5642 est

2021 5685 2435 5730 sacramentum.
2471 5694 2490 5726 ι

2412 5869 2446 5923 5
2472 5869 2525 5922 in
2557 5867 2681 5923 line.
