4228 6238
618 168 687 224 87
771 124 778 129 ’
1050 184 1058 191 -
1432 120 1527 222 ὐ.
1567 168 1628 223 ι-·.
1669 169 1887 222 suam
1927 167 2058 224 sm:
2097 169 2184 222 AL

2265 169 2371 224 rm
2403 170 2681 235 OPERL’M
2719 173 2896 230 psus
2931 177 3014 232 ut.
3145 149 3152 152 ”
3767 183 3841 240 ss

617 281 872 363 adversus
899 278 1415 363 Elipantlum_eiiidit.
1451 279 1605 363 lliscc
1634 282 1685 334 in
1711 280 1852 363 locis
1869 281 1933 334 de
1954 281 2174 363 cpistola
2205 285 2252 343 Α
2282 281 2515 346 debebit,
2567 298 2729 352 quam
2765 287 2998 354 antiquis
3044 287 3096 340 in
3141 287 3364 342 scientia
3409 305 3505 344 sua
3541 292 3838 363 corporalis

615 349 995 412 cohortatoria,
1034 357 1085 400 et
1111 349 1320 415 quidem
1345 359 1402 402 ut
1422 351 1650 413 videtur,
1682 352 1914 418 privata,
1942 353 2008 403 ad
2034 351 2174 404 Feli-

614 434 730 471 cem
761 419 918 470 missa
950 432 972 456 υ
1006 433 1182 471 sermo
1208 432 1308 478 est,
1358 421 1406 472 in
1437 419 1629 473 litteris
1667 431 1844 472 autem
1888 419 1954 471 ad
1996 435 2180 472 mona-

613 488 743 538 chos
788 486 994 540 Gothim
1023 488 1088 540 de
1131 498 1357 542 tractatu
1397 489 1678 556 polcmico,
1723 498 1882 556 atque
1909 487 1974 541 ad
2005 489 2178 556 publi-

613 573 732 608 cum
765 557 979 616 bonum,
1006 567 1054 608 ut
1085 573 1180 625 pro
1202 568 1351 610 scuto
1370 576 1490 610 cum
1517 558 1734 610 haberet
1759 557 2020 610 catholica
2045 557 2179 612 ﬁdes

610 627 864 679 adversus
891 627 1132 678 luercsim
1157 627 1344 679 Felicis
1370 629 1514 678 edito
1539 629 1729 695 agitur,
1759 627 1934 694 qualis
1959 627 2176 694 quidem

611 703 693 746 est
740 704 998 746 tractatus
1025 699 1146 747 'iste
1188 713 1345 762 quem
1389 699 1594 748 edimus
1629 715 1640 747 :
1676 696 1807 749 nihil
1842 697 1980 748 enim
2017 697 2069 748 in
2112 711 2176 749 eo

608 764 858 834 estquod
907 766 1322 834 colmrtatoriatn
1363 766 1642 834 cpismla-m
1675 767 1866 833 sapiat,
1899 775 1991 818 aut
2033 766 2174 832 quod

607 832 674 884 ad
715 833 940 887 Felicem
969 833 1130 888 fuisse
1162 832 1626 888 tuissmn—imlicct.
1661 832 1750 887 lini
1771 834 1980 887 Alcuini
2012 835 2173 887 verba

606 899 659 953 iu
687 902 860 969 primo
881 918 942 955 ex
973 913 1172 969 septem
1197 906 1454 956 adversus
1483 905 1708 959 Felicem
1737 905 1952 971 scriptis
1977 903 2128 956 libris
2155 921 2168 956 :

613 989 630 1016 ι
666 971 865 1042 Scripsi
893 975 1168 1041 epistolam
1194 975 1399 1040 pridem
1428 974 1587 1028 Felici
1619 974 1869 1042 episc0po
1894 973 2173 1026 charitatis

551 1097 556 1110 ι
603 1039 809 1110 calamo
848 1039 950 1094 nou
998 1039 1352 1095 contentionis
1391 1039 1938 1105 stimuloffratcruze
1982 1043 2172 1096 salutis

602 1109 891 1182 desiderio,
938 1127 1064 1182 non
1095 1113 1360 1166 mordacis
1403 1113 1834 1180 riprehensiouis
1875 1111 2036 1182 stylo,
2073 1127 2167 1182 cu_-

579 1180 755 1247 .piens
780 1196 900 1233 eum
930 1181 1202 1250 corrigere
1243 1184 1294 1235 in
1335 1179 1532 1234 Christi
1564 1182 1870 1242 dilectione,
1901 1179 2004 1235 etc.
2032 1197 2046 1243 ;
2076 1179 2172 1236 sed

547 1251 551 1256 ‘
601 1257 659 1301 ut
683 1263 932 1316 agnoseo,
975 1266 1078 1303 non
1107 1266 1172 1304 eo
1197 1251 1476 1304 cbaritatis
1509 1251 1706 1313 ofﬁcio,
1740 1252 1821 1304 vel
1853 1250 2170 1304 humilitatis

596 1319 856 1386 obsequio
896 1335 1028 1373 mea:
1058 1320 1321 1373 litterulas
1364 1319 1652 1388 diligentia:
1693 1321 1914 1388 recepit,
1951 1335 2057 1387 quo
2083 1335 2169 1373 me

596 1388 855 1450 scribere,
879 1390 971 1457 qui
994 1405 1166 1442 meam
1197 1389 1410 1458 pietatis
1439 1390 1631 1442 intuitu
1654 1389 1842 1458 legerit
1863 1388 2166 1457 epistolam,

599 1470 889 1526 agnoscere
919 1459 1132 1526 poterit.
1173 1477 1191 1509 ι

853 1524 985 1579 Ctim
1016 1528 1098 1580 his
1126 1528 1413 1581 concinunt
1437 1543 1555 1595 qum
1585 1527 1637 1580 in
1669 1528 1842 1595 primo
1875 1527 2014 1580 lihm
2041 1542 2166 1581 cono

595 1600 677 1672 tra
723 1595 1038 1672 Elipandum
1068 1596 1218 1672 _circa
1251 1597 1496 1672 _med_ium
1543 1597 1840 1672 lcguntur_:
1875 1616 1904 1672 ¢_
1932 1595 2028 1672 cui
2059 1598 2076 1666 (
2111 1595 2162 1648 id
2193 1613 2238 1672 Β

593 1671 678 1734 est
723 1663 926 1734 Felici)
963 1666 1016 1719 in
1067 1667 1166 1720 has
1200 1666 1488 1719 adveniens
1533 1663 1715 1734 partes
1758 1663 2166 1734 charitatisi'ca-

595 1733 732 1786 lamo
757 1733 1034 1802 epistulam
1065 1733 1609 1797 exhortatoriam,’ut
1641 1749 1699 1787 se
1729 1735 2003 1788 catholica:
2035 1733 2162 1801 jun-

627 1804 990 1884 eret_unitati,_
1014 1806 1247 1884 dirigere
1273 1803 1478 1884 curavi.
1506 1803 1602 1856 Cui
1634 1803 1720 1856 ille
1748 1819 1851 1884 non
1889 1803 2162 1884 epistolari

629 1871 872 1942 revitate,
899 1875 992 1928 sed
1021 1871 1179 1929 libelli
1207 1873 1512 1942 prolixitate
1538 1873 1863 1942 respondere
1889 1871 2038 1926 nisus
2057 1881 2160 1942 est.

589 1940 688 1994 Cui
734 1941 909 2013 libello
957 1942 1074 2011 ejus
1127 1940 1330 2013 septem
1382 1950 1577 1995 nostra:
1625 1940 1924 2013 devotionis
1971 1941 2165 1996 libellis

587 2011 1001 2134 gspondimus,
1060 2011 1248 2069 omnes
1304 2021 1498 2066 vestrae
1551 2011 1835 2080 pravitatis
1894 2026 2163 2066 cvacuans

659 2091 877 2134 ctrmas.
905 2102 923 2134 ι

659 2083 877 2137 ctrinas.
905 2102 923 2134 ι

660 2148 828 2205 Porro
864 2152 1059 2206 laudati
1101 2151 1378 2207 litterarim
1410 2150 1707 2206 Galliarum
1746 2140 1996 2204 llistorit'e
2029 2149 2162 2203 scri-

586 2228 768 2287 ptores
819 2220 984 2274 libelli
1027 2221 1093 2274 ab
1118 2221 1346 2276 Alcuiuo
1386 2221 1644 2275 adversus
1692 2219 1956 2282 Felicem,
2009 2227 2163 2273 ante-

586 2303 746 2359 quam
780 2298 981 2359 septem
1011 2290 1129 2342 illos
1158 2298 1408 2344 exat-aret
1431 2289 1615 2352 libros,
1639 2289 1768 2344 editi
1795 2289 2161 2359 testimonium

585 2357 772 2411 haberi
802 2357 1082 2413 autumant
1105 2363 1264 2413 etiam
1299 2361 1350 2414 in
1376 2360 1600 2428 epistola
1625 2374 1784 2428 quam
1813 2359 1880 2412 ad
1907 2358 2158 2413 Carolum

586 2440 765 2498 regem
804 2428 1062 2484 Alcuiuus
1094 2431 1240 2484 dedit
1260 2431 1308 2493 δ,
1337 2446 1459 2484 eum
1491 2444 1687 2498 rogans
1717 2437 1775 2481 ut
1812 2438 2014 2498 septem
2039 2429 2161 2483 illos

572 2493 1128 2568 _lib'rosexamiuaret,
1153 2501 1464 2568 priusquam
1490 2493 1743 2552 in'lucem
1769 2493 2034 2552 venirent.
2060 2499 2162 2568 Vc-

585 2581 704 2642 ru_m
751 2567 802 2620 in
851 2568 952 2642 hoc
981 2567 1192 2642 quoque
1221 2567 1340 2624 loco
1363 2569 1435 2642 ad
1465 2584 1733 2642 summum
1761 2568 1826 2621 de
1852 2569 2048 2642 eadem
2070 2567 2160 2620 illa

582 2636 940 2692 cohortatoria
983 2636 1207 2704 epistola
1252 2638 1618 2706 testimonium
1665 2637 1879 2706 aliquod
1919 2643 2157 2706 apparet,

580 2714 636 2760 et
664 2707 878 2774 quidem
907 2707 1278 2762 tantummodo
1327 2705 1660 2773 conjiciendo
1706 2705 2060 2774 asseqnimur,
2092 2720 2158 2758 ex

583 2775 767 2829 relatis
804 2777 1056 2830 nimirum
1099 2777 1232 2832 locis
1261 2786 1537 2837 constare,
1571 2776 1714 2845 quod
1740 2775 1919 2829 libello
1941 2775 2156 2840 Felicis,

580 2845 667 2897 cui
690 2855 892 2912 septem
931 2848 1160 2915 oppositi
1187 2856 1313 2900 sunt
1339 2847 1478 2907 libri,
1507 2846 1764 2900 anteriori
1800 2845 1908 2899 alio
1931 2846 2156 2914 scripto,

2276 388 2407 427 cura
2437 373 2624 428 salutis
2650 373 2817 430 fuisse
2842 377 3118 445 probatur.

2345 461 2407 515 ll.
2441 463 2578 517 Ecce
2611 479 2737 533 pars
2757 466 2998 533 quredam
3034 467 3213 522 mundi
3245 468 3510 524 hzeretica:
3555 471 3839 540 pravitatis

2274 565 2480 605 veneno
2535 553 2732 607 infecta
2773 563 2876 619 est,
2921 569 3165 610 asserens
3203 556 3474 613 Christum
3501 558 3684 614 Jcsum
3723 561 3838 616 Deo

2276 639 2418 693 Patri
2469 655 2654 696 verum
2695 658 2802 697 non
2842 659 2963 698 esse
3009 644 3230 711 Filium;
3281 663 3382 701 nec
3409 649 3721 716 propriumg-
3741 651 3835 724 sed
3883 683 3886 690 -

2275 733 2611 802 adoptivum;
2653 743 2707 788 et
2746 733 3061 790 Nestoriana
3107 737 3327 791 hatresis
3365 737 3434 792 ab
3476 724 3713 803 Oriente,
3743 739 3835 795 ubi

2273 811 2648 878 damnata-est
2677 840 2707 877 a
2740 826 2984 881 ducentis
3019 827 3258 896 synodali
3301 831 3619 884 auctoritate
3659 831 3837 885 Patri-

2271 915 2371 969 bus
2414 914 2467 979 δ,
2519 915 2731 986 longum
2769 917 3149 986 postliminium
3199 920 3544 985 reviviscens,
3577 922 3835 977 latitando

2271 1006 2407 1076 fugit
2446 1007 2499 1060 in
2529 1007 2891 1074 Occidentem,
2921 1018 2982 1064 ut
3008 1011 3094 1065 ubi
3129 1012 3207 1066 sol
3234 1012 3459 1084 visibilis
3485 1013 3554 1067 ab
3579 1013 3749 1068 oculis
3775 1027 3836 1068 se

2269 1096 2547 1150 abscondit
2571 1097 2837 1162 humanis,
2867 1098 2938 1152 ibi
2973 1100 3052 1153 sol
3078 1101 3302 1170 iustitia:
3335 1117 3366 1155 a
3399 1102 3650 1157 cordibus
3685 1117 3836 1157 rece-

2268 1185 2420 1240 deret
2470 1186 2760 1240 iaﬁdelium
2791 1186 2991 1260 [Forte,
3035 1189 3313 1263 ﬁdelium].
3345 1190 3624 1248 Nestorius
3668 1192 3832 1262 impia

2269 1279 2565 1332 assertione
2605 1287 2765 1348 negat
2795 1281 3157 1336 beatissimam
3199 1283 3459 1354 virginem
3486 1283 3704 1338 Mariam
3735 1282 3830 1338 Dei

2267 1382 2385 1420 esse
2405 1367 2743 1435 genitricem,
2774 1371 2869 1425 sed
2907 1373 3274 1427 tantummodo
3300 1373 3558 1427 hominis
3585 1371 3832 1430 similiter

2267 1464 2322 1509 ct
2356 1459 2464 1521 isti,
2504 1459 2692 1513 eadem
2729 1462 2996 1542 pravitate
3037 1461 3267 1530 decepti,
3311 1470 3510 1533 negant
3552 1477 3671 1516 eam
3703 1473 3833 1518 vere

2265 1547 2386 1602 Filii
2435 1549 2528 1603 Dei
2571 1565 2692 1604 esse
2732 1551 3062 1620 genitricem,
3119 1552 3212 1606 sed
3277 1549 3553 1619 cujusdam
3597 1549 3832 1619 adoptivi

2268 1637 2393 1703 ﬁlii;
2421 1639 2660 1694 volentes
2677 1639 2948 1696 Christum
2979 1643 3146 1696 Deum
3169 1641 3447 1696 nobiscum
3470 1656 3592 1702 esse
3617 1639 3830 1709 adopti-

2265 1744 2413 1792 vum,
2438 1744 2533 1798 per
2561 1744 2721 1799 quem
2763 1745 2862 1785 nos
2896 1731 3008 1785 Deo
3043 1731 3191 1785 Patri
3219 1732 3346 1786 facti
3387 1745 3572 1786 sumus
3597 1730 3834 1800 adoptivi

2265 1817 2382 1872 ﬁlii.
2415 1817 2564 1872 Hanc
2601 1834 2703 1890 ego
2724 1819 3042 1888 pestilentiae
3081 1819 3222 1874 luem
3261 1821 3557 1874 abhorrens
3584 1819 3833 1889 antiquo-

2267 1923 2383 1962 rum
2413 1907 2628 1962 Patrum
2654 1909 3034 1980 pigmentarias
3071 1901 3397 1980 perscrutari
3424 1909 3608 1965 curavi
3635 1909 3830 1974 cellas;

2262 1997 2346 2050 vel
2387 1997 2702 2070 posterioris
2734 1999 2990 2067 temporis
3022 1998 3404 2054 venerabilium
3429 1999 3707 2053 doctorum
3731 1995 3834 2051 flo-

2262 2089 2436 2141 rentia
2465 2103 2785 2156 percurrere
2825 2095 2976 2156 prata
2999 2087 3270 2151 festinavi,
3313 2096 3374 2142 ut
3407 2087 3622 2157 aliquod
3656 2085 3826 2141 medi-

2261 2176 2494 2230 camenti
2543 2190 2714 2246 genus
2762 2176 2966 2231 civibus
3009 2177 3165 2241 meis,
3214 2175 3339 2230 ﬁliis
3385 2177 3590 2231 scilicet
3628 2183 3826 2230 sancta:

2260 2264 2512 2319 Ecclesia;
2536 2248 2876 2338 conficerem,
2907 2280 3014 2331 quo
3053 2280 3111 2320 se
3135 2266 3202 2319 ab
3226 2266 3327 2322 hac
3353 2265 3668 2336 pestilentia:
3699 2279 3831 2319 con-

2261 2355 2474 2424 tagione
2514 2345 2858 2422 prtemunire,
2889 2355 3064 2408 divina
3089 2355 3379 2410 auxiliante
3398 2355 3588 2426 gratia,
3624 2353 3831 2424 potuis-

2259 2453 2380 2498 seut
2407 2432 2520 2497 :‘es
2565 2443 2804 2512 paternis
2839 2443 3085 2499 videlicet
3127 2446 3396 2500 thesauris
3429 2446 3634 2514 species
3673 2443 3827 2499 colli-

2261 2548 2392 2604 gens
2415 2534 2830 2604 pigmentorum,
2871 2534 2955 2588 vel
3000 2534 3226 2594 ﬂorum;
3271 2544 3328 2590 et
3367 2535 3693 2606 singulorum
3733 2533 3828 2589 ad-

2261 2631 2484 2676 nectens
2527 2624 2741 2676 nomina
2767 2631 3069 2687 auctorum,
3115 2632 3175 2676 ut
3197 2625 3460 2679 salubrior
3481 2633 3624 2678 esset
3648 2632 3703 2678 et
3731 2625 3827 2679 ﬁr-

2260 2712 2398 2766 mior
2427 2712 2710 2776 confectio,
2749 2728 2855 2783 quo
2894 2728 2961 2767 ex
3001 2713 3422 2769 clarissimorum
3467 2715 3703 2769 virorum
3743 2731 3830 2770 sa-

2259 2805 2472 2875 pientiae
2529 2814 2584 2862 et
2631 2806 2932 2860 sanctitatis
2981 2815 3261 2861 emeretur
3314 2808 3481 2878 gazis.
3543 2807 3608 2862 Et
3652 2809 3842 2882 primo,

579 2893 944 3006 schor'tatqria
966 2893 1487 3006 lvideiieetl‘epis'tola',
1533 2915 1793 2998 Aleuinus
1817 2893 2156 3006 occasiodem
2183 2974 2184 2985 χ

2265 2893 2501 2948 omnium
2542 2901 2824 2962 ponentes,
2873 2894 3000 2962 quid
3035 2893 3342 2964 evangelica
3390 2895 3479 2949 lus
3527 2897 3672 2950 omni
3716 2895 3829 2950 sole
3913 2941 3916 2946 .

2265 2983 2458 3006 -l-_:-_
2485 2984 2550 3006 Α]
2581 2983 3018 3006 211.-...2..-ιτ,...Α.-.
3054 2998 3194 3006 ..Α-ι...
3217 2983 3337 3006 Ω,1..3
3366 2983 3557 3006 ..ρ-2-.
3581 3001 3595 3006 -
3645 2992 3825 3006 ,Α-ι...

577 2983 818 3054 dederat.
848 2984 1099 3053 Epistolaa
1120 2986 1186 3040 ad
1206 2983 1458 3040 Ca'rolum
1479 3001 1655 3054 regem
1685 2985 1847 3038 verba
1861 2984 1976 3038 haec
1995 2991 2152 3054 sunt:

583 3069 605 3102 ς
643 3053 832 3107 Vestra
860 3052 988 3107 nulli
1019 3055 1408 3110 contemnenda
1446 3052 1740 3108 auctoritas
1768 3060 1968 3106 nostra:
1997 3052 2158 3118 devo-_

583 3139 604 3172 ο
638 3123 772 3176 tioni
820 3126 1093 3178 mandavit
1132 3135 1319 3180 contra
1362 3139 1528 3178 novas
1569 3122 1839 3176 haeretica
1876 3121 2159 3191 pravitatis

584 3209 604 3238 ι
639 3191 978 3247 inventiones
1003 3194 1202 3261 aliquid
1233 3195 1488 3255 scribere,
1527 3202 1688 3260 atque
1712 3191 1894 3246 libello
1931 3206 2156 3259 respon-

585 3277 605 3309 σ
639 3264 769 3315 dere
815 3277 974 3329 quem
1026 3271 1214 3317 contra
1264 3278 1363 3316 nos
1407 3262 1552 3316 Felix
1607 3261 1828 3330 quidam
1870 3262 2157 3330 episcopus

585 3341 829 3410 cvestra:
864 3331 1062 3388 direxit
1109 3331 1436 3387 auctoritati.
1474 3351 1492 3383 ι
1545 3331 1834 3400 ﬂuensque
1861 3331 1931 3386 cl.
1964 3331 2156 3403 Foggi-

577 3415 720 3455 ntus.

765 3545 1162 3617 lNClPlT
1231 3551 1551 3620 LIBER
1603 3539 2016 3636 ALBINI,
2114 3649 2124 3656 .

647 3673 840 3742 QUEM
877 3673 1105 3730 EDIDIT
1136 3673 1433 3740 CONTRA;
1449 3675 1774 3731 HERESIN
1789 3668 2092 3730 FELICIS.

648 3810 689 3864 Ι.
719 3809 968 3880 Legimus
999 3811 1052 3864 in
1074 3809 1349 3865 smeularis
1371 3808 1686 3862 litteratum
1706 3805 1969 3869 historiis,
1997 3821 2154 3875 quos-

578 3899 702 3953 dam
731 3899 878 3953 viros
902 3899 1230 3952 medicinalis
1255 3899 1385 3952 artis
1411 3899 1634 3967 peritos,
1676 3897 1802 3952 dum
1832 3895 2044 3964 aliquas
2069 3896 2150 3950 ci-

577 3987 770 4040 vitates
799 3984 1113 4055 pestilentia:
1140 3984 1226 4037 lue
1255 3984 1477 4039 infectas
1520 3986 1823 4047 audierunt,
1863 3998 2047 4038 amore
2076 3983 2152 4038 ci-

579 4077 722 4130 vium
769 4090 1010 4138 suorum,
1053 4074 1267 4144 aliquod
1309 4075 1683 4130 medicamenti
1711 4091 1880 4146 genus
1923 4075 2151 4144 provida

577 4168 935 4223 sollicitudine
971 4165 1327 4234 excogitasse,
1359 4178 1466 4232 quo
1495 4163 1639 4216 cives
1679 4178 1805 4217 suos
1833 4179 1864 4222 a
1894 4179 2148 4231 grassan—

579 4261 648 4314 tis
673 4261 842 4314 morbi
875 4257 1218 4314 infestatione
1243 4255 1626 4324 prmmunirent
1642 4294 1656 4317 ,
1691 4267 1756 4307 ne
1782 4253 2034 4323 ingruens
2058 4268 2152 4322 pe-

578 4351 802 4405 riculum
845 4365 912 4404 ex
961 4349 1235 4419 insperato
1278 4356 1488 4415 partem
1533 4352 1774 4415 cognatae
1817 4341 2154 4397 subverteret

580 4437 952 4492 multitudinis.
982 4436 1094 4489 lloe
1121 4435 1260 4489 idem
1288 4427 1484 4488 nostr-.c
1510 4433 1722 4487 videtur
1743 4431 2004 4500 agendum
2034 4445 2155 4485 esse

579 4528 847 4582 devotioni
884 4535 1071 4580 contra
1123 4526 1387 4579 hmretica:
1426 4524 1708 4594 pravitatis
1758 4523 2150 4592 pestilentiam,

580 4635 806 4690 quorum
831 4618 1080 4672 doctrina
1120 4625 1181 4670 ut
1205 4632 1398 4670 cancer
1425 4618 1611 4684 serpit,
1659 4625 1719 4670 ut
1746 4617 1891 4670 virus
1920 4614 2154 4670 infundi-

583 4724 690 4778 tur,
738 4721 796 4767 ut
838 4725 1102 4765 venenum
1151 4707 1456 4777 serpentino
1497 4711 1654 4763 dente
1700 4711 1986 4778 ingestum,
2017 4725 2156 4778 quos

580 4803 796 4866 laceret,
844 4800 1058 4855 occidit.
1106 4799 1216 4853 Nec
1262 4799 1528 4866 posterior
1575 4799 1726 4852 nobis
1773 4799 1825 4851 in
1871 4792 2151 4853 cathdlicze

582 4892 704 4950 ﬁdei
734 4893 957 4946 veritate
995 4890 1296 4944 animarum
1339 4888 1640 4943 sollicitudo
1671 4887 1994 4957 integritatis
2030 4902 2150 4942 esse

652 5043 778 5098 tDe
825 5043 910 5114 illa
959 5051 1133 5114 certe,
1185 5058 1344 5114 quam
1391 5040 1546 5114 paulo
1594 5047 1732 5114 post
1751 5037 2145 5105 exhibebimus,

583 5125 700 5181 quzc
733 5114 791 5164 D.
828 5113 1135 5182 Fogginium
1169 5109 1457 5168 etiamnum
1491 5112 1658 5182 latuit.
1694 5109 1926 5163 Fnonsx.

655 5182 681 5221 δ
713 5180 941 5249 Epistola
967 5184 1115 5234 libris
1135 5199 1204 5236 vn
1237 5184 1451 5251 przcﬁxzi
1486 5180 1642 5234 infra.

655 5263 676 5290 ε
712 5252 859 5304 iluue
886 5252 1091 5304 titulum
1123 5249 1276 5304 habet
1302 5256 1412 5319 ipse
1445 5254 1610 5304 cozlcv
1640 5267 1738 5304 ius.
1765 5249 2142 5319 prmlaudatus.

652 5321 677 5358 ἀ
711 5323 782 5373 De
839 5321 1039 5391 synodo
1096 5321 1359 5388 Ephesina
1422 5333 1607 5374 auctor
1667 5321 1903 5388 loquitur
1967 5319 2144 5372 habita

586 5405 724 5441 anno
753 5409 778 5444 s
797 5393 938 5445 nlmis
961 5393 1082 5450 «BI.
1116 5395 1367 5443 ducentos
1388 5402 1564 5444 autem
1591 5392 1640 5444 in
1664 5407 1725 5444 ea
1755 5392 1941 5444 Patres
1960 5404 2147 5441 conve-
2187 5401 2191 5405 λ

589 5461 729 5510 uisse
760 5469 985 5515 testatur
1011 5464 1170 5515 etiam
1205 5460 1512 5513 Vincentius
1541 5461 1704 5513 Lirin.
1738 5462 1788 5514 in
1819 5459 2141 5512 Commonit.

585 5527 614 5596 ς
649 5529 729 5580 l2.
766 5530 868 5584 Sed
908 5533 958 5584 in
990 5542 1089 5584 act.
1125 5548 1140 5584 ι
1184 5530 1374 5585 concil.
1431 5537 1547 5598 post
1585 5529 2001 5598 subscriptiones
2033 5527 2144 5595 cpi-

2260 2983 2458 3037 elarior
2484 2984 2550 3038 ad
2579 2983 3021 3037 illuminationem
3054 2998 3196 3037 verae
3216 2983 3338 3037 ﬁdei
3366 2983 3597 3052 pandat;
3641 2992 3828 3038 contra

2258 3062 2744 3141 hujus'claritalem
2785 3071 3003 3126 luminis
3029 3087 3186 3126 nemo
3215 3087 3372 3127 sanos
3407 3073 3611 3129 habens
3643 3073 3831 3129 oculos

2257 3179 2561 3234 repugnare
2593 3166 2752 3219 audet
2777 3183 2789 3217 :
2833 3166 2927 3220 sed
2954 3166 3092 3219 sicut
3118 3181 3292 3220 czecus
3324 3175 3469 3221 errat
3498 3167 3552 3221 in
3579 3167 3726 3233 sole;
3771 3175 3828 3222 et

2248 3255 2381 3310 licet
2425 3253 2515 3308 ille
2543 3254 2642 3308 soli
2668 3254 2739 3308 sit
2767 3269 3024 3323 pnesens,
3054 3255 3132 3309 sol
3171 3266 3350 3310 tamen
3374 3258 3570 3312 absens
3605 3257 3680 3312 illi
3707 3271 3828 3312 esse

2254 3347 2550 3416 probatur;
2581 3346 2737 3416 761
2786 3345 2866 3399 sic
2909 3347 3000 3415 qui
3042 3347 3360 3417 evangeliea:
3406 3363 3511 3402 non
3557 3348 3828 3402 consentit

2253 3438 2493 3501 veritati,
2514 3445 2663 3490 errat
2707 3437 2774 3490 de
2799 3437 2902 3497 via,
2943 3435 3113 3492 donec
3144 3438 3196 3490 in
3226 3438 3465 3492 ultimam
3511 3439 3837 3508 perditionis

2253 3527 2464 3582 foveam
2492 3527 2822 3582 devolvatur.
2853 3524 2959 3582 Vos
2982 3541 3132 3592 vero,
3158 3527 3251 3581 ﬁlii
3281 3538 3484 3583 sancta
3508 3528 3602 3582 Dei
3640 3528 3826 3584 Eccle-

2253 3618 2368 3682 size,
2407 3617 2550 3671 hanc
2590 3631 2766 3671 meam
2809 3631 2907 3685 pro
2943 3616 3096 3670 vobis
3138 3616 3475 3670 devotionem
3510 3624 3823 3673 sanctarum

2252 3705 2556 3758 orationum
2601 3712 2940 3757 remunerate
2989 3702 3284 3773 sull'ragiis;
3323 3712 3379 3757 et
3416 3705 3593 3773 siquid
3638 3714 3822 3761 nostra

2252 3793 2406 3849 vobis
2426 3793 2836 3862 praesentialiter
2860 3792 3104 3861 proﬁciat
3127 3793 3408 3860 industria,
3438 3795 3826 3866 perpetualiter

2251 3890 2431 3938 vestra
2459 3882 2614 3937 nobis
2631 3883 2800 3952 prosit
2823 3885 3154 3938 intercessio.

2321 3977 2406 4031 Ill.
2444 3976 2740 4032 Credamus
2784 3976 2996 4032 Domini
3023 3976 3118 4032 Dei
3161 3977 3338 4033 Patris
3366 3979 3693 4047 testimonio,
3729 3983 3823 4038 ubi

2252 4086 2412 4140 super
2433 4071 2765 4139 baptizatum
2792 4069 2982 4124 Filium
3012 4071 3293 4141 magniﬁca
3324 4087 3455 4127 voce
3493 4082 3720 4127 testatur
3743 4075 3823 4128 di-

2252 4176 2380 4214 cens
2417 4176 2431 4212 :
2469 4159 2572 4213 Hic
2607 4169 2680 4213 est
2713 4159 2885 4212 Filius
2914 4177 3056 4213 meus
3083 4161 3300 4215 dilectus
3335 4161 3548 4230 (Matth.
3579 4178 3656 4224 tu,
3708 4163 3818 4233 Π).

2255 4248 2323 4302 Ει
2365 4263 2433 4302 ne
2455 4249 2576 4314 quis
2617 4249 2684 4302 de
2711 4248 2881 4301 altero
2931 4250 3036 4301 diei
3076 4250 3362 4312 dubltaret,
3403 4251 3564 4306 etiam
3603 4262 3822 4308 sanctus
3869 4303 3872 4306 .

2259 4339 2492 4408 Spiritus
2518 4339 2572 4392 in
2606 4339 2787 4407 specie
2834 4337 3090 4393 columbae
3113 4343 3394 4408 przesentia
3420 4347 3818 4414 comprobatur,

2257 4432 2400 4487 hunc
2420 4447 2538 4487 esse
2558 4431 2753 4486 Filium
2799 4431 2911 4496 Dei,
2943 4434 3032 4502 qui
3065 4449 3096 4486 a
3116 4433 3322 4490 Joanne
3348 4437 3403 4490 in
3444 4436 3677 4494 Jordane
3723 4440 3821 4494 ha-

2256 4526 2509 4595 ptizatur.
2557 4525 2671 4578 Etsi
2713 4525 2831 4579 luce
2883 4526 3082 4580 clarius
3109 4536 3350 4596 patescat
3393 4544 3460 4583 ex
3500 4532 3819 4586 auctoritate

2255 4625 2495 4686 paternae
2523 4605 2671 4670 vocis
2694 4615 2813 4669 Filii
2850 4618 3182 4685 proprietas;
3209 4626 3386 4674 tamen
3414 4621 3663 4675 audiendi
3691 4635 3820 4676 san-

2257 4714 2468 4760 ctorum
2511 4705 2732 4759 Patrum
2765 4715 2818 4760 et
2844 4708 3232 4763 catholicorum
3277 4706 3555 4763 doctorum
3595 4703 3818 4765 venera-

2258 4796 2393 4849 biles
2421 4811 2632 4860 sensus,
2663 4799 2786 4866 quid
2817 4799 2869 4853 in
2901 4800 3002 4854 bac
3028 4801 3263 4856 veridica
3289 4800 3497 4868 paterni
3524 4801 3813 4860 testimonii

2254 4887 2584 4955 professione
2610 4890 2894 4944 senserint.

2255 5055 2533 5109 scoporum
2584 5041 2698 5095 hmc
2744 5047 3080 5109 sequuntur:
3118 5056 3151 5109 «ί
3193 5037 3480 5107 Postquam
3532 5040 3585 5095 bi
3623 5057 3812 5098 omnes

2254 5108 2483 5164 Nestorii
2509 5108 2832 5179 depositioni
2868 5108 3328 5179 subscripsissent,
3355 5121 3694 5166 accesserunt
3719 5114 3808 5167 alii

2253 5181 2485 5249 episcopi
2532 5177 2608 5250 ad
2639 5177 3203 5250 sanctamsynodum,
3242 5181 3331 5245 qui
3373 5190 3427 5233 et
3453 5181 3553 5248 ipsi
3596 5197 3810 5250 quoque

2253 5246 2550 5318 prmpositm
2580 5246 3397 5318 damnationisubscripserunt.
3427 5246 3672 5318 Episcopi
3710 5246 3811 5304 ita-

2254 5315 2379 5386 que,
2409 5321 2498 5388 qui
2527 5320 2698 5387 ipsum
2730 5315 3030 5388 Nestorium
3052 5316 3427 5388 deposuerunt,
3451 5315 3635 5388 plures
3651 5330 3811 5388 quam

2253 5384 2464 5442 ducenti
2490 5384 2765 5446 eistitere,
2797 5384 2960 5453 aliqui
2991 5385 3131 5438 enim
3159 5386 3335 5442 locum
3367 5384 3814 5443 tenuerunt-alio-

2252 5471 2370 5509 rum
2415 5460 2803 5526 episcoporum,
2845 5455 2934 5522 qui
2976 5455 3040 5528 ad
3081 5455 3430 5524 Ephesiorum
3472 5457 3807 5528 metropolitn

2252 5528 2433 5580 venire
2449 5523 2558 5581 non
2591 5532 2893 5594 potuerunt.
2925 5545 2942 5576 ι
2978 5523 3277 5581 Foccist.
3591 5527 3599 5534 ’
