4228 6308
2356 74 2393 81 si
2426 60 2671 81 me.--
2712 58 2717 63 ς
2778 38 2923 71 κίεν-ί
3668 40 3927 72 uni-—
3975 43 4042 70 ..---
4095 29 4137 52 -—'

1828 108 1833 109 ,
1878 100 1886 102 -
1950 90 2087 109 -rc—'—‘."-
2114 76 2505 110 ίηκττ·”“’ῖ“”⁴““
2631 74 2700 100 ---
2851 103 2854 106 ,
2911 103 2914 106 ,
3025 77 3056 84 "
3087 75 3156 102 .⁴“”-“
3235 81 3274 96 --'-
3310 76 3317 77 7
3437 73 3506 98 "’t
3591 83 3652 110 -σιῑε
3683 77 3778 96 ‘--"-
4033 79 4136 102 ,_..:.'..-—

1809 123 1812 126 -
2105 113 2220 149 ____=ﬁ___
2235 131 2246 140 __
2283 125 2500 150 τῇς-...η
2571 109 3038 151 -.δμπ;,ςἘπ;-Ὑ⁴
3041 101 3082 130 Ξε-
3225 97 3294 156 3,
4121 121 4137 126 ..

1063 151 1192 163 η-..;ρ4ω
1235 155 1242 159 --
1269 151 1338 159 .——---
1361 153 1368 156 -
1411 151 1440 164 ,τ’
1473 151 1494 154 -
1517 149 1586 164 τ,;“,-
1731 161 1750 164 ν,
1769 155 1778 158 -
1847 149 1862 156 ἰ’
2101 149 2106 152 “
2149 159 2162 162 _
2241 147 2248 150 '
2433 145 2438 150 '
2463 145 2466 148 '
2493 143 2604 159 _,"_‘."
2779 141 2924 157 _-.:———'.
2951 141 3108 157 ...ι-...υμ-
3613 143 3936 155 ...ρ-...μ’β-
3967 147 3996 153 --
4029 145 4046 150 -

90 380 196 437 ss
833 349 837 352 ’
1041 374 1538 432 DOCMATICA.—-
1578 376 1707 432 un.
1745 376 1785 430 Α

1810 377 1906 434 π.
1945 378 2268 438 ΗΞΒΕΞιΝ
2300 381 2592 438 Εειιωει
3095 394 3098 396 ·
3345 379 3420 433 90

195 491 327 548 ιν-
391 491 548 546 Dicit
595 492 737 545 enim
772 491 1006 545 Hilarius
1030 491 1404 546 ecclesiastica:
1427 489 1548 544 ﬁdei
1574 491 1764 544 doctor
1787 493 1838 549 Α
1863 497 2206 562 cernebatur,
2236 497 2330 552 Dei
2351 513 2486 552 voce
2512 496 2606 550 Dei
2634 494 2802 549 Filius
2834 501 3166 548 nosceretur.
3194 492 3262 547 Et
3289 495 3418 562 quia

95 583 473 638 mirabilis
498 582 554 635 in
591 582 730 636 libro
765 590 920 636 sexto
964 595 1123 649 quem
1167 582 1233 634 de
1275 587 1459 634 sancta
1499 578 1764 633 Trinitate

101 672 414 741 scripsit
445 678 570 740 post
596 670 699 723 alia
729 671 1002 725 catholica:
1048 670 1170 724 ﬁdei
1197 670 1566 725 wnvenientia
1596 671 1676 724 sic
1695 681 1721 708 ι
1748 688 1761 722 :

114 781 146 814 ε
193 762 395 818 Vere
428 761 532 815 Dei
560 761 754 815 Filium
784 763 1118 830 unigenitum
1157 763 1325 816 Deum
1352 762 1634 816 Dominum
1661 775 1764 815 no-

111 860 354 908 stru‘m
411 849 606 908 Iesum
634 850 908 906 Christum
943 866 1063 906 esse
1081 867 1146 905 ac
1170 851 1350 906 doceri
1380 850 1561 904 multis
1589 851 1766 904 modis

113 943 482 1013 cognitum
510 934 622 1008 est;
649 941 774 996 dum
805 941 870 995 de
898 955 964 994 eo
993 949 1222 996 testatur
1244 941 1428 1005 Pater,
1453 941 1578 995 dum
1611 940 1680 994 de
1706 955 1766 995 se

119 1034 280 1104 ipse
327 1031 662 1102 proﬁtetur,
693 1025 819 1086 dum
847 1031 1073 1100 apostoli
1115 1032 1438 1101 praedicant,
1477 1033 1604 1087 dum
1643 1031 1768 1086 reli-

125 1123 316 1192 giosi
343 1123 617 1187 credunt,
643 1121 772 1176 dum
795 1122 1060 1176 diemones
1082 1119 1422 1192 conﬁtentur,
1447 1121 1575 1175 dum
1597 1118 1768 1175 Iudaei

127 1218 424 1281 negant,
452 1210 581 1266 dum
602 1218 789 1281 gentes
824 1211 878 1264 in
907 1211 1168 1281 passione
1209 1219 1553 1281 cognoscunt.
1585 1210 1770 1279 Neque

130 1301 324 1355 enim
386 1316 466 1356 ex
511 1301 883 1356 communione
920 1300 1330 1370 nuncupationis
1374 1307 1458 1354 est
1476 1341 1491 1364 ,
1517 1299 1661 1367 quod
1702 1300 1770 1352 de

131 1393 556 1463 proprietatis
583 1392 689 1448 ﬁde
706 1386 904 1458 dicitur
927 1409 941 1445 :
968 1398 1160 1454 etcum
1182 1392 1362 1445 omnia
1384 1406 1503 1460 qua:
1525 1389 1772 1444 Christus

137 1483 469 1539 Dominus
501 1491 593 1537 aut
639 1483 749 1554 egit
790 1482 883 1547 aut
925 1467 1126 1547 docuit,
1170 1481 1313 1534 ultra
1363 1479 1543 1552 omnia
1581 1493 1770 1534 eorum

145 1575 288 1634 sint
317 1575 438 1644 qui
475 1573 594 1628 Filii
634 1575 1010 1641 nuncupantur
1031 1610 1047 1636 ,
1078 1578 1134 1625 et
1162 1570 1218 1624 in
1254 1570 1340 1632 bis
1365 1568 1614 1622 omnibus
1653 1581 1776 1636 quas

151 1665 486 1734 pracipua
511 1663 620 1718 sint
641 1661 863 1726 Christi,
900 1661 1005 1715 hoc
1030 1660 1115 1714 vel
1157 1659 1496 1728 potissimum
1516 1656 1776 1710 doceatur

1863 584 1921 637 in
1976 584 2101 639 ﬁdei
2139 587 2300 656 hujus
2346 586 2680 640 confessione
2724 583 3056 639 credentium
3109 584 3222 636 vita
3269 591 3417 638 esset

1866 673 1996 743 (non
2041 677 2182 730 enim
2237 677 2340 730 alia
2404 677 2718 731 aeternitatis
2762 676 2871 729 vita
2922 684 3002 729 est
3028 716 3043 736 ,
3091 675 3191 728 nisi
3235 672 3416 729 Iesum

1863 764 2135 818 Christum
2157 766 2487 834 unigenitum
2505 766 2669 820 Deum
2691 765 2922 818 sciamus
2935 763 3159 819 esseDei
3180 762 3413 833 Filium),

1863 866 1963 904 vox
2001 866 2032 905 e
2076 852 2213 907 emlo
2257 868 2472 907 rursum
2509 853 2578 906 ab
2630 852 2886 921 apostolis
2914 853 3123 906 iteratis
3153 853 3314 922 hujus
3346 855 3422 908 si-

1864 941 2226 1010 gniﬁcationis
2267 944 2501 1006 auditur,
2550 951 2611 997 ut
2655 944 2710 996 id
2747 942 2953 996 ﬁrmius
3001 944 3312 996 crederetur
3350 942 3422 995 ad

1864 1029 2052 1094 vitam,
2103 1029 2243 1098 quod
2296 1046 2402 1086 non
2445 1031 2737 1085 credidisse
2786 1046 2934 1085 mors
2976 1038 3138 1084 esset.
3182 1029 3427 1098 Namque

1865 1135 1986 1174 cum
2018 1120 2275 1176 Dominus
2317 1122 2372 1174 in
2399 1127 2581 1174 monte
2607 1121 2902 1189 maiestatis
2940 1135 3049 1173 sua:
3073 1120 3259 1173 habitu
3287 1133 3418 1172 con-

1869 1203 2112 1277 stitisset,
2160 1212 2341 1283 Moyse
2380 1215 2540 1284 762
2563 1222 2721 1281 atque
2760 1213 2874 1266 Elia
2920 1210 3318 1276 assistentibus,
3365 1218 3424 1264 et.

1869 1303 1938 1356 ad
1961 1302 2186 1356 visionis
2215 1311 2377 1372 atque
2405 1305 2555 1358 vocis
2581 1304 2738 1357 ﬁdem
2767 1303 2938 1357 tribus
2954 1302 3218 1356 columnis
3241 1301 3429 1356 Eccle-

1870 1392 2074 1444 siarum
2099 1393 2328 1446 testibus
2349 1392 2659 1460 assumptis,
2684 1392 2801 1445 hinc
2819 1406 2924 1444 vox
2946 1398 3168 1459 paterna
3193 1390 3261 1443 de
3287 1388 3430 1443 celo

1871 1490 1991 1537 est:
2023 1482 2128 1537 Hic
2149 1493 2227 1538 est
2252 1482 2422 1538 Filius
2451 1500 2594 1537 meus
2627 1471 2866 1548 dilectus,
2897 1483 2954 1534 in
2975 1467 3079 1551 quo
3112 1478 3424 1550 conplecti,

1871 1573 2039 1643 ipsum
2086 1573 2262 1627 audite
2286 1593 2307 1625 ι
2353 1572 2568 1644 (lauit.
2595 1587 2728 1637 ml,
2752 1568 2828 1642 5).

1944 1681 2182 1737 VJdem
2207 1689 2330 1752 post
2347 1681 2579 1751 plurima
2604 1688 2661 1735 et
2697 1680 2932 1735 veridica
2961 1679 3028 1735 de
3047 1676 3281 1733 naturali
3304 1691 3428 1747 pro-

154 1770 334 1818 esse,
351 1753 528 1832 quod
553 1752 648 1807 Dei
677 1751 844 1806 Filius
869 1757 990 1815 est;
1027 1764 1134 1804 non
1163 1757 1246 1803 est
1273 1748 1326 1801 in
1355 1761 1420 1800 eo
1449 1744 1545 1798 ﬁlii
1581 1759 1647 1797 ex
1681 1757 1775 1813 ge-

161 1842 368 1880 nni-gl:
407 1841 776 1880 τοσηςιίπίωιρ
801 1852 1114 1880 ρησηηεηρηξ
1144 1837 1257 1880 Νηη
1287 1834 1596 1880 mmtamino
1627 1831 1772 1880 veri-

1810 1819 1853 1880 B
1874 1775 2105 1843 prietate
2129 1744 2251 1830 Filii
2280 1744 2376 1828 Dei
2397 1774 2470 1827 ita
2494 1773 2674 1827 intulit
2699 1771 2729 1809 ιι
2755 1791 2770 1825 ε
2802 1791 2822 1823 ι
2850 1772 2989 1839 Quid
3019 1771 3249 1826 infertur
3272 1744 3434 1824 hodie

161 1842 369 1898 nerali
405 1831 776 1898 familiaritate
801 1852 1116 1911 «agnomen.
1144 1837 1258 1892 Non
1287 1834 1596 1890 contamina
1627 1831 1772 1886 veri-

165 1935 323 1990 tatis
351 1934 552 1999 ﬁdem,
580 1941 641 1988 ut
666 1933 771 1987 hoc
804 1932 986 1987 verbis
1013 1930 1150 1985 meis
1188 1936 1450 1982 astruam.
1478 1925 1776 1994 Loquatur,

167 2039 244 2085 ut
269 2043 440 2100 saepe
461 2028 650 2082 solitus
693 2034 798 2091 est,
830 2026 896 2080 de
928 2024 1202 2094 unigenito
1230 2037 1328 2075 suo
1369 2020 1550 2082 Pater,
1581 2033 1651 2072 ne
1679 2016 1780 2071 sub

175 2115 629 2174 consummandi
664 2113 918 2184 baptismi
955 2118 1290 2166 sacramento
1333 2106 1491 2162 Iesus
1531 2104 1782 2160 Christus

178 2192 539 2286 ignorabilis'
576 2225 707 2265 esse
740 2209 911 2279 possit
953 2221 1051 2276 per
1096 2219 1308 2273 corpus.
1358 2201 1463 2255 Hic
1505 2208 1579 2253 est

181 2284 351 2356 «ius
379 2300 624 2362 dilectus,
651 2299 707 2352 in
733 2311 835 2368 quo
861 2295 986 2349 bene
1009 2291 1294 2362 complacui
1312 2288 1524 2362 (Matth.
1555 2303 1638 2351 nt,
1666 2284 1778 2355 17).

186 2393 388 2463 Rogo,
417 2391 476 2444 in
501 2405 609 2459 quo
637 2389 836 2442 veritas
864 2385 1090 2455 deperit,
1117 2392 1172 2437 et
1192 2384 1247 2436 in
1277 2398 1386 2451 quo
1413 2379 1624 2434 inﬁrma
1649 2377 1784 2451 ﬁdes

191 2480 572 2553 professionis
607 2479 728 2532 est?
757 2476 872 2530 Non
900 2475 1247 2528 annuntiatus
1289 2486 1388 2541 per
1429 2468 1677 2539 angelum
1715 2464 1784 2519 de

196 2580 406 2626 sancto
446 2569 652 2640 Spiritu
693 2574 880 2636 partus
904 2581 969 2618 ex
1018 2564 1252 2632 virgine;
1284 2577 1392 2616 non
1432 2560 1592 2614 index
1620 2557 1786 2626 Magis

199 2660 405 2728 stella;
457 2660 552 2715 sed
592 2673 693 2713 nec
730 2657 935 2712 adorati
959 2655 1015 2709 in
1039 2654 1193 2709 cuuis
1220 2654 1420 2718 honor;
1464 2665 1563 2705 nec
1607 2651 1786 2719 baptiv

204 2752 380 2820 randi
408 2751 513 2805 sub
556 2749 811 2818 Baptista:
837 2745 1168 2818 professione
1202 2745 1376 2800 virtus
1401 2745 1536 2798 satis
1556 2757 1676 2798 esse
1717 2743 1787 2797 ad

207 2841 737 2896 demtnistrationem
776 2837 1073 2907 maiestatis
1116 2837 1510 2892 existimantur.
1539 2832 1700 2888 Pater
1721 2833 1789 2889 de

209 2930 357 2986 coelo
394 2930 653 2999 loquitur,
675 2936 732 2982 et
773 2929 847 2981 ita
873 2927 1108 2995 loquitur
1137 2945 1152 2980 :
1180 2925 1283 2979 Hic
1307 2936 1382 2980 est
1421 2923 1594 2978 Filia
1619 2940 1784 2977 ineas.

215 3019 364 3089 Quid
404 3021 510 3075 sibi
537 3019 651 3074 vult
685 3034 792 3080 non
844 3013 1242 3088 cognominum,
1284 3017 1378 3070 sed
1405 3015 1786 3084 pronominum

219 3112 394 3169 ﬁdes?
421 3111 752 3183 Cognomina
779 3110 1087 3164 nominibus
1129 3108 1435 3172 adduntur;
1465 3107 1783 3177 pronomina

222 3220 358 3261 vero
380 3206 623 3259 obtinent
659 3204 714 3258 in
743 3216 802 3258 se
828 3202 1103 3257 nominum
1130 3201 1402 3255 virtutem.
1433 3199 1787 3270 Proprietatis

227 3302 409 3348 autem
463 3295 782 3365 signiﬁcatio
827 3302 932 3358 est,
974 3292 1065 3347 ubi
1094 3299 1149 3346 et
1174 3291 1259 3345 hic
1301 3300 1377 3346 est
1428 3293 1629 3347 dictum
1669 3308 1792 3348 esse

230 3385 468 3450 auditur,
496 3395 552 3440 et
588 3404 731 3441 meus
778 3396 874 3440 cu.
903 3386 970 3440 Et
996 3385 1234 3454 intellige
1261 3400 1380 3454 quae
1409 3384 1478 3439 sit
1513 3385 1714 3440 veritas
1736 3393 1792 3440 et

232 3477 376 3532 ratio
416 3475 705 3532 dictorum.
756 3478 991 3549 Legeras
1021 3497 1033 3532 :
1067 3476 1234 3532 Filios
1273 3477 1426 3547 genui
1471 3484 1520 3530 et
1565 3475 1792 3530 exaltari

238 3565 391 3639 (Iani.
420 3584 460 3633 ι,
508 3565 587 3640 2).
617 3566 724 3622 Sed
772 3584 880 3622 non
917 3569 1144 3638 legeras,
1167 3566 1301 3634 ﬁlios
1335 3582 1506 3627 meos;
1536 3572 1794 3634 genuerat

239 3661 381 3716 enim
405 3674 500 3715 eos
524 3659 627 3716 sibi
648 3675 745 3730 per
767 3659 1083 3714 divisionem
1108 3658 1345 3729 gentium
1364 3662 1421 3711 et
1442 3656 1652 3724 plebem
1679 3657 1791 3712 lue-

242 3751 484 3806 reditatis
516 3751 570 3806 in
601 3750 757 3806 ﬁlios.
785 3749 862 3804 Ne
894 3749 1055 3820 igitur
1081 3763 1178 3819 per
1209 3747 1639 3803 communionem
1666 3747 1797 3802 ado-

244 3841 400 3912 ptiva:
426 3843 756 3898 haereditatis
786 3848 1194 3910 cognomentum
1222 3837 1346 3893 Filii
1379 3838 1652 3909 unigenito
1679 3836 1798 3910 Deo

191 3965 194 3968 ν
249 3930 545 3994 adderetur,
569 3940 793 3994 natura:
839 3930 1038 3984 veritas
1067 3943 1162 3998 per
1188 3926 1628 3998 signiﬁcationem
1667 3942 1798 3998 pro-

252 4020 486 4090 prietatis
531 4029 748 4076 ostensa
778 4029 879 4076 cst.
906 4021 1224 4092 Assignetur
1269 4036 1400 4076 sane
1433 4021 1534 4075 hoc
1559 4035 1801 4074 comnm-

255 4110 419 4165 nionis
456 4110 509 4164 in
554 4109 770 4163 Christo
813 4125 1029 4181 nomen,
1060 4120 1119 4163 ut
1152 4110 1318 4163 Filius
1341 4113 1436 4173 sit,
1478 4109 1523 4162 si
1568 4108 1634 4162 de
1662 4121 1798 4176 quo—

258 4213 406 4270 quam
433 4199 633 4254 dictum
671 4198 968 4268 reperietur
999 4187 1012 4251 ἐ
1046 4197 1148 4250 Hic
1187 4207 1264 4262 est
1294 4195 1467 4251 Filius
1495 4213 1656 4251 meus.
1703 4195 1802 4252 Sin

261 4307 378 4347 vero
398 4291 669 4368 proprium
715 4306 781 4345 ac
825 4289 1094 4359 singulare
1140 4289 1189 4342 ei
1223 4297 1304 4343 est
1335 4307 1347 4341 :
1380 4287 1481 4341 llic
1507 4297 1582 4342 est
1621 4286 1676 4340 ‘F
1680 4286 1802 4341 ilius

265 4400 413 4450 mus,
439 4383 566 4452 quid
595 4381 917 4440 calumniam
938 4381 1045 4434 Deo
1073 4379 1219 4433 Patri
1265 4380 1521 4447 profcssm
1558 4379 1625 4432 de
1668 4378 1804 4432 Filio

1875 1862 2177 1926 calumniae,
2212 1869 2274 1916 ut
2296 1862 2514 1932 adoptio
2538 1861 2770 1916 nominis
2811 1859 2902 1924 sit,
2927 1866 2988 1912 ut
3013 1858 3242 1912 mendax
3288 1857 3431 1912 Dens

1875 1953 1962 2015 sit,
1991 1961 2052 2007 ut
2073 1953 2288 2008 nomina
2313 1951 2490 2006 inania
2517 1951 2660 2006 sint?
2687 1951 2938 2006 Testatus
2956 1957 3041 2004 est
3060 1947 3223 2004 Pater
3243 1948 3314 2003 de
3336 1946 3436 2003 Fi-

1876 2041 1980 2107 lio;
2010 2043 2260 2111 operibus
2279 2042 2393 2096 suis
2403 2040 2573 2095 Filius
2586 2041 2948 2104 testimonium
2965 2039 3140 2092 Patris
3162 2044 3430 2106 exgquat.

1877 2130 1988 2187 Cur
2018 2131 2143 2187 "non
2169 2131 2414 2186 videatur
2440 2133 2560 2186 esse
2605 2130 2660 2184 in
2685 2145 2752 2185 eo
2773 2131 2911 2184 idem
2937 2127 3069 2200 [AI.,
3098 2128 3152 2183 id
3175 2126 3284 2199 est]
3307 2126 3434 2181 Filii

1878 2223 2100 2288 veritas,
2128 2236 2247 2292 qna
2286 2230 2342 2274 et
2369 2222 2591 2276 docetur
2627 2220 2760 2292 [Al.,
2789 2218 3009 2290 dicitur]
3054 2225 3109 2273 et
3154 2218 3437 2287 probatur.

1878 2309 1998 2366 Non
2029 2320 2113 2372 est
2138 2327 2236 2380 per
2261 2310 2430 2365 Deum
2453 2310 2669 2365 Patrem
2694 2309 2817 2363 Filii
2845 2302 3039 2363 nomen
3063 2307 3119 2361 in
3140 2306 3356 2362 Christo
3380 2313 3439 2360 et

1881 2398 2014 2470 [Al.,
2042 2399 2132 2470 ex]
2163 2400 2449 2470 adoptione
2475 2398 2733 2453 bonitatis
2763 2417 2776 2452 :
2806 2411 2984 2466 neque
3007 2395 3294 2450 sanctitate
3328 2409 3443 2449 me-

1882 2488 1992 2542 ruit
2021 2487 2124 2542 hoc
2144 2501 2360 2550 nomen,
2383 2489 2522 2540 sicut
2542 2487 2724 2556 plures
2745 2493 2868 2554 post
2891 2484 3282 2539 confessionem
3311 2483 3436 2538 ﬁdei

1883 2577 1979 2631 Dei
2007 2576 2131 2631 Filii
2167 2583 2312 2630 sunt.
2355 2574 2711 2643 Proprietatis
2756 2573 2901 2627 enim
2927 2573 2982 2626 in
3011 2571 3097 2626 his
3123 2570 3445 2640 signiﬁcatio

1883 2667 2028 2721 nulla
2055 2674 2142 2721 est
2164 2684 2180 2722 :
2211 2665 2444 2724 nominis
2468 2679 2697 2732 namque
2722 2671 2928 2717 tantum
2944 2702 2960 2726 ,
2989 2669 3050 2716 ut
3075 2661 3185 2715 Deo
3220 2661 3440 2730 dignum

1883 2765 1987 2822 est,
2016 2755 2223 2812 indulta
2251 2755 2491 2826 dignatio
2513 2761 2617 2808 est.
2654 2751 2810 2807 Aliud
2863 2759 2966 2816 est,
2994 2750 3078 2804 hic
3100 2760 3196 2814 est,
3218 2757 3273 2802 et
3297 2763 3446 2802 tum

1883 2858 1980 2913 est,
2010 2857 2067 2902 et
2093 2848 2233 2901 hunc
2249 2845 2430 2900 Mite
2451 2861 2472 2900 :
2497 2845 2553 2899 in
2581 2844 2686 2900 hoc
2730 2843 2933 2899 veritas
2957 2849 3056 2906 est,
3102 2849 3299 2895 natura
3335 2845 3444 2904 est,

1880 2938 2021 2993 ﬁdes
2039 2946 2143 2994 est.
2177 2957 2198 2993 ι

1957 3063 2044 3121 Vl.
2088 3065 2222 3122 Item
2267 3065 2322 3120 in
2345 3065 2689 3136 sequentibus
2728 3065 2783 3121 in
2821 3066 3010 3121 eodem
3035 3065 3173 3120 libro
3201 3072 3354 3121 sexto
3376 3076 3400 3104 ε
3426 3079 3447 3119 :

1810 3146 1858 3210 C
1892 3176 1912 3208 ‹
1945 3155 2239 3221 Omnibus,
2270 3157 2464 3226 quibus
2487 3170 2582 3226 per
2629 3154 2788 3209 ﬁdem
2830 3155 2974 3208 Deus
3014 3155 3177 3208 Pater
3211 3161 3313 3216 est,
3348 3159 3453 3223 per

1885 3262 2006 3301 eam
2061 3246 2221 3301 ﬁdem
2273 3247 2433 3320 Pater
2485 3253 2602 3310 est,
2632 3259 2738 3314 qua
2794 3241 2980 3298 Iesum
3028 3241 3305 3297 Christum
3343 3241 3444 3297 Dei

1885 3335 2082 3389 Filium
2128 3334 2481 3395 conﬁtemur.
2515 3332 2772 3388 Conﬁteri
2800 3339 2979 3387 autem
3023 3330 3219 3386 Filium
3250 3333 3444 3386 secun-

1887 3425 2015 3479 dum
2059 3424 2310 3496 generale
2351 3432 2658 3480 sanctorum
2685 3438 2900 3487 nomen,
2947 3423 3075 3492 quid
3105 3423 3268 3476 habet
3303 3422 3451 3485 ﬁdei,

1889 3521 1948 3566 ut
1969 3513 2232 3577 dicamus,
2255 3528 2393 3570 unus
2413 3528 2478 3568 ex
2501 3511 2626 3585 ﬁliis
2648 3511 2764 3565 est?
2782 3509 2890 3565 Sed
2921 3508 3161 3578 nunquid
3191 3516 3246 3562 et
3262 3507 3449 3565 ceteri

1889 3601 1945 3654 in
1974 3601 2076 3654 hac
2096 3608 2360 3655 creature
2378 3607 2489 3654 sine
2516 3600 2826 3652 inﬁrmitate
2841 3612 2946 3652 non
2966 3596 3062 3651 ﬁlii
3083 3587 3244 3652 sunt?
3263 3596 3321 3650 In
3340 3613 3468 3666 quo.

1889 3702 2021 3758 ergo
2060 3685 2255 3742 Filium
2291 3687 2396 3742 Dei
2455 3686 2640 3741 Iesum
2689 3685 2960 3741 Christum
3014 3685 3151 3744 ﬁdes
3209 3683 3455 3742 confessa

1890 3778 2170 3848 pmoelllt,
2197 3793 2320 3848 cum
2347 3777 2395 3832 ei
2425 3777 2719 3832 secundum
2749 3776 2914 3841 ﬁlios,
2956 3775 3050 3831 ﬁlii
3093 3793 3202 3832 non
3241 3783 3456 3842 natura,

1894 3869 1990 3925 sed
2007 3883 2206 3925 nomen
2243 3869 2356 3924 sit?
2383 3867 2662 3924 Christum
2686 3868 2913 3946 perﬁdia
2939 3867 3040 3920 ista
3065 3880 3174 3920 non
3200 3865 3393 3936 diligit.
3432 3885 3462 3918 ι

1971 3979 2076 4035 VII.
2099 3979 2232 4035 Item
2257 3979 2312 4032 in
2337 3978 2684 4046 sequentibus
2707 3976 2946 4046 ejusdem
2967 3975 3096 4034 libri
3114 3975 3144 4018 ⁸
3167 3994 3183 4032 :
3213 3982 3234 4029 ἀ
3253 3978 3322 4032 Et
3341 3979 3463 4048 qui-

1898 4068 2018 4122 dem
2046 4067 2338 4120 secundum
2367 4065 2660 4135 proposita:
2685 4081 2716 4119 a
2744 4067 2900 4121 nobis
2924 4065 3292 4136 responsionis
3318 4067 3466 4122 ordi-

1898 4171 2023 4210 nem
2055 4155 2542 4225 opportunissimus
2569 4156 2661 4210 hic
2691 4155 2848 4210 nobis
2874 4155 3027 4209 locus
3058 4163 3162 4220 est,
3194 4164 3255 4209 ut
3293 4156 3464 4210 tertio

1901 4262 2042 4301 nunc
2063 4246 2351 4301 doceamus
2371 4245 2565 4299 Filium
2591 4245 2685 4299 Dei
2716 4245 2995 4299 Dominum
3018 4252 3259 4298 nostrum
3278 4241 3464 4299 Iesum

1901 4339 2173 4394 Christum
2202 4339 2269 4394 ab
2320 4338 2577 4408 apostolis
2608 4337 2899 4401 creditum,
2949 4353 3053 4389 non
3102 4352 3167 4390 ea:
3193 4351 3465 4410 nuncupa-

1906 4415 2062 4492 tione,
2093 4428 2182 4483 sed
2210 4445 2274 4482 ea:
2297 4439 2520 4492 natura;
2543 4444 2704 4496 neque
2730 4443 2794 4480 ea:
2820 4426 3120 4496 adoptione,
3165 4423 3255 4478 sed
3280 4439 3345 4476 cz
3367 4439 3467 4476 tta-

267 4475 594 4550 proprietatis
633 4473 940 4528 aﬁ'erimus?
992 4473 1144 4527 Anne
1175 4474 1267 4526 tibi
1306 4473 1360 4526 in
1397 4487 1462 4526 eo
1485 4472 1626 4540 quod
1673 4470 1804 4525 dici-
1834 4488 1881 4544 ι)

268 4563 409 4624 citur,
430 4563 513 4615 hic
532 4572 631 4627 est,
661 4579 768 4616 non
809 4561 1099 4631 signiﬁcari
1140 4562 1366 4621 videtur,
1409 4562 1546 4614 alios
1588 4563 1803 4629 quidem

271 4654 652 4724 wguominatos
693 4652 761 4706 ab
805 4666 873 4706 eo
921 4651 976 4704 in
1006 4649 1174 4714 ﬁlios,
1202 4651 1297 4704 sed
1342 4650 1430 4702 hic
1458 4649 1625 4702 Filius
1655 4664 1808 4702 meus

275 4751 368 4810 est,
386 4742 568 4798 donavi
599 4741 898 4810 adoptionis
924 4740 1171 4810 plurimis
1192 4755 1406 4802 nomen,
1440 4739 1533 4794 sed
1553 4739 1654 4792 iste
1675 4738 1806 4791 mihi

277 4835 424 4890 Filius
443 4839 525 4888 est
553 4850 566 4886 :
595 4846 664 4886 ne
685 4845 894 4899 quiet-as
920 4831 1106 4895 alium,
1127 4846 1194 4884 ne
1217 4845 1324 4884 non
1356 4830 1499 4883 hunc
1537 4843 1656 4883 esse
1694 4844 1810 4883 cre-

282 4926 390 4991 das;
414 4925 554 4980 hunc
584 4937 682 4994 ego
707 4929 962 4992 tanquam
987 4922 1154 4991 digito
1179 4922 1354 4976 indice
1381 4938 1444 4977 ac
1475 4921 1626 4977 verbi
1647 4922 1811 4992 signi-

283 5015 509 5073 ﬁcatione
528 5017 798 5085 contingo,
826 5029 930 5082 qua
953 5012 1094 5074 dico,
1120 5019 1177 5066 et
1221 5027 1367 5064 meus
1390 5021 1485 5075 est,
1515 5019 1572 5065 et
1601 5013 1686 5064 hic
1712 5021 1809 5072 est,

195 5149 197 5154 ,
283 5111 337 5161 et
352 5101 508 5158 Filius
531 5117 624 5159 est.
647 5105 785 5171 Quid
806 5113 925 5173 post
950 5103 1061 5162 hinc
1077 5100 1438 5170 intelligentia:
1450 5102 1647 5169 poterit
1671 5117 1813 5166 esse,

285 5202 451 5250 utnon
489 5211 607 5248 esse
639 5196 921 5250 credatur?
945 5195 1006 5249 Et
1033 5195 1144 5247 haec
1168 5194 1378 5262 quidem
1405 5200 1641 5261 paternae
1666 5194 1816 5247 vocis

291 5285 585 5356 signiﬁcatio
611 5302 672 5339 ea
705 5287 823 5350 fuit,
845 5305 913 5341 ne
943 5289 1033 5357 qui
1057 5287 1123 5341 ad
1147 5285 1464 5354 implendam
1501 5297 1714 5336 omnem
1735 5283 1820 5352 ju-

293 5378 466 5434 stitiam
504 5375 852 5446 baptizandus
898 5388 1060 5441 esset,
1091 5378 1219 5445 quid
1248 5383 1391 5430 esset
1431 5376 1769 5444 ignoraretur
1800 5391 1815 5426 :

295 5463 378 5522 sed
417 5473 490 5528 ut,
518 5464 609 5533 qui
658 5465 724 5517 ad
775 5477 1166 5521 sicramentum
1197 5466 1383 5520 salutis
1431 5472 1625 5519 nostra:
1659 5463 1821 5518 homo

239 5607 244 5612 ’
300 5604 379 5715 ³ἰ
493 5591 752 5715 lanios,
781 5600 913 5646 tom.
941 5593 990 5647 Χ
1013 5594 1346 5666 Patrologiie,
1378 5595 1488 5663 col.
1525 5593 1642 5657 m,
1669 5609 1818 5650 num.

300 5661 484 5726 33.25,
512 5661 602 5715 24.
1231 5661 1256 5666 ⁷
1486 5661 1488 5663 ’

365 5735 388 5776 δ
409 5731 463 5788 S.
493 5728 659 5787 IIilar.
694 5731 797 5787 loc.
828 5733 918 5788 cit.
949 5733 1051 5787 col.
1097 5735 1212 5801 l79,
1246 5750 1388 5789 num.
1417 5733 1505 5788 9.7.

1911 4527 2128 4573 tivitate.
2167 4537 2186 4571 ι

1985 4645 2111 4700 VIII.
2133 4645 2264 4699 Item
2290 4646 2344 4699 in
2369 4644 2715 4714 sequentibus
2733 4655 2757 4683 ε
2778 4663 2793 4697 :
2812 4663 2830 4694 ι
2851 4643 2965 4699 Non
2989 4652 3070 4700 est
3084 4645 3386 4713 evangelica
3410 4651 3469 4699 et

1913 4737 2200 4805 apostolica
2223 4737 2374 4802 ﬁdes,
2402 4737 2594 4791 Filium
2615 4737 2711 4791 Dei
2741 4736 2956 4792 nomine
2980 4738 3159 4807 potius
3186 4753 3345 4808 quam
3373 4751 3470 4790 na-

1915 4835 2034 4880 tura
2067 4829 2286 4883 credere
2337 4827 2465 4899 [AL
2514 4828 2848 4900 credidisse].
2900 4827 2958 4882 Si
2981 4829 3124 4882 enim
3171 4827 3470 4894 adoptionis

1916 4918 2029 4976 tunc
2056 4925 2383 4992 nuncupatio
2409 4933 2519 4990 est;
2567 4933 2622 4979 et
2653 4941 2759 4979 non
2799 4925 2998 4979 idcirco
3023 4923 3186 4977 Filius
3211 4929 3312 4984 est.
3341 4923 3470 4992 quia

1917 5019 2112 5072 exierit
2151 5034 2182 5071 a
2220 5019 2353 5083 Deo,
2376 5034 2557 5088 quam
2592 5021 2733 5073 unde
2765 5020 2954 5072 beatus
2977 5015 3191 5069 Simeon
3238 5013 3471 5084 Baljona

1917 5117 2000 5163 est
2020 5107 2332 5162 confessus:
2365 5107 2442 5161 1’s
2466 5126 2518 5163 es
2554 5107 2789 5162 Christus
2815 5107 2985 5160 Filias
3009 5104 3107 5158 Dei
3123 5105 3225 5159 vivi
3253 5104 3467 5181 (Παειζι.

1922 5214 2034 5261 xw,
2070 5198 2180 5267 16).
2205 5198 2355 5251 Anne
2391 5214 2512 5252 cum
2533 5200 2779 5254 omnibus
2803 5203 3037 5265 potestas
3067 5195 3137 5250 sit
3171 5209 3270 5264 per
3289 5209 3473 5248 sacra-

1922 5294 2158 5343 mentum
2185 5291 2603 5358 regenerationis
2632 5289 2685 5341 in
2708 5287 2845 5340 ﬁlios
2865 5286 2958 5342 Dei
2985 5287 3165 5341 nasci?
3192 5285 3250 5339 Si
3274 5300 3469 5339 secun-

1925 5382 2050 5435 dum
2084 5381 2223 5434 hanc
2271 5380 2716 5446 nuncupationem
2754 5379 2922 5433 Filius
2968 5378 3062 5432 Dei
3091 5375 3333 5431 Christus
3364 5382 3484 5440 est,

1927 5470 2196 5539 interrogo
2247 5468 2372 5536 quid
2421 5467 2546 5520 illud
2607 5468 2710 5533 sit,
2757 5468 2899 5537 quod
2948 5466 3106 5520 Petro
3152 5476 3261 5518 non
3308 5475 3470 5527 caro,

2002 5606 2024 5634 ι·
2062 5594 2195 5650 Ibid.
2223 5595 2324 5648 col.
2368 5591 2486 5657 IBI,
2515 5610 2660 5646 num.
2695 5595 2794 5647 50.

1997 5665 2021 5703 ἀ
2051 5664 2184 5718 Ibid.
2208 5663 2309 5718 col.
2333 5659 2458 5725 I85,
2481 5679 2626 5716 num.
2656 5665 2742 5714 5-2.

2005 5746 2026 5772 ε
2050 5733 2163 5789 Ibid
2190 5734 2289 5788 col.
2325 5732 2453 5790 I86.
2487 5748 2633 5786 num.
2666 5732 2753 5785 36.

4089 5397 4137 5436 ΣῒΙ

4091 5563 4137 5674 ii
