4192 6204
554 249 614 304 οι
1234 256 1238 261 ’
1398 249 1456 302 Β.
1496 249 1559 303 F.
1600 247 1822 303 ALBINI
1863 247 1992 306 SEU
2033 244 2307 304 ALCUINI
2357 247 2638 305 OPERUM
2669 249 2854 316 PARS
2879 251 2974 305 III.

3725 250 3804 312 92

557 376 727 430 neque
755 361 973 432 sanguis
1016 361 1296 423 revelavit,
1338 362 1431 416 sed
1486 361 1649 416 Pater
1677 403 1692 426 ,
1723 363 1812 430 qui
1861 363 1914 416 in
1965 360 2116 415 caelis
2147 363 2191 418 A
2222 357 2268 430 [ο
2297 359 2531 415 Verbum
2567 363 2709 416 enim
2751 377 2980 431 sponsus
3028 371 3082 416 et
3129 377 3322 432 sponsa
3363 379 3492 421 caro
3535 367 3799 434 humana,

552 454 671 509 est?
703 472 723 506 υ

623 541 712 599 IX.
743 543 875 603 Item
897 559 961 598 ex
987 544 1173 598 eodem
1201 543 1335 596 libro
1350 554 1371 583 υ
1395 562 1405 596 :
1433 562 1450 594 ι
1473 541 1731 598 Scribens
1753 543 1936 611 utique
1957 557 2121 597 evan-

555 633 746 704 gelista
769 631 903 704 [Al.,
947 630 1258 703 Evangelia]
1296 633 1564 687 scribendi
1599 632 1781 687 debuit
1813 630 2006 684 all‘erre
2033 643 2115 682 ra‘

556 723 786 785 tionem;
811 730 866 774 et
899 720 1030 792 [.il.,
1067 721 1146 791 ut]
1177 722 1476 785 videamus,
1504 736 1664 789 quam
1701 719 2008 774 ostenderet
2043 717 2121 772 di-

555 826 686 865 cens
718 826 731 863 :
767 809 894 864 "ire
943 822 1114 866 autem
1141 812 1335 880 scripta
1363 821 1504 875 sunt,
1539 819 1595 863 ut
1621 809 1846 862 credatis
1875 808 2120 878 quoniam

553 900 708 954 Iesus
734 911 808 954 est
830 899 1067 956 Christus
1087 899 1257 953 Filius
1280 901 1377 953 Dei
1390 899 1570 969 (Ioan.
1593 916 1684 964 xx,
1708 899 1820 968 5i).
1841 896 2124 952 Scribendi

556 991 717 1060 igitur
741 991 1026 1060 Evangelia
1066 990 1198 1062 [.ll.,
1225 991 1522 1063 Evangelii]
1547 1007 1651 1046 non
1688 989 1844 1044 aliam
1891 988 2125 1060 praetulit

556 1096 794 1145 causam,
825 1097 985 1150 quam
1016 1089 1073 1134 ut
1101 1097 1289 1136 omnes
1311 1083 1593 1136 crederent
1612 1080 1794 1136 Iesum
1821 1094 1940 1134 esse
1971 1079 2125 1133 Chri-

555 1180 697 1223 stmn
749 1170 843 1224 Dei
899 1170 1110 1222 Filium.
1148 1161 1221 1225 "Si
1264 1171 1459 1224 sntlicit
1484 1172 1548 1223 ad
1578 1171 1802 1225 salutem
1847 1169 2122 1224 Christum

554 1261 795 1322 credere,
832 1277 927 1334 cur
948 1261 1144 1330 adjecit
1173 1279 1185 1314 :
1215 1259 1412 1314 Filium
1443 1262 1577 1315 Dei?
1607 1262 1662 1317 Si
1689 1277 1817 1316 vero
1852 1261 2122 1315 Christum

555 1356 772 1410 credere
803 1370 864 1409 ea
893 1356 1104 1408 demmn
1141 1355 1270 1408 ﬁdes
1298 1364 1398 1417 est,
1430 1371 1534 1409 non
1581 1355 1855 1409 Christum
1889 1363 2124 1408 tantum-

557 1447 734 1508 modo,
782 1447 873 1499 sed
921 1445 1192 1499 Christum
1224 1445 1416 1498 l-‘ilium
1447 1444 1539 1498 Dei
1568 1444 1878 1506 credidisse,
1910 1459 2015 1496 non
2041 1449 2124 1495 est

557 1551 752 1588 nomen
782 1525 911 1588 Filii
950 1536 1002 1588 in
1032 1535 1247 1589 Christo
1278 1535 1550 1605 unigenito
1585 1535 1691 1588 Deo
1720 1549 1783 1587 ex
1824 1531 2123 1601 adoptionis

556 1623 960 1678 consuetudine.
1005 1642 1030 1674 π»

2220 458 2274 504 et
2304 459 2591 520 utrumque
2618 468 2756 506 unus
2780 452 2948 507 Filius
2970 452 3064 508 Dei
3093 462 3148 507 et
3173 453 3316 508 idem
3345 455 3512 512 Filius
3538 457 3799 524 hominis,

2219 541 2309 595 ubi
2339 540 2513 596 factus
2556 551 2636 597 est
2681 552 2843 612 caput
2866 544 3137 598 Ecclesiae.
3190 543 3282 598 Ille
3331 553 3517 600 uterus
3542 545 3801 621 virginis]

2222 630 2402 688 Maria:
2429 635 2711 699 thalamus
2741 637 2879 705 ejus,
2912 637 3034 691 inde
3061 639 3324 705 processit
3352 648 3604 710 tanquam
3635 658 3807 712 spon-

2222 738 2314 777 sus
2341 723 2408 778 de
2437 725 2672 779 thalamo
2704 740 2820 780 suo.
2858 746 2876 776 ι

2290 812 2422 866 ΧΙΙΙ.
2440 812 2498 868 Si
2523 815 2684 885 igitur
2701 814 3212 870 DominusChristus
3232 817 3526 872 secundum
3553 832 3799 883 carnem,

2222 905 2358 958 sicut
2403 905 2622 974 quidam
2670 905 2909 974 improba
2958 905 3060 960 ﬁde
3104 909 3367 978 garriunt,
3401 909 3682 986 adoptivus
3715 917 3804 964 est

2221 995 2411 1058 Filius,
2441 1009 2781 1066 nequaquam
2814 1012 2952 1051 unus
2982 1007 3066 1052 est
3091 998 3282 1064 Filius,
3325 1001 3449 1068 quia
3494 1000 3805 1054 nullatenus

2221 1089 2468 1156 proprius
2497 1085 2662 1141 Filius
2691 1095 2745 1141 et
2782 1086 3066 1156 adoptivus
3092 1088 3280 1154 Filius,
3310 1105 3448 1143 unus
3475 1103 3595 1143 esse
3623 1099 3806 1159 poteSt

2222 1181 2411 1244 Filius,
2463 1182 2588 1250 quia
2642 1197 2780 1235 unus
2827 1196 3010 1246 verus,
3064 1189 3118 1236 et
3167 1182 3305 1240 alter
3342 1197 3450 1236 non
3489 1197 3649 1236 verus
3680 1196 3806 1236 esse

2223 1272 2569 1340 dignoscitur.
2617 1273 2754 1338 Quid
2798 1273 2889 1326 Dei
2929 1273 3374 1341 omnipotentiam
3423 1272 3524 1328 sub
3559 1280 3804 1327 nostram

2220 1364 2597 1418 necessitatem
2628 1378 2790 1432 prava
2815 1364 3118 1417 temeritate
3147 1365 3516 1433 constringere
3547 1363 3804 1416 nitimur?

2223 1449 2339 1505 Non
2379 1459 2464 1504 est
2501 1460 2699 1504 nostra:
2763 1451 3106 1513 mortalitatis
3177 1451 3290 1522 lege
3339 1451 3566 1520 ligatus;
3623 1450 3800 1504 omnia

2223 1540 2381 1603 enim,
2427 1555 2748 1609 qmrruuque
2794 1540 2918 1603 rult,
2963 1541 3217 1594 Dominus
3253 1541 3377 1610 facit
3416 1542 3471 1595 in
3507 1541 3634 1594 cce-'0
3671 1541 3804 1595 etin

2225 1637 2368 1681 terra
2404 1627 2574 1696 (Psal.
2603 1644 2754 1692 cstn,
2780 1629 2856 1700 5).
2907 1628 2963 1683 Si
3009 1638 3190 1684 autem
3237 1629 3405 1683 voluit
3452 1645 3516 1683 ex
3549 1615 3801 1700 virginali

629 1715 694 1769 Χ.
754 1715 1044 1772 Videamus
1087 1731 1302 1786 quoque
1368 1716 1525 1786 quale
1586 1715 1950 1769 testimonium
1999 1715 2126 1770 bea-
2157 1710 2202 1771 Β
2230 1727 2384 1772 utero
2431 1719 2706 1787 pr0prium
2743 1719 2844 1772 sibi
2887 1734 3076 1774 creare
3101 1719 3318 1784 Filium,
3365 1720 3690 1790 quis-ausus
3724 1726 3809 1774 est

556 1818 642 1862 tus
662 1806 896 1862 Ioannes
918 1807 1178 1876 Baptista,
1204 1813 1323 1877 post
1345 1807 1662 1861 descensum
1690 1803 1926 1874 Spiritus
1954 1804 2126 1859 sancti

555 1899 610 1952 in
643 1897 820 1968 specie
862 1897 1123 1953 columba:
1148 1911 1309 1966 super
1347 1910 1489 1961 eum,
1540 1894 1764 1969 protulit
1789 1894 1854 1949 de
1891 1893 2022 1949 illo:
2059 1892 2130 1948 Et

552 2003 646 2057 ego
680 1988 789 2042 vidi
812 1998 860 2042 et
884 1988 1232 2042 testimonium
1253 1987 1489 2058 perhibui
1508 2027 1522 2051 ,
1551 1986 1675 2056 quia
1721 1985 1804 2040 hic
1852 1993 1926 2040 est
1955 1983 2003 2037 F
2005 1983 2129 2039 ilius

561 2077 654 2131 Dei
681 2077 862 2148 (Joan.
896 2094 934 2142 ι,
969 2074 1080 2147 54).
1104 2077 1180 2132 De
1215 2091 1322 2145 quo
1364 2075 1672 2130 testimonio
1703 2075 1893 2129 beatus
1941 2072 2129 2144 Augu—

557 2171 730 2225 stinus
756 2171 808 2224 in
839 2170 1057 2224 homilia
1100 2171 1324 2238 septima
1356 2169 1518 2237 super
1560 2166 1822 2221 Joannem
1860 2164 2131 2236 evangeli-

555 2269 697 2314 stam
749 2261 822 2314 ita
869 2261 945 2313 ait
993 2261 1020 2300 ιι
1051 2279 1063 2312 :
1099 2278 1116 2310 σ
1158 2259 1434 2314 Perhibuit
1479 2255 1713 2311 Joannes
1738 2256 2126 2320 testimonium,

555 2354 680 2424 quia
711 2353 864 2406 vidit.
896 2351 1066 2417 Quale
1102 2351 1467 2405 testimonium
1517 2348 1832 2418 perhibuit?
1856 2345 1995 2412 Quia
2024 2349 2132 2417 ipse

555 2457 630 2500 est
667 2444 841 2500 Filius
869 2444 986 2499 De’i.
1019 2444 1309 2515 Oportebat
1340 2450 1552 2513 ergout
1584 2441 1669 2496 ille
1692 2440 2010 2509 haptizaret,
2040 2439 2132 2508 qui

557 2547 640 2591 est
664 2538 831 2593 Filius
855 2538 948 2592 Dei
979 2538 1189 2599 unicus,
1241 2551 1344 2589 non
1374 2534 1679 2603 adoptatus.
1711 2529 1962 2599 Adoptati
2008 2527 2131 2582 Filii

561 2630 793 2684 ministri
817 2638 942 2684 sunt
969 2628 1112 2682 unici
1157 2647 1168 2679 :
1205 2626 1404 2680 Unicus
1430 2625 1595 2678 habet
1619 2629 1974 2692 potestatem,
2006 2619 2134 2672 ado-

561 2721 698 2789 ptati
735 2719 1113 2775 ministerium.
1153 2737 1169 2769 ι
1950 2721 1970 2790 ξ

634 2812 724 2866 XI.
754 2813 884 2866 Item
930 2811 982 2864 in
1013 2809 1200 2863 eadem
1236 2806 1454 2862 homilia
1477 2805 1654 2877 (Num.
1693 2804 1779 2873 1⁸5)
1809 2821 1840 2855 :.
1862 2821 1879 2853 ι
1915 2798 2136 2864 Messias

564 2905 846 2966 Ilcbraiee,
887 2904 1074 2958 Grmcc
1106 2901 1384 2965 Christus,
1416 2898 1604 2953 Latine
1633 2896 1856 2952 Unctus.
1904 2895 1986 2948 Ah
2030 2908 2134 2948 un-

564 2998 742 3054 ctione
771 2994 912 3049 enim
935 2992 1130 3048 dicitur
1158 2988 1474 3062 [Christus],
1505 3004 1533 3042 a
1558 2989 1792 3042 chrisma
1816 2985 2000 3039 unctio
2029 2990 2131 3038 est.

2228 1811 2424 1874 dicere,
2471 1826 2594 1866 eum
2640 1826 2745 1866 non
2786 1813 2981 1882 posse?
3013 1811 3270 1867 Potestati
3315 1813 3429 1884 ejus
3469 1815 3585 1883 quis
3614 1812 3809 1866 resistit

2231 1899 2408 1970 (Rom.
2437 1915 2508 1964 nt,
2538 1900 2666 1971 l9)?
2699 1899 2808 1956 Cur
2834 1911 3046 1958 secreta
3080 1902 3373 1958 voluntatis
3415 1902 3560 1958 illius
3590 1901 3672 1956 vel
3703 1917 3805 1971 po-

2231 1991 2442 2045 testatis
2488 1991 2973 2079 indagaresliquis
3015 1993 3210 2048 audet?
3254 1992 3349 2048 Vel
3390 2007 3559 2063 quare
3587 1991 3810 2047 credere

2232 2098 2337 2136 non
2364 2081 2622 2137 debemus
2648 2081 2766 2152 ejus
2805 2084 3113 2140 testimonio
3137 2085 3204 2139 de
3227 2083 3365 2138 Filio
3395 2099 3514 2148 suo,
3542 2098 3700 2153 quem
3728 2089 3811 2136 to-

2232 2171 2332 2225 ties
2364 2172 2418 2226 in
2444 2170 2734 2242 Evangelio
2761 2186 2917 2226 suum
2948 2173 3266 2237 nominavit,
3297 2179 3350 2225 et
3385 2187 3490 2227 non
3539 2169 3811 2226 alienum?

2232 2264 2352 2332 Ipse
2393 2278 2605 2332 quoque
2643 2263 2811 2329 Filius
2853 2262 3065 2317 Patrem
3106 2279 3230 2318 eum
3266 2265 3461 2334 saepius
3490 2262 3806 2317 nominavit.

2234 2357 2520 2409 Videamus
2559 2355 2686 2425 quid
2731 2358 2847 2425 ipse
2909 2341 3054 2411 caeco
3100 2357 3377 2426 respondit
3429 2354 3804 2424 interroganti,

2233 2445 2356 2514 quis
2381 2453 2523 2499 esset
2550 2444 2718 2499 Filius
2746 2445 2864 2509 Dei,
2894 2456 2953 2500 ut
2977 2448 3221 2502 crederet
3250 2448 3303 2501 in
3329 2461 3472 2501 eum.
3516 2443 3810 2514 Respondit

2235 2539 2415 2606 itaque
2443 2556 2455 2592 :
2484 2537 2550 2590 Et
2579 2537 2750 2591 vidisti
2781 2523 2919 2602 eum,
2945 2547 2991 2590 et
3022 2518 3110 2607 qui
3151 2538 3382 2608 loquitur
3408 2547 3570 2589 tecum
3601 2535 3711 2604 ipse
3739 2545 3813 2589 est

2196 2655 2200 2660 -
2237 2629 2419 2698 (Joan.
2452 2644 2535 2686 is.
2561 2629 2672 2698 57).
2722 2627 2966 2682 Nondum
3007 2628 3150 2682 enim
3179 2643 3356 2682 cmcus
3385 2625 3472 2680 ille
3502 2625 3816 2695 spiritaliter

2237 2706 2502 2772 intellein
2518 2717 2710 2770 Filium
2740 2717 2866 2782 Dei;
2900 2726 3078 2772 tamen
3118 2717 3326 2771 audivit
3361 2717 3429 2770 ab
3455 2731 3520 2770 eo
3545 2733 3558 2768 :
3586 2713 3654 2769 Et
3683 2715 3817 2769 uidi—

2236 2809 2302 2861 sti
2325 2823 2464 2862 eum.
2510 2805 2701 2873 Quem,
2751 2807 2855 2861 nisi
2886 2805 3078 2861 Filittm
3108 2807 3246 2862 Dei?
3277 2807 3342 2860 Et
3366 2807 3452 2877 qui
3484 2805 3714 2876 loquitur
3739 2814 3817 2858 te—

2237 2915 2375 2965 rum,
2403 2898 2512 2969 ipse
2537 2905 2629 2951 est.
2683 2895 2830 2964 Quis,
2882 2896 2990 2951 nisi
3034 2895 3203 2952 Filius
3245 2897 3377 2951 Dei?
3421 2896 3512 2950 Ille
3550 2895 3815 2948 unitatem

2239 3007 2482 3061 personae
2526 2993 2882 3047 humanitatis
2929 2999 2983 3045 et
3027 2991 3327 3046 divinitatis
3378 2988 3721 3052 monstravit,
3757 2994 3817 3040 ut

563 3087 750 3142 Graece
776 3098 904 3154 ergo
917 3081 1166 3137 Christus
1188 3079 1410 3136 Unctus.
1437 3078 1526 3131 Ille
1550 3074 1894 3146 singulariter
1916 3080 2131 3136 unctus,
2160 3082 2208 3144 α
2237 3083 2545 3136 crederetur
2587 3081 2675 3134 me
2705 3083 2886 3145 homo,
2915 3081 3006 3150 qui
3035 3082 3183 3134 visus
3213 3088 3315 3146 est,
3348 3095 3472 3134 vere
3495 3093 3615 3133 esse
3639 3077 3809 3132 Filius

564 3178 831 3247 prazcipue
859 3182 1069 3236 unctus,
1120 3171 1260 3225 unde
1296 3169 1456 3241 763
1485 3181 1672 3221 omnes
1715 3165 2008 3236 Christiani
2034 3181 2132 3218 un-

569 3276 782 3339 geritur,
836 3265 922 3319 ille
960 3263 1245 3333 praecipue.
1302 3260 1578 3328 Quomodo
1624 3259 1676 3312 in
1704 3259 1918 3313 Psalmo
1965 3258 2132 3322 dicit,

571 3363 692 3416 audi
723 3380 733 3414 :
786 3357 1067 3429 Propterea
1107 3357 1255 3410 unxit
1299 3363 1347 3407 te
1374 3353 1538 3420 Deus,
1559 3351 1699 3406 Deus
1725 3361 1867 3416 tuus,
1908 3351 2019 3405 oleo
2047 3368 2136 3405 ea:-

571 3455 866 3509 sultatiouis
897 3469 1005 3522 pne
1036 3447 1376 3521 participibus
1395 3449 1497 3502 tuis
1525 3445 1695 3518 (Psal.
1727 3463 1872 3511 XLIV,
1899 3447 1974 3517 8).
2003 3447 2136 3501 Par-

572 3548 766 3615 tieipes
790 3545 933 3599 enim
976 3543 1092 3610 ejus
1133 3557 1318 3597 tmmes
1341 3542 1536 3606 sancti,
1563 3541 1655 3595 sed
1686 3540 1773 3594 ille
1796 3540 2141 3610 singulariter

535 3625 540 3630 ’
575 3638 805 3691 Sanctus
832 3633 1176 3695 Sanctorum,
1215 3633 1562 3701 singulariter
1597 3631 2140 3702 unet.us,-siugulari-

573 3739 655 3782 ter
681 3727 946 3782 Christus.
982 3744 1000 3777 ι

644 3816 755 3871 χιι.
783 3816 920 3882 Quid
950 3831 1084 3884 OpllS
1111 3822 1191 3868 est
1215 3809 1607 3882 professionem
1638 3809 1993 3864 Nathanaelis
2017 3824 2144 3879 pro-

574 3906 823 3960 testantis
853 3905 1034 3956 verbis
1061 3917 1388 3973 exaggerare
1420 3920 1433 3954 :
1465 3900 1632 3954 Rabbi
1663 3909 1718 3954 tu
1746 3917 1798 3955 es
1827 3899 1874 3954 F
1877 3900 2000 3955 ilius
2025 3899 2142 3963 Dei,

502 4067 504 4069 b
574 4006 630 4048 tu
659 4010 710 4048 es
743 4010 833 4046 rex
861 3991 1028 4045 Israel
1060 3992 1238 4060 (Joau.
1285 4009 1333 4055 ι,
1375 3992 1491 4062 49);
1533 3992 1597 4047 de
1632 4007 1737 4061 quo
1767 3993 1982 4048 Veritas
2028 3993 2145 4061 ipsa

574 4095 683 4140 tam
715 4072 978 4138 laudabile
1001 4075 1223 4153 protulit
1247 4084 1608 4137 testimonium
1630 4085 1814 4139 dicens
1838 4103 1851 4138 :
1880 4084 2012 4139 Ecce
2036 4102 2146 4140 vere

575 4174 840 4237 Israelita,
863 4174 918 4226 in
939 4189 1039 4242 quo
1063 4170 1212 4223 dolus
1237 4188 1338 4222 non
1360 4180 1435 4222 est
1461 4171 1622 4238 (Ibid.
1646 4172 1775 4241 47)?
1825 4190 1843 4221 ι
1880 4172 2015 4226 Nam
2045 4173 2146 4227 iste

576 4259 895 4325 Nathanael,
913 4263 1052 4314 sicut
1065 4259 1394 4329 Augustinus
1406 4260 1528 4313 dicit
1548 4261 1715 4330 (num.
1732 4261 1843 4330 20),
1857 4261 2016 4317 talem
2028 4276 2147 4329 pro-

577 4354 698 4407 tulit
725 4365 908 4405 vocem
936 4349 1043 4404 :Tu
1066 4367 1118 4403 es
1132 4348 1301 4403 Filius
1324 4349 1438 4414 Dei,
1462 4360 1514 4401 tu
1538 4365 1590 4402 cs
1615 4366 1704 4403 rex
1721 4349 1908 4416 Israel,
1932 4351 2144 4422 qualem

2239 3172 2352 3226 Dei.
2403 3171 2498 3226 His
2539 3172 2860 3227 testimoniis
2903 3159 3148 3226 veritatis
3197 3173 3501 3238 roboratus,
3552 3188 3585 3227 ο
3631 3173 3811 3234 homo,

2237 3261 2344 3325 noli
2387 3261 2632 3331 judicare
2667 3262 2902 3332 judicem
2945 3271 3118 3329 tuum,
3153 3263 3249 3318 sed
3274 3265 3438 3319 adora
3468 3265 3637 3320 Deum
3667 3273 3815 3319 tuum

2239 3362 2552 3424 regnantem
2576 3353 2628 3406 in
2657 3353 2828 3418 cmlis,
2854 3369 3012 3423 quem
3038 3352 3226 3425 Magus
3247 3355 3491 3410 adoravit
3514 3355 3816 3425 vagientem

2241 3445 2389 3518 [.lls.,
2415 3445 2765 3517 vagitantem]
2799 3446 2851 3500 in
2875 3447 3192 3503 cunabulis:
3225 3449 3429 3504 honora
3457 3450 3732 3504 sedentem
3761 3447 3822 3501 in

2242 3539 2434 3591 throno
2475 3536 2796 3607 majestatis,
2859 3553 3018 3607 quem
3066 3549 3240 3594 mater
3289 3551 3475 3595 natum
3531 3539 3712 3607 posuit
3764 3538 3817 3592 in

2242 3631 2502 3698 praesepio
2529 3629 2929 3698 hospitalitatis,
2961 3639 3015 3684 et
3046 3632 3152 3684 noli
3184 3631 3362 3685 facere
3391 3629 3642 3698 injuriam
3665 3645 3818 3684 erea-

2190 3788 2195 3793 _
2245 3721 2346 3788 torri
2373 3729 2485 3781 tuo,
2516 3720 2655 3773 sicut
2683 3728 2899 3774 sanctus
2921 3720 3253 3788 Augustinus
3283 3720 3412 3775 dicit
3436 3722 3487 3775 in
3516 3722 3734 3776 homilia
3762 3723 3817 3777 in

2246 3806 2416 3859 Natali
2465 3807 2766 3860 Dominid:
2826 3826 2844 3858 ‹
2901 3807 3078 3873 Quare
3124 3808 3283 3862 modo
3327 3819 3550 3879 putatur
3597 3811 3814 3880 injuria,

2247 3897 2459 3966 quando
2487 3896 2649 3961 Deus,
2693 3899 2834 3978 quod
2875 3899 2988 3968 ipse
3018 3885 3163 3965 fecit,
3195 3900 3331 3955 mire
3362 3900 3415 3954 in
3444 3916 3500 3956 se
3526 3901 3818 3958 clementer

2244 3988 2474 4056 excepit,
2515 3997 2569 4043 et
2606 3989 2659 4042 in
2701 3990 2914 4044 homine
2958 4004 3015 4044 se
3044 4005 3173 4046 vere
3201 3990 3371 4047 videri
3409 3992 3596 4060 voluit,
3629 3993 3682 4048 in
3710 4009 3818 4064 quo

2245 4087 2370 4132 ante
2405 4080 2718 4150 imaginarie
2765 4079 2933 4134 voluit
2966 4095 3025 4136 se
3065 4081 3256 4144 videri,
3298 4081 3552 4150 deditque
3595 4090 3654 4136 ut
3691 4097 3820 4151 pro-

2244 4171 2444 4239 prietas
2493 4182 2632 4226 esset
2681 4173 2812 4240 ipse,
2855 4173 2944 4240 qui
2995 4180 3138 4237 ante,
3191 4182 3252 4226 ut
3301 4173 3598 4227 similitudo
3643 4179 3806 4237 esset,

2247 4263 2533 4332 acciperet.
2571 4281 2589 4312 ι

2318 4355 2685 4425 lngrediamur
2726 4368 2940 4422 quoque
2981 4353 3205 4407 aliorum
3252 4362 3561 4409 sanctorum
3594 4353 3816 4408 Patrum

575 4452 727 4496 tanto
753 4451 874 4509 post
897 4440 1107 4502 Petrus,
1137 4442 1350 4508 quando
1380 4440 1427 4493 ei
1453 4441 1707 4495 Dominus
1735 4441 1807 4494 ait
1833 4459 1845 4494 :
1875 4441 2064 4497 Beatus
2093 4459 2144 4496 es
2168 4430 2224 4491 Ῑ)
2249 4446 2572 4502 aromaticas
2604 4445 2787 4509 cellas,
2815 4452 2869 4498 et
2895 4459 3150 4498 eruamus
3189 4443 3311 4499 inde
3337 4444 3539 4513 aliquid
3577 4443 3644 4499 ad
3675 4444 3820 4498 salu-

580 4532 762 4586 Simou
795 4529 1050 4599 Barjona,
1090 4533 1212 4600 quia
1248 4549 1350 4586 non
1390 4533 1483 4585 tibi
1515 4531 1751 4586 rere/ari!
1781 4550 1902 4587 raro
1932 4541 1980 4586 et
2017 4551 2143 4588 sau-

577 4625 716 4692 guis,
737 4622 825 4676 sed
849 4621 1009 4674 Pater
1027 4638 1190 4686 meus,
1213 4624 1302 4691 qui
1328 4632 1401 4677 est
1427 4625 1480 4676 in
1507 4623 1630 4678 caelo
1654 4624 1866 4693 (Matth.
1892 4641 2001 4686 XVI,
2023 4625 2141 4696 l7);

577 4725 636 4770 et
659 4715 732 4770 ibi
776 4712 1073 4767 nominavit
1116 4721 1348 4779 petram,
1390 4719 1445 4767 et
1473 4713 1707 4767 laudavit
1747 4713 2146 4772 firmamentum

580 4806 854 4861 Ecclesize.
881 4803 937 4858 In
966 4803 1064 4857 ista
1093 4801 1196 4856 ﬁde
1226 4802 1314 4856 hic
1332 4803 1442 4872 jam
1469 4802 1598 4856 dicit
1621 4817 1636 4854 :
1661 4802 1739 4855 Tu
1762 4819 1814 4856 es
1836 4802 2007 4858 Filius
2028 4805 2142 4868 Dei,

584 4907 639 4949 tu
670 4913 721 4950 es
763 4913 853 4949 rea:
891 4894 1078 4950 Israel.
1117 4913 1132 4944 ι
1171 4893 1298 4947 Item
1337 4894 1389 4946 in
1425 4899 1615 4947 octava
1651 4892 1868 4945 homilia
1904 4893 2146 4962 ejusdem

583 4988 762 5067 aperis
804 4988 942 5044 idem
990 4985 1246 5057 prwlatus
1273 4986 1433 5040 Pater
1469 4984 1535 5039 de
1563 4985 1769 5039 unitate
1795 4983 1911 5038 Filii
1942 4984 2035 5038 Dei
2075 4984 2148 5039 ita

585 5077 716 5131 dicit
745 5076 912 5147 (num.
938 5077 992 5150 4)
1023 5097 1036 5132 :

587 5165 736 5219 dedit
771 5169 1085 5236 sanguinein
1114 5185 1267 5223 suum
1301 5183 1398 5238 pro
1428 5182 1510 5233 ea,
1545 5180 1705 5236 quam
1738 5180 2025 5236 resurgens
2052 5168 2152 5222 ha-

587 5257 760 5324 beret,
788 5274 947 5330 quam
978 5251 1098 5315 sibi-
1116 5262 1227 5331 jam
1256 5261 1606 5331 oonjunxerat
1639 5261 1693 5315 in
1718 5269 1872 5315 utero
1897 5261 2147 5333 Virginis.

661 5420 690 5450 ι
719 5406 778 5464 S.
811 5408 976 5463 Hilar.
1011 5409 1110 5462 loc.
1142 5409 1259 5473 cit.,
1287 5408 1388 5463 col.
1421 5410 1544 5473 190,
1575 5427 1719 5464 num.
1749 5409 1837 5461 4|.

662 5477 692 5517 δ
727 5477 965 5551 S.__ll_ug._
985 5480 1037 5533 in
1074 5479 1230 5551 Ioan.
1254 5480 1418 5551 tract.
1450 5496 1543 5547 vn,
1576 5497 1722 5536 num.
1753 5479 1806 5544 4,
1836 5479 2154 5551 Patrologia:

593 5555 743 5604 tumo
772 5546 985 5611 XXXV,
1009 5550 1110 5604 col.
1138 5549 1290 5603 1459.

670 5629 690 5656 ε
723 5617 985 5674 Restitute
1015 5635 1080 5675 ex
1100 5621 1256 5674 editis
1277 5637 1395 5692 qua:
1419 5621 1613 5677 omissa
1647 5628 1770 5676 sunt
1803 5620 1856 5675 in
1878 5635 1994 5697 ms.

1085 5098 1102 5129 ‹
1134 5078 1391 5132 Dominus
1436 5081 1614 5129 autem
1662 5091 1884 5130 securus
1913 5076 2177 5151 moriens

2247 4547 2357 4593 tem
2386 4538 2671 4608 legentium
2702 4544 2754 4590 et
2782 4535 3205 4606 supplementum
3234 4536 3412 4606 aperis
3449 4535 3638 4590 nostri.

2317 4627 2454 4684 XIV.
2479 4629 2769 4682 Videamus
2794 4627 2922 4696 quid
2947 4627 3138 4681 beatus
3172 4625 3404 4696 Cyrillus
3423 4622 3817 4679 Alexandrinus

2249 4722 2556 4790 episcopus,
2605 4718 2759 4786 cujus
2805 4706 3125 4771 documenta
3179 4723 3364 4771 contra
3410 4701 3713 4767 Nestorium
3762 4711 3815 4764 in

2253 4817 2405 4863 sexta
2451 4806 2655 4877 synodo
2699 4807 2932 4861 maxime
2973 4805 3307 4867 claruerunt,
3343 4802 3410 4856 de
3451 4801 3554 4855 hac
3596 4799 3816 4868 inquisi-

2253 4898 2396 4952 tione
2447 4897 2697 4952 senserit.
2752 4895 2895 4950 Dieit
2944 4896 3088 4952 enim
3119 4894 3196 4947 .in
3247 4890 3506 4960 Epistola,
3553 4905 3713 4961 quam
3762 4891 3816 4947 in

2257 5003 2538 5043 commune
2565 4986 2947 5043 ecclesiasticis
2977 4984 3193 5052 scripsit
3221 4981 3518 5057 ordinibus,
3548 4983 3698 5038 inter
3714 4983 3818 5038 alia

2253 5079 2330 5134 sic
2356 5091 2378 5118 ο
2408 5097 2420 5133 :
2452 5097 2471 5130 ‹
2505 5078 2729 5144 Quando
2753 5077 2909 5140 enim,
2954 5075 3155 5143 inquit;
3196 5072 3478 5128 introducit
3500 5075 3819 5146 primogeni-

2254 5181 2363 5224 tum
2391 5172 2446 5225 in
2475 5170 2646 5224 orbem
2673 5177 2930 5221 terrarum
2957 5165 3084 5219 dicit
3107 5179 3125 5216 :
3161 5163 3231 5219 Et
3259 5166 3476 5222 adorent
3499 5185 3616 5222 eum
3643 5183 3818 5222 omnes

2255 5260 2425 5331 angeli
2451 5260 2547 5313 Dei
2575 5255 2828 5327 (Heer,
2859 5255 2936 5330 6).
2972 5254 3077 5309 Sed
3106 5271 3204 5311 nos
3233 5257 3470 5328 quidem,
3502 5259 3608 5314 etsi
3635 5263 3820 5314 sancto

2329 5413 2353 5450 ἀ
2390 5412 2539 5466 Hune
2570 5417 2771 5463 textum
2821 5407 2874 5461 in
2918 5410 3256 5465 sermonibus
3289 5412 3355 5466 de
3384 5407 3558 5465 Natali
3585 5403 3819 5466 Domini,

2259 5485 2350 5552 qui
2379 5482 2435 5535 S.
2460 5482 2754 5552 Augustino
2778 5478 3142 5552 ascribuntur,
3175 5497 3280 5535 non
3308 5480 3624 5552 reperimus.

2337 5565 2358 5589 θ
2390 5553 2445 5606 S.
2470 5539 2701 5620 Cyrillus
2729 5549 2880 5602 Alex.
2928 5550 3083 5618 epist.
3111 5539 3162 5616 ἱ,
3196 5561 3325 5608 tom.
3351 5539 3394 5607 V"
3429 5548 3661 5620 Operam
3688 5539 3818 5599 edit-

2263 5621 2433 5676 I‘aris.
2472 5620 2626 5686 1658,
2656 5628 2796 5690 part.
2827 5635 2885 5683 ιι,
2917 5633 3036 5690 pag.
3067 5621 3151 5674 12.
3261 5683 3267 5689 _
3547 5620 3555 5627 “
3647 5635 3660 5643 ⁸
