4228 6304
1550 85 2013 123 ᾐῄ-,ν-,ν-εν--ν-ξςν

1414 116 1555 131 Vir—.73
1612 114 1725 123 -ν-κίίγ
1794 118 1797 119 ν

370 372 437 424 93

1202 364 1610 427 DOGMATICA.
1651 396 1719 405 -
1758 365 1881 419 un.
1919 365 2075 423 ΑΜ.
2117 366 2439 425 ΠΕΠΕΒΙΝ
2475 330 2754 426 mucis.

3519 370 3585 427 9ιῦ

369 468 516 541 un‘cti
561 498 744 539 sumus
801 481 1036 553 Spiritu,
1085 482 1382 550 adoptionis
1427 480 1639 550 quidem
1692 481 1924 535 ditamur
1949 480 1997 539 Α
2023 480 2219 545 solum,
2255 482 2351 536 sed
2382 484 2544 537 totius
2570 483 2823 547 hominis,
2852 481 3042 536 animae
3070 490 3122 536 et
3152 483 3411 552 corporis,
3434 498 3591 539 veras

369 576 559 647 gratia,
605 587 963 643 vocamurque
1010 572 1170 626 etiam
1195 571 1289 626 Dei
1335 568 1413 642 [id
1433 579 1529 635 est,
1556 568 1682 642 Dii],
1729 577 1924 625 nostra:

369 679 498 721 vero
558 671 760 719 natura:
827 677 1131 718 mensuram
1181 678 1289 718 non
1338 662 1677 732 ignoremus;
1740 678 1927 719 sumus

371 754 531 825 765
555 754 697 808 enim
735 754 788 808 in
826 762 971 808 terra
1008 753 1063 808 et
1087 754 1388 810 habitamus
1437 754 1579 808 inter
1613 769 1827 820 servos;
1871 763 1928 809 at

370 843 459 898 ille
487 851 570 898 est
594 859 702 897 non
732 843 791 897 in
818 836 1011 911 quibus
1039 858 1158 909 nos,
1188 843 1281 898 sed
1309 850 1498 896 natura
1535 849 1590 897 et
1615 857 1737 897 vere
1760 842 1926 897 Filius

370 944 424 990 ct
450 937 687 991 omnium
714 936 991 990 Dominus.
1028 954 1047 987 ι

438 1027 554 1083 XV.
594 1028 736 1083 idem
772 1028 826 1081 in
853 1027 1039 1081 eadem
1062 1035 1185 1095 post
1211 1039 1381 1094 pauca
1410 1041 1424 1077 :
1461 1043 1478 1075 ι
1512 1023 1773 1091 Quocirca
1804 1025 1925 1093 qui-

372 1122 492 1177 dem
539 1135 607 1175 ex
653 1120 860 1175 duabus
906 1119 1066 1174 rebus
1113 1116 1506 1189 indubitanter,
1552 1117 1929 1177 divinitateet

372 1209 699 1264 humanitate
718 1206 1033 1262 Emmanuel
1047 1214 1149 1260 est.
1172 1206 1551 1266 Verumtamen
1580 1219 1717 1259 unus
1741 1204 1925 1257 Domi-

372 1317 473 1356 nus
496 1299 651 1355 Jesus
675 1299 938 1362 Christus,
970 1312 1214 1366 unusque
1248 1304 1300 1350 et
1324 1310 1449 1351 vere
1467 1293 1653 1361 Filius,
1677 1294 1820 1348 Deus
1854 1294 1928 1346 si-

372 1389 481 1445 mul
510 1399 565 1445 et
586 1390 775 1453 homo;
806 1397 860 1443 et
888 1402 994 1443 non
1020 1387 1347 1444 hoino‘Deus
1375 1384 1548 1440 factus
1586 1386 1685 1439 sub
1711 1383 1927 1454 aequali-

374 1489 481 1536 tate
505 1482 721 1545 horum,
749 1480 837 1549 qui
862 1493 959 1547 per
981 1478 1242 1548 gratiam;
1275 1476 1366 1530 sed
1393 1475 1533 1531 Deus
1560 1478 1735 1546 potius
1769 1491 1927 1529 verus

374 1570 431 1625 in
453 1571 685 1624 humana
721 1567 892 1623 forma
928 1581 1189 1636 apparens
1230 1573 1448 1634 propter
1484 1580 1598 1619 nos.
1647 1564 1749 1617 Dat
1776 1563 1927 1617 nobis

371 1669 549 1713 autem
594 1656 753 1713 ﬁdem
795 1659 861 1713 ad
901 1658 1005 1712 hoc
1043 1664 1097 1711 et
1139 1654 1425 1722 Deiloquus
1468 1653 1664 1707 Paulus
1709 1652 1923 1707 dicens:

373 1748 503 1802 Cum
534 1757 705 1803 autem
745 1748 960 1801 venisset
993 1745 1258 1817 plenitudo
1299 1745 1561 1813 temporis,
1605 1743 1744 1795 misit
1785 1742 1926 1796 Deus

2026 570 2161 623 citer
2188 570 2331 624 salus
2356 569 2495 625 facta
2522 580 2620 626 est.
2672 570 2972 626 Humanum
2998 571 3327 635 naturaliter,
3355 573 3588 640 quodex

2025 657 2195 712 Maria
2238 660 2530 714 secundum
2574 660 2780 715 divinas
2806 658 3132 733 Scripturas,
3163 668 3215 715 et
3242 677 3426 716 verum
3468 671 3590 719 erat

2028 746 2322 802 Salvatoris
2351 747 2612 819 [corpus].
2648 769 2665 800 ι

2095 836 2275 903 XVIII.
2300 838 2429 891 Item
2446 836 2617 892 Julius
2636 838 3007 893 sanctissimus
3031 838 3214 893 Romae
3230 841 3512 910 episcopus
3532 841 3587 896 in

2012 925 2247 995 epistola
2298 928 2364 980 ad
2407 926 2807 981 Prosdoeimum
2854 928 2931 980 ita
2978 929 3055 981 ait
3081 928 3151 978 b:
3206 945 3224 978 ι
3260 928 3593 1001 Praed‘icatur

2028 1022 2204 1068 autem
2231 1016 2296 1069 ad
2316 1015 2694 1084 plenitudinem
2723 1016 2843 1070 ﬁdei
2875 1024 2928 1069 et
2948 1016 3260 1071 incarnatus
3293 1014 3357 1071 de
3384 1018 3589 1088 virgine

2028 1106 2194 1163 Maria
2218 1110 2311 1163 Dei
2341 1108 2523 1171 Filius,
2558 1118 2611 1163 et
2649 1109 2977 1164 inhabitasse
3009 1110 3063 1163 in
3094 1110 3429 1174 hominibus;
3481 1125 3586 1163 non

2028 1200 2081 1253 in
2112 1200 2324 1253 homine
2355 1205 2626 1267 operatur.
2652 1198 2764 1252 Hoc
2793 1200 2934 1252 enim
2968 1201 3021 1254 in
3046 1200 3319 1269 prophetis
3345 1208 3427 1253 est
3453 1211 3505 1254 et
3538 1202 3589 1254 in

2029 1287 2282 1355 apostolis
2313 1305 2324 1338 :
2356 1287 2644 1358 [perfectus
2669 1288 2809 1341 Deus
2836 1287 2889 1340 in
2921 1302 3100 1352 carne,
3133 1297 3187 1341 et
3211 1289 3370 1342 homo
3395 1288 3441 1360 ο]
3471 1304 3593 1359 per-

2027 1376 2199 1433 fectus
2230 1380 2281 1432 in
2310 1379 2540 1449 Spiritu;
2575 1395 2682 1433 non
2707 1379 2809 1433 duo
2830 1378 2948 1457 ﬁlii,
2976 1394 3112 1433 unus
3136 1379 3349 1447 quidem
3380 1380 3593 1449 proprie

2026 1470 2193 1524 Filius
2221 1487 2499 1526 assumens
2524 1473 2817 1535 hominem,
2847 1472 2983 1525 alter
3026 1480 3204 1525 autem
3234 1473 3475 1526 mortalis
3504 1489 3588 1527 as-

2029 1567 2271 1628 sumptus
2304 1574 2334 1612 a
2363 1560 2472 1613 Deo
2503 1577 2515 1611 :
2551 1561 2645 1614 sed
2674 1575 2814 1613 unus
2843 1561 3151 1629 unigenitus
3201 1560 3253 1613 in
3282 1560 3439 1627 coelo,
3472 1562 3591 1615 uni-
3654 1607 3655 1610 η

2026 1649 2239 1717 genitus
2269 1649 2323 1702 in
2355 1656 2495 1702 terra
2518 1632 2678 1702 Deus.
2712 1669 2731 1701 ι

2098 1736 2234 1789 XIX.
2266 1736 2397 1790 Item
2424 1735 2776 1794 Felicissimid
2807 1738 3044 1808 episcopi
3065 1739 3248 1794 Romae
3271 1749 3325 1794 et
3342 1741 3594 1813 martyris

375 1835 570 1891 Filium
600 1852 749 1890 suum
787 1811 1076 1905 factum-ea:
1099 1812 1332 1899 muliere,
1364 1811 1559 1901 factum
1586 1831 1679 1886 sub
1705 1830 1830 1901 lege,
1871 1840 1925 1883 ut
1958 1811 2002 1871 Β
2028 1824 2094 1878 ad
2120 1824 2406 1878 Maximum
2432 1826 2741 1896 episcopum
2765 1834 2819 1880 et
2845 1827 3048 1881 clerum
3067 1828 3404 1884 Alexandria:
3426 1811 3604 1884 sacra:-

372 1944 457 1983 eos
478 1929 567 1999 qui
586 1908 687 1983 subi
705 1927 812 1999 lege
836 1935 1004 1992 erant,
1032 1925 1321 2002 redimeret,
1351 1933 1407 1978 ut
1434 1922 1758 1995 adoptionem
1786 1921 1926 1991 ﬁlio-

374 2034 486 2072 rum
514 2015 614 2071 Dei
641 2019 979 2088 reciperemus
1003 2036 1023 2070 ι
1050 2014 1192 2088 (Gal.
1218 2031 1291 2082 rv,
1318 2018 1372 2078 4,
1401 2015 1477 2085 5).
1605 2084 1609 2087 Δ

443 2094 581 2164 XVI.
608 2108 673 2162 Et
699 2122 804 2162 non
822 2109 989 2164 multo
1011 2114 1133 2179 post
1162 2106 1215 2161 in
1249 2105 1433 2161 eadem
1461 2102 1684 2175 epistola
1709 2121 1720 2156 :
1747 2121 1765 2152 ι
1788 2102 1929 2169 Quo-

373 2198 533 2253 modo
572 2212 701 2268 ergo
727 2200 978 2268 proprius
1005 2198 1097 2252 Dei
1123 2197 1289 2252 Filius
1321 2195 1627 2251 nominatus
1671 2199 1755 2248 est
1777 2185 1931 2247 Chri-

374 2302 509 2355 stus,
546 2291 635 2359 qui
675 2291 837 2345 etiam
879 2289 1106 2343 traditus
1146 2296 1228 2344 est
1268 2304 1301 2342 a
1329 2280 1440 2341 Deo
1485 2280 1538 2341 et
1562 2285 1720 2341 Patre
1766 2298 1929 2338 causa

372 2381 611 2435 omnium
646 2380 835 2435 salutis
875 2386 929 2435 et
960 2380 1115 2433 vitae?
1151 2379 1399 2434 Traditus
1430 2385 1511 2433 est
1544 2378 1686 2433 enim
1700 2374 1931 2447 'propter

370 2478 591 2540 peccata
618 2478 822 2535 nostra,
848 2480 902 2527 et
945 2472 1056 2541 ipse
1085 2459 1389 2540 iniquitates
1433 2471 1722 2525 multorum
1752 2476 1930 2538 porta-

372 2559 451 2612 rit
495 2559 550 2613 in
594 2573 815 2628 corpore
857 2575 956 2615 suo
1005 2560 1059 2615 in
1106 2560 1269 2629 ligno,
1319 2559 1608 2615 secundum
1650 2559 1929 2629 Prophetm

372 2665 580 2705 vocem.
620 2646 802 2706 Palam
838 2666 965 2722 ergo
999 2659 1102 2715 est,
1136 2654 1258 2722 quia
1284 2652 1504 2707 unitatis
1538 2666 1626 2706 res
1656 2659 1929 2720 assumpta

338 2728 342 2732 Δ
372 2744 673 2799 necessarie
715 2744 991 2814 proprium
1018 2742 1213 2798 Filium
1260 2743 1549 2799 declaravit
1574 2740 1687 2807 Dei,
1729 2743 1818 2812 qui
1846 2758 1928 2798 ex

370 2838 550 2885 sancta
579 2832 797 2903 Virgine
840 2840 939 2887 est.
1000 2831 1205 2901 Corpus
1245 2833 1388 2887 enim
1430 2840 1515 2887 est
1560 2847 1666 2887 non
1708 2831 1929 2886 alterius

369 2921 663 2999 cuiuspiam
707 2925 996 2980 secundum
1042 2940 1159 2988 nos,
1208 2927 1300 2979 sed
1342 2925 1513 2994 magis
1540 2924 1813 2993 proprium
1862 2937 1927 2976 ex

371 3012 531 3069 Patre
557 3015 835 3069 existentis
858 3014 1054 3078 Verbi,
1084 3016 1265 3067 uatum
1293 3003 1370 3067 ὀι
1399 3029 1481 3067 ea.
1520 3032 1538 3064 ι
1774 3026 1789 3037 ί

648 3108 1103 3204 Considerandum
1130 3122 1343 3204 quoque
1386 3116 1488 3173 est,
1700 3115 1925 3204 sane-tus
1953 3142 1999 3204 Β

369 3197 692 3254 Athanasius
730 3199 786 3252 in
822 3198 1046 3269 epistola
1081 3197 1146 3252 ad
1175 3197 1478 3275 Epictetum~
1500 3191 1566 3252 de
1594 3195 1714 3251 ﬁdei
1745 3198 1928 3251 catho-

369 3288 501 3343 lica.
527 3286 782 3344 ﬁrmitate
820 3291 1017 3345 dixerit
1045 3301 1110 3341 ις
1149 3308 1167 3341 ι
1203 3286 1477 3355 Quomodo
1502 3294 1703 3354 autem,
1733 3288 1924 3357 inquit,

369 3382 442 3433 et‘
470 3378 740 3449 ambigere
791 3379 1018 3443 audent,
1069 3378 1158 3447 qui
1208 3378 1462 3432 dicuntur
1507 3366 1833 3442 Christiani,
1882 3378 1927 3432 si

373 3467 522 3540 (Pro,
553 3468 665 3541 an],
697 3469 787 3538 qui
829 3475 894 3523 ex
920 3468 1086 3522 Maria
1114 3467 1373 3538 processit
1405 3466 1563 3533 Deus,
1595 3466 1763 3521 Filius
1811 3468 1927 3536 qui-

371 3561 490 3613 dem
521 3559 816 3638 substantia
846 3566 901 3613 et
924 3567 1114 3613 natura
1139 3558 1232 3613 Dei
1255 3567 1360 3621 est;
1395 3557 1684 3611 secundum
1711 3572 1927 3612 carnem

373 3658 551 3703 autem
577 3665 643 3704 ex
671 3651 873 3706 semine
899 3650 1063 3703 David
1092 3658 1195 3712 est,
1219 3665 1285 3703 ex
1314 3665 1476 3703 carne
1506 3657 1682 3703 autem
1730 3658 1928 3705 saneta:
1959 3710 1964 3715 λ

372 3740 575 3797 Mariae.
622 3743 763 3809 Quid
792 3752 969 3797 autem
994 3743 1183 3813 putas?
1210 3740 1505 3796 Temerarii
1536 3739 1663 3795 facti
1695 3748 1838 3804 sunt,
1871 3748 1931 3795 ut

371 3829 610 3885 dicerent
637 3831 929 3897 Christum,
959 3831 1049 3901 qui
1086 3846 1248 3887 carne
1279 3844 1468 3900 passus
1501 3837 1583 3883 est
1628 3837 1681 3884 et
1718 3827 1931 3884 cruciﬁ-

372 3937 503 3984 xus,
534 3938 640 3977 non
685 3939 805 3979 esse
829 3924 1112 3980 Dominum
1152 3920 1485 3977 Salvatorem
1506 3962 1521 3987 ,
1560 3929 1614 3975 et
1640 3913 1836 3986 Deum,
1879 3926 1933 3975 et

370 4007 564 4063 Filium
588 4009 783 4065 Patris.
813 4011 921 4065 Aut
949 4013 1213 4081 quomodo
1237 4011 1526 4066 Christiani
1557 4010 1738 4064 volunt
1761 4010 1933 4062 nomi-

371 4096 512 4161 nari,
544 4098 633 4165 qui
666 4097 845 4151 dicunt
882 4097 935 4150 in
965 4098 1235 4152 hominem
1273 4098 1537 4159 sanctum,
1567 4095 1723 4148 sicuti
1766 4109 1929 4147 unum

370 4188 753 4258 prophetarum
778 4188 987 4242 venisse
1014 4187 1268 4251 Verbum,
1300 4194 1353 4240 et
1399 4201 1503 4239 non
1541 4184 1810 4241 hominem
1851 4183 1933 4236 fa-

372 4285 518 4332 ctum
552 4286 849 4335 sumentem
890 4294 954 4334 ex
984 4277 1145 4331 Maria
1176 4290 1398 4346 corpus;
1440 4275 1532 4330 sed
1561 4274 1787 4330 alterum
1814 4288 1933 4329 esse

373 4366 670 4452 Christum,
700 4378 754 4423 et
785 4369 1013 4423 alterum
1043 4369 1132 4423 Dei
1162 4368 1415 4430 Verbum,
1464 4366 1604 4437 quod
1654 4374 1778 4420 ante
1826 4364 1935 4420 Ma-

2028 1913 2149 1969 ﬁdei
2177 1913 2548 1969 conﬁrmatio:
2584 1932 2603 1966 ‹
2636 1916 2716 1971 De
2742 1916 3115 1971 [incarnatione
3144 1925 3319 1971 autem
3348 1917 3507 1972 Verbi
3533 1927 3589 1973 et

2028 2006 2131 2061 ﬁde
2159 2006 2428 2078 credimus
2460 2008 2516 2061 in
2540 2008 2823 2063 Dominum
2849 2016 3091 2063 nostrum
3116 2008 3297 2063 Jesum
3322 2009 3599 2065 Christum

2028 2096 2092 2149 de
2117 2094 2323 2165 virgine
2363 2095 2531 2149 Maria
2564 2088 2773 2163 na'tum,
2804 2098 2927 2166 quia
2972 2098 3087 2167 ipse
3122 2106 3205 2153 est
3238 2100 3596 2168 sempiternus

2030 2187 2121 2241 Dei
2149 2186 2317 2242 Filius
2342 2195 2416 2243 .et
2442 2188 2697 2254 Verbum,
2731 2196 2784 2253 et
2826 2203 2933 2242 non
2980 2188 3143 2244 homo
3177 2203 3206 2243 a
3238 2188 3347 2243 Deo
3388 2204 3598 2243 assum-
3629 2208 3631 2211 ί

2028 2283 2171 2345 ptus,
2200 2284 2257 2330 ut
2281 2277 2417 2331 alter
2445 2286 2588 2332 esset
2610 2285 2809 2347 praater
2837 2277 3005 2333 illum.
3043 2278 3226 2348 Neque
3251 2279 3393 2333 enim
3420 2279 3598 2334 homi—

2028 2380 2150 2420 nem
2181 2367 2470 2436 assumpsit
2495 2368 2588 2421 Dei
2610 2367 2797 2432 Filius,
2823 2375 2884 2423 ut
2913 2368 2984 2423 sit
3005 2368 3143 2423 alter
3168 2376 3365 2438 praeter
3389 2370 3595 2439 ipsum;

2028 2455 2121 2511 sed
2167 2456 2307 2510 Deus
2354 2457 2594 2512 existens
2640 2458 2951 2526 perfectus;
2984 2458 3160 2514 factus
3209 2468 3293 2514 est
3348 2461 3505 2515 simul
3545 2469 3604 2517 et

2026 2545 2185 2600 homo
2221 2544 2509 2616 perfectus,
2545 2547 2856 2601 incarnatus
2885 2546 2950 2601 de
2981 2548 3216 2618 Virgine.
3255 2567 3273 2601 ι

2098 2658 2255 2729 765
2286 2658 2401 2712 XX.
2436 2659 2565 2713 Item
2614 2659 2804 2715 beatus
2841 2658 3133 2731 Gregorius
3184 2658 3594 2716 Nazianzenus:

2035 2768 2053 2799 ‹
2087 2748 2202 2803 Non
2233 2749 2498 2818 decipiant
2529 2750 2776 2803 homines
2798 2765 2897 2804 nec
2925 2750 3270 2820 decipiantur‘
3297 2750 3410 2804 sine
3437 2765 3600 2806 sensu

2029 2838 2379 2906 suscipientes
2406 2838 2739 2893 Dominicum
2763 2839 3059 2902 hominem,
3097 2840 3236 2893 sicut
3258 2840 3359 2908 ipsi
3387 2841 3597 2907 dicunt:

2028 2926 2197 2996 magis
2220 2935 2398 2981 autem
2426 2926 2708 2982 Dominum
2734 2934 2977 2981 nostrum
3004 2934 3059 2982 et
3084 2927 3249 2982 Deum
3279 2943 3293 2981 :
3322 2926 3426 2983 Nec
3456 2931 3605 2984 enim

2027 3014 2295 3069 hominem
2323 3016 2611 3071 dividimus
2632 3031 2665 3071 a
2693 3016 2913 3083 dcitate,
2939 3016 3033 3073 sed
3059 3032 3223 3071 unum
3255 3026 3311 3071 et
3350 3018 3602 3074 eumdem

2028 3106 2473 3176 dogmatizamus;
2490 3109 2641 3175 prius
2652 3108 2868 3177 quidem
2884 3118 2991 3165 non
3014 3108 3306 3174 hominem,
3324 3109 3417 3162 sed
3433 3110 3600 3163 Deum

2028 3210 2082 3257 et
2104 3200 2299 3255 Filium
2329 3201 2501 3255 solum
2540 3209 2593 3256 et
2617 3210 2739 3256 ante
2767 3200 2961 3256 smcnla
2986 3216 3091 3255 non
3115 3194 3588 3268 mistumcorpori,

2026 3304 2082 3347 et
2106 3306 2441 3362 quacunque
2471 3298 2595 3345 sunt
2618 3289 2895 3361 corporis;
2923 3288 2977 3343 in
3001 3288 3106 3343 ﬁne
3132 3295 3311 3343 autem
3340 3295 3392 3342 et
3429 3287 3606 3342 homi-

2026 3398 2149 3439 nem
2198 3390 2529 3452 assumptum
2554 3398 2652 3452 pro
2684 3390 2867 3437 nostra
2912 3381 3085 3436 salute
3125 3380 3432 3451 passibilem
3481 3395 3604 3434 car—

2027 3490 2113 3538 ne,
2142 3474 2529 3543 impassibilem
2570 3473 2798 3537 deitate;
2834 3470 3299 3538 circumscriptum
3347 3483 3598 3537 corpore,

2027 3562 2548 3632 incireuncscriptum
2575 3558 2886 3625 divinitate;
2920 3560 3167 3614 eumdem
3221 3554 3495 3612 terrenum
3544 3566 3603 3611 et

2026 3655 2324 3716 ccelestcm,
2348 3654 2609 3707 visibilem
2638 3663 2692 3709 et
2738 3648 3150 3723 intelligibilem,
3207 3651 3501 3721 capabilem
3547 3662 3607 3705 et

2028 3736 2400 3808 incapabilem,
2425 3750 2483 3795 ut
2504 3741 2557 3794 in
2589 3750 2699 3795 toto
2721 3741 2939 3795 homine
2990 3739 3285 3808 eodemque
3312 3748 3366 3795 et
3385 3740 3493 3794 Deo
3518 3747 3602 3793 to-

2031 3839 2115 3885 tus
2139 3832 2299 3885 homo
2330 3830 2740 3901 reformaretur,
2763 3832 2853 3900 qui
2884 3831 2983 3884 sub
3030 3834 3251 3898 peccato
3302 3828 3591 3882 ceciderat.

2033 3918 2234 3987 Siquis
2256 3934 2360 3973 non
2396 3919 2491 3975 Dei
2537 3920 2853 3993 genitricem
2907 3915 3127 3969 Mariam
3184 3916 3433 3981 mstimat,
3487 3915 3609 3971 sine

2032 4010 2227 4064 deitate
2250 4017 2350 4062 est.
2379 4008 2434 4060 Si
2462 4008 2582 4075 quis
2603 4008 2755 4076 quasi
2777 4017 2874 4076 per
2899 4005 3128 4061 ﬁstulam
3158 4004 3396 4075 Virginis
3426 4013 3605 4061 trans-

2032 4100 2159 4161 isse,
2188 4108 2240 4152 et
2265 4114 2371 4151 non
2404 4098 2456 4151 in
2495 4098 2610 4167 ipsa
2632 4097 2880 4162 formari,
2909 4096 3098 4152 deiﬁce
3143 4096 3304 4151 simul
3331 4104 3386 4151 et
3409 4084 3605 4150 huma-

2032 4206 2126 4254 ne;
2160 4189 2345 4245 deiﬁce
2369 4190 2603 4261 quidem,
2640 4190 2767 4260 quia
2793 4191 2908 4245 sine
2935 4190 3083 4253 viro;
3108 4188 3341 4263 humane
3380 4174 3596 4253 autem,

2034 4282 2158 4350 quia
2182 4282 2299 4353 lege
2329 4292 2536 4352 partus,
2561 4283 2848 4337 anathema
2899 4281 2988 4336 sit.
3044 4278 3103 4335 Si
3148 4279 3269 4348 quis
3311 4275 3609 4333 formatum

2035 4372 2166 4427 dicit
2184 4375 2474 4441 hominem,
2499 4384 2553 4429 et
2583 4367 2658 4429 ita
2696 4372 3099 4444 subingressum
3151 4371 3340 4434 Deum,
3384 4369 3609 4424 damna-

374 4457 510 4511 riam
548 4465 611 4511 et
644 4468 768 4514 ante
810 4460 1001 4515 secula
1051 4459 1227 4513 Filius‘
1259 4459 1521 4514 existebat
1562 4459 1779 4513 Patris?
1830 4458 1938 4512 Aut
1968 4480 2017 4539 ο
2042 4471 2128 4517 tus
2156 4471 2266 4526 est;
2304 4477 2409 4517 non
2439 4463 2582 4517 enim
2606 4463 2857 4517 nativitas
2886 4462 2981 4516 Dei
3016 4459 3156 4515 istud
3185 4467 3289 4526 est,
3339 4459 3433 4515 sed
3477 4459 3609 4532 fuga

374 4548 640 4616 quomodo
685 4560 804 4603 esse
829 4547 1119 4602 Christiani
1159 4556 1402 4616 possunt,
1429 4549 1520 4616 qui
1547 4548 1731 4603 dicunt
1774 4547 1935 4600 alium

373 4652 494 4694 esse
522 4636 741 4703 Filium,
771 4637 935 4692 alium
965 4635 1058 4691 Dei
1083 4637 1354 4692 Verbum?
1398 4633 1515 4691 Non
1556 4650 1654 4704 per
1697 4635 1939 4704 adoptio-

374 4745 500 4785 nem
530 4730 643 4785 hzec
682 4723 823 4784 facta
858 4733 1003 4795 sunt,
1035 4729 1206 4785 absit!
1245 4731 1383 4785 sicut
1415 4729 1629 4799 quidam
1665 4727 1939 4782 existima-

377 4829 525 4886 runt,
555 4824 670 4886 sed,
698 4822 836 4877 sicut
863 4831 947 4876 est
972 4818 1194 4887 veritas,
1223 4823 1441 4877 homine
1474 4820 1615 4876 facto
1640 4819 1935 4884 Salvatore,

377 4911 546 4966 totius
586 4912 804 4969 humani
840 4912 1050 4981 generis
1075 4912 1220 4967 salus
1248 4912 1394 4968 facta
1421 4919 1520 4967 est.
1555 4912 1612 4967 Si
1640 4912 1781 4968 enim
1802 4910 1939 4966 ado-

377 4996 562 5065 ptione
604 5007 723 5055 erat
772 5002 826 5056 in
876 5016 1099 5071 corpore
1149 4997 1421 5066 Verbum’,
1475 5002 1772 5057 secundum
1821 5002 1940 5057 illos

381 5084 547 5156 (quod
571 5096 753 5161 autem
783 5092 1066 5163 adoptione
1094 5091 1306 5155 dicitur,
1334 5090 1619 5160 phantasia
1657 5090 1760 5162 est)
1789 5106 1941 5161 repe-

382 5174 552 5229 rietur
580 5184 637 5230 et
652 5183 892 5245 putative
920 5182 1064 5237 salus
1088 5188 1143 5237 et
1164 5180 1486 5236 resurrectio
1510 5179 1787 5235 hominum
1813 5178 1939 5245 dici,

382 5266 677 5321 secundum
704 5268 1078 5339 impiissimum
1116 5272 1468 5328 Manicheum.
1510 5270 1615 5327 Sed
1657 5288 1763 5327 non
1791 5272 1944 5342 equi-

384 5358 511 5416 dem
552 5360 836 5437 phantasia
882 5372 966 5419 est
1022 5366 1167 5424 salus
1210 5375 1432 5433 nostra;
1481 5380 1656 5437 neque
1700 5365 1943 5445 corporis

455 5520 485 5551 ι
502 5496 572 5567 's.
593 5510 940 5579 Athanasius,
962 5520 1093 5569 tom.
1123 5516 1402 5589 [Operam
1448 5518 1576 5575 edit.
1604 5517 1774 5574 Paris.
1802 5524 1939 5587 part.

382 5595 450 5636 δ.
474 5595 594 5636 nan.
617 5579 743 5636 902.
766 5579 891 5636 903.
917 5582 1039 5636 900.

384 5595 450 5648 ιι,
474 5595 594 5707 pave:
617 5579 743 5647 902,
766 5579 891 5649 903,
917 5582 1039 5639 900.
1100 5654 1103 5655 ν
1215 5579 1236 5589 ’
1802 5579 1819 5587 '

558 5650 649 5733 id?
675 5649 818 5733 ἡμειο
850 5653 1366 5733 ιιιςεοτίιξιθξρέεῑ.
1397 5675 1413 5714 ι
1451 5660 1661 5715 concilii
1693 5656 1942 5729 Ephesini

384 5721 518 5777 edit.
553 5719 723 5780 Coleti
749 5729 877 5779 tom.
906 5722 992 5789 Ill,
1020 5724 1122 5781 col.
1157 5724 1311 5781 1055.

2037 4553 2350 4606 nativitatis.
2382 4552 2436 4607 Si
2462 4552 2584 4622 quis
2612 4552 2900 4607 introducit
2926 4554 3057 4608 duos
3083 4551 3239 4623 ﬁlios,
3263 4566 3431 4614 unum
3481 4553 3602 4623 qui-

2037 4639 2155 4694 dem
2179 4653 2245 4693 ex
2271 4638 2380 4695 Deo
2409 4649 2463 4695 et
2482 4640 2658 4704 Patre,
2691 4641 2982 4695 secundum
3014 4622 3281 4697 autem.“
3314 4635 3480 4695 Maria
3506 4622 3608 4696 na-

2052 4738 2183 4801 tum,
2206 4737 2260 4783 et
2281 4730 2512 4799 seipsum
2551 4746 2615 4785 ex
2644 4731 2928 4800 adoptione
2956 4732 3184 4799 excidet,
3208 4748 3326 4802 quae
3339 4733 3608 4803 promissa

2038 4826 2120 4872 est
2140 4826 2284 4873 recte
2310 4821 2671 4876 credentibus.
2702 4821 2917 4876 Natura:
2942 4824 3084 4877 enim
3098 4822 3234 4888 dum,
3260 4822 3402 4876 Deus
3422 4828 3477 4874 et
3502 4821 3599 4875 ho-

2038 4924 2143 4973 mo,
2177 4912 2319 4979 quod
2348 4920 2431 4965 est
2464 4912 2644 4966 anima
2671 4921 2725 4968 et
2753 4928 2948 4983 corpus
2969 4931 2983 4978 ;
3007 4912 3126 4968 Filii
3146 4919 3319 4967 autem
3340 4924 3446 4964 non
3474 4910 3603 4977 duo,

2040 5016 2141 5057 nec
2169 4994 2273 5057 Dii.
2316 5004 2502 5073 Neque
2528 5006 2670 5059 enim
2699 5005 2784 5059 hic
2808 5002 2911 5073 duo
2949 5004 3208 5064 homines,
3264 4987 3388 5054 licet
3442 5001 3609 5056 etiam

2038 5093 2235 5149 Paulus
2262 5094 2573 5149 interiorem
2602 5095 2872 5150 hominem
2901 5104 2956 5149 et
2973 5094 3297 5150 exteriorem
3315 5091 3611 5161 appellave-

2041 5182 2131 5249 rit,
2168 5192 2239 5247 et,
2270 5186 2315 5239 si
2356 5191 2569 5252 oportet
2611 5185 3043 5256 compendiosius
3080 5183 3277 5247 dicere,
3304 5184 3452 5238 aliud
3480 5183 3611 5254 qui-

2041 5274 2161 5329 dem
2192 5281 2248 5327 et
2272 5273 2435 5337 aliud,
2467 5288 2533 5327 ex
2559 5276 2753 5343 quibus
2788 5274 3033 5329 Salvator
3051 5281 3135 5329 est
3163 5273 3446 5347 (siquidem
3502 5290 3609 5329 non

2041 5365 2183 5419 idem
2214 5375 2300 5421 est
2318 5364 2587 5420 invisibile
2633 5365 2873 5430 visibile;
2928 5374 2984 5423 et
3018 5367 3133 5422 sine
3160 5404 3161 5407 η
3191 5375 3452 5437 tempore,
3506 5364 3621 5419 sub

2090 5552 2091 5555 η
2115 5529 2137 5558 α
2171 5518 2298 5575 Haec
2327 5520 2688 5575 restituuntur
2711 5534 2780 5577 ex
2802 5523 2979 5579 editis.

2110 5588 2138 5628 ἀ
2168 5589 2348 5668 Codex
2375 5590 2511 5645 male
2533 5590 2700 5668 habet
2714 5590 3047 5668 Felicissimi,
3074 5588 3349 5668 scriptoris
3364 5587 3622 5668 incuria,

2043 5672 2141 5729 pro
2168 5656 2359 5713 Felicis
2386 5661 2719 5716 sanctissimi.
2748 5662 2935 5716 Exstat
2962 5676 3024 5715 ea
3051 5656 3340 5717 auctoritas
3364 5658 3558 5717 Felicis

2047 5743 2195 5801 νίψω
2222 5729 2323 5785 loc.
2351 5745 2474 5787 mox
2499 5731 2592 5788 cit.
2623 5732 2811 5788 coneil.
2836 5730 3029 5789 Euhes.
