4228 6236
1397 177 1455 230 s.
1494 178 1561 231 ς.
1600 175 1824 232 nam
1862 176 1994 234 seu
2026 176 2300 234 ALCUINI
2337 177 2617 235 ossuum
2649 181 2948 238 mnsm.

584 289 880 361 territare);
912 305 1019 343 non
1036 289 1182 343 alius
1212 300 1391 343 autem
1421 301 1477 345 et
1502 294 1659 355 alius,
1709 292 1879 346 absit!
1918 301 2145 362 utraque
2171 300 2218 355 Λ
2245 296 2527 362 cipiamus,
2556 312 2676 365 qua:
2706 298 2902 352 coloris
2956 298 3230 366 nigredine
3270 299 3515 370 designat
3563 306 3819 369 peccam-

580 382 729 436 enitn
763 394 986 433 summa
1012 379 1266 433 nnitionis
1295 381 1348 433 in
1374 381 2006 449 contemperatione,Deo
2030 382 2150 450 qui-

581 474 706 527 dem
732 472 1103 534 inhumanato,
1133 471 1348 525 homine
1377 480 1556 525 autem
1594 471 1860 545 deificato.
1900 493 1919 524 ι

654 560 799 616 XXI.
828 561 963 615 Item
985 560 1196 615 Atticus
1231 562 1515 631 episcopus
1534 560 2072 631 Constantinopoleos
2086 574 2145 616 ιε

586 638 1849 717 σκωωὶωωεωαηωτωωιίω,ηοιι
1891 660 1947 719 tu
1995 667 2152 715 rena-

582 721 817 797 sceren’s
1215 740 1329 795 Nisi
1368 740 1457 795 ille
1487 740 1833 795 sustinuisset
1870 734 2014 796 servi
2038 739 2151 795 for-

581 846 751 896 mam,
773 839 961 884 unum
993 830 1308 900 dignitatem
1353 832 1655 900 adoptionis
1698 831 1935 885 lucratus
1979 845 2148 887 esses.

581 919 812 989 Propter
847 920 1197 975 hocenimin
1223 932 1370 976 terra
1396 921 1741 986 caalestis,ut
1783 929 1842 973 tu
1890 922 1945 974 in
1998 921 2153 976 caelis

582 1010 882 1063 servaretis
906 1018 1174 1065 terrenus.
1209 1010 1445 1080 Propter
1485 1011 1590 1065 hoc
1608 1010 1857 1065 Christus
1899 1011 2154 1080 semetip-

578 1114 701 1152 sum
726 1100 1044 1163 exinanivit,
1074 1111 1132 1154 ut
1160 1116 1260 1155 nos
1307 1117 1496 1155 omnes
1533 1102 1602 1157 de
1646 1086 1978 1171 plenitudine
2031 1100 2152 1170 ejus

577 1192 925 1261 accipiamus.
947 1191 1095 1246 Illius
1122 1208 1267 1246 mors
1290 1202 1376 1247 tua
1407 1194 1547 1247 facta
1570 1202 1653 1248 est
1691 1192 2085 1246 immortalitas.
2122 1211 2142 1243 ι

648 1282 814 1338 XXII.
842 1284 975 1338 Item
1004 1284 1311 1339 Theodotus
1334 1285 1617 1352 episcopus
1638 1284 1939 1354 Cyprorum
1960 1284 2015 1337 in
2034 1298 2151 1337 ser-

580 1389 740 1429 mone
762 1374 831 1428 de
858 1374 1138 1428 nativitate
1162 1373 1376 1429 Domini
1395 1384 1516 1444 post
1545 1375 1651 1429 alia
1682 1378 1845 1429 etiam
1876 1376 1977 1431 ista
2022 1389 2146 1445 pro-

581 1463 708 1517 tulit
728 1462 759 1501 δ
790 1480 804 1514 :
837 1482 857 1513 ι
882 1462 1023 1530 Quid
1042 1465 1246 1534 igitur?
1272 1464 1502 1519 Advenit
1523 1465 1666 1519 Deus
1692 1467 1933 1519 existens
1953 1465 2023 1519 ad
2052 1466 2152 1519 ho-

576 1552 771 1617 mines,
794 1568 903 1607 non
924 1552 1102 1609 locum
1131 1569 1201 1608 ex
1226 1554 1344 1607 loco
1398 1562 1630 1616 mutans,
1653 1554 1776 1614 .sed
1824 1552 2145 1608 invisibilem

2204 1136 2212 1143 ο
2250 1102 2422 1167 deret,
2450 1119 2612 1174 quam
2636 1104 2818 1159 Iudaea

2249 400 2365 439 rem
2416 387 2667 456 p0pulum
2694 430 2709 451 ,
2767 388 3061 443 fmditatem
3105 391 3453 448 meritorum.
3512 389 3822 459 Aliquaub

2248 492 2379 532 vero
2423 478 2708 547 .fthiopize
2752 481 2967 535 nomine
3013 481 3320 550 specialiter
3362 481 3635 552 gentilitas
3672 479 3815 535 deni-

2249 565 2403 634 gnari
2431 566 2595 629 solet,
2620 568 2950 622 inﬁdelitatis
2984 570 3135 638 prius
3179 570 3330 639 nigra
3354 570 3625 640 peccatis,
3650 585 3817 641 «ιι.

2251 656 2496 708 veniente
2546 655 2773 709 Domino
2833 657 3080 711 llahacuc
3128 658 3385 727 propheta
3434 658 3569 712 vidit
3620 659 3821 713 thure

2249 744 2594 812 perterritam
2634 752 2690 797 et
2721 745 2794 797 ait
2829 763 2842 797 :
2874 745 3240 800 Tabernacula
3280 745 3597 817 Ethiopum
3645 761 3818 817 apl-

2246 840 2467 885 vescent
2501 833 2843 888 tabernacula
2882 843 3040 889 terrte
3083 835 3293 891 ladian
3328 835 3560 907 (Hebae.
3599 851 3684 902 tu,
3731 835 3813 908 ⁸1).

2249 919 2416 973 David
2441 936 2654 991 quoque
2674 925 2934 994 pmpheta
2962 927 3171 991 videns,
3191 928 3334 997 quod
3357 927 3427 980 ad
3468 926 3711 982 Indum
3732 942 3823 983 re-

2249 1010 2555 1066 dimendam
2577 1014 2785 1069 veniret
2810 1014 3103 1086 Doininus;
3132 1016 3226 1069 sed
3246 1024 3372 1070 ante
3399 1015 3676 1086 gentilitas
3697 1031 3820 1072 σοι

2913 1115 3191 1175 queretur,
3210 1107 3352 1161 sicut
3377 1108 3638 1177 scriptum
3684 1115 3783 1162 est
3796 1125 3816 1162 :

2249 1193 2429 1249 Donec
2450 1195 2755 1265 splenime
2799 1200 3036 1267 gentium
3091 1200 3353 1264 intraret,
3418 1208 3475 1254 et
3520 1202 3602 1255 sic
3641 1201 3821 1257 omnis

2247 1281 2412 1336 Israel
2435 1284 2615 1337 salvus
2636 1283 2790 1339 ﬁeret
2822 1284 2999 1353 (Rom.
3040 1302 3117 1346 ιι,
3164 1286 3285 1359 25),
3327 1288 3499 1342 dicit:
3542 1287 3823 1359 εωηε.
3858 1324 3859 1329 η

2246 1374 2523 1441 ριάευεπὶει
2554 1368 2741 1427 manus
2768 1376 2882 1443 ejus
2903 1375 3012 1428 Deo
3031 1375 3203 1447 (Paul.
3228 1391 3395 1439 um,
3449 1376 3564 1447 32),
3610 1376 3668 1431 id
3712 1386 3820 1442 eat,

2246 1462 2566 1531 priusquam
2594 1461 2778 1518 Judza
2802 1452 3010 1529 credat,
3038 1464 3348 1518 salvaudam
3369 1479 3431 1518 se
3456 1464 3617 1519 olert
3636 1466 3820 1519 omni-

2249 1550 2453 1618 potenti
2476 1549 2723 1615 Domino,
2747 1552 2987 1619 peccatis
3011 1552 3166 1620 nigra
3190 1551 3484 1620 gentilitas.
3526 1552 3824 1622 'I'opaai.

575 1652 827 1698 naturam
852 1645 1142 1701 «tendens
1162 1646 1448 1710 visibilem,
1479 1655 1534 1700 et
1584 1645 1731 1699 visus
1774 1654 1836 1700 ut
1886 1646 2049 1699 homo
2094 1653 2152 1698 et
2180 1637 2227 1697 Β
2253 1653 2382 1692 vero
2401 1639 2674 1707 pretiosus
2697 1637 2834 1707 lapis
2852 1650 2962 1705 est;
2996 1648 3055 1693 et
3094 1640 3219 1709 quia
3262 1638 3450 1695 Greca
3492 1641 3679 1712 lingua
3714 1647 3827 1696 nis

574 1743 832 1805 t—Iqmm
855 1744 1119 1807 cognatus
1141 1736 1449 1791 hominibus
1470 1751 1753 1821 apparens,
1798 1738 1940 1791 sicut
1984 1736 2150 1791 etiam

572 1824 899 1895 evangelista
929 1824 1229 1895 prmdicans
1254 1826 1408 1890 dicit,
1450 1819 1577 1896 quia
1634 1825 1860 1879 Verbtint
1901 1841 2024 1877 caro
2067 1824 2150 1893 fa-

574 1923 714 1966 ctum
735 1925 828 1968 est.
858 1915 1133 1981 Quomodo
1168 1916 1424 1987 possibile
1449 1923 1536 1971 est
1569 1916 1736 1971 Deum
1765 1916 2001 1968 Verbum
2029 1913 2148 1968 ﬁeri

576 2001 853 2057 hominem
884 2010 1133 2073 l‘tﬁ'qttirts,
1181 2017 1237 2060 et
1279 2008 1496 2060 modum
1542 2006 1640 2061 Dei
1689 2005 2072 2060 miraculosum
2116 2019 2148 2058 a

574 2094 730 2149 nobis
755 2096 962 2166 exigis?
994 2098 1049 2149 Si
1077 2097 1562 2167 comprehensibile
1596 2098 1753 2151 nobis
1779 2108 1943 2158 esset.
2007 2096 2151 2165 quod

574 2182 1117 2257 incomprehensibile
1138 2196 1217 2240 est
1231 2202 1500 2251 sermone,
1525 2187 1842 2243 miraculum
1859 2204 1966 2243 non
1983 2196 2145 2252 esset,

574 2272 670 2327 sed
696 2287 858 2327 causa
885 2282 1124 2339 naturae;
1151 2275 1197 2328 si
1222 2291 1352 2330 vero
1381 2276 1704 2331 miraculum
1730 2286 1789 2332 et
1808 2278 2020 2347 signum
2042 2287 2146 2343 est,

572 2361 716 2431 quod
750 2360 951 2417 factum
974 2372 1083 2430 est,
1128 2366 1261 2420 cede
1301 2367 1567 2421 rationem
1610 2367 1838 2421 Domino
1886 2366 2147 2421 miracula

572 2450 828 2515 facienti;
856 2453 982 2521 quia
1007 2455 1150 2507 enim
1176 2453 1379 2509 factum
1406 2464 1492 2511 est
1518 2458 1663 2511 scire
1690 2465 1744 2511 te
1786 2457 1946 2521 volo;
1994 2464 2051 2511 et
2081 2471 2147 2510 ex

571 2555 639 2595 eo
658 2539 804 2612 quod
833 2539 1035 2598 factum
1054 2552 1161 2610 est,
1188 2543 1422 2599 fructum
1447 2545 1554 2600 ﬁde
1601 2547 1832 2601 lucrare.
1890 2546 2149 2616 Operanti

572 2632 721 2687 cede.
753 2651 775 2685 ι
808 2630 878 2686 Et
891 2640 1017 2703 post
1040 2647 1210 2703 pauca
1243 2652 1258 2687 :
1292 2652 1312 2685 ι
1336 2633 1575 2706 Hocegit
1591 2636 1976 2692 miraculorum
1994 2652 2152 2691 crea-

574 2730 680 2785 tor.
709 2722 777 2776 ad
804 2738 958 2777 suam
986 2723 1318 2780 voluntatem
1346 2734 1599 2782 naturam
1625 2728 1866 2793 trahens,
1894 2736 1949 2783 et
1966 2728 2149 2798 paruit

572 2821 764 2865 natura
783 2810 1037 2881 iussioni.
1075 2812 1197 2867 Noli
1220 2830 1352 2885 ergo
1392 2818 1450 2871 in
1498 2816 1867 2871 inﬁrmitatem
1900 2818 2147 2873 humana:

572 2907 778 2956 natura
797 2902 1009 2957 cadere.
1036 2900 1154 2957 Noli
1180 2903 1379 2971 dicere,
1406 2906 1674 2973 quomodo
1699 2906 1932 2961 hominis
1955 2916 2146 2962 natura

572 2990 739 3060 (καινὴ
756 2990 959 3045 Deum?
973 2991 1251 3057 Quomodo
1264 2965 1406 3050 Deus
1420 2965 1594 3050 l'actus
1604 3004 1688 3050 est
1698 2997 1894 3053 homo?
1912 2997 2144 3065 Quomo-
2169 2965 2217 3027 ε

572 3080 645 3132 do
665 3080 805 3135 Deus
818 3083 1053 3137 Verbum
1085 3082 1226 3139 facta
1244 3094 1332 3141 est
1343 3102 1471 3143 caro
1493 3088 1755 3144 visibilis?
1779 3088 1885 3145 Sed
1914 3090 2042 3159 quia
2062 3089 2147 3144 Ia-

574 3178 724 3221 ctnm
751 3177 855 3235 est,
880 3172 1042 3228 crede
1056 3187 1075 3239 ;
1102 3176 1321 3229 modum
1348 3192 1478 3233 vero
1490 3185 1547 3232 et
1561 3179 1827 3234 rationem
1848 3180 1981 3236 cede
1996 3195 2153 3235 crea-

578 3262 703 3314 tori.
745 3280 765 3313 »
1902 3308 1905 3311 ,

646 3351 833 3408 XXIII.
861 3353 1158 3413 Audiamus
1180 3373 1417 3428 quoque,
1449 3358 1581 3439 quid
1618 3358 1814 3414 beatus
1859 3360 2152 3432 Gregorius

577 3440 821 3508 pontifex
846 3444 1155 3513 apostolicae
1177 3448 1322 3503 sedis
1344 3460 1401 3503 et
1427 3449 1616 3505 doctor
1640 3451 1902 3505 mirabilis
1935 3452 1991 3507 in
2012 3451 2151 3506 libro

575 3531 755 3601 primo
774 3533 953 3603 operis
970 3534 1321 3603 pulcherrimi
1346 3539 1628 3596 Moralium
1657 3543 1805 3597 dicat
1833 3553 1856 3581 ε
1894 3561 1906 3595 :
1945 3561 1965 3593 t
1990 3541 2153 3596 Erat-

572 3623 777 3692 qaetn'r
808 3620 898 3676 ille
927 3639 1149 3694 magna:
1168 3625 1305 3678 inter
1320 3642 1499 3681 omnes
1529 3624 1980 3701 Orie'ntaleonb.
2008 3637 2049 3693 t',
2071 3631 2149 3699 ὅ).

575 3710 734 3777 Quod
760 3712 1090 3784 Redemptor
1128 3721 1317 3770 noster
1366 3714 1561 3772 Oriens
1621 3718 1837 3782 dicitur,
1887 3718 2156 3788 Propheta

578 3807 815 3853 testante
836 3802 1170 3869 perhibetur,
1199 3804 1294 3873 qui
1312 3804 1393 3858 ait
1416 3819 1432 3859 :
1454 3804 1592 3859 Ecce
1617 3808 1697 3860 vir
1736 3805 1925 3860 Oriens
1968 3823 2155 3861 nomen

578 3890 696 3959 ejus
734 3885 921 3958 (ludi.
950 3906 1029 3953 vi,
1061 3891 1170 3960 l2).
1193 3892 1393 3949 Omnes
1418 3910 1568 3964 ergo,
1600 3896 1771 3966 quiin
1798 3896 1901 3954 hoc
1930 3897 2154 3959 ,oriente

582 3978 690 4032 Ide
712 3978 1033 4045 consistunt,
1061 3988 1208 4036 recte
1241 3981 1546 4040 Orientales
1594 3996 1889 4051 vocantur;
1920 3989 2152 4058 sedquia

582 4084 775 4122 omnes
794 4068 959 4140 7m
988 4064 1244 4125 homines
1290 4076 1661 4127 tantummodo
1712 4077 1989 4139 homines;
2041 4080 2158 4146 ipse

581 4166 765 4209 autem
787 4154 981 4212 Oriens
1008 4158 1149 4212 Deus
1176 4168 1231 4214 et
1256 4161 1441 4226 homo,
1468 4170 1625 4216 recte
1642 4163 1842 4217 dicitur
1865 4178 1881 4216 :
1903 4163 2157 4217 Erotiu-

583 4264 717 4317 gnua
741 4250 875 4303 inter
901 4266 1075 4304 omnes
1107 4249 1421 4306 Orientales.
1446 4251 1523 4305 Ac
1545 4252 1590 4306 si
1618 4261 1803 4321 aperte
1830 4252 2103 4307 diceretur
2134 4272 2148 4307 :

585 4336 807 4402 Omnes,
833 4339 925 4407 qui
951 4341 1004 4393 in
1032 4340 1133 4395 [ide
1164 4341 1842 4413 Deonascuntur,superat,
1866 4343 1994 4413 quia
2021 4358 2149 4410 non,

587 4434 650 4479 ut
685 4435 911 4482 ceteros
938 4420 1174 4499 adoptio,
1201 4432 1296 4486 sed
1326 4442 1517 4487 natura
1544 4434 1690 4487 illum
1704 4434 2156 4489 divinitatisexal-

590 4522 699 4578 tat;
728 4516 818 4584 qui
843 4518 944 4571 etsi
988 4516 1321 4575 humanitate
1372 4523 1583 4576 caeteris
1631 4524 1880 4592 apparuit
1930 4524 2153 4587 similis,

592 4605 873 4662 divinitate
902 4616 1081 4661 tamen
1105 4610 1303 4663 mansit
1325 4626 1484 4679 super
1508 4615 1687 4666 omnia
1715 4612 2024 4681 singularis.
2060 4632 2080 4665 ι

663 4695 854 4752 XXIV.
883 4700 1013 4754 Item
1044 4699 1096 4752 in
1124 4699 1259 4753 libro
1275 4709 1465 4771 octavo
1492 4702 1699 4755 decimo
1716 4701 2159 4772 ejusdemOperis

592 4787 783 4844 beatus
838 4789 1130 4862 Gregorius
1150 4790 1216 4844 de
1242 4789 1555 4867 excellentia
1613 4790 1915 4845 nativitatis
1937 4790 2161 4855 Christi,

584 4874 651 4931 'et
674 4888 931 4948 quantum
958 4898 989 4937 a
1034 4880 1188 4936 nobis
1212 4880 1444 4943 diﬂ'erat,
1473 4880 1747 4935 admirans
1769 4880 1846 4935 ait
1870 4879 1896 4919 ⁸
1927 4899 1941 4933 :
1980 4899 2000 4930 ι
2039 4878 2165 4933 Non

593 4970 959 5041 aequabitur
982 4974 1028 5027 ei
1067 4974 1331 5042 topazium
1359 4971 1425 5023 de
1456 4970 1730 5041 ᾸῑιΙιὶορία
1783 4970 1924 5042 (Job.
1972 4986 2163 5034 XXVIII,

597 5059 708 5133 I9).
730 5062 870 5129 Quid
898 5064 1246 5138 Ethiopiam.
1278 5066 1381 5119 nisi
1419 5072 1738 5134 praesentem
1776 5063 2034 5117 mundum
2078 5077 2168 5116 ac-

680 5242 706 5271 ι
735 5232 863 5289 Loc.
896 5234 995 5317 cit.
1022 5234 1589 5317 eonqhﬁphesqubi
1639 5236 1725 5315 hic
1774 5236 1921 5289 locus
1971 5237 2167 5289 eiutnr

600 5315 855 5373 tanquam
882 5304 1238 5374 Amphilochii
1265 5307 1495 5373 episcopi
1525 5306 1705 5359 lconii.

606 5444 636 5446 _
677 5377 705 5415 δ
734 5374 1261 5446 Thepdotiﬁncym
1287 5376 1520 5446 episcopi
1555 5376 1769 5446 homilia
1825 5378 1875 5427 in
1928 5375 2165 5430 Natalem

602 5444 817 5499 Domini
846 5445 984 5499 lecta
1002 5444 1105 5499 luit
1122 5444 1174 5499 in
1194 5445 1398 5511 synodo
1424 5444 1708 5511 Ephesius,
1741 5454 1794 5497 et
1823 5456 1994 5501 exstat
2032 5456 2162 5501 tom.

606 5511 669 5570 ιιι
695 5512 899 5570 ουιιοίι.
924 5517 1116 5583 Coleti,
1160 5505 1259 5571 col.
1308 5514 1434 5569 1351
1469 5505 1609 5568 tinea
1637 5505 1813 5571 finem.

2248 1746 2401 1782 omne
2427 1728 2646 1793 dicitur,
2676 1744 2776 1797 pro
2814 1743 2880 1783 eo
2905 1730 3048 1798 quod
3097 1730 3245 1784 omni
3286 1730 3469 1785 colore
3517 1730 3829 1801 respiciet
3896 1778 3901 1783 π

2247 1818 2541 1886 topazium,
2567 1819 2723 1888 quasi
2764 1819 3076 1888 topandium
3128 1827 3371 1874 vocatur.
3417 1818 3556 1873 Dum
3599 1835 3731 1876 vero
3763 1822 3825 1877 ὴ

2245 1907 2415 1962 Deum
2438 1923 2700 1963 conversa
2728 1909 3003 1979 gentilitas
3026 1907 3278 1973 credidit,
3302 1924 3373 1963 ex
3414 1924 3485 1964 ea
3534 1910 3691 1964 mli
3737 1910 3822 1965 ita

2246 2006 2373 2052 sunt
2397 1998 2541 2053 dono
2568 1999 2802 2068 Spiritus
2824 1998 3154 2067 locupletati,
3178 2006 3240 2053 ut
3264 1999 3423 2069 quasi
3458 1999 3649 2055 multis
3668 1999 3821 2057 edn-

2247 2087 2420 2152 ribns,
2442 2088 2523 2142 sic
2552 2087 2734 2141 multis
2784 2089 3073 2142 virtutibus
3089 2088 3323 2143 luceant.
3349 2087 3458 2144 Sed
3496 2103 3568 2143 ne
3617 2103 3813 2161 accep-

2247 2178 2318 2232 tis
2343 2177 2567 2246 quisque
2590 2177 2881 2231 virtutibus
2894 2178 3199 2243 extollatur,
3225 2194 3257 2232 a
3284 2185 3473 2233 sancto
3494 2178 3617 2234 viro
3668 2194 3821 2237 ..α

2246 2270 2442 2324 dicitur
2465 2286 2571 2324 non
2601 2270 2970 2339 aquuabitur
3013 2272 3064 2326 ei
3118 2272 3393 2341 topaaium
3435 2270 3821 2341 δείδω

2246 2360 2324 2414 Ac
2352 2363 2399 2413 si
2427 2369 2610 2429 aperte
2635 2361 2936 2415 diceretur:
2957 2362 3141 2415 Nullus
3162 2369 3473 2416 sanctorum
3491 2360 3827 2432 quibuslibet

2246 2450 2538 2509 virtutibus
2558 2451 2772 2521 plenus,
2806 2466 2873 2505 ex
2925 2453 3029 2505 ista
3082 2459 3261 2505 tamen
3628 2452 3821 2507 mundi

2247 2542 2503 2597 collech
2525 2544 2727 2612 aequari
2760 2550 2959 2612 potest,
2986 2542 3053 2597 de
3082 2558 3189 2611 quo
3222 2542 3427 2596 dictum
3476 2549 3561 2597 est
3604 2559 3622 2596 :
3662 2539 3822 2607 Quod

2246 2641 2491 2686 nascetur
2516 2649 2581 2686 ea:
2601 2641 2650 2686 te
2676 2640 2934 2695 sanciunt,
2957 2613 3222 2685 vocabitur
3259 2628 3434 2685 Filius
3476 2629 3575 2684 Dei
3598 2628 3752 2702 (Lac.
3773 2645 3823 2694 ι,

2244 2721 2358 2791 39).
2397 2719 2507 2776 Nos
2542 2722 2739 2791 quippe
2792 2722 2967 2775 sancti
3001 2720 3283 2787 ellicimur,
3328 2736 3438 2775 non
3489 2728 3672 2775 tamen
3716 2732 3820 2771 na—

2244 2813 2480 2878 scimur,
2508 2814 2637 2884 quia
2684 2814 2800 2883 ipsa
2847 2820 3053 2868 natura:
3511 2810 3826 2868 eniti-In

2244 2904 2698 2973 constringimur,
2747 2911 2808 2957 ut
2851 2918 2974 2956 cum
3025 2904 3287 2971 propheta
3338 2893 3581 2956 dicacis
3616 2916 3635 2953 :
3681 2895 3825 2955 Ean

2244 2987 3895 3061 ιηιίπιἱιιἱιιίιιιίιωὶιιιειταηιιεεριιιδειιι,ειίιδσιίσιει¹

2245 3078 3178 3152 peperitmeinatertnea(Psal.
3234 3098 3302 3145 1.,
3358 3079 3821 3153 7).Illea|t.

2248 3169 2397 3224 solus
2418 3170 2685 3225 veraciter
2710 3178 2930 3225 sanctus
2956 3180 3117 3224 natus
3144 3178 3248 3235 est,
3275 3170 3391 3240 qui,
3416 3170 3669 3241 utipsam
3691 3170 3824 3224 eun-

2248 3262 2505 3317 ditionem
2528 3270 2734 3317 natura:
2753 3264 3015 3328 vinceret,
3050 3278 3115 3317 ex
3164 3262 3535 3318 commistione
3585 3257 3824 3316 αι’-Ε

2250 3536 3004 3605 quidamhzresiarchadixit
3032 3528 3822 3589 :NoninvideoChrisDDea

2251 3624 3155 3694 Iacto;sirolo,etipsepessum
3208 3621 3327 3675 ﬁeri
3380 3638 3398 3674 :
3449 3621 3544 3690 qui
3587 3617 3820 3675 Iesum:

2250 3713 2537 3767 Dominum
2556 3722 2803 3768 nostrum
2827 3728 2935 3766 non
2960 3728 3061 3779 per
3082 3711 3396 3783 mysterium
3416 3708 3823 3779 nuncqui-'3,

2252 3808 2346 3862 sed
2364 3821 2462 3877 per
2486 3805 2786 3877 profectum
2823 3805 3009 3877 gratia:
3058 3806 3224 3859 Deum
3271 3805 3499 3875 putavit,
3563 3817 3822 3875 perversa

2250 3897 2568 3969 aﬂegatione
2595 3906 2866 3961 astruens,
2882 3909 3005 3949 eum
3037 3911 3263 3966 parvum
3290 3895 3568 3950 hominem
3608 3903 3821 3961 natum,

2250 3990 2347 4045 sed
2372 3997 2435 4043 ut
2454 3990 2602 4043 Deus
2622 3996 2767 4043 esset
2790 4004 2888 4058 per
2916 3989 3168 4042 meritum
3194 3985 3523 4057 profecisse;
3552 3993 3718 4054 atque
3749 3982 3825 4039 ob

2251 4078 2756 4141 hocatimans,et
2796 4087 2935 4130 seet
2973 4077 3239 4144 quoslibet
3274 4073 3488 4127 aliosei
3527 4086 3688 4141 posse
3731 4085 3827 4127 co-

2251 4166 2477 4235 aquari,
2489 4166 2581 4233 qui
2599 4166 2695 4219 lilii
2709 4165 2804 4217 Dei
2822 4180 2919 4231 per
2936 4165 3161 4231 gratiam
3178 4163 3343 4225 ﬁunt;
3370 4176 3477 4215 non
3498 4160 3822 4233 intell'gen,

2254 4269 2362 4307 non
2382 4254 2662 4307 attendens
2688 4254 2811 4321 quia
2842 4269 2945 4304 non
2974 4251 3336 4321 adaquabttnr
3368 4250 3417 4301 ei
3464 4252 3731 4319 topazinm
3752 4249 3822 4305 de

2260 4344 2553 4415 ithiopia.
2584 4342 2740 4397 Aliud
2770 4352 2855 4397 est
2912 4342 3055 4395 enim
3096 4349 3279 4393 uatum
3328 4339 3559 4394 hominis
3596 4338 3827 4409 gratia-

2260 4436 2559 4505 adoptionis
2590 4436 2897 4504 percipere;
2950 4432 3097 4487 aliud
3140 4446 3303 4485 unum
3340 4430 3683 4499 singulariter
3726 4440 3831 4496 per

2259 4527 2552 4583 divinitatis
2587 4528 2880 4594 potentiam
2932 4524 3097 4576 Deum
3123 4537 3187 4575 ex
3232 4525 3348 4591 ipso
3393 4529 3651 4588 conceptu
3700 4530 3828 4586 pro-

2261 4618 2462 4672 diisse:
2488 4631 2587 4671 nec
2608 4616 2807 4683 aquari
2841 4624 3013 4683 potest
3036 4614 3201 4682 gloria
3231 4613 3488 4683 unigeniti
3526 4608 3706 4662 habita
3730 4620 3829 4675 per

2264 4712 2530 4766 naturam,
2557 4703 2676 4757 aliis
2694 4713 2909 4771 accepta
2937 4718 3032 4771 per
3060 4706 3309 4774 gratiam.
3344 4700 3605 4753 Mediator
3625 4697 3823 4765 quippe

2263 4795 2360 4850 Dei
2388 4807 2548 4865 atque
2578 4796 2871 4860 hominum,
2900 4796 3060 4849 homo
3078 4796 3324 4848 Christus
3359 4788 3536 4851 Iesus.
3558 4802 3665 4842 non
3688 4788 3831 4842 sicut

2265 4893 2366 4946 iste
2393 4892 2679 4947 haereticus
2702 4892 2913 4959 desipit,
2943 4888 3077 4942 alter
3098 4888 3151 4940 in
3180 4884 3534 4945 humanitate,
3581 4880 3720 4936 alter
3770 4881 3831 4935 in

2267 4982 2474 5037 Deitate
2498 4992 2611 5047 est;
2639 4996 2747 5035 non
2776 4992 2942 5049 purus
2960 4978 3121 5029 homo
3144 4980 3433 5040 conceptus
3456 4972 3826 5043 atqueeditus,

2268 5082 2388 5143 post
2412 5088 2508 5144 per
2529 5072 2805 5133 meritum,
2824 5079 2882 5121 ut
2905 5067 3045 5120 Deus
3071 5070 3235 5128 esset,
3262 5063 3485 5132 accepit,
3542 5063 3638 5119 sed
3690 5076 3832 5115 nun-

2340 5251 2360 5277 ε
2394 5237 2450 5291 S.
2478 5236 2786 5321 (Eregorius,
2811 5232 2931 5287 libr.
2961 5248 2975 5284 I
3003 5230 3208 5293 Moral.,
3238 5248 3353 5301 Cap.
3386 5232 3468 5295 ΞΒ,
3504 5233 3557 5283 in
3585 5228 3683 5285 Job
3708 5241 3825 5297 cap.

2267 5324 2548 5503 ζ’ἐιείῗίᾶῗ
2568 5374 2689 5429 libr.
2734 5390 2851 5437 vni,
2890 5388 3004 5443 cap.
3036 5372 3126 5439 52,
3163 5373 3215 5427 in
3240 5370 3360 5427 Job.
3386 5388 3503 5442 cap.
3538 5383 3731 5431 sunt,
3772 5378 3828 5417 ν.
