4228 6294
521 296 596 393 έθ
1347 327 1408 377 Β.
1450 325 1510 376 l'.
1544 316 1764 376 ALBIM
1803 320 1932 373 Sl‘Jb
1973 317 2126 368 ALCI

2187 313 2241 369 Μ
2282 310 2561 367 υινιιιιυιι
2599 308 2777 362 rans
2811 305 2894 361 ιιι.
3012 358 3015 361 λ
3643 295 3769 369 too.

522 444 858 518 participibus
889 441 991 493 tuis
1029 433 1198 510 (Psal.
1232 450 1373 499 xuv,
1406 434 1481 503 8).
1526 432 1668 501 Ergo
1711 428 1924 496 signare
1971 422 2097 493 quid
2123 429 2172 483 Α
2200 418 2790 518 ταέξεξνᾷει-ξιήιιειίιξα
2813 410 2996 518 inille
3034 425 3137 465 non
3163 417 3238 518 εει
3263 406 3442 518 (loga.
3467 421 3604 509 xvii,
3636 405 3748 518 1‘18).

520 494 947 602 estivliic—eptum
972 494 1166 582 habere
1188 525 1289 578 hoc
1311 494 1413 588 est,
1554 494 1900 589 participibus
1921 513 2085 568 suis.»
2260 506 2481 562 XXXII:
2509 506 2651 596 Dicit
2684 505 2855 602 etiam.
2885 501 3032 599 idem.
3060 496 3312 569 praefatus
3339 494 3505 599 .Pater
3549 496 3609 553 in
3640 494 3753 599 Ilo—

598 585 956 678 XXIX..ltem
987 620 1041 673 in
1071 616 1329 672 Sermone
1377 585 1615 683 ejusdem
1641 585 1821 679 operis
1867 614 2045 678 suml
2076 619 2090 656 :
2190 597 2304 651 mil.
2334 611 2525 659 xxxur,
2552 593 2606 649 in
2632 592 2963 662 expositione
2986 588 3101 657 ejus
3127 586 3425 683 sententiae,
3452 600 3612 683 quam
3640 585 3752 656 ipsa

531 733 557 765 ί
592 675 1009 768 ascendit
1035 710 1089 761 in
1115 705 1318 769 caelum,
1356 675 1457 757 nisi
1485 702 1574 772 qui
1594 700 1661 755 de
1677 675 1807 754 calo
1835 675 2093 751 descendit
2192 686 2404 742 Veritas
2444 683 2639 740 Iudaeis
2681 680 3130 737 calumniantibus
3166 677 3443 772 respondit
3487 694 3501 730 :
3555 675 3617 732 Si
3650 693 3754 772 ego

744 800 983 863 hominis,
1025 798 1112 866 qui
1154 805 1227 850 est
1265 765 1319 849 in
1357 765 1704 862 corio-(10am
1731 804 1814 855 ιιι,
1842 786 1951 857 i5).
1979 783 2095 839 Non
2183 774 2402 866 judico,
2434 774 2694 843 judicium
2724 787 2908 866 meum.
3132 776 3219 866 est.
3251 766 3430 866 (locis.
3643 765 3753 866 {6).

504 789 511 796 ι

534 892 763 957 (ﬁxerat,
812 890 1002 954 Filius,
1045 887 1237 956 inquit,
1282 884 1530 944 hominis,
1572 880 1664 950 qui
1701 885 1819 933 erat
1858 877 1915 931 in
1960 872 2096 929 caelo

526 982 704 1057 ’[Εάἰι.
739 980 898 1035 :Non
923 979 1077 1043 dixit,
1120 986 1253 1041 erat,
1279 974 1374 1029 sed
1399 973 1588 1035 Filius,
1630 969 1823 1057 inquit,
1866 962 2098 1057 hominis

533 1053 625 1142 qui
650 1081 735 1127 est
772 1072 826 1126 in
852 1068 1029 1140 caelo].
1058 1067 1117 1122 In
1149 1075 1295 1121 terra
1323 1063 1663 1133 loquebatur,
1704 1064 1758 1112 et
1785 1056 1841 1112 in
1878 1053 2015 1109 omlo
2042 1066 2101 1142 se

534 1141 655 1219 esse
696 1162 922 1217 dicebat.
969 1150 1192 1229 Etnon'
1228 1156 1306 1209 ita
1347 1153 1523 1208 dixit:
1557 1149 1724 1204 Nemo
1770 1143 2000 1199 ascendit
2043 1141 2101 1194 iu

538 1251 741 1316 calum,
785 1250 885 1303 nisi
923 1249 1013 1319 qui
1053 1246 1120 1300 de
1155 1243 1289 1315 caelo
1328 1240 1616 1304 descendit,
1662 1234 1835 1290 Filius
1878 1230 2100 1286 hominis

533 1340 728 1414 [Edit.,
758 1334 1089 1423 FiiiRDei],
1116 1335 1204 1405 qui
1227 1342 1299 1387 est
1326 1334 1380 1385 in
1408 1329 1553 1423 creto.
1582 1327 1700 1394 Quo
1718 1322 1970 1394 pertinet,
1997 1319 2102 1374 nisi

532 1441 598 1487 ut
632 1421 990 1501 intelligamus
1029 1427 1170 1496 quod
1205 1425 1367 1481 etiam
1404 1421 1630 1493 pristino
1670 1427 1917 1472 sermone
1957 1424 2103 1466 com-

537 1522 788 1579 mendavi
838 1517 1088 1575 charitati
1144 1526 1380 1578 vestrm,
1437 1526 1598 1567 unam
1648 1520 1933 1579 personam
1987 1516 2131 1557 esse.

538 1613 812 1667 Christum
837 1611 1001 1664 Deum
1026 1616 1079 1662 et
1098 1605 1367 1660 hominem
1388 1643 1403 1667 ,
1441 1616 1546 1655 non
1574 1600 1727 1662 duas,
1752 1611 1821 1651 ne
1850 1593 1984 1648 ﬁdes
2010 1604 2106 1644 no-

537 1711 655 1757 stra
681 1716 787 1755 non
813 1699 883 1753 sit
910 1696 1163 1759 Trinitas,
1196 1694 1289 1748 sed
1317 1688 1677 1761 quaternitas?
1702 1684 1949 1739 Christus
1976 1692 2104 1750 ergo

2194 865 2220 905 ά
2250 864 2401 920 Unde
2422 877 2552 933 ergo
2566 876 2750 917 verum
2780 868 2863 915 est
2888 858 3148 937 judicium
3176 855 3308 924 ejus,
3329 856 3432 911 nisi
3449 855 3613 937 769
3632 854 3758 924 quia

2194 972 2356 1012 verus
2388 963 2472 1011 est
2502 953 2705 1010 Filius?
2736 972 2757 1006 ι
2799 952 2940 1007 Ecce
2964 934 3161 1006 verum:
3185 963 3307 1004 eum
3341 934 3637 1003 nominavit
3669 945 3759 1000 Fi-

2196 1049 2348 1113 lium,
2375 1062 2480 1102 non
2506 1047 2845 1115 adoptivum;
2875 1051 2932 1100 et
2965 1057 3092 1099 vere
3123 1042 3452 1106 nominavit,
3490 1041 3614 1110 quia
3640 1046 3763 1093 tan-

2199 1147 2309 1193 tum
2346 1146 2430 1191 est
2474 1136 2616 1191 inter
2654 1149 2839 1190 verum
2883 1133 3078 1189 Filium
3118 1139 3174 1187 et
3216 1131 3521 1200 adoptivum
3566 1129 3758 1196 ﬁlium,

2197 1235 2455 1296 quantum
2493 1225 2632 1279 inter
2656 1238 2843 1278 verum
2872 1230 2926 1278 et
2960 1236 3070 1277 non
3104 1236 3309 1276 verum.
3350 1219 3625 1287 Quomodo
3657 1219 3759 1271 ali-

2198 1314 2326 1386 quid
2353 1314 2409 1369 in
2434 1312 2647 1368 Christo
2678 1312 2959 1375 invenitur,
2998 1311 3103 1365 nisi
3131 1310 3351 1375 veritas,
3380 1309 3472 1379 qui
3498 1309 3574 1362 ait
3600 1326 3612 1360 :
3651 1307 3761 1379 Ego

2199 1420 2313 1459 sum
2340 1405 2441 1467 via,
2472 1412 2520 1458 et
2547 1403 2755 1467 veritas,
2783 1403 2959 1457 eteita
2988 1400 3167 1473 (Ιὸαη.
3193 1416 3304 1464 xxv,
3334 1399 3424 1472 6)?
3450 1398 3516 1453 Et
3537 1397 3763 1467 Aposto-

2200 1493 2284 1548 lus
2313 1511 2326 1546 :
2359 1490 2593 1547 Christus
2617 1500 2693 1545 est
2719 1492 2905 1546 veritas
2931 1489 2983 1561 (1
3009 1489 3167 1543 Joan.
3195 1502 3247 1551 v,
3272 1486 3354 1559 6).

2268 1581 2502 1637 XXXIII.
2526 1581 2658 1637 Item
2671 1582 2724 1635 in
2740 1580 2967 1636 Homilia
2991 1594 3217 1645 xxxmr,
3234 1578 3326 1633 ubi
3346 1577 3414 1633 de
3433 1577 3601 1648 ipsius
3620 1577 3761 1649 veri-

2203 1671 2329 1734 tatis
2349 1669 2663 1726 excellentia
2682 1670 2953 1735 disseruit,
2971 1670 3076 1723 ait:
3099 1679 3122 1707 ο
3144 1686 3162 1718 ι
3180 1668 3298 1737 Ipsa
3314 1674 3398 1722 est
3416 1667 3615 1722 veritas
3627 1666 3762 1723 Ver-

541 1754 681 1843 unus
701 1798 812 1853 est;
840 1787 1073 1841 Verbum
1096 1754 1273 1838 anima
1301 1754 1451 1839 caro,
1472 1791 1613 1832 unus
1634 1774 1912 1834 Christus;
1936 1767 2104 1821 Filius
2134 1754 2179 1815 Β
2201 1764 2329 1818 bum
2348 1761 2464 1824 Dei,
2506 1761 2649 1817 Deus
2675 1763 2816 1832 apud
2845 1762 3035 1827 Deum,
3073 1759 3380 1831 unigenitus
3400 1758 3587 1814 Filius.
3638 1757 3765 1813 Hzec

547 1880 642 1934 Dei
665 1886 718 1931 et
734 1877 908 1932 Filius
926 1874 1180 1937 hominis,
1200 1885 1339 1925 unus
1359 1868 1637 1929 Christus;
1668 1862 1839 1917 Filius
1857 1859 1952 1914 Dei
1971 1871 2110 1913 sem-

539 1984 662 2038 per,
686 1968 854 2021 Filius
872 1963 1105 2021 hominis
1125 1978 1193 2017 ex
1220 1969 1479 2028 tempore,
1504 1964 1685 2010 tamen
1704 1968 1843 2007 unus
1862 1949 2110 2006 Christus

494 2098 509 2105 -
547 2056 841 2131 secundum
865 2053 1123 2109 unitatem
1140 2064 1401 2121 personze.
1424 2047 1479 2102 In
1500 2046 1639 2101 caelo
1660 2052 1797 2108 erat,
1824 2041 2034 2111 quando
2054 2038 2109 2092 in

547 2156 692 2201 terra
714 2146 1054 2216 loquebatur:
1073 2144 1150 2198 sic
1166 2140 1461 2197 ethilius
1480 2136 1713 2193 hominis
1733 2132 1963 2204 inctelo,
1980 2144 2111 2200 quo-

547 2237 704 2291 modo
714 2236 882 2291 Filius
895 2234 989 2299 Dei
1004 2240 1121 2288 erat
1141 2216 1379 2285 interra.
1395 2226 1671 2282 FiliusDei
1691 2226 1746 2278 in
1768 2232 1913 2277 terra
1934 2234 2114 2276 susce-

547 2333 641 2394 pta
653 2339 843 2387 carne;
859 2322 1030 2376 Filius
1049 2320 1282 2376 hominis
1297 2318 1351 2372 in
1366 2316 1503 2373 caelo
1522 2316 1577 2370 in
1599 2315 1803 2369 unitate
1813 2325 2073 2381 personae.
2086 2328 2107 2361 ι

622 2413 788 2468 XXX.
806 2413 943 2467 Ecce
961 2408 1226 2480 quomodo
1249 2408 1348 2463 iste
1358 2406 1519 2461 Pater
1536 2402 1854 2459 venerabilis
1875 2401 2114 2470 adoptio-

550 2503 635 2558 nis
648 2502 844 2557 nomini
858 2516 1027 2571 nuper
1042 2500 1258 2554 inducto
1271 2489 1532 2553 occurrit!
1551 2494 1825 2562 Quomodo
1840 2508 1947 2547 non
1956 2497 2115 2546 erunt

548 2597 779 2661 quatuor
790 2603 1053 2658 personae,
1073 2589 1118 2640 si
1141 2584 1213 2656 [F
1216 2596 1347 2649 orte,
1367 2582 1592 2654 scilicet]
1607 2583 1785 2644 Pater,
1810 2588 1866 2634 et
1882 2578 2115 2647 Spiritus

548 2686 795 2741 sanctus,
820 2685 872 2731 ct
902 2676 1067 2730 Filius
1094 2675 1364 2744 proprius,
1387 2681 1441 2728 et
1469 2672 1607 2726 ﬁlius
1635 2668 1950 2739 adoptivus?
1982 2666 2115 2721 Nam

552 2770 695 2823 sicut
715 2782 854 2836 smpe
875 2766 1127 2827 diximus,
1157 2763 1332 2819 omnis
1358 2763 1450 2831 qui
1476 2777 1663 2817 sanum
1690 2759 1845 2828 sapit,
1871 2758 1975 2813 duo
1998 2773 2117 2812 esse

556 2860 803 2929 intelligit
828 2859 1097 2929 proprium
1128 2865 1183 2911 et
1212 2856 1535 2924 adoptivum,
1570 2853 1708 2907 sicut
1737 2852 1842 2906 duo
1884 2858 2008 2903 sunt
2027 2864 2118 2903 ve-

558 2966 675 3004 rum
690 2959 742 3004 et
755 2966 859 3004 non
873 2962 1078 3003 verum.
1093 2946 1159 3001 Et
1178 2961 1337 3014 quam
1358 2944 1577 3013 impium
1594 2948 1677 2996 est
1691 2940 1794 2994 dici
1811 2939 1945 2993 duos
1959 2937 2114 2999 ﬁlios,

558 3056 724 3095 unum
739 3039 1031 3109 proprium,
1046 3037 1270 3091 alterum
1288 3032 1619 3103 adoptivum!
1637 3030 1831 3085 Contra
1845 3043 2003 3097 quam
2021 3029 2116 3081 im-

2204 1853 2406 1908 veritas
2428 1866 2643 1907 carnem
2672 1852 2856 1906 induta
2882 1859 2963 1906 est
2997 1859 3215 1922 propter
3239 1864 3358 1917 nos,
3405 1857 3467 1904 ut
3510 1849 3575 1905 de
3599 1845 3763 1903 Maria

2206 1942 2413 2012 virgine
2434 1947 2763 2006 nasceretur,
2788 1950 2843 1995 et
2870 1941 3181 2011 impleretur
3202 1940 3514 2011 prophetia:
3564 1937 3762 1994 Veritas

2206 2031 2271 2086 de
2307 2040 2449 2085 terra
2490 2040 2607 2085 orta
2643 2040 2717 2084 est
2742 2030 2910 2102 (Psal.
2940 2046 3160 2096 uxnv,
3190 2029 3301 2101 12).
3354 2027 3479 2088 Haec
3519 2042 3645 2102 ergo
3668 2043 3763 2083 ve—

2208 2124 2341 2178 ritas
2366 2139 2488 2179 cum
2510 2121 2709 2179 Judazis
2727 2100 3050 2192 loqueretur,
3094 2123 3293 2178 latebat
3314 2123 3368 2176 in
3402 2100 3602 2186 carne;
3634 2121 3767 2177 late-

2208 2214 2305 2270 bat
2329 2223 2527 2280 autem,
2582 2230 2690 2269 non
2742 2223 2803 2269 ut
2831 2208 3136 2286 negaretur,
3176 2214 3269 2269 sed
3318 2220 3377 2267 ut
3427 2210 3760 2277 dill'erretur;

2209 2302 2589 2377 [differretur],
2618 2314 2678 2359 ut
2708 2305 2761 2360 in
2781 2320 2943 2360 carne
2972 2312 3248 2375 pateretur
3272 2321 3288 2370 ;
3314 2304 3365 2359 in
3392 2318 3556 2363 carne
3586 2312 3766 2358 autem

2209 2400 2574 2463 pateretur,ut
2600 2408 2726 2449 caro
2752 2394 2956 2464 peccati
2980 2394 3351 2449 redimeretur.
3398 2392 3560 2449 Stans
3584 2394 3765 2464 itaque

2211 2484 2527 2557 conspicuus
2559 2485 2847 2540 secundum
2886 2482 3251 2540 inﬁrmitatem
3304 2485 3483 2540 carnis
3510 2462 3765 2540 Dominus

2212 2554 2396 2629 nostér
2414 2573 2568 2629 Iesus
2595 2574 2859 2639 Christus,
2916 2582 2971 2630 et
2997 2576 3289 2631 secundum
3316 2576 3658 2645 maiestatem
3685 2575 3769 2631 di—
3795 2554 3807 2567 ’

2211 2666 2447 2721 vinitatis
2464 2667 2723 2732 occultus,
2768 2668 2901 2724 dixit
2926 2669 2991 2724 ad
3012 2683 3105 2724 eos
3140 2669 3231 2738 qui
3256 2670 3325 2734 ei,
3378 2670 3501 2724 dum
3527 2670 3641 2723 haec
3684 2667 3766 2721 lo-

2213 2765 2484 2824 queretur,
2517 2758 2889 2814 crediderunt:
2951 2757 3011 2813 Si
3036 2760 3325 2815 manseritis
3352 2760 3409 2813 in
3457 2759 3603 2815 εει-ὁρ
3633 2775 3766 2823 meo,

2214 2865 2327 2904 uere
2349 2848 2587 2920 discipuli
2620 2852 2719 2904 mei
2745 2852 2888 2906 eritis
2939 2851 3120 2924 (Joan.
3158 2868 3279 2918 vut,
3331 2851 3452 2925 5|);
3487 2852 3576 2923 qui
3624 2852 3768 2907 enim

2215 2939 2602 3006 perseveraverit
2644 2956 2804 3007 usque
2824 2941 2877 2995 in
2903 2942 3081 3010 ﬁnem,
3132 2940 3215 2996 hic
3237 2940 3418 2995 saluus
3436 2942 3532 2995 erit
3556 2940 3766 3009 (Matth.

2218 3042 2275 3090 ι,
2300 3026 2424 3098 22);
2455 3036 2503 3080 et
2529 3030 2839 3097 cognoscetis
2863 3031 3145 3094 veritatem,
3174 3045 3292 3099 qua
3315 3030 3472 3085 modo
3496 3045 3591 3085 vos
3618 3030 3768 3094 latet,

558 3094 808 3200 pietatem
831 3094 1030 3183 ganeae
1049 3126 1169 3181 ﬁdei
1191 3094 1452 3195 professio
1478 3123 1531 3176 in
1552 3120 1812 3192 symbolo,
1835 3094 1975 3187 q—uod
1995 3118 2117 3171 bea-
2143 3094 2187 3153 C
2218 3094 2523 3184 (alloquitur
2545 3094 2718 3181 vobis,
2761 3128 2808 3170 et
2842 3116 3032 3176 raritas
3060 3094 3293 3173 liberabit
3330 3135 3416 3174 vos
3463 3119 3623 3189 (Ibid.
3659 3120 3769 3191 δε).

561 3230 649 3275 tus
666 3220 900 3274 Isidorus
924 3218 979 3271 in
1000 3215 1353 3286 Etymologiis
1377 3212 1690 3281 composuit,
1720 3209 1999 3263 manifeste
2022 3220 2120 3274 pu-

563 3318 711 3377 gnat,
751 3309 933 3363 dicens
954 3308 982 3347 ιι
1014 3325 1026 3359 :
1065 3325 1083 3356 ι
1115 3306 1254 3374 Ergo
1275 3304 1369 3357 Dei
1394 3302 1557 3355 Filius
1594 3299 1820 3355 hominis
1849 3298 2018 3352 factus
2041 3302 2121 3351 est

567 3394 754 3461 Filius,
776 3402 931 3447 natus
951 3392 1238 3447 secundum
1267 3390 1539 3444 veritatem
1567 3395 1771 3441 natura:
1794 3402 1859 3441 ex
1892 3386 2002 3441 Deo
2027 3384 2118 3439 Dei

566 3485 775 3561 Filius;
791 3495 845 3540 et
868 3484 1157 3539 secundum
1182 3482 1459 3536 veritatem
1481 3489 1687 3534 natura:
1706 3494 1772 3533 ex
1791 3478 2008 3538 homine
2027 3477 2123 3530 ho-

568 3574 729 3631 minis
764 3576 951 3639 Filius,
987 3582 1047 3627 ut
1069 3574 1266 3626 veritas
1290 3569 1544 3639 unigeniti
1582 3567 1776 3638 [Edit.,
1800 3563 1987 3636 geniti]
2016 3579 2124 3618 non

570 3661 852 3730 adoptione
861 3701 875 3725 ,
889 3675 1058 3728 neque
1071 3658 1419 3728 appellatione
1435 3655 1579 3726 [Εάίι
1590 3694 1602 3708 .
1614 3695 1629 3720 ,
1640 3652 2017 3723 apparitione],
2032 3652 2125 3707 sed

572 3752 627 3806 in
647 3762 873 3820 utraque
892 3749 1168 3802 nativitate
1178 3747 1297 3800 Filii
1317 3762 1509 3800 nomen
1529 3747 1794 3800 nascendo
1810 3746 2048 3807 haberet,
2066 3751 2125 3796 ut

572 3847 711 3894 esset
732 3854 889 3893 verus
902 3839 1043 3893 Deus
1054 3845 1107 3891 et
1120 3850 1276 3889 verus
1296 3835 1453 3889 homo
1472 3850 1610 3913 unus
1628 3834 1855 3913 Filius.)
1874 3833 1987 3887 Non
1999 3849 2127 3903 ergo

575 3933 707 3985 duos
735 3930 994 3992 Christos,
1016 3942 1187 3996 neque
1207 3925 1541 3992 duosFilios,
1570 3906 1662 3979 sed
1692 3906 1857 3979 Deum
1879 3932 1934 3979 et
1958 3925 2128 3979 homi-

575 4032 697 4069 nem
726 4032 888 4071 unum
912 4014 1121 4075 Filium,
1154 4030 1309 4083 quem
1337 4023 1615 4085 propterea
1642 4015 1969 4083 unigenitum
1997 4014 2130 4067 dici-

578 4121 712 4168 mus,
752 4112 1051 4158 manentem
1090 4105 1149 4157 in-
1180 4104 1382 4160 duabus
1411 4096 1738 4168 substantiis,
1776 4105 1915 4158 sicut
1945 4104 1994 4157 ei
2036 4119 2130 4157 na-

577 4203 708 4247 tur-.c
740 4194 933 4247 veritas
954 4193 1191 4247 contulit.

649 4282 834 4336 XXXI.
858 4282 986 4336 Item
1006 4282 1418 4350 praenominatus
1433 4256 1590 4335 Pater
1609 4284 1933 4350 Augustinus
1952 4284 2005 4337 in
2027 4283 2132 4337 Ho-

2219 3202 2358 3257 Nihil
2394 3212 2476 3259 est
2514 3205 2653 3259 enim
2693 3206 2834 3261 aliud
2885 3208 3097 3277 proprie
3147 3206 3358 3277 liberat,
3402 3208 3503 3263 nisi
3546 3208 3772 3263 liberum

2219 3294 2374 3361 facit;
2432 3297 2694 3366 quomodo
2744 3298 2875 3352 nihil
2903 3308 2985 3353 est
3009 3298 3150 3352 aliud
3195 3298 3381 3360 salvat,
3417 3300 3534 3373 nisi
3564 3299 3774 3352 salvum
3850 3284 3855 3287 ῆ

2220 3386 2367 3443 facit.
2432 3388 2575 3443 Nihil
2612 3390 2754 3444 aliud
2787 3399 2869 3445 est
2891 3391 3043 3453 ditat,
3089 3392 3192 3445 nisi
3245 3392 3459 3445 divitem
3485 3392 3641 3455 facit;
3698 3390 3776 3444 sic

2208 3478 2412 3533 diberat
2461 3479 2593 3534 nihil
2635 3487 2717 3534 est
2766 3480 2927 3544 aliud,
2982 3480 3083 3535 nisi
3117 3480 3343 3535 liberum
3382 3481 3529 3535 facit.
3567 3502 3584 3533 ι
3642 3479 3777 3546 .Qois

2224 3569 2358 3626 alius
2382 3569 2574 3628 liberat
2604 3585 2722 3637 nos,
2764 3571 2868 3626 nisi
2918 3571 3182 3637 Christus,
3234 3572 3326 3641 qui
3352 3579 3434 3625 est
3478 3572 3677 3625 veritas
3723 3578 3780 3623 et

2220 3674 2381 3716 verus
2406 3658 2587 3725 Filius,
2642 3670 2699 3715 et
2710 3676 2870 3717 verus
2898 3662 3176 3726 liberator,
3200 3661 3267 3715 de
3289 3676 3394 3729 quo
3416 3661 3528 3729 ipse
3548 3660 3779 3715 Joannes

2222 3751 2544 3821 evangelista
2578 3746 2680 3805 aiti
2711 3749 2891 3805 Sciens
2918 3758 3085 3804 autem
3110 3749 3402 3823 Jesurquia
3422 3750 3564 3802 dedit
3594 3749 3640 3802 ei
3671 3746 3781 3800 Pa;

2222 3851 2300 3893 ter
2328 3839 2580 3901 omniain
2624 3856 2809 3893 manus
2840 3838 3018 3910 (Joan.
3050 3856 3173 3906 xm,
3202 3839 3279 3910 5).
3348 3838 3404 3892 Si
3428 3853 3532 3891 non
3555 3836 3701 3891 dedit
3724 3835 3775 3889 ei

2224 3934 2284 3981 ut
2302 3940 2463 3981 verus
2487 3935 2631 3981 esset
2652 3927 2838 3992 Filius,
2876 3944 2980 3981 non
3015 3929 3194 3982 omnia
3239 3927 3382 3981 dedit
3406 3927 3457 3980 ei
3492 3927 3545 3980 in
3569 3940 3778 3987 manus,

2227 4018 2279 4072 id
2303 4025 2403 4077 est,
2456 4016 2509 4071 in
2533 4024 2888 4085 potestatem;
2934 4024 2989 4070 et
3041 4014 3233 4069 falsum
3284 4023 3367 4068 est
3408 4016 3550 4082 quod
3602 4021 3781 4066 tantus

2226 4109 2356 4164 dicit
2397 4109 2745 4179 evangelista,
2788 4110 2930 4178 quod
2980 4108 3356 4179 impiissimum
3396 4115 3477 4162 est
3522 4107 3777 4173 cogitare.

2132 4234 2135 4237 -
2228 4199 2366 4255 Dicit
2388 4198 2527 4267 enim
2572 4198 2684 4265 ipse
2713 4198 2965 4259 Dominus
2997 4197 3275 4252 Christus:
3322 4194 3589 4249 Iudicium
3612 4211 3781 4246 meum

2227 4303 2398 4341 rerum
2422 4272 2525 4349 est,
2558 4288 2681 4354 quia
2703 4285 2843 4338 solus
2888 4300 2989 4337 non
3034 4299 3169 4348 sum,
3215 4282 3304 4335 sed
3331 4298 3443 4351 ego,
3490 4289 3539 4334 et
3578 4282 3666 4349 qui
3703 4298 3782 4333 me

578 4373 689 4424 mil.
714 4388 837 4424 xxvi
862 4372 986 4425 dicit
1013 4373 1064 4424 in
1105 4385 1168 4424 eo
1208 4370 1344 4434 loco,
1389 4370 1476 4424 ubi
1522 4372 1847 4425 Dominicam
1884 4372 2202 4442 exposuit“
2230 4373 2365 4427 misit
2413 4369 2573 4426 Pater
2622 4370 2803 4442 (Joan.
2851 4388 2985 4437 vni,
3038 4369 3169 4442 l6);
3234 4379 3489 4438 tanquam
3542 4368 3778 4422 diceret:

480 4516 483 4521 _
580 4460 893 4513 sententiam
927 4478 939 4512 :
976 4459 1076 4522 Qui
1105 4476 1136 4510 a
1166 4460 1432 4528 semetipso
1471 4460 1715 4529 loquitur,
1755 4459 1974 4530 gloriam
2008 4462 2139 4531 pro-3

580 4547 745 4615 priam
782 4547 961 4612 (μιαίνει
1000 4544 1176 4613 (Joau.
1212 4562 1307 4611 \‘II,
1347 4545 1452 4615 18).
1486 4557 1508 4583 ο
1544 4564 1561 4595 ι
1598 4546 1733 4611 Quid
1764 4555 1818 4600 tu
1855 4549 2017 4604 homo
2052 4548 2129 4602 fa-

582 4649 700 4689 ccre
723 4634 898 4695 debes,
940 4635 1051 4701 qui,
1085 4634 1296 4703 quando
1332 4634 1529 4702 aliquid
1564 4635 1687 4687 boni
1725 4634 1877 4701 facis,
1908 4638 2131 4706 gloriam

584 4734 729 4778 tuam
746 4724 967 4791 quatris;
990 4725 1199 4793 quando
1216 4724 1605 4793 autem'aliquid
1621 4725 1742 4779 mali
1757 4725 1903 4791 facis,
1925 4726 2031 4783 Deo
2044 4745 2132 4783 ca-

584 4815 833 4869 lumniam
858 4815 1161 4868 meditaris?
1179 4816 1393 4870 Intende
1416 4816 1533 4881 tibi,
1549 4826 1791 4871 creatura
1809 4832 1886 4883 es,
1907 4834 2132 4888 agnosce

586 4914 897 4959 creatorem.
932 4901 1129 4957 Servus
1156 4919 1233 4970 es,
1262 4921 1328 4959 ne
1356 4913 1661 4960 contemnas
1687 4905 1871 4973 Deum.
1901 4907 2133 4976 Adopta-

590 5004 671 5047 tus
695 5010 773 5057 es,
806 4997 897 5049 sed
925 5010 1029 5048 non
1058 4996 1261 5049 meritis
1292 4997 1424 5061 tuis;
1462 5012 1639 5064 quaere
1676 4996 1897 5066 gloriam
1930 4997 2064 5065 ejus,
2104 5011 2134 5049 a

2152 4420 2203 4479 D

2229 4463 2350 4517 Ideo
2367 4460 2622 4532 judicium
2641 4476 2815 4515 meum
2843 4476 3026 4515 verum
3053 4469 3154 4522 est,
3182 4460 3304 4528 quia
3327 4442 3668 4523 verusFilius
3688 4456 3784 4510 Dei

2231 4565 2371 4615 sum,
2398 4551 2522 4619 quia
2548 4565 2729 4607 verum
2755 4550 2965 4618 loquor,
2994 4548 3117 4614 quia
3146 4547 3260 4615 ipsa
3288 4545 3488 4599 veritas
3524 4560 3622 4614 ego
3644 4559 3781 4603 sum.

2301 4639 2533 4696 XXXIV.
2549 4638 2629 4692 Ad
2644 4638 3097 4692 confirmationem
3112 4636 3268 4705 hujus
3278 4650 3465 4690 sensus
3480 4634 3617 4688 idem
3630 4632 3787 4685 Pater

2231 4733 2285 4787 in
2323 4728 2549 4784 Homilia
2575 4726 2842 4804 tricesima
2868 4735 3013 4780 sexta
3050 4727 3121 4779 ita
3151 4726 3388 4794 loquitur
3416 4724 3479 4778 de
3508 4738 3595 4785 eo,
3646 4721 3787 4790 quod

2228 4820 2475 4875 Christus
2496 4818 2604 4902 ait:
2638 4816 2806 4869 Multa
2827 4818 2986 4870 habeo
3014 4816 3077 4869 de
3110 4816 3246 4869 vobis
3276 4816 3417 4885 loqui
3454 4826 3502 4869 et
3522 4815 3786 4883 judicare,

2230 4912 2318 4964 sed
2338 4910 2427 4981 qui
2472 4925 2549 4962 me
2585 4909 2723 4964 misit
2762 4924 2916 4963 ueras
2949 4917 3021 4961 est
3052 4906 3229 4978 (Joan.
3253 4921 3369 4967 vm,
3394 4905 3483 4975 9.6)
3516 4922 3529 4969 ;
3564 4904 3581 4941 ί
3615 4924 3631 4953 ι
3666 4912 3786 4960 tau-

2233 5019 2392 5073 quam
2418 5004 2645 5061 diceret:
2686 5000 2808 5055 Ideo
2829 5016 3009 5055 verum
3041 5002 3174 5064 dico,
3226 5000 3349 5068 quia
3375 4998 3540 5052 Filius
3582 4998 3788 5051 veracis

589 5100 694 5152 (Ιυο
720 5086 881 5138 1131363
906 5086 1041 5139 hanc
1067 5086 1294 5155 gramm
1329 5086 1487 5139 homo
1514 5087 1811 5154 adoptatus.
1842 5087 1992 5155 cuius
2027 5086 2140 5157 8Ῐο-
2234 5096 2433 5151 veritas
2458 5109 2595 5157 sum,
2627 5093 2783 5146 Pater
2803 5107 2962 5147 verax
2987 5102 3085 5154 est,
3112 5091 3275 5145 Filius
3293 5090 3511 5143 veritas.
3540 5109 3555 5143 ι
3584 5089 3650 5142 Ει
3670 5096 3791 5155 post

592 5176 722 5227 riam
750 5176 1019 5243 quaesivit,
1048 5177 1140 5244 qui
1194 5184 1274 5231 est
1321 5177 1387 5229 ab
1435 5175 1522 5229 illo
1573 5177 1763 5231 unicus
1809 5186 1983 5231 natus.
2038 5176 2139 5240 Qui

591 5274 759 5318 autem
796 5269 977 5334 qua'rit
1033 5269 1249 5337 gloriam
1296 5269 1405 5338 ejus
1444 5268 1531 5335 qui
1556 5270 1693 5323 misit
1718 5260 1885 5331 illum,
1942 5270 2023 5322 hic
2056 5284 2139 5321 re-

665 5433 689 5459 ιι
724 5420 899 5475 Tract.
930 5438 1071 5475 xxv"
1102 5423 1152 5475 in
1178 5421 1327 5477 Joan.
1359 5440 1503 5479 num.
1532 5424 1583 5478 ι.

664 5488 690 5525 b
724 5490 780 5542 In
828 5491 1169 5561 Etymologiis
1218 5507 1327 5561 non,
1371 5494 1662 5559 reperimus
1713 5494 1855 5546 hunc
1906 5503 2137 5557 textum,

596 5570 749 5676 auem
790 5562 969 5612 videas
1008 5560 1259 5628 in'opere
1298 5560 1363 5614 de
1408 5561 1655 5617 Doctrina
1701 5571 1754 5617 et
1797 5562 1897 5616 ﬁde
1936 5563 2136 5619 Eccles.

633 5638 919 5676 osmatum.
949 5642 1062 5676 can.
1093 5630 1144 5676 9-

666 5638 919 5693 gmatum,
949 5642 1062 5697 cap.
1093 5630 1144 5684 2.

2237 5201 2433 5255 pauca:
2492 5201 2510 5233 ι
2544 5183 2630 5236 Ait
2650 5184 2790 5237 enim
2816 5182 3150 5253 apertissime
3189 5182 3299 5248 ipse
3351 5181 3631 5233 Dominus:
3680 5177 3789 5245 Ego

2238 5292 2353 5329 sum
2382 5276 2461 5327 uia
2491 5284 2537 5326 et
2558 5276 2744 5327 veritas
2763 5284 2809 5326 et
2844 5275 2965 5327 vita.
2992 5272 3154 5341 Ergo,
3181 5273 3225 5326 si
3262 5272 3425 5326 Filius
3445 5270 3665 5334 veritas,
3691 5267 3789 5321 Pa-

2313 5437 2334 5464 ε
2374 5427 2549 5480 Tract.
2583 5442 2731 5487 xxxx,
2757 5410 2997 5491 num.',8..

2310 5494 2336 5533 ά
2374 5494 2551 5549 Tract.
2581 5509 2743 5558 xxxv,
2778 5509 2921 5551 num.
2954 5494 2995 5547 7.

2320 5575 2343 5602 ο
2384 5564 2565 5619 Tract.
2592 5581 2699 5625 xu,
2728 5578 2871 5629 num.
2901 5564 2949 5613 1.

2321 5631 2340 5670 ⁸
2383 5632 2560 5687 Tract.
2588 5647 2770 5696 XXXIX,
2799 5646 2942 5697 num.
2971 5630 3021 5688 7.
