4228 6240
608 318 711 374 103

1422 292 1481 372 ιὰ.
1517 314 1580 371 r.
1620 315 1844 370 ALBINI
1883 313 2014 369 seu
2051 310 2326 367 suum
2364 310 2648 369 orsum:
2685 309 2863 366 rans
2896 307 2982 367 ιιι.

3716 310 3821 369 105

601 430 697 486 ιςιί
715 442 847 485 vero
873 425 1086 483 dicunt:
1115 426 1240 483 Non
1261 424 1390 491 ἀις
1420 442 1519 483 nec
1546 427 1911 482 testimonium
1931 431 2165 494 paternae
2193 427 2242 482 A
2268 422 2395 488 lem,
2423 426 2704 479 veritatem
2741 427 2793 480 in
2816 440 2874 479 se
2894 424 3080 480 forma
3115 424 3390 494 utriusque
3438 425 3769 509 demonstrat
3800 445 3818 484 :

600 515 770 582 vocis,
822 530 923 569 nec
950 515 1116 583 ipsius
1160 514 1254 569 Dei
1272 513 1469 568 Christi
1507 514 1872 568 testimonium
1899 512 2166 587 recipien-

602 614 705 665 tes.
752 604 843 673 qui
886 603 992 657 alio
1020 604 1137 658 loco
1161 603 1264 656 ait:
1319 602 1450 655 Etsi
1490 618 1583 671 ego
1625 602 1969 655 testimonium
1986 599 2161 669 perhi-

604 695 696 747 beo
716 693 1005 760 demeipso,
1026 694 1371 746 testimonium
1389 707 1741 745 meumuerum
1765 698 1863 753 est.
1891 692 2015 759 quia
2033 689 2162 750 scio,

604 780 741 833 unde
768 781 932 844 uenio,
958 790 1007 833 et
1031 797 1133 849 quo
1164 780 1294 834 uado
1323 778 1505 850 (Ioan.
1527 795 1647 843 vut,
1679 778 1787 851 η).
1836 778 1905 832 Et
1928 779 2155 832 iterum:

603 866 717 936 Ego
736 886 874 933 sum,
924 869 1013 937 qui
1030 869 1377 922 testimonium
1428 869 1667 933 perhibeo
1687 869 1753 920 de
1771 868 1983 935 meipso,
2014 876 2063 919 et
2091 877 2165 919 ιε-

600 960 897 1013 ειὶηιοιιίιηι
911 959 1135 1028 perhibet
1154 958 1216 1010 de
1229 976 1326 1021 me,
1337 960 1425 1027 qui
1443 959 1579 1012 misit
1594 975 1673 1011 me
1686 955 1847 1010 Pater
1866 955 2026 1026 (Ibid.
2052 956 2160 1025 18).

604 1048 730 1102 Haec
752 1057 811 1102 ut
836 1049 983 1111 libet,
1005 1049 1095 1116 qui
1121 1048 1291 1116 legat,
1309 1048 1582 1117 intelligat.
1630 1047 1737 1101 Nos
1760 1046 1830 1101 ad
1856 1054 2165 1101 sanctorum

600 1138 822 1193 Patrum
854 1140 1095 1204 exempla
1120 1140 1409 1210 colligenda
1448 1147 1798 1197 revertamur.

670 1226 951 1281 XXXVIII.
979 1228 1109 1281 Nam
1133 1236 1350 1283 sanctus
1364 1228 1691 1299 Augustinus
1713 1230 1766 1283 in
1792 1228 2020 1282 Humilia
2032 1244 2165 1298 qua-

598 1318 902 1388 dragesima
918 1328 1069 1373 sexta
1096 1335 1235 1388 stupe
1252 1320 1377 1374 dicti
1400 1318 1591 1390 Operis
1603 1321 1685 1373 sic
1708 1320 1786 1373 ait
1798 1331 1823 1358 ο
1846 1337 1859 1372 :
1890 1337 1909 1369 ι
1930 1318 2163 1374 Frcmuit

598 1410 807 1477 spiritu,
839 1419 887 1461 et
932 1410 1155 1462 turbarit
1198 1412 1425 1479 «ipsum
1448 1451 1464 1475 ,
1503 1419 1553 1463 et
1598 1404 1751 1473 dixit,
1790 1410 1878 1463 ubi
1920 1411 2163 1480 posuistis

598 1515 717 1550 eum
752 1496 932 1567 (Ioan.
964 1514 1044 1560 ιι,
1074 1499 1219 1569 '35)?
1266 1499 1460 1554 Nescio
1512 1499 1639 1567 quid
1669 1499 1823 1553 nobis
1874 1500 2166 1553 insinuavit

598 1585 874 1639 fremendo
888 1583 1099 1652 spiritu,
1119 1585 1446 1640 etturbando
1466 1588 1719 1656 seipsum.
1742 1585 1875 1652 Quis
1886 1587 2029 1640 enim
2041 1600 2164 1640 eum

596 1675 768 1745 possit
817 1675 919 1729 nisi
974 1675 1210 1744 seipsum
1253 1675 1745 1743 turbare?Itaque,
1794 1672 1989 1728 fratres
2034 1676 2161 1739 mei,

2262 522 2324 568 ut
2342 522 2400 568 et
2442 515 2727 569 humanam
2754 516 2946 584 probet
2993 515 3331 585 imparilitas,
3359 523 3414 571 et
3437 517 3669 571 divinam
3724 519 3823 575 de-

2261 602 2432 657 claret
2453 606 2749 672 aequalitas.
2781 602 3043 671 Maiestati
3073 604 3237 673 igitur
3279 604 3399 659 Filii
3431 606 3525 661 Dei
3558 622 3821 678 corporea

2261 693 2514 747 nativitas
2532 693 2665 748 nihil
2692 693 2928 759 abstulit,
2976 693 3110 748 nihil
3133 694 3397 761 contulit;
3423 697 3546 765 quia
3568 698 3822 755 substan-

2262 784 2339 837 tia
2385 785 2836 842 incommutabilis
2874 803 2974 844 nec
3025 789 3192 843 minui
3246 790 3420 859 potuit
3464 805 3564 845 nec
3612 792 3816 861 augeri.

2262 873 2415 940 Quod
2462 876 2602 930 enim
2635 877 2867 931 Verbum
2894 893 3025 932 caro
3046 864 3055 872 ’
3080 877 3280 932 factum
3325 887 3440 942 est,
3463 895 3578 953 _non
3608 881 3711 935 hoc
3744 882 3820 935 si-

2261 963 2499 1030 gniﬁcat,
2532 965 2674 1033 quod
2700 965 2752 1019 in
2779 982 2997 1021 carnem
3019 968 3090 1026 sit
3111 966 3207 1021 Dei
3234 975 3424 1021 natura
3470 968 3697 1034 mutata,
3726 970 3821 1026 Sed

2261 1054 2404 1120 quod
2430 1068 2461 1106 a
2491 1054 2669 1109 Verbo
2694 1056 2746 1108 in
2768 1057 3028 1111 unitatem
3066 1070 3308 1127 personze
3332 1058 3403 1111 sit
3431 1074 3561 1113 caro
3601 1074 3821 1131 suscep-

2264 1150 2350 1206 ta;
2380 1143 2438 1195 in
2464 1143 2619 1213 cujus
2656 1146 2841 1213 utique
2891 1148 3107 1201 nomine
3132 1148 3290 1202 homo
3342 1156 3487 1205 totus
3534 1151 3815 1220 accipitur,

2261 1248 2385 1287 cum
2417 1248 2525 1303 quo
2544 1233 2686 1287 intra
2710 1234 2935 1304 virginis
2955 1238 3163 1291 viscera
3186 1246 3375 1292 sancto
3402 1236 3602 1308 Spiritu
3633 1240 3817 1294 fecun-

2260 1321 2407 1387 data,
2438 1331 2495 1377 et
2520 1339 2790 1392 nunquam
2804 1326 3109 1397 virginitate
3133 1330 3392 1393 caritura,
3415 1338 3525 1384 tam
3546 1331 3821 1400 insepara-

2260 1411 2441 1487 biliter
2476 1413 2570 1468 Dei
2593 1414 2757 1469 Filius
2784 1426 2868 1471 est
2890 1416 3092 1480 unitos,
3124 1427 3186 1472 ut
3210 1421 3301 1489 qui
3342 1428 3460 1475 erat
3487 1422 3817 1491 intempora-

2261 1499 2387 1554 liter
2434 1502 2502 1556 de
2520 1504 2751 1557 essentia
2779 1505 2955 1561 Patris
2982 1509 3215 1577 genitus,
3259 1509 3373 1579 ipse
3401 1511 3473 1564 sit
3508 1504 3817 1582 temporali-

2261 1597 2347 1666 ter
2369 1590 2438 1644 de
2458 1599 2612 1647 utero
2638 1594 2861 1663 virginis
2885 1604 3062 1651 natus.
3088 1617 3109 1650 ι

598 1764 770 1832 primo
786 1764 873 1818 hic
895 1764 1148 1819 attendite
1172 1774 1512 1834 potestatem,
1528 1773 1585 1820 et
1595 1766 1677 1819 sic
1688 1765 1941 1832 inquirite
1959 1764 2158 1834 signiti-

2262 1787 2616 1853 dilectissimi,
2642 1802 2697 1846 et
2726 1799 2837 1846 toto
2859 1795 3020 1849 corde
3040 1804 3124 1850 est
3143 1753 3525 1865 condiendum,
3543 1803 3681 1869 quod

596 1854 883 1907 cationem.
913 1853 1170 1908 Turbaris
1212 1863 1286 1908 tu.
1318 1856 1543 1919 nolens;
1595 1854 1843 1909 turbatur
1868 1855 2117 1909 Christus
2141 1896 2156 1920 ,

597 1941 724 2011 quia
748 1943 933 1996 voluit.
958 1943 1194 1998 Esurivit
1228 1942 1407 2010 Iesus,
1436 1961 1625 2000 verum
1647 1953 1763 2011 est,
1812 1947 1941 2020 quia
1970 1946 2155 2000 voluit.

606 2029 867 2084 Dormivit
890 2029 1068 2096 Iesus,
1096 2049 1283 2088 verum
1308 2041 1410 2099 est,
1439 2035 1565 2104 quia
1596 2035 1781 2089 voluit.
1802 2034 2161 2090 Contristatus

598 2128 685 2173 est
708 2117 865 2173 Iesus
889 2159 905 2183 ,
937 2134 1124 2174 verum
1164 2131 1269 2186 est,
1309 2123 1402 2177 sed
1429 2124 1555 2191 quia
1580 2123 1766 2178 voluit.
1810 2123 2050 2177 Mortuus
2077 2131 2164 2177 est

599 2207 774 2275 Iesus,
809 2226 996 2266 verum
1024 2222 1125 2278 est,
1155 2215 1279 2283 quia
1298 2214 1478 2269 voluit.
1506 2216 1564 2268 In
1583 2215 1725 2268 illius
1749 2222 2015 2284 potestate
2040 2222 2162 2271 erat

496 2302 508 2317 '
598 2302 681 2355 sic
698 2300 783 2373 vel
831 2303 913 2357 sic
941 2302 1100 2369 allici,
1144 2305 1228 2358 vel
1257 2319 1363 2358 non
1384 2303 1543 2359 afﬁci.
1572 2305 1787 2369 Veram,
1820 2306 2015 2374 inquit,
2044 2306 2160 2359 ani—

600 2407 747 2447 mam
782 2395 1023 2462 suscepit
1045 2403 1098 2448 et
1120 2410 1368 2461 carnem,
1396 2395 1560 2450 totius
1601 2396 1833 2459 hominis
1872 2396 1973 2452 sibi
1998 2412 2160 2468 coap-

578 2487 718 2536 ‘taus
743 2482 797 2535 in
823 2497 1065 2551 personae
1106 2485 1363 2538 unitatem
1406 2494 1674 2538 naturam.
1723 2484 1857 2539 Nam
1883 2493 1938 2539 et
1977 2486 2159 2542 anima

598 2573 825 2642 apostoli
849 2574 1015 2628 verbo
1040 2574 1307 2629 illustrata
1332 2582 1417 2630 est
1441 2592 1457 2639 ;
1500 2576 1680 2632 anima
1717 2574 1868 2630 Pauli
1898 2584 1953 2629 et
1977 2577 2159 2629 anima

599 2662 743 2716 Petri
791 2663 957 2718 verbo
1010 2664 1277 2718 illustrata
1317 2674 1434 2728 est;
1485 2665 1711 2719 aliorum
1761 2666 2120 2735 apostolorum
2139 2706 2156 2731 ,

602 2763 909 2808 sanctorum
954 2756 1338 2824 prophetarum
1384 2755 1546 2809 verbo
1574 2756 1847 2810 “lustrata:
1872 2764 1999 2811 sunt
2043 2758 2160 2811 ani-

602 2856 723 2905 mae,
769 2842 863 2895 sed
886 2842 953 2896 de
976 2842 1123 2895 nulla
1173 2843 1373 2897 dictaui
1397 2853 1481 2897 est
1510 2861 1523 2897 :
1575 2843 1688 2913 Ego
1731 2854 1780 2897 et
1820 2854 1969 2914 pater
1994 2862 2156 2899 arium

601 2952 779 2990 unus
810 2935 991 3007 (Ioan.
1028 2952 1084 3001 ι,
1126 2936 1237 3006 30).
1262 2936 1451 2990 Anima
1498 2936 1699 2991 Christi
1724 2947 1778 2991 et
1799 2953 1926 2991 caro
1952 2938 2156 2993 Christi

599 3039 724 3094 cum
752 3026 928 3081 Verbo
951 3026 1046 3081 Dei
1072 3043 1176 3081 una
1201 3042 1429 3097 persona
1455 3036 1557 3093 est,
1583 3043 1722 3081 unus
1758 3027 2003 3082 Christus
2036 3037 2150 3094 est;

595 3131 669 3175 ac
691 3131 789 3186 per
811 3116 937 3183 hoc,
963 3116 1053 3171 ubi
1078 3133 1284 3172 summa
1308 3126 1568 3187 potestas,
1598 3118 1888 3172 secundum
1913 3120 2156 3173 volunta-

604 3207 678 3261 tis
696 3214 884 3261 nutum
902 3208 1150 3261 turbatur
1171 3206 1475 3271 inﬁrmitas,
1498 3208 1599 3262 hoc
1626 3215 1725 3272 est,
1752 3208 1987 3289 turbavit
2000 3206 2153 3280 [Μι.

600 3297 859 3369 turbabit]
889 3299 1257 3369 semetipsum.
1299 3320 1318 3351 ι

552 3472 555 3475 Α
659 3392 873 3449 XXXIX
883 3435 898 3448 .
913 3394 1323 3453 Consideremus
1332 3414 1543 3469 quoque
1554 3402 1682 3470 quid
1695 3400 1803 3458 Leo
1814 3418 1949 3473 papa
1961 3403 2158 3458 Roma-

600 3499 723 3548 nus,
743 3484 830 3538 vir
848 3484 904 3539 in
923 3484 1028 3541 [ide
1048 3487 1311 3542 catholica
1337 3491 1736 3556 veracissimus,
1757 3500 1813 3547 et
1836 3493 1890 3545 in
1906 3491 2158 3561 eloquen—

496 3643 508 3657 ‘
604 3574 679 3626 tia
707 3572 1043 3629 clarissimus
1062 3574 1131 3631 de
1159 3577 1351 3632 divinae
1375 3579 1427 3632 in
1450 3578 1663 3634 Christo
1688 3590 1745 3634 et
1762 3581 2010 3636 humanm
2029 3594 2160 3636 cun-

602 3661 772 3717 sortio
785 3670 991 3716 natura:
1010 3673 1246 3719 enarret.
1269 3666 1360 3720 Ait
1385 3666 1529 3721 enim
1554 3668 1624 3720 ita
1650 3668 1704 3721 in
1728 3668 1969 3735 homilia,
1994 3684 2157 3740 quam

600 3752 671 3815 de
692 3752 971 3807 nativitate
1001 3753 1211 3807 Domini
1242 3755 1413 3808 nostri
1442 3754 1567 3809 Iesu
1593 3755 1794 3810 Christi
1836 3759 2053 3827 scripsit
2079 3760 2105 3799 δ
2140 3778 2153 3810 :

604 3858 626 3891 ε
662 3841 861 3896 Verum
890 3852 992 3905 est,
1044 3844 1188 3911 quod
1218 3834 1408 3897 beatus
1460 3842 1692 3897 Ioannes
1734 3843 1945 3913 Spiritu
1972 3856 2160 3902 sancto

601 3932 792 4000 plenus
820 3933 1086 3987 intonuit:
1131 3933 1196 3987 In
1223 3935 1475 4003 principio
1516 3944 1626 3987 erat
1664 3933 1907 4002 Verbum,
1938 3948 1985 3990 et
2035 3937 2162 3991 Ver-

605 4023 728 4076 bum
760 4032 872 4076 erat
895 4023 1033 4093 apud
1058 4022 1242 4086 Deum,
1269 4033 1316 4076 et
1347 4023 1483 4076 Deus
1503 4034 1612 4076 erat
1646 4023 1887 4077 Verbum.
1919 4025 2031 4079 Hoc
2049 4039 2159 4081 erat

565 4161 571 4166 .
602 4120 659 4173 in
681 4120 931 4190 principio
958 4119 1095 4188 apud
1122 4118 1321 4196 Deum,
1349 4119 1521 4172 omnia
1544 4135 1634 4187 per
1658 4119 1824 4188 ipsum
1850 4118 1989 4187 facta
2018 4130 2156 4185 sunt,

605 4220 651 4262 et
678 4210 786 4263 sine
810 4210 921 4278 ipso
960 4208 1155 4275 factum
1185 4217 1259 4259 est
1290 4207 1435 4259 nihil.
1470 4208 1535 4260 Et
1579 4208 1823 4261 similiter
1842 4224 2027 4263 verum
2054 4218 2157 4275 est,

605 4302 743 4369 quod
762 4302 901 4355 idem
929 4300 1248 4369 praedicator
1274 4299 1500 4368 adjecit:
1541 4298 1764 4353 Verbum
1812 4318 1933 4353 caro
1963 4304 2160 4371 factum

604 4398 699 4450 est,
727 4396 778 4439 et
814 4387 1058 4441 habitavit
1082 4388 1136 4439 in
1163 4388 1305 4441 nobis
1326 4428 1340 4453 ,
1371 4398 1417 4441 et
1446 4389 1666 4441 vidimus
1708 4388 1929 4459 gloriam
1972 4391 2155 4461 ipsius,
2188 4414 2239 4474 υ
2263 4407 2364 4479 μη]

605 4475 822 4544 gloriam
846 4478 994 4545 quasi
1024 4478 1271 4545 unigeniti
1295 4496 1327 4530 a
1364 4478 1537 4531 Patre.
1572 4480 1631 4531 In
1656 4488 1883 4549 utraque
1914 4498 2041 4553 ergo
2064 4501 2161 4538 na-

607 4572 726 4617 tura
748 4564 887 4617 idem
916 4573 996 4617 est
1038 4566 1128 4618 Dei
1177 4565 1343 4619 Filius
1384 4576 1564 4620 nostra
1594 4570 1909 4638 suscipiens,
1958 4582 2159 4642 apro.

606 4654 723 4722 pria
752 4668 857 4707 non
878 4654 1124 4709 amittens
1146 4696 1159 4720 ,
1185 4656 1235 4709 in
1260 4657 1473 4710 homine
1502 4659 1769 4713 hominem
1794 4676 2075 4727 renovans,
2104 4666 2156 4717 in

610 4759 667 4799 se
707 4746 1151 4799 incommutabilis
1198 4763 1568 4816 perseverans.
1613 4749 1791 4803 Deitas
1832 4752 1971 4804 enim
2000 4794 2013 4815 ,
2043 4770 2159 4822 qum

610 4834 717 4887 illic
770 4833 974 4906 [Forte,
1002 4833 1097 4904 illi]
1135 4849 1256 4887 cum
1281 4836 1437 4890 Patre
1468 4840 1765 4891 communis
1806 4848 1885 4891 est
1908 4880 1921 4903 ,
1955 4842 2157 4895 nullum

611 4918 984 4978 detrimentum
1020 4925 1412 4992 omnipotentiae
1459 4929 1641 4992 subiit,
1671 4944 1769 4983 nec
1795 4929 1887 4983 Dei
1932 4931 2154 4986 formam

608 5013 749 5067 servi
774 5012 943 5068 forma
971 5015 1187 5070 violavit
1217 5033 1229 5068 :
1254 5018 1380 5085 quia
1415 5032 1623 5074 summa
1647 5030 1701 5075 et
1727 5024 2049 5091 sempiterna
2074 5040 2159 5079 es-

611 5104 800 5167 sentia,
850 5120 1052 5173 quase
1079 5108 1144 5161 ad
1190 5108 1405 5162 humani
1451 5112 1661 5178 generis
1700 5114 1971 5168 inclinavit
2020 5116 2159 5170 salu-

611 5194 742 5261 tem,
770 5210 869 5250 nos
895 5199 1107 5267 quidem
1136 5200 1189 5254 in
1231 5216 1382 5257 suam
1431 5203 1653 5273 gloriam
1707 5209 2011 5274 transtulit,
2064 5213 2159 5267 sed

611 5285 754 5354 quod
800 5294 934 5347 erat,
968 5300 1087 5342 esse
1114 5304 1217 5342 non
1242 5287 1463 5347 desistit.
1522 5294 1672 5353 Unde
1700 5313 1821 5353 cum
1860 5301 2162 5369 unigenitus

612 5372 706 5432 Dei
734 5377 997 5432 minorem
1024 5392 1083 5432 se
1112 5377 1269 5434 Patre
1291 5382 1573 5439 conﬁtetur
1590 5431 1604 5453 ,
1635 5384 1719 5442 cui
1748 5404 1807 5444 se
1834 5388 1964 5444 dicit
1984 5408 2162 5462 requa—

680 5516 708 5590 :
730 5506 981 5590 μοι,
1019 5518 1173 5566 tract.
1205 5514 1417 5590 quin
1446 5530 1563 5585 cap.
1592 5535 1644 5573 ιι
1690 5519 1866 5590 Ioan.,
1904 5539 2046 5580 num.
2073 5528 2158 5584 18.

809 5572 1089 5648 ιεόρειρθ,
1116 5597 1275 5654 sem.
1299 5572 1529 5654 27,Acap:
1559 5590 1580 5640 l
1615 5572 1670 5643 et
1688 5572 1740 5643 εξ

683 5650 705 5681 ⁸
736 5642 898 5714 Idem,
928 5642 1085 5703 scim.
1115 5650 1203 5713 30,
1237 5666 1349 5721 cap.
1377 5642 1428 5704 λι.

2258 1879 2534 1946 generatio
2557 1920 2573 1943 ,
2622 1897 2728 1950 qua
2754 1882 2987 1938 Verbum
3032 1896 3087 1940 et
3116 1902 3244 1942 caro
3272 1928 3288 1953 ,
3322 1878 3524 1955 idest,
3578 1893 3719 1947 Deus
3762 1903 3819 1947 et

2256 1970 2440 2036 homo,
2465 1987 2604 2027 unus
2627 1974 2722 2028 Dei
2772 1974 2958 2040 Filius,
3008 1993 3252 2048 unusque
3294 1979 3541 2035 Christus
3569 1981 3815 2048 ellicitnr,

2257 2076 2422 2131 super
2444 2077 2658 2117 omnem
2678 2065 2937 2135 originem
2964 2069 3209 2122 humanm
3222 2071 3508 2124 creationis
3531 2073 3761 2127 excellit.
3792 2095 3811 2125 ι

2256 2151 2389 2207 Item
2430 2160 2552 2221 post
2579 2170 2746 2223 pauca
2776 2157 2828 2209 in
2856 2158 3039 2211 eadem
3068 2160 3287 2212 homilia
3319 2178 3333 2212 :
3380 2180 3398 2212 ι
3434 2160 3700 2217 Nativitas
3722 2180 3819 2220 au-

2258 2248 2365 2295 tem
2388 2242 2595 2297 Domini
2622 2246 2788 2300 nostri
2813 2244 2936 2300 Iesu
2959 2246 3156 2302 Christi
3182 2265 3393 2304 omnem
3414 2251 3819 2324 intelligentiam

2255 2340 2494 2400 superat,
2521 2341 2577 2389 et
2600 2344 2791 2390 cuncta
2819 2338 3061 2407 exempla
3093 2342 3424 2395 transcendit
3454 2361 3467 2394 :
3496 2358 3599 2398 nec
3642 2353 3821 2415 potest

2255 2420 2380 2476 ease
2409 2422 2533 2477 ullis
2554 2426 2948 2495 comparabilis,
2979 2444 3098 2497 qua:
3140 2438 3226 2483 est
3253 2430 3391 2485 inter
3413 2435 3592 2488 omnia
3638 2436 3821 2509 singu-

2254 2512 2406 2566 laris.
2444 2532 2464 2565 ι

2325 2601 2486 2671 772
2514 2602 2649 2657 XLI.
2694 2605 2984 2662 Videamus
3009 2610 3152 2678 quod
3186 2619 3371 2668 tantus
3406 2614 3566 2669 Pater
3607 2624 3663 2670 et
3706 2626 3818 2674 tam

2256 2691 2543 2759 praclarus
2574 2695 2757 2749 doctor
2799 2713 3011 2751 omnem
3040 2700 3437 2771 intelligentiam
3486 2704 3687 2761 Christi
3716 2722 3816 2762 na-

2258 2779 2525 2835 tivitatem
2551 2785 2813 2840 excedere
2851 2793 3179 2855 pronuntiat.
3209 2792 3345 2857 Quid
3390 2796 3479 2849 isti
3519 2798 3641 2851 novi
3667 2812 3820 2854 scru-

2256 2873 2459 2923 tatores
2482 2884 2794 2927 arcanorum
2818 2875 2907 2929 Dei
2932 2892 2989 2930 se
3008 2881 3316 2935 existimant
3334 2882 3651 2955 intelligere,
3674 2887 3817 2954 quod

2255 2957 2461 3027 antiqui
2488 2959 2677 3016 Patres
2718 2973 2774 3017 et
2799 2966 3044 3021 catholici
3090 2970 3336 3025 doctores
3360 2987 3417 3026 se
3462 2974 3673 3031 nescire
3699 2991 3819 3046 pro-

2259 3045 2385 3102 fessi
2428 3060 2593 3116 sunt;
2620 3054 2757 3108 sicut
2806 3056 2969 3112 Isaias
2991 3075 3202 3128 quoque
3246 3065 3507 3132 propheta
3559 3082 3816 3123 arcanum
3890 3046 3906 3061 ”

2256 3138 2555 3195 nativitatis
2579 3143 2722 3199 illius
2769 3160 2889 3201 esse
2935 3158 3162 3204 testatur
3211 3153 3476 3209 ineffabile
3505 3174 3517 3219 ;
3548 3164 3604 3211 et
3630 3158 3733 3213 hoc
3759 3159 3815 3214 in

2254 3243 2323 3283 eo
2342 3229 2480 3295 loco,
2502 3232 2593 3286 ubi
2620 3233 2687 3288 de
2723 3237 3067 3294 humanitatis
3088 3242 3318 3312 injuriis,
3347 3260 3485 3314 quas
3510 3262 3611 3317 pro
3631 3256 3816 3305 nostra

2253 3332 2513 3386 passurus
2531 3330 2649 3376 erat
2673 3323 2863 3391 salute,
2893 3326 3105 3385 locutus
3130 3338 3214 3385 est
3240 3349 3254 3384 :
3279 3331 3434 3406 ~Sicut
3460 3337 3571 3389 ouis
3592 3336 3661 3389 ad
3683 3336 3820 3391 oeci-

2255 3407 2454 3463 sionem
2500 3411 2741 3478 ducetur,
2781 3418 2999 3486 σεσειαή
3044 3435 3210 3489 agnus
3238 3437 3414 3475 coram
3458 3425 3702 3479 tondente
3728 3424 3820 3480 ab-

2256 3504 2500 3550 mutescet
2528 3516 2547 3563 ,'
2576 3510 2627 3553 et
2653 3518 2756 3555 non
2798 3506 2998 3574 aperuit
3021 3522 3079 3559 os
3119 3523 3291 3574 sum,
3338 3518 3387 3563 et
3415 3510 3480 3564 de
3497 3516 3741 3583 angustia
3768 3525 3819 3571 et

2256 3585 2321 3638 de
2326 3586 2532 3655 judicio
2552 3589 2788 3647 sublatus
2812 3604 2910 3658 est,
2933 3597 3311 3666 generationem
3334 3598 3449 3668 ejus
3460 3600 3575 3669 quis
3600 3619 3819 3659 enarra-

2260 3672 2332 3725 bit
2354 3672 2509 3744 (Isai.
2537 3693 2654 3742 un,
2675 3678 2730 3743 7,
2757 3678 2812 3751 8)
2836 3681 2860 3733 ?

2328 3779 2484 3837 XLII.
2519 3785 2669 3842 Sicut
2698 3796 2752 3843 et
2777 3790 2876 3845 iste
2897 3792 3036 3848 idem
3057 3794 3166 3848 Leo
3193 3796 3245 3850 in
3275 3797 3377 3852 alia
3406 3799 3691 3853 confirmat
3716 3801 3819 3855 ho-

2258 3872 2406 3925 milia
2431 3872 2457 3912 δ
2489 3892 2503 3926 :
2533 3894 2552 3926 ι
2582 3877 2803 3932 Excedit
2824 3881 3057 3946 quidem,
3088 3884 3281 3951 inquit,
3302 3886 3656 3953 dilectissimi,
3684 3888 3821 3943 mul-

2262 3968 2478 4032 tumque
2500 3969 2859 4035 supereminet
2900 3970 3116 4033 humani
3152 3964 3347 4043 eioquii
3384 3975 3692 4033 facultatem
3740 3979 3820 4034 di-

2258 4050 2368 4104 vini
2390 4056 2566 4122 operis
2587 4060 2914 4127 magnitudo,
2934 4068 2987 4114 et
3011 4062 3132 4115 inde
3151 4066 3325 4120 oritur
3345 4066 3628 4122 difﬁcultas
3650 4068 3818 4133 fandi,

2259 4140 2401 4193 unde
2426 4142 2585 4222 adest
2616 4147 2749 4199 ratio
2778 4164 2882 4201 non
2909 4152 3113 4207 tacendi
3141 4172 3153 4205 :
3198 4156 3323 4222 quia
3355 4157 3405 4209 in
3434 4155 3559 4212 Iesu
3602 4159 3821 4212 Christo

2260 4228 2395 4283 Filio
2422 4230 2517 4285 Dei
2541 4218 2645 4287 non
2674 4236 2844 4290 solum
2868 4238 2933 4290 ad
2954 4240 3189 4295 divinam
3208 4245 3519 4308 essentiam,
3545 4246 3638 4299 sed
3658 4245 3820 4299 etiam

2263 4319 2331 4371 ad
2358 4320 2646 4377 humanam
2672 4338 2946 4394 exspectat
2980 4330 3128 4399 [Ms.,
3174 4344 3457 4403 Spectant;
3485 4336 3653 4399 Edit.,
3676 4352 3825 4407 spec-

2395 4419 2638 4467 naturam
2672 4456 2685 4480 ,
2725 4420 2864 4485 quod
2912 4421 3111 4476 dictum
3171 4435 3254 4477 est
3304 4441 3402 4494 per
3450 4426 3818 4495 Prophetam:

2263 4498 2653 4558 Cenerationem
2683 4510 2796 4577 ejus
2846 4513 2959 4580 quis
2991 4514 3299 4566 enarrabit?
3344 4516 3633 4585 Utramque
3675 4520 3820 4573 enim

2259 4592 2614 4647 substantiam
2638 4597 2689 4650 in
2716 4614 2873 4651 unam
2903 4603 3215 4656 convenisse
3250 4621 3533 4673 personam
3562 4608 3663 4660 nisi
3690 4609 3823 4662 ﬁdes

2259 4684 2463 4747 credat,
2505 4698 2681 4739 sermo
2714 4704 2815 4739 non
2846 4691 3077 4757 explicat
3110 4711 3121 4745 :
3156 4702 3208 4746 et
3250 4695 3369 4749 ideo
3392 4712 3661 4763 nunquam
3691 4697 3821 4751 dell—

2257 4769 2331 4823 cit
2357 4772 2580 4824 materia
2607 4774 2792 4837 laudis,
2820 4778 2941 4843 quia
2971 4796 3241 4847 nunquam
3269 4780 3820 4850 suﬂlciteopialauda-

2260 4860 2410 4913 toris.
2442 4859 2775 4917 Gaudeamus
2804 4866 2979 4935 igitur,
3027 4870 3167 4937 quod
3187 4870 3251 4922 ad
3280 4870 3630 4941 eloquendum
3661 4881 3821 4927 tantae

2259 4949 2643 5005 misericordiae
2687 4966 3079 5010 sacramentum
3108 4960 3336 5029 impares
3364 4976 3550 5016 sumus
3574 4978 3587 5026 ;
3618 4971 3817 5019 etcum

2260 5037 2448 5092 salutis
2486 5050 2680 5096 nostrai
2728 5044 3057 5101 altitudinem
3096 5048 3385 5123 [promere]
3426 5066 3531 5105 non
3558 5050 3818 5115 valemus,

2258 5131 2553 5185 sentiamus
2597 5134 2748 5187 nobis
2772 5134 2969 5190 bonum
3014 5156 3155 5204 esse,
3198 5143 3339 5209 quod
3382 5146 3665 5200 vincimur.
3702 5167 3720 5199 ι
3754 5146 3820 5199 Et

2258 5224 2563 5289 postpauca
2591 5222 2728 5276 idem
2756 5223 2913 5280 Pater
2942 5229 2995 5281 in
3043 5230 3231 5283 eadem
3251 5233 3469 5288 homilia
3502 5248 3525 5274 ο
3556 5254 3568 5287 :
3605 5254 3622 5284 ι
3654 5236 3820 5290 Reos-

2260 5306 2389 5362 dant
2415 5312 2621 5379 procul.
2647 5321 2805 5381 atque
2832 5316 2889 5371 in
2910 5319 3156 5373 tenebras
3187 5336 3310 5375 suas
3343 5327 3597 5379 recedant
3622 5324 3818 5400 [E‘dit.,

2261 5399 2411 5470 eant]
2434 5401 2803 5460 hacreticarum
2828 5418 3069 5464 monstra
3094 5414 3398 5482 Opinionum
3426 5424 3481 5472 et
3509 5399 3819 5475 insaharum

2332 5529 2358 5611 ἒ
2387 5530 2553 5611 lilii“,
2584 5536 2865 5611 sem-2.9»
2888 5553 2988 5611 cap
3026 5543 3077 5597 ί.

2338 5610 2361 5637 ο
2387 5599 2542 5663 lbid.,
2576 5616 2736 5655 serm.
2763 5599 2989 5676 δαίτης.
3023 5610 3075 5677 5,
3114 5612 3166 5677 ϐ,
3200 5612 3249 5665 7.
