  <div class='ocr_page' id='page_1' title='image "/cluster/home/n/w/nwhite01/storage/ocr_20150623/101/uva.x000834944/061.png"; bbox 0 0 4228 6250; ppageno 0'>
   <div class='ocr_carea' id='block_1_1' title="bbox 611 280 711 334">
    <p class='ocr_par' dir='ltr' id='par_1_1' title="bbox 611 280 711 334">
     <span class='ocr_line' id='line_1_1' title="bbox 611 280 711 334; baseline 0 -2"><span class='ocrx_word' id='word_1_1' title='bbox 611 280 711 334; x_wconf 77' lang='grc'><strong>107</strong></span> 
     </span>
    </p>
   </div>
   <div class='ocr_carea' id='block_1_2' title="bbox 1413 266 2974 327">
    <p class='ocr_par' dir='ltr' id='par_1_2' title="bbox 1413 266 2974 327">
     <span class='ocr_line' id='line_1_2' title="bbox 1413 266 2974 327; baseline -0.002 -1"><span class='ocrx_word' id='word_1_2' title='bbox 1413 271 1473 326; x_wconf 84' lang='grc' dir='ltr'><strong>Β.</strong></span> <span class='ocrx_word' id='word_1_3' title='bbox 1511 270 1573 327; x_wconf 86' lang='lat' dir='ltr'><strong>F.</strong></span> <span class='ocrx_word' id='word_1_4' title='bbox 1616 269 1838 326; x_wconf 82' lang='lat' dir='ltr'><strong>ALBINI</strong></span> <span class='ocrx_word' id='word_1_5' title='bbox 1877 268 2007 325; x_wconf 82' lang='lat' dir='ltr'><strong>SEII</strong></span> <span class='ocrx_word' id='word_1_6' title='bbox 2039 266 2317 325; x_wconf 80' lang='lat' dir='ltr'><strong>ALCUINI</strong></span> <span class='ocrx_word' id='word_1_7' title='bbox 2351 267 2637 326; x_wconf 72' lang='lat' dir='ltr'><strong>OPERUH</strong></span> <span class='ocrx_word' id='word_1_8' title='bbox 2676 267 2854 324; x_wconf 80' lang='lat' dir='ltr'><strong>PARS</strong></span> <span class='ocrx_word' id='word_1_9' title='bbox 2891 269 2974 325; x_wconf 83' lang='lat' dir='ltr'><strong>III.</strong></span> 
     </span>
    </p>
   </div>
   <div class='ocr_carea' id='block_1_3' title="bbox 3722 272 3826 328">
    <p class='ocr_par' dir='ltr' id='par_1_3' title="bbox 3722 272 3826 328">
     <span class='ocr_line' id='line_1_3' title="bbox 3722 272 3826 328; baseline 0.029 -3"><span class='ocrx_word' id='word_1_10' title='bbox 3722 272 3826 328; x_wconf 72' lang='grc'><strong>108</strong></span> 
     </span>
    </p>
   </div>
   <div class='ocr_carea' id='block_1_4' title="bbox 606 377 3833 460">
    <p class='ocr_par' dir='ltr' id='par_1_4' title="bbox 606 377 3833 460">
     <span class='ocr_line' id='line_1_4' title="bbox 606 377 3833 460; baseline -0.002 -17"><span class='ocrx_word' id='word_1_11' title='bbox 606 400 852 460; x_wconf 69' lang='lat' dir='ltr'><strong>quaerens</strong></span> <span class='ocrx_word' id='word_1_12' title='bbox 877 394 1128 455; x_wconf 91' lang='lat' dir='ltr'><strong>tanquam</strong></span> <span class='ocrx_word' id='word_1_13' title='bbox 1155 382 1370 447; x_wconf 76' lang='lat' dir='ltr'><strong>fratres,</strong></span> <span class='ocrx_word' id='word_1_14' title='bbox 1400 390 1457 438; x_wconf 92' lang='lat' dir='ltr'><strong>et</strong></span> <span class='ocrx_word' id='word_1_15' title='bbox 1478 390 1786 438; x_wconf 73' lang='lat' dir='ltr'><strong>contestans</strong></span> <span class='ocrx_word' id='word_1_16' title='bbox 1824 394 2004 457; x_wconf 87' lang='lat' dir='ltr'><strong>coram</strong></span> <span class='ocrx_word' id='word_1_17' title='bbox 2024 377 2175 434; x_wconf 82' lang='lat' dir='ltr'><strong>Chri-</strong></span> <span class='ocrx_word' id='word_1_18' title='bbox 2200 379 2251 439; x_wconf 77' lang='grc' dir='ltr'><strong>Α</strong></span> <span class='ocrx_word' id='word_1_19' title='bbox 2276 380 2580 444; x_wconf 72' lang='lat' dir='ltr'><strong>suscitetur,</strong></span> <span class='ocrx_word' id='word_1_20' title='bbox 2611 388 2665 433; x_wconf 86' lang='lat' dir='ltr'><strong>et</strong></span> <span class='ocrx_word' id='word_1_21' title='bbox 2692 379 2970 435; x_wconf 75' lang='lat' dir='ltr'><strong>catholicae</strong></span> <span class='ocrx_word' id='word_1_22' title='bbox 3014 377 3135 433; x_wconf 80' lang='lat' dir='ltr'><strong>fidei</strong></span> <span class='ocrx_word' id='word_1_23' title='bbox 3166 377 3422 434; x_wconf 87' lang='lat' dir='ltr'><strong>interiore</strong></span> <span class='ocrx_word' id='word_1_24' title='bbox 3450 380 3644 438; x_wconf 90' lang='lat' dir='ltr'><strong>mentis</strong></span> <span class='ocrx_word' id='word_1_25' title='bbox 3677 384 3833 439; x_wconf 83' lang='lat' dir='ltr'><strong>ocqu</strong></span> 
     </span>
    </p>
   </div>
   <div class='ocr_carea' id='block_1_5' title="bbox 607 460 2175 543">
    <p class='ocr_par' dir='ltr' id='par_1_5' title="bbox 607 460 2175 543">
     <span class='ocr_line' id='line_1_5' title="bbox 607 460 2175 543; baseline -0.008 -10"><span class='ocrx_word' id='word_1_26' title='bbox 607 489 692 533; x_wconf 88' lang='lat' dir='ltr'><strong>sto</strong></span> <span class='ocrx_word' id='word_1_27' title='bbox 715 482 770 530; x_wconf 86' lang='lat' dir='ltr'><strong>et</strong></span> <span class='ocrx_word' id='word_1_28' title='bbox 807 474 992 530; x_wconf 83' lang='lat' dir='ltr'><strong>electis</strong></span> <span class='ocrx_word' id='word_1_29' title='bbox 1016 472 1328 543; x_wconf 77' lang='lat' dir='ltr'><strong>angelis,~ut</strong></span> <span class='ocrx_word' id='word_1_30' title='bbox 1370 470 1730 527; x_wconf 88' lang='lat' dir='ltr'><strong>Ecclesiarum</strong></span> <span class='ocrx_word' id='word_1_31' title='bbox 1756 483 1857 539; x_wconf 83' lang='lat' dir='ltr'><strong>pax</strong></span> <span class='ocrx_word' id='word_1_32' title='bbox 1873 460 2037 523; x_wconf 57' lang='lat' dir='ltr'><strong>‘salva</strong></span> <span class='ocrx_word' id='word_1_33' title='bbox 2065 480 2175 522; x_wconf 83' lang='lat' dir='ltr'><strong>ser-</strong></span> 
     </span>
    </p>
   </div>
   <div class='ocr_carea' id='block_1_6' title="bbox 602 557 2175 631">
    <p class='ocr_par' dir='ltr' id='par_1_6' title="bbox 602 557 2175 631">
     <span class='ocr_line' id='line_1_6' title="bbox 602 557 2175 631; baseline -0.005 -11"><span class='ocrx_word' id='word_1_34' title='bbox 602 574 784 631; x_wconf 81' lang='lat' dir='ltr'><strong>vetur,</strong></span> <span class='ocrx_word' id='word_1_35' title='bbox 822 572 879 618; x_wconf 90' lang='lat' dir='ltr'><strong>et</strong></span> <span class='ocrx_word' id='word_1_36' title='bbox 913 562 1209 618; x_wconf 71' lang='lat' dir='ltr'><strong>concordia:</strong></span> <span class='ocrx_word' id='word_1_37' title='bbox 1235 560 1615 628; x_wconf 88' lang='lat' dir='ltr'><strong>cbaritatisque</strong></span> <span class='ocrx_word' id='word_1_38' title='bbox 1660 558 1927 613; x_wconf 84' lang='lat' dir='ltr'><strong>vinculum</strong></span> <span class='ocrx_word' id='word_1_39' title='bbox 1955 557 2175 625; x_wconf 89' lang='lat' dir='ltr'><strong>indisso-</strong></span> 
     </span>
    </p>
   </div>
   <div class='ocr_carea' id='block_1_7' title="bbox 605 646 2174 721">
    <p class='ocr_par' dir='ltr' id='par_1_7' title="bbox 605 646 2174 721">
     <span class='ocr_line' id='line_1_7' title="bbox 605 646 2174 721; baseline -0.007 -12"><span class='ocrx_word' id='word_1_40' title='bbox 605 654 779 721; x_wconf 43' lang='lat' dir='ltr'><strong>lubile,</strong></span> <span class='ocrx_word' id='word_1_41' title='bbox 811 658 1022 706; x_wconf 88' lang='lat' dir='ltr'><strong>maneat</strong></span> <span class='ocrx_word' id='word_1_42' title='bbox 1063 650 1428 705; x_wconf 84' lang='lat' dir='ltr'><strong>sacerdotibus</strong></span> <span class='ocrx_word' id='word_1_43' title='bbox 1471 647 1587 709; x_wconf 83' lang='lat' dir='ltr'><strong>Dei,</strong></span> <span class='ocrx_word' id='word_1_44' title='bbox 1634 646 1884 717; x_wconf 92' lang='lat' dir='ltr'><strong>quoniam</strong></span> <span class='ocrx_word' id='word_1_45' title='bbox 1928 660 2174 715; x_wconf 83' lang='lat' dir='ltr'><strong>magnum</strong></span> 
     </span>
    </p>
   </div>
   <div class='ocr_carea' id='block_1_8' title="bbox 606 733 2176 812">
    <p class='ocr_par' dir='ltr' id='par_1_8' title="bbox 606 733 2176 812">
     <span class='ocr_line' id='line_1_8' title="bbox 606 733 2176 812; baseline -0.006 -16"><span class='ocrx_word' id='word_1_46' title='bbox 606 751 681 798; x_wconf 78' lang='lat' dir='ltr'><strong>est</strong></span> <span class='ocrx_word' id='word_1_47' title='bbox 729 742 931 812; x_wconf 84' lang='lat' dir='ltr'><strong>pietatis</strong></span> <span class='ocrx_word' id='word_1_48' title='bbox 981 747 1381 802; x_wconf 76' lang='lat' dir='ltr'><strong>sacramentum,</strong></span> <span class='ocrx_word' id='word_1_49' title='bbox 1434 737 1572 807; x_wconf 86' lang='lat' dir='ltr'><strong>quod</strong></span> <span class='ocrx_word' id='word_1_50' title='bbox 1620 735 1954 803; x_wconf 77' lang='lat' dir='ltr'><strong>manifestum</strong></span> <span class='ocrx_word' id='word_1_51' title='bbox 2001 741 2076 786; x_wconf 81' lang='lat' dir='ltr'><strong>est</strong></span> <span class='ocrx_word' id='word_1_52' title='bbox 2120 733 2176 787; x_wconf 86' lang='lat' dir='ltr'><strong>in</strong></span> 
     </span>
    </p>
   </div>
   <div class='ocr_carea' id='block_1_9' title="bbox 608 818 2171 897">
    <p class='ocr_par' dir='ltr' id='par_1_9' title="bbox 608 818 2171 897">
     <span class='ocr_line' id='line_1_9' title="bbox 608 818 2171 897; baseline -0.006 -15"><span class='ocrx_word' id='word_1_53' title='bbox 608 845 783 893; x_wconf 88' lang='lat' dir='ltr'><strong>carne,</strong></span> <span class='ocrx_word' id='word_1_54' title='bbox 824 825 1172 897; x_wconf 82' lang='lat' dir='ltr'><strong>justiﬁcatum</strong></span> <span class='ocrx_word' id='word_1_55' title='bbox 1216 834 1289 879; x_wconf 81' lang='lat' dir='ltr'><strong>est</strong></span> <span class='ocrx_word' id='word_1_56' title='bbox 1318 826 1373 878; x_wconf 84' lang='lat' dir='ltr'><strong>in</strong></span> <span class='ocrx_word' id='word_1_57' title='bbox 1418 825 1622 894; x_wconf 75' lang='lat' dir='ltr'><strong>spiritu,</strong></span> <span class='ocrx_word' id='word_1_58' title='bbox 1671 822 1914 893; x_wconf 77' lang='lat' dir='ltr'><strong>apparuit</strong></span> <span class='ocrx_word' id='word_1_59' title='bbox 1954 818 2171 889; x_wconf 79' lang='lat' dir='ltr'><strong>angelis,</strong></span> 
     </span>
    </p>
   </div>
   <div class='ocr_carea' id='block_1_10' title="bbox 605 909 2170 987">
    <p class='ocr_par' dir='ltr' id='par_1_10' title="bbox 605 909 2170 987">
     <span class='ocr_line' id='line_1_10' title="bbox 605 909 2170 987; baseline -0.005 -18"><span class='ocrx_word' id='word_1_60' title='bbox 605 917 944 987; x_wconf 73' lang='lat' dir='ltr'><strong>prwdicatum</strong></span> <span class='ocrx_word' id='word_1_61' title='bbox 973 924 1047 968; x_wconf 76' lang='lat' dir='ltr'><strong>est</strong></span> <span class='ocrx_word' id='word_1_62' title='bbox 1076 915 1341 983; x_wconf 78' lang='lat' dir='ltr'><strong>gentibus,</strong></span> <span class='ocrx_word' id='word_1_63' title='bbox 1384 913 1633 966; x_wconf 78' lang='lat' dir='ltr'><strong>creditum</strong></span> <span class='ocrx_word' id='word_1_64' title='bbox 1658 920 1731 965; x_wconf 81' lang='lat' dir='ltr'><strong>est</strong></span> <span class='ocrx_word' id='word_1_65' title='bbox 1755 912 1810 964; x_wconf 88' lang='lat' dir='ltr'><strong>in</strong></span> <span class='ocrx_word' id='word_1_66' title='bbox 1837 910 1932 963; x_wconf 86' lang='lat' dir='ltr'><strong>hoc</strong></span> <span class='ocrx_word' id='word_1_67' title='bbox 1960 909 2170 973; x_wconf 87' lang='lat' dir='ltr'><strong>mundo,</strong></span> 
     </span>
    </p>
   </div>
   <div class='ocr_carea' id='block_1_11' title="bbox 607 999 2176 1074">
    <p class='ocr_par' dir='ltr' id='par_1_11' title="bbox 607 999 2176 1074">
     <span class='ocr_line' id='line_1_11' title="bbox 607 999 2176 1074; baseline -0.002 -17"><span class='ocrx_word' id='word_1_68' title='bbox 607 1012 925 1074; x_wconf 75' lang='lat' dir='ltr'><strong>assumptum</strong></span> <span class='ocrx_word' id='word_1_69' title='bbox 970 1012 1045 1057; x_wconf 81' lang='lat' dir='ltr'><strong>est</strong></span> <span class='ocrx_word' id='word_1_70' title='bbox 1090 1005 1145 1056; x_wconf 87' lang='lat' dir='ltr'><strong>in</strong></span> <span class='ocrx_word' id='word_1_71' title='bbox 1172 1002 1339 1071; x_wconf 81' lang='lat' dir='ltr'><strong>gloria</strong></span> <span class='ocrx_word' id='word_1_72' title='bbox 1385 1001 1436 1071; x_wconf 90' lang='lat' dir='ltr'><strong>(I</strong></span> <span class='ocrx_word' id='word_1_73' title='bbox 1468 1000 1599 1054; x_wconf 85' lang='lat' dir='ltr'><strong>Tim.</strong></span> <span class='ocrx_word' id='word_1_74' title='bbox 1632 1017 1717 1066; x_wconf 87' lang='grc' dir='ltr'>ιιι,</span> <span class='ocrx_word' id='word_1_75' title='bbox 1750 999 1857 1070; x_wconf 79' lang='grc'><strong>16),</strong></span> <span class='ocrx_word' id='word_1_76' title='bbox 1892 999 2035 1070; x_wconf 92' lang='lat' dir='ltr'><strong>[cum</strong></span> <span class='ocrx_word' id='word_1_77' title='bbox 2062 1016 2176 1054; x_wconf 86' lang='lat' dir='ltr'><strong>ma-</strong></span> 
     </span>
    </p>
   </div>
   <div class='ocr_carea' id='block_1_12' title="bbox 608 1089 2175 1157">
    <p class='ocr_par' dir='ltr' id='par_1_12' title="bbox 608 1089 2175 1157">
     <span class='ocr_line' id='line_1_12' title="bbox 608 1089 2175 1157; baseline -0.001 -11"><span class='ocrx_word' id='word_1_78' title='bbox 608 1103 770 1148; x_wconf 90' lang='lat' dir='ltr'><strong>nente</strong></span> <span class='ocrx_word' id='word_1_79' title='bbox 816 1092 903 1146; x_wconf 91' lang='lat' dir='ltr'><strong>illa</strong></span> <span class='ocrx_word' id='word_1_80' title='bbox 960 1091 1411 1147; x_wconf 82' lang='lat' dir='ltr'><strong>incommutabilis</strong></span> <span class='ocrx_word' id='word_1_81' title='bbox 1456 1090 1617 1145; x_wconf 88' lang='lat' dir='ltr'><strong>Verbi</strong></span> <span class='ocrx_word' id='word_1_82' title='bbox 1662 1089 1919 1153; x_wconf 83' lang='lat' dir='ltr'><strong>essentia,</strong></span> <span class='ocrx_word' id='word_1_83' title='bbox 1961 1104 2079 1157; x_wconf 64' lang='lat' dir='ltr'><strong>quae</strong></span> <span class='ocrx_word' id='word_1_84' title='bbox 2126 1089 2175 1144; x_wconf 92' lang='lat' dir='ltr'><strong>ei</strong></span> 
     </span>
    </p>
   </div>
   <div class='ocr_carea' id='block_1_13' title="bbox 609 1177 2178 1249">
    <p class='ocr_par' dir='ltr' id='par_1_13' title="bbox 609 1177 2178 1249">
     <span class='ocr_line' id='line_1_13' title="bbox 609 1177 2178 1249; baseline -0.001 -14"><span class='ocrx_word' id='word_1_85' title='bbox 609 1196 729 1235; x_wconf 90' lang='lat' dir='ltr'><strong>cum</strong></span> <span class='ocrx_word' id='word_1_86' title='bbox 758 1180 914 1235; x_wconf 85' lang='lat' dir='ltr'><strong>Patre</strong></span> <span class='ocrx_word' id='word_1_87' title='bbox 936 1188 1133 1236; x_wconf 90' lang='lat' dir='ltr'><strong>etcum</strong></span> <span class='ocrx_word' id='word_1_88' title='bbox 1174 1180 1375 1249; x_wconf 85' lang='lat' dir='ltr'><strong>Spiritu</strong></span> <span class='ocrx_word' id='word_1_89' title='bbox 1402 1190 1587 1234; x_wconf 90' lang='lat' dir='ltr'><strong>sancto</strong></span> <span class='ocrx_word' id='word_1_90' title='bbox 1613 1177 1975 1247; x_wconf 78' lang='lat' dir='ltr'><strong>intemporalis</strong></span> <span class='ocrx_word' id='word_1_91' title='bbox 2018 1186 2178 1246; x_wconf 89' lang='lat' dir='ltr'><strong>atque</strong></span> 
     </span>
    </p>
   </div>
   <div class='ocr_carea' id='block_1_14' title="bbox 602 1268 2179 1341">
    <p class='ocr_par' dir='ltr' id='par_1_14' title="bbox 602 1268 2179 1341">
     <span class='ocr_line' id='line_1_14' title="bbox 602 1268 2179 1341; baseline -0.004 -15"><span class='ocrx_word' id='word_1_92' title='bbox 602 1280 871 1327; x_wconf 80' lang='lat' dir='ltr'><strong>-coaeteraa</strong></span> <span class='ocrx_word' id='word_1_93' title='bbox 896 1280 999 1336; x_wconf 91' lang='lat' dir='ltr'><strong>est,</strong></span> <span class='ocrx_word' id='word_1_94' title='bbox 1023 1273 1096 1326; x_wconf 90' lang='lat' dir='ltr'><strong>ita</strong></span> <span class='ocrx_word' id='word_1_95' title='bbox 1122 1272 1262 1325; x_wconf 92' lang='lat' dir='ltr'><strong>intra</strong></span> <span class='ocrx_word' id='word_1_96' title='bbox 1279 1270 1520 1341; x_wconf 89' lang='lat' dir='ltr'><strong>virginea</strong></span> <span class='ocrx_word' id='word_1_97' title='bbox 1550 1270 1757 1324; x_wconf 85' lang='lat' dir='ltr'><strong>viscera</strong></span> <span class='ocrx_word' id='word_1_98' title='bbox 1794 1268 2027 1322; x_wconf 83' lang='lat' dir='ltr'><strong>Verbum</strong></span> <span class='ocrx_word' id='word_1_99' title='bbox 2052 1280 2179 1321; x_wconf 88' lang='lat' dir='ltr'><strong>caro</strong></span> 
     </span>
    </p>
   </div>
   <div class='ocr_carea' id='block_1_15' title="bbox 610 1358 2179 1430">
    <p class='ocr_par' dir='ltr' id='par_1_15' title="bbox 610 1358 2179 1430">
     <span class='ocr_line' id='line_1_15' title="bbox 610 1358 2179 1430; baseline -0.003 -15"><span class='ocrx_word' id='word_1_100' title='bbox 610 1361 680 1415; x_wconf 87' lang='lat' dir='ltr'><strong>sit</strong></span> <span class='ocrx_word' id='word_1_101' title='bbox 708 1360 927 1426; x_wconf 83' lang='lat' dir='ltr'><strong>factum,</strong></span> <span class='ocrx_word' id='word_1_102' title='bbox 978 1368 1036 1414; x_wconf 87' lang='lat' dir='ltr'><strong>ut</strong></span> <span class='ocrx_word' id='word_1_103' title='bbox 1065 1375 1160 1430; x_wconf 90' lang='lat' dir='ltr'><strong>per</strong></span> <span class='ocrx_word' id='word_1_104' title='bbox 1189 1358 1454 1414; x_wconf 71' lang='lat' dir='ltr'><strong>ineffabile</strong></span> <span class='ocrx_word' id='word_1_105' title='bbox 1483 1365 1876 1414; x_wconf 86' lang='lat' dir='ltr'><strong>sacramentum</strong></span> <span class='ocrx_word' id='word_1_106' title='bbox 1908 1372 2014 1410; x_wconf 93' lang='lat' dir='ltr'><strong>uno</strong></span> <span class='ocrx_word' id='word_1_107' title='bbox 2059 1371 2179 1411; x_wconf 83' lang='lat' dir='ltr'><strong>con-</strong></span> 
     </span>
    </p>
   </div>
   <div class='ocr_carea' id='block_1_16' title="bbox 609 1446 2179 1519">
    <p class='ocr_par' dir='ltr' id='par_1_16' title="bbox 609 1446 2179 1519">
     <span class='ocr_line' id='line_1_16' title="bbox 609 1446 2179 1519; baseline -0.003 -15"><span class='ocrx_word' id='word_1_108' title='bbox 609 1458 789 1519; x_wconf 90' lang='lat' dir='ltr'><strong>ceptu,</strong></span> <span class='ocrx_word' id='word_1_109' title='bbox 820 1464 1029 1519; x_wconf 90' lang='lat' dir='ltr'><strong>unoque</strong></span> <span class='ocrx_word' id='word_1_110' title='bbox 1065 1458 1223 1519; x_wconf 88' lang='lat' dir='ltr'><strong>partu</strong></span> <span class='ocrx_word' id='word_1_111' title='bbox 1253 1448 1545 1502; x_wconf 88' lang='lat' dir='ltr'><strong>secundum</strong></span> <span class='ocrx_word' id='word_1_112' title='bbox 1583 1448 1859 1501; x_wconf 75' lang='lat' dir='ltr'><strong>veritatem</strong></span> <span class='ocrx_word' id='word_1_113' title='bbox 1899 1446 2179 1515; x_wconf 89' lang='lat' dir='ltr'><strong>utriusque</strong></span> 
     </span>
    </p>
   </div>
   <div class='ocr_carea' id='block_1_17' title="bbox 610 1537 2179 1607">
    <p class='ocr_par' dir='ltr' id='par_1_17' title="bbox 610 1537 2179 1607">
     <span class='ocr_line' id='line_1_17' title="bbox 610 1537 2179 1607; baseline -0.002 -15"><span class='ocrx_word' id='word_1_114' title='bbox 610 1549 817 1593; x_wconf 77' lang='lat' dir='ltr'><strong>natura:</strong></span> <span class='ocrx_word' id='word_1_115' title='bbox 850 1540 1033 1593; x_wconf 90' lang='lat' dir='ltr'><strong>eadem</strong></span> <span class='ocrx_word' id='word_1_116' title='bbox 1065 1539 1216 1607; x_wconf 90' lang='lat' dir='ltr'><strong>virgo</strong></span> <span class='ocrx_word' id='word_1_117' title='bbox 1254 1546 1306 1591; x_wconf 88' lang='lat' dir='ltr'><strong>et</strong></span> <span class='ocrx_word' id='word_1_118' title='bbox 1344 1537 1536 1591; x_wconf 86' lang='lat' dir='ltr'><strong>ancilla</strong></span> <span class='ocrx_word' id='word_1_119' title='bbox 1567 1537 1772 1591; x_wconf 84' lang='lat' dir='ltr'><strong>Domini</strong></span> <span class='ocrx_word' id='word_1_120' title='bbox 1813 1544 1957 1591; x_wconf 86' lang='lat' dir='ltr'><strong>esset</strong></span> <span class='ocrx_word' id='word_1_121' title='bbox 1984 1544 2040 1591; x_wconf 89' lang='lat' dir='ltr'><strong>et</strong></span> <span class='ocrx_word' id='word_1_122' title='bbox 2062 1552 2179 1590; x_wconf 92' lang='lat' dir='ltr'><strong>ma-</strong></span> 
     </span>
    </p>
   </div>
   <div class='ocr_carea' id='block_1_18' title="bbox 609 1625 2180 1701">
    <p class='ocr_par' dir='ltr' id='par_1_18' title="bbox 609 1625 2180 1701">
     <span class='ocr_line' id='line_1_18' title="bbox 609 1625 2180 1701; baseline -0.001 -19"><span class='ocrx_word' id='word_1_123' title='bbox 609 1638 694 1684; x_wconf 85' lang='lat' dir='ltr'><strong>ter</strong></span> <span class='ocrx_word' id='word_1_124' title='bbox 714 1628 754 1701; x_wconf 94' lang='lat'><strong>].</strong></span> <span class='ocrx_word' id='word_1_125' title='bbox 779 1649 796 1683; x_wconf 81' lang='grc' dir='ltr'><strong>ι</strong></span> <span class='ocrx_word' id='word_1_126' title='bbox 828 1629 957 1683; x_wconf 91' lang='lat' dir='ltr'><strong>Item</strong></span> <span class='ocrx_word' id='word_1_127' title='bbox 986 1639 1107 1698; x_wconf 91' lang='lat' dir='ltr'><strong>post</strong></span> <span class='ocrx_word' id='word_1_128' title='bbox 1140 1642 1307 1697; x_wconf 89' lang='lat' dir='ltr'><strong>pauca</strong></span> <span class='ocrx_word' id='word_1_129' title='bbox 1338 1629 1392 1683; x_wconf 92' lang='lat' dir='ltr'><strong>in</strong></span> <span class='ocrx_word' id='word_1_130' title='bbox 1429 1628 1612 1681; x_wconf 91' lang='lat' dir='ltr'><strong>eadem</strong></span> <span class='ocrx_word' id='word_1_131' title='bbox 1644 1627 1860 1681; x_wconf 89' lang='lat' dir='ltr'><strong>homilia</strong></span> <span class='ocrx_word' id='word_1_132' title='bbox 1888 1645 1899 1679; x_wconf 91' lang='lat'>:</span> <span class='ocrx_word' id='word_1_133' title='bbox 1928 1625 1947 1697; x_wconf 93' lang='lat'>[</span> <span class='ocrx_word' id='word_1_134' title='bbox 1976 1646 1995 1677; x_wconf 85' lang='grc'><strong><em>‹</em></strong></span> <span class='ocrx_word' id='word_1_135' title='bbox 2030 1627 2180 1681; x_wconf 88' lang='lat' dir='ltr'><strong>Licet</strong></span> 
     </span>
    </p>
   </div>
   <div class='ocr_carea' id='block_1_19' title="bbox 2275 468 3126 538">
    <p class='ocr_par' dir='ltr' id='par_1_19' title="bbox 2275 468 3126 538">
     <span class='ocr_line' id='line_1_19' title="bbox 2275 468 3126 538; baseline -0.001 -16"><span class='ocrx_word' id='word_1_136' title='bbox 2275 468 2453 523; x_wconf 86' lang='lat' dir='ltr'><strong>lumen</strong></span> <span class='ocrx_word' id='word_1_137' title='bbox 2479 468 2859 538; x_wconf 89' lang='lat' dir='ltr'><strong>aliquantulum</strong></span> <span class='ocrx_word' id='word_1_138' title='bbox 2885 468 3126 538; x_wconf 80' lang='lat' dir='ltr'><strong>attingat.</strong></span> 
     </span>
    </p>
   </div>
   <div class='ocr_carea' id='block_1_20' title="bbox 2342 555 3835 638">
    <p class='ocr_par' dir='ltr' id='par_1_20' title="bbox 2342 555 3835 638">
     <span class='ocr_line' id='line_1_20' title="bbox 2342 555 3835 638; baseline 0.006 -29"><span class='ocrx_word' id='word_1_139' title='bbox 2342 555 2527 610; x_wconf 78' lang='lat' dir='ltr'><strong>XLIX.</strong></span> <span class='ocrx_word' id='word_1_140' title='bbox 2573 556 2866 611; x_wconf 83' lang='lat' dir='ltr'><strong>Audiamus</strong></span> <span class='ocrx_word' id='word_1_141' title='bbox 2899 557 3261 613; x_wconf 88' lang='lat' dir='ltr'><strong>testimonium</strong></span> <span class='ocrx_word' id='word_1_142' title='bbox 3300 556 3522 615; x_wconf 85' lang='lat' dir='ltr'><strong>Joannis</strong></span> <span class='ocrx_word' id='word_1_143' title='bbox 3568 560 3835 638; x_wconf 41' lang='lat' dir='ltr'><strong>Chrysosf</strong></span> 
     </span>
    </p>
   </div>
   <div class='ocr_carea' id='block_1_21' title="bbox 2275 645 3835 715">
    <p class='ocr_par' dir='ltr' id='par_1_21' title="bbox 2275 645 3835 715">
     <span class='ocr_line' id='line_1_21' title="bbox 2275 645 3835 715; baseline 0.006 -17"><span class='ocrx_word' id='word_1_144' title='bbox 2275 646 2407 699; x_wconf 87' lang='lat' dir='ltr'><strong>tomi</strong></span> <span class='ocrx_word' id='word_1_145' title='bbox 2436 646 2500 700; x_wconf 89' lang='lat' dir='ltr'><strong>de</strong></span> <span class='ocrx_word' id='word_1_146' title='bbox 2524 645 2917 715; x_wconf 85' lang='lat' dir='ltr'><strong>magniﬁcentia</strong></span> <span class='ocrx_word' id='word_1_147' title='bbox 2960 646 3159 701; x_wconf 87' lang='lat' dir='ltr'><strong>Christi</strong></span> <span class='ocrx_word' id='word_1_148' title='bbox 3186 647 3309 703; x_wconf 86' lang='lat' dir='ltr'><strong>Filii</strong></span> <span class='ocrx_word' id='word_1_149' title='bbox 3355 648 3469 704; x_wconf 88' lang='lat' dir='ltr'><strong>Dei.</strong></span> <span class='ocrx_word' id='word_1_150' title='bbox 3520 650 3658 706; x_wconf 88' lang='lat' dir='ltr'><strong>Dicit</strong></span> <span class='ocrx_word' id='word_1_151' title='bbox 3689 654 3835 707; x_wconf 87' lang='lat' dir='ltr'><strong>enim</strong></span> 
     </span>
    </p>
   </div>
   <div class='ocr_carea' id='block_1_22' title="bbox 2275 732 3838 811">
    <p class='ocr_par' dir='ltr' id='par_1_22' title="bbox 2275 732 3838 811">
     <span class='ocr_line' id='line_1_22' title="bbox 2275 732 3838 811; baseline 0.008 -26"><span class='ocrx_word' id='word_1_152' title='bbox 2275 732 2328 785; x_wconf 92' lang='lat' dir='ltr'><strong>in</strong></span> <span class='ocrx_word' id='word_1_153' title='bbox 2349 732 2564 786; x_wconf 82' lang='lat' dir='ltr'><strong>humilia</strong></span> <span class='ocrx_word' id='word_1_154' title='bbox 2588 734 2841 799; x_wconf 91' lang='lat' dir='ltr'><strong>secunda,</strong></span> <span class='ocrx_word' id='word_1_155' title='bbox 2860 734 2950 789; x_wconf 89' lang='lat' dir='ltr'><strong>ubi</strong></span> <span class='ocrx_word' id='word_1_156' title='bbox 2971 732 3262 805; x_wconf 82' lang='lat' dir='ltr'><strong>Epistolam</strong></span> <span class='ocrx_word' id='word_1_157' title='bbox 3282 738 3424 793; x_wconf 84' lang='lat' dir='ltr'><strong>beati</strong></span> <span class='ocrx_word' id='word_1_158' title='bbox 3441 737 3589 794; x_wconf 86' lang='lat' dir='ltr'><strong>Pauli</strong></span> <span class='ocrx_word' id='word_1_159' title='bbox 3609 743 3838 811; x_wconf 87' lang='lat' dir='ltr'><strong>apostoli</strong></span> 
     </span>
    </p>
   </div>
   <div class='ocr_carea' id='block_1_23' title="bbox 2273 820 3836 903">
    <p class='ocr_par' dir='ltr' id='par_1_23' title="bbox 2273 820 3836 903">
     <span class='ocr_line' id='line_1_23' title="bbox 2273 820 3836 903; baseline 0.008 -29"><span class='ocrx_word' id='word_1_160' title='bbox 2273 821 2341 875; x_wconf 86' lang='lat' dir='ltr'><strong>ad</strong></span> <span class='ocrx_word' id='word_1_161' title='bbox 2369 820 2623 877; x_wconf 67' lang='lat' dir='ltr'><strong>Hebraeos</strong></span> <span class='ocrx_word' id='word_1_162' title='bbox 2646 824 2891 892; x_wconf 76' lang='lat' dir='ltr'><strong>exposuit</strong></span> <span class='ocrx_word' id='word_1_163' title='bbox 2926 822 2954 863; x_wconf 71' lang='grc' dir='ltr'>δ</span> <span class='ocrx_word' id='word_1_164' title='bbox 2980 841 2993 877; x_wconf 91' lang='lat'><strong>:</strong></span> <span class='ocrx_word' id='word_1_165' title='bbox 3028 842 3045 874; x_wconf 75' lang='grc' dir='ltr'><strong>ι</strong></span> <span class='ocrx_word' id='word_1_166' title='bbox 3084 824 3270 891; x_wconf 84' lang='lat' dir='ltr'><strong>Tanto,</strong></span> <span class='ocrx_word' id='word_1_167' title='bbox 3319 828 3512 897; x_wconf 78' lang='lat' dir='ltr'><strong>inquit,</strong></span> <span class='ocrx_word' id='word_1_168' title='bbox 3541 830 3723 885; x_wconf 83' lang='lat' dir='ltr'><strong>melior</strong></span> <span class='ocrx_word' id='word_1_169' title='bbox 3748 834 3836 903; x_wconf 76' lang='lat' dir='ltr'><strong>{u-</strong></span> 
     </span>
    </p>
   </div>
   <div class='ocr_carea' id='block_1_24' title="bbox 2273 910 3835 981">
    <p class='ocr_par' dir='ltr' id='par_1_24' title="bbox 2273 910 3835 981">
     <span class='ocr_line' id='line_1_24' title="bbox 2273 910 3835 981; baseline 0.009 -20"><span class='ocrx_word' id='word_1_170' title='bbox 2273 917 2387 962; x_wconf 83' lang='lat' dir='ltr'><strong>etus</strong></span> <span class='ocrx_word' id='word_1_171' title='bbox 2414 918 2491 963; x_wconf 75' lang='lat' dir='ltr'><strong>est</strong></span> <span class='ocrx_word' id='word_1_172' title='bbox 2536 910 2753 980; x_wconf 74' lang='lat' dir='ltr'><strong>angelis,</strong></span> <span class='ocrx_word' id='word_1_173' title='bbox 2792 920 2985 981; x_wconf 77' lang='lat' dir='ltr'><strong>quanto</strong></span> <span class='ocrx_word' id='word_1_174' title='bbox 3024 913 3345 981; x_wconf 62' lang='lat' dir='ltr'><strong>diﬁcrentius</strong></span> <span class='ocrx_word' id='word_1_175' title='bbox 3392 933 3575 971; x_wconf 83' lang='lat' dir='ltr'><strong>nomen</strong></span> <span class='ocrx_word' id='word_1_176' title='bbox 3613 920 3835 974; x_wconf 67' lang='lat' dir='ltr'><strong>haeredi-</strong></span> 
     </span>
    </p>
   </div>
   <div class='ocr_carea' id='block_1_25' title="bbox 2274 998 3844 1078">
    <p class='ocr_par' dir='ltr' id='par_1_25' title="bbox 2274 998 3844 1078">
     <span class='ocr_line' id='line_1_25' title="bbox 2274 998 3844 1078; baseline 0.01 -28"><span class='ocrx_word' id='word_1_177' title='bbox 2274 1000 2400 1053; x_wconf 83' lang='lat' dir='ltr'><strong>tavit</strong></span> <span class='ocrx_word' id='word_1_178' title='bbox 2427 998 2610 1069; x_wconf 82' lang='lat' dir='ltr'><strong>(Hebr.</strong></span> <span class='ocrx_word' id='word_1_179' title='bbox 2640 1015 2682 1065; x_wconf 89' lang='grc' dir='ltr'><strong>ι,</strong></span> <span class='ocrx_word' id='word_1_180' title='bbox 2704 998 2781 1070; x_wconf 74' lang='grc'><strong>4).</strong></span> <span class='ocrx_word' id='word_1_181' title='bbox 2813 1001 2869 1054; x_wconf 92' lang='lat' dir='ltr'><strong>lu</strong></span> <span class='ocrx_word' id='word_1_182' title='bbox 2904 1001 3008 1055; x_wconf 88' lang='lat' dir='ltr'><strong>hoc</strong></span> <span class='ocrx_word' id='word_1_183' title='bbox 3032 1002 3175 1071; x_wconf 90' lang='lat' dir='ltr'><strong>quod</strong></span> <span class='ocrx_word' id='word_1_184' title='bbox 3201 1004 3333 1059; x_wconf 79' lang='lat' dir='ltr'><strong>dixit</strong></span> <span class='ocrx_word' id='word_1_185' title='bbox 3376 1006 3570 1075; x_wconf 78' lang='lat' dir='ltr'><strong>factus,</strong></span> <span class='ocrx_word' id='word_1_186' title='bbox 3599 1024 3697 1078; x_wconf 91' lang='lat' dir='ltr'><strong>pro</strong></span> <span class='ocrx_word' id='word_1_187' title='bbox 3724 1026 3844 1066; x_wconf 81' lang='lat' dir='ltr'><strong>sus-</strong></span> 
     </span>
    </p>
   </div>
   <div class='ocr_carea' id='block_1_26' title="bbox 2274 1085 3844 1156">
    <p class='ocr_par' dir='ltr' id='par_1_26' title="bbox 2274 1085 3844 1156">
     <span class='ocr_line' id='line_1_26' title="bbox 2274 1085 3844 1156; baseline 0.009 -17"><span class='ocrx_word' id='word_1_188' title='bbox 2274 1092 2460 1154; x_wconf 90' lang='lat' dir='ltr'><strong>ceptus</strong></span> <span class='ocrx_word' id='word_1_189' title='bbox 2485 1085 2739 1155; x_wconf 87' lang='lat' dir='ltr'><strong>intellige,</strong></span> <span class='ocrx_word' id='word_1_190' title='bbox 2767 1098 3018 1156; x_wconf 88' lang='lat' dir='ltr'><strong>tauquam</strong></span> <span class='ocrx_word' id='word_1_191' title='bbox 3049 1090 3097 1143; x_wconf 89' lang='lat' dir='ltr'><strong>si</strong></span> <span class='ocrx_word' id='word_1_192' title='bbox 3120 1090 3337 1156; x_wconf 91' lang='lat' dir='ltr'><strong>diceret,</strong></span> <span class='ocrx_word' id='word_1_193' title='bbox 3385 1094 3577 1150; x_wconf 89' lang='lat' dir='ltr'><strong>melius</strong></span> <span class='ocrx_word' id='word_1_194' title='bbox 3613 1106 3696 1151; x_wconf 91' lang='lat' dir='ltr'><strong>est</strong></span> <span class='ocrx_word' id='word_1_195' title='bbox 3724 1112 3844 1153; x_wconf 89' lang='lat' dir='ltr'><strong>sus-</strong></span> 
     </span>
    </p>
   </div>
   <div class='ocr_carea' id='block_1_27' title="bbox 2275 1176 3843 1258">
    <p class='ocr_par' dir='ltr' id='par_1_27' title="bbox 2275 1176 3843 1258">
     <span class='ocr_line' id='line_1_27' title="bbox 2275 1176 3843 1258; baseline 0.011 -31"><span class='ocrx_word' id='word_1_196' title='bbox 2275 1183 2460 1243; x_wconf 90' lang='lat' dir='ltr'><strong>ceptus</strong></span> <span class='ocrx_word' id='word_1_197' title='bbox 2482 1176 2550 1231; x_wconf 89' lang='lat' dir='ltr'><strong>ab</strong></span> <span class='ocrx_word' id='word_1_198' title='bbox 2590 1176 2814 1246; x_wconf 79' lang='lat' dir='ltr'><strong>angelis.</strong></span> <span class='ocrx_word' id='word_1_199' title='bbox 2862 1178 2930 1233; x_wconf 91' lang='lat' dir='ltr'><strong>Et</strong></span> <span class='ocrx_word' id='word_1_200' title='bbox 2973 1180 3113 1235; x_wconf 88' lang='lat' dir='ltr'><strong>unde</strong></span> <span class='ocrx_word' id='word_1_201' title='bbox 3140 1182 3241 1237; x_wconf 93' lang='lat' dir='ltr'><strong>hoc</strong></span> <span class='ocrx_word' id='word_1_202' title='bbox 3274 1188 3589 1241; x_wconf 80' lang='lat' dir='ltr'><strong>asseverat?</strong></span> <span class='ocrx_word' id='word_1_203' title='bbox 3621 1188 3696 1242; x_wconf 80' lang='lat' dir='ltr'><strong>Ex</strong></span> <span class='ocrx_word' id='word_1_204' title='bbox 3726 1188 3843 1258; x_wconf 90' lang='lat' dir='ltr'><strong>ipso</strong></span> 
     </span>
    </p>
   </div>
   <div class='ocr_carea' id='block_1_28' title="bbox 2274 1266 3845 1346">
    <p class='ocr_par' dir='ltr' id='par_1_28' title="bbox 2274 1266 3845 1346">
     <span class='ocr_line' id='line_1_28' title="bbox 2274 1266 3845 1346; baseline 0.01 -27"><span class='ocrx_word' id='word_1_205' title='bbox 2274 1266 2509 1321; x_wconf 88' lang='lat' dir='ltr'><strong>nomine.</strong></span> <span class='ocrx_word' id='word_1_206' title='bbox 2556 1266 2971 1333; x_wconf 82' lang='lat' dir='ltr'><strong>Animadvertis,</strong></span> <span class='ocrx_word' id='word_1_207' title='bbox 3003 1272 3126 1339; x_wconf 92' lang='lat' dir='ltr'><strong>quia</strong></span> <span class='ocrx_word' id='word_1_208' title='bbox 3167 1272 3303 1327; x_wconf 89' lang='lat' dir='ltr'><strong>solet</strong></span> <span class='ocrx_word' id='word_1_209' title='bbox 3349 1275 3440 1328; x_wconf 81' lang='lat' dir='ltr'><strong>lilii</strong></span> <span class='ocrx_word' id='word_1_210' title='bbox 3486 1292 3679 1332; x_wconf 88' lang='lat' dir='ltr'><strong>nomen</strong></span> <span class='ocrx_word' id='word_1_211' title='bbox 3717 1292 3845 1346; x_wconf 86' lang='lat' dir='ltr'><strong>pro-</strong></span> 
     </span>
    </p>
   </div>
   <div class='ocr_carea' id='block_1_29' title="bbox 2274 1354 3841 1439">
    <p class='ocr_par' dir='ltr' id='par_1_29' title="bbox 2274 1354 3841 1439">
     <span class='ocr_line' id='line_1_29' title="bbox 2274 1354 3841 1439; baseline 0.011 -30"><span class='ocrx_word' id='word_1_212' title='bbox 2274 1357 2558 1425; x_wconf 88' lang='lat' dir='ltr'><strong>prietatem</strong></span> <span class='ocrx_word' id='word_1_213' title='bbox 2588 1360 2917 1429; x_wconf 76' lang='lat' dir='ltr'><strong>cognationis</strong></span> <span class='ocrx_word' id='word_1_214' title='bbox 2946 1354 3502 1439; x_wconf 42' lang='lat' dir='ltr'><strong>[Edit.,&quot;cognitionis]</strong></span> <span class='ocrx_word' id='word_1_215' title='bbox 3524 1372 3841 1439; x_wconf 89' lang='lat' dir='ltr'><strong>ostendere;</strong></span> 
     </span>
    </p>
   </div>
   <div class='ocr_carea' id='block_1_30' title="bbox 2277 1447 3842 1526">
    <p class='ocr_par' dir='ltr' id='par_1_30' title="bbox 2277 1447 3842 1526">
     <span class='ocr_line' id='line_1_30' title="bbox 2277 1447 3842 1526; baseline 0.012 -28"><span class='ocrx_word' id='word_1_216' title='bbox 2277 1454 2332 1499; x_wconf 90' lang='lat' dir='ltr'><strong>et</strong></span> <span class='ocrx_word' id='word_1_217' title='bbox 2360 1460 2511 1511; x_wconf 91' lang='lat' dir='ltr'><strong>sane,</strong></span> <span class='ocrx_word' id='word_1_218' title='bbox 2560 1447 2666 1502; x_wconf 88' lang='lat' dir='ltr'><strong>nisi</strong></span> <span class='ocrx_word' id='word_1_219' title='bbox 2705 1457 2849 1503; x_wconf 87' lang='lat' dir='ltr'><strong>esset</strong></span> <span class='ocrx_word' id='word_1_220' title='bbox 2881 1454 3127 1520; x_wconf 89' lang='lat' dir='ltr'><strong>proprius</strong></span> <span class='ocrx_word' id='word_1_221' title='bbox 3173 1454 3351 1521; x_wconf 83' lang='lat' dir='ltr'><strong>ﬁlius;</strong></span> <span class='ocrx_word' id='word_1_222' title='bbox 3388 1460 3636 1526; x_wconf 88' lang='lat' dir='ltr'><strong>proprius</strong></span> <span class='ocrx_word' id='word_1_223' title='bbox 3663 1470 3842 1517; x_wconf 88' lang='lat' dir='ltr'><strong>autem</strong></span> 
     </span>
    </p>
   </div>
   <div class='ocr_carea' id='block_1_31' title="bbox 2238 1532 3848 1617">
    <p class='ocr_par' dir='ltr' id='par_1_31' title="bbox 2238 1532 3848 1617">
     <span class='ocr_line' id='line_1_31' title="bbox 2238 1532 3848 1617; baseline 0.014 -31"><span class='ocrx_word' id='word_1_224' title='bbox 2238 1572 2245 1577; x_wconf 79' lang='lat'><strong>.</strong></span> <span class='ocrx_word' id='word_1_225' title='bbox 2277 1532 2419 1590; x_wconf 80' lang='lat' dir='ltr'><strong>Illius</strong></span> <span class='ocrx_word' id='word_1_226' title='bbox 2442 1537 2576 1591; x_wconf 91' lang='lat' dir='ltr'><strong>nihil</strong></span> <span class='ocrx_word' id='word_1_227' title='bbox 2596 1546 2679 1592; x_wconf 90' lang='lat' dir='ltr'><strong>est</strong></span> <span class='ocrx_word' id='word_1_228' title='bbox 2702 1538 2864 1606; x_wconf 88' lang='lat' dir='ltr'><strong>aliud,</strong></span> <span class='ocrx_word' id='word_1_229' title='bbox 2891 1556 3050 1609; x_wconf 91' lang='lat' dir='ltr'><strong>quam</strong></span> <span class='ocrx_word' id='word_1_230' title='bbox 3077 1544 3142 1597; x_wconf 92' lang='lat' dir='ltr'><strong>de</strong></span> <span class='ocrx_word' id='word_1_231' title='bbox 3170 1545 3283 1613; x_wconf 87' lang='lat' dir='ltr'><strong>ipso</strong></span> <span class='ocrx_word' id='word_1_232' title='bbox 3314 1550 3543 1617; x_wconf 90' lang='lat' dir='ltr'><strong>genitus.</strong></span> <span class='ocrx_word' id='word_1_233' title='bbox 3570 1550 3848 1614; x_wconf 89' lang='lat' dir='ltr'><strong>Quomodo</strong></span> 
     </span>
    </p>
   </div>
   <div class='ocr_carea' id='block_1_32' title="bbox 2278 1629 3848 1700">
    <p class='ocr_par' dir='ltr' id='par_1_32' title="bbox 2278 1629 3848 1700">
     <span class='ocr_line' id='line_1_32' title="bbox 2278 1629 3848 1700; baseline 0.013 -22"><span class='ocrx_word' id='word_1_234' title='bbox 2278 1634 2452 1692; x_wconf 82' lang='lat' dir='ltr'><strong>potest</strong></span> <span class='ocrx_word' id='word_1_235' title='bbox 2494 1635 2549 1681; x_wconf 91' lang='lat' dir='ltr'><strong>et</strong></span> <span class='ocrx_word' id='word_1_236' title='bbox 2592 1629 2695 1685; x_wconf 91' lang='lat' dir='ltr'><strong>hoc</strong></span> <span class='ocrx_word' id='word_1_237' title='bbox 2746 1632 3144 1700; x_wconf 87' lang='lat' dir='ltr'><strong>amplitudinem</strong></span> <span class='ocrx_word' id='word_1_238' title='bbox 3196 1637 3416 1693; x_wconf 90' lang='lat' dir='ltr'><strong>honoris</strong></span> <span class='ocrx_word' id='word_1_239' title='bbox 3457 1645 3746 1696; x_wconf 84' lang='lat' dir='ltr'><strong>asserere?</strong></span> <span class='ocrx_word' id='word_1_240' title='bbox 3787 1644 3848 1698; x_wconf 87' lang='lat' dir='ltr'><strong>Si</strong></span> 
     </span>
    </p>
   </div>
   <div class='ocr_carea' id='block_1_33' title="bbox 612 1695 3848 1801">
    <p class='ocr_par' dir='ltr' id='par_1_33' title="bbox 612 1695 3848 1801">
     <span class='ocr_line' id='line_1_33' title="bbox 612 1695 3848 1801; baseline 0.005 -30"><span class='ocrx_word' id='word_1_241' title='bbox 612 1695 739 1787; x_wconf 77' lang='lat' dir='ltr'><strong>ergo</strong></span> <span class='ocrx_word' id='word_1_242' title='bbox 775 1720 827 1772; x_wconf 93' lang='lat' dir='ltr'><strong>in</strong></span> <span class='ocrx_word' id='word_1_243' title='bbox 857 1734 962 1772; x_wconf 93' lang='lat' dir='ltr'><strong>uno</strong></span> <span class='ocrx_word' id='word_1_244' title='bbox 989 1695 1216 1772; x_wconf 81' lang='lat' dir='ltr'><strong>Domino</strong></span> <span class='ocrx_word' id='word_1_245' title='bbox 1258 1726 1443 1771; x_wconf 89' lang='lat' dir='ltr'><strong>nostro</strong></span> <span class='ocrx_word' id='word_1_246' title='bbox 1488 1716 1701 1771; x_wconf 87' lang='lat' dir='ltr'><strong>Christo</strong></span> <span class='ocrx_word' id='word_1_247' title='bbox 1729 1731 1858 1771; x_wconf 87' lang='lat' dir='ltr'><strong>vero</strong></span> <span class='ocrx_word' id='word_1_248' title='bbox 1895 1695 1991 1771; x_wconf 82' lang='lat' dir='ltr'><strong>Dei</strong></span> <span class='ocrx_word' id='word_1_249' title='bbox 2020 1725 2180 1786; x_wconf 82' lang='lat' dir='ltr'><strong>atque</strong></span> <span class='ocrx_word' id='word_1_250' title='bbox 2213 1695 2256 1754; x_wconf 74' lang='grc' dir='ltr'><strong>Β</strong></span> <span class='ocrx_word' id='word_1_251' title='bbox 2282 1714 2423 1801; x_wconf 87' lang='lat' dir='ltr'><strong>enim</strong></span> <span class='ocrx_word' id='word_1_252' title='bbox 2454 1717 2625 1785; x_wconf 85' lang='lat' dir='ltr'><strong>gratia</strong></span> <span class='ocrx_word' id='word_1_253' title='bbox 2659 1728 2801 1774; x_wconf 89' lang='lat' dir='ltr'><strong>esset</strong></span> <span class='ocrx_word' id='word_1_254' title='bbox 2840 1721 3000 1786; x_wconf 78' lang='lat' dir='ltr'><strong>(ilius,</strong></span> <span class='ocrx_word' id='word_1_255' title='bbox 3029 1724 3133 1777; x_wconf 85' lang='lat' dir='ltr'><strong>rion</strong></span> <span class='ocrx_word' id='word_1_256' title='bbox 3163 1726 3333 1780; x_wconf 89' lang='lat' dir='ltr'><strong>solum</strong></span> <span class='ocrx_word' id='word_1_257' title='bbox 3364 1728 3602 1784; x_wconf 84' lang='lat' dir='ltr'><strong>dill‘errct</strong></span> <span class='ocrx_word' id='word_1_258' title='bbox 3630 1733 3767 1801; x_wconf 88' lang='lat' dir='ltr'><strong>apud</strong></span> <span class='ocrx_word' id='word_1_259' title='bbox 3788 1748 3848 1788; x_wconf 88' lang='lat' dir='ltr'><strong>se</strong></span> 
     </span>
    </p>
   </div>
   <div class='ocr_carea' id='block_1_34' title="bbox 613 1805 2181 1877">
    <p class='ocr_par' dir='ltr' id='par_1_34' title="bbox 613 1805 2181 1877">
     <span class='ocr_line' id='line_1_34' title="bbox 613 1805 2181 1877; baseline -0.001 -16"><span class='ocrx_word' id='word_1_260' title='bbox 613 1808 839 1862; x_wconf 90' lang='lat' dir='ltr'><strong>hominis</strong></span> <span class='ocrx_word' id='word_1_261' title='bbox 868 1807 1001 1861; x_wconf 91' lang='lat' dir='ltr'><strong>Filio</strong></span> <span class='ocrx_word' id='word_1_262' title='bbox 1031 1808 1191 1863; x_wconf 80' lang='lat' dir='ltr'><strong>Verbi</strong></span> <span class='ocrx_word' id='word_1_263' title='bbox 1213 1815 1267 1860; x_wconf 89' lang='lat' dir='ltr'><strong>et</strong></span> <span class='ocrx_word' id='word_1_264' title='bbox 1289 1807 1468 1861; x_wconf 91' lang='lat' dir='ltr'><strong>carnis</strong></span> <span class='ocrx_word' id='word_1_265' title='bbox 1493 1821 1598 1859; x_wconf 90' lang='lat' dir='ltr'><strong>una</strong></span> <span class='ocrx_word' id='word_1_266' title='bbox 1635 1805 1796 1877; x_wconf 68' lang='grc'><strong>774</strong></span> <span class='ocrx_word' id='word_1_267' title='bbox 1829 1820 2061 1875; x_wconf 90' lang='lat' dir='ltr'><strong>persona</strong></span> <span class='ocrx_word' id='word_1_268' title='bbox 2090 1808 2181 1871; x_wconf 91' lang='lat' dir='ltr'><strong>sit,</strong></span> 
     </span>
    </p>
   </div>
   <div class='ocr_carea' id='block_1_35' title="bbox 613 1899 2184 1969">
    <p class='ocr_par' dir='ltr' id='par_1_35' title="bbox 613 1899 2184 1969">
     <span class='ocr_line' id='line_1_35' title="bbox 613 1899 2184 1969; baseline 0.003 -16"><span class='ocrx_word' id='word_1_269' title='bbox 613 1916 729 1968; x_wconf 71' lang='lat' dir='ltr'><strong>qua:</strong></span> <span class='ocrx_word' id='word_1_270' title='bbox 754 1900 1177 1969; x_wconf 85' lang='lat' dir='ltr'><strong>inseparabiliter</strong></span> <span class='ocrx_word' id='word_1_271' title='bbox 1210 1908 1368 1968; x_wconf 89' lang='lat' dir='ltr'><strong>atque</strong></span> <span class='ocrx_word' id='word_1_272' title='bbox 1392 1899 1618 1953; x_wconf 85' lang='lat' dir='ltr'><strong>indivise</strong></span> <span class='ocrx_word' id='word_1_273' title='bbox 1643 1914 1954 1954; x_wconf 89' lang='lat' dir='ltr'><strong>communes</strong></span> <span class='ocrx_word' id='word_1_274' title='bbox 1987 1902 2184 1957; x_wconf 87' lang='lat' dir='ltr'><strong>habeat</strong></span> 
     </span>
    </p>
   </div>
   <div class='ocr_carea' id='block_1_36' title="bbox 614 1988 2182 2059">
    <p class='ocr_par' dir='ltr' id='par_1_36' title="bbox 614 1988 2182 2059">
     <span class='ocr_line' id='line_1_36' title="bbox 614 1988 2182 2059; baseline 0.004 -18"><span class='ocrx_word' id='word_1_275' title='bbox 614 1990 871 2053; x_wconf 87' lang='lat' dir='ltr'><strong>actiones,</strong></span> <span class='ocrx_word' id='word_1_276' title='bbox 903 1988 1254 2059; x_wconf 65' lang='lat' dir='ltr'><strong>intelligenda:</strong></span> <span class='ocrx_word' id='word_1_277' title='bbox 1285 1997 1460 2043; x_wconf 90' lang='lat' dir='ltr'><strong>tamen</strong></span> <span class='ocrx_word' id='word_1_278' title='bbox 1507 1996 1630 2043; x_wconf 90' lang='lat' dir='ltr'><strong>sunt</strong></span> <span class='ocrx_word' id='word_1_279' title='bbox 1682 1990 1917 2057; x_wconf 88' lang='lat' dir='ltr'><strong>ipsorum</strong></span> <span class='ocrx_word' id='word_1_280' title='bbox 1960 2006 2182 2059; x_wconf 86' lang='lat' dir='ltr'><strong>operum</strong></span> 
     </span>
    </p>
   </div>
   <div class='ocr_carea' id='block_1_37' title="bbox 613 2076 2184 2149">
    <p class='ocr_par' dir='ltr' id='par_1_37' title="bbox 613 2076 2184 2149">
     <span class='ocr_line' id='line_1_37' title="bbox 613 2076 2184 2149; baseline 0.001 -19"><span class='ocrx_word' id='word_1_281' title='bbox 613 2077 917 2145; x_wconf 88' lang='lat' dir='ltr'><strong>qualitates,</strong></span> <span class='ocrx_word' id='word_1_282' title='bbox 944 2085 997 2131; x_wconf 92' lang='lat' dir='ltr'><strong>et</strong></span> <span class='ocrx_word' id='word_1_283' title='bbox 1043 2078 1264 2131; x_wconf 71' lang='lat' dir='ltr'><strong>sincera:</strong></span> <span class='ocrx_word' id='word_1_284' title='bbox 1306 2076 1427 2132; x_wconf 82' lang='lat' dir='ltr'><strong>ﬁdei</strong></span> <span class='ocrx_word' id='word_1_285' title='bbox 1452 2078 1918 2149; x_wconf 84' lang='lat' dir='ltr'><strong>contemplatione</strong></span> <span class='ocrx_word' id='word_1_286' title='bbox 1960 2093 2184 2133; x_wconf 90' lang='lat' dir='ltr'><strong>cernen-</strong></span> 
     </span>
    </p>
   </div>
   <div class='ocr_carea' id='block_1_38' title="bbox 614 2166 2184 2236">
    <p class='ocr_par' dir='ltr' id='par_1_38' title="bbox 614 2166 2184 2236">
     <span class='ocr_line' id='line_1_38' title="bbox 614 2166 2184 2236; baseline 0.002 -16"><span class='ocrx_word' id='word_1_287' title='bbox 614 2168 739 2220; x_wconf 90' lang='lat' dir='ltr'><strong>dum</strong></span> <span class='ocrx_word' id='word_1_288' title='bbox 771 2176 875 2230; x_wconf 92' lang='lat' dir='ltr'><strong>est,</strong></span> <span class='ocrx_word' id='word_1_289' title='bbox 897 2167 962 2219; x_wconf 90' lang='lat' dir='ltr'><strong>ad</strong></span> <span class='ocrx_word' id='word_1_290' title='bbox 985 2182 1105 2236; x_wconf 71' lang='lat' dir='ltr'><strong>qua:</strong></span> <span class='ocrx_word' id='word_1_291' title='bbox 1144 2166 1470 2235; x_wconf 85' lang='lat' dir='ltr'><strong>provehatur</strong></span> <span class='ocrx_word' id='word_1_292' title='bbox 1496 2166 1773 2220; x_wconf 91' lang='lat' dir='ltr'><strong>humilitas</strong></span> <span class='ocrx_word' id='word_1_293' title='bbox 1801 2168 2002 2232; x_wconf 89' lang='lat' dir='ltr'><strong>carnis,</strong></span> <span class='ocrx_word' id='word_1_294' title='bbox 2029 2176 2081 2222; x_wconf 90' lang='lat' dir='ltr'><strong>et</strong></span> <span class='ocrx_word' id='word_1_295' title='bbox 2117 2169 2184 2223; x_wconf 91' lang='lat' dir='ltr'><strong>ad</strong></span> 
     </span>
    </p>
   </div>
   <div class='ocr_carea' id='block_1_39' title="bbox 614 2255 1647 2327">
    <p class='ocr_par' dir='ltr' id='par_1_39' title="bbox 614 2255 1647 2327">
     <span class='ocr_line' id='line_1_39' title="bbox 614 2255 1647 2327; baseline -0.001 -19"><span class='ocrx_word' id='word_1_296' title='bbox 614 2271 730 2325; x_wconf 66' lang='lat' dir='ltr'><strong>qum</strong></span> <span class='ocrx_word' id='word_1_297' title='bbox 759 2255 1043 2310; x_wconf 88' lang='lat' dir='ltr'><strong>inclinetur</strong></span> <span class='ocrx_word' id='word_1_298' title='bbox 1073 2256 1293 2311; x_wconf 90' lang='lat' dir='ltr'><strong>altitudo</strong></span> <span class='ocrx_word' id='word_1_299' title='bbox 1322 2258 1559 2312; x_wconf 88' lang='lat' dir='ltr'><strong>deitatis.</strong></span> <span class='ocrx_word' id='word_1_300' title='bbox 1586 2255 1647 2327; x_wconf 84' lang='grc'><strong>›]</strong></span> 
     </span>
    </p>
   </div>
   <div class='ocr_carea' id='block_1_40' title="bbox 687 2342 2179 2412">
    <p class='ocr_par' dir='ltr' id='par_1_40' title="bbox 687 2342 2179 2412">
     <span class='ocr_line' id='line_1_40' title="bbox 687 2342 2179 2412; baseline 0.003 -17"><span class='ocrx_word' id='word_1_301' title='bbox 687 2342 886 2396; x_wconf 81' lang='lat' dir='ltr'><strong>XLVII.</strong></span> <span class='ocrx_word' id='word_1_302' title='bbox 910 2342 1039 2395; x_wconf 91' lang='lat' dir='ltr'><strong>Item</strong></span> <span class='ocrx_word' id='word_1_303' title='bbox 1061 2343 1313 2412; x_wconf 71' lang='lat' dir='ltr'><strong>praefatus</strong></span> <span class='ocrx_word' id='word_1_304' title='bbox 1328 2342 1435 2396; x_wconf 88' lang='lat' dir='ltr'><strong>Leo</strong></span> <span class='ocrx_word' id='word_1_305' title='bbox 1456 2343 1508 2396; x_wconf 92' lang='lat' dir='ltr'><strong>in</strong></span> <span class='ocrx_word' id='word_1_306' title='bbox 1525 2343 1744 2397; x_wconf 90' lang='lat' dir='ltr'><strong>homilia</strong></span> <span class='ocrx_word' id='word_1_307' title='bbox 1772 2343 1835 2397; x_wconf 85' lang='lat' dir='ltr'><strong>de</strong></span> <span class='ocrx_word' id='word_1_308' title='bbox 1858 2344 2110 2400; x_wconf 90' lang='lat' dir='ltr'><strong>Passione</strong></span> <span class='ocrx_word' id='word_1_309' title='bbox 2133 2358 2179 2400; x_wconf 74' lang='grc' dir='ltr'><strong>δε</strong></span> 
     </span>
    </p>
   </div>
   <div class='ocr_carea' id='block_1_41' title="bbox 622 2432 2181 2506">
    <p class='ocr_par' dir='ltr' id='par_1_41' title="bbox 622 2432 2181 2506">
     <span class='ocr_line' id='line_1_41' title="bbox 622 2432 2181 2506; baseline 0.004 -25"><span class='ocrx_word' id='word_1_310' title='bbox 622 2450 639 2481; x_wconf 83' lang='grc' dir='ltr'><strong>ι</strong></span> <span class='ocrx_word' id='word_1_311' title='bbox 673 2432 1067 2502; x_wconf 82' lang='lat' dir='ltr'><strong>Amplectentes</strong></span> <span class='ocrx_word' id='word_1_312' title='bbox 1093 2433 1253 2501; x_wconf 85' lang='lat' dir='ltr'><strong>igitur</strong></span> <span class='ocrx_word' id='word_1_313' title='bbox 1291 2432 1642 2496; x_wconf 76' lang='lat' dir='ltr'><strong>dileCtissimi,</strong></span> <span class='ocrx_word' id='word_1_314' title='bbox 1684 2432 2001 2488; x_wconf 67' lang='lat' dir='ltr'><strong>Christiana:</strong></span> <span class='ocrx_word' id='word_1_315' title='bbox 2030 2433 2181 2506; x_wconf 76' lang='lat' dir='ltr'><strong>[Ms.,</strong></span> 
     </span>
    </p>
   </div>
   <div class='ocr_carea' id='block_1_42' title="bbox 615 2521 2185 2595">
    <p class='ocr_par' dir='ltr' id='par_1_42' title="bbox 615 2521 2185 2595">
     <span class='ocr_line' id='line_1_42' title="bbox 615 2521 2185 2595; baseline 0.001 -19"><span class='ocrx_word' id='word_1_316' title='bbox 615 2521 929 2593; x_wconf 67' lang='lat' dir='ltr'><strong>Christiani]</strong></span> <span class='ocrx_word' id='word_1_317' title='bbox 981 2523 1093 2592; x_wconf 88' lang='lat' dir='ltr'><strong>spei</strong></span> <span class='ocrx_word' id='word_1_318' title='bbox 1138 2523 1329 2592; x_wconf 90' lang='lat' dir='ltr'><strong>pignus</strong></span> <span class='ocrx_word' id='word_1_319' title='bbox 1358 2538 1462 2577; x_wconf 91' lang='lat' dir='ltr'><strong>non</strong></span> <span class='ocrx_word' id='word_1_320' title='bbox 1513 2522 1883 2577; x_wconf 89' lang='lat' dir='ltr'><strong>divellamura</strong></span> <span class='ocrx_word' id='word_1_321' title='bbox 1930 2539 2185 2595; x_wconf 83' lang='lat' dir='ltr'><strong>compage</strong></span> 
     </span>
    </p>
   </div>
   <div class='ocr_carea' id='block_1_43' title="bbox 617 2612 2179 2683">
    <p class='ocr_par' dir='ltr' id='par_1_43' title="bbox 617 2612 2179 2683">
     <span class='ocr_line' id='line_1_43' title="bbox 617 2612 2179 2683; baseline -0.003 -14"><span class='ocrx_word' id='word_1_322' title='bbox 617 2614 861 2682; x_wconf 23' lang='lat' dir='ltr'><strong>corporis,</strong></span> <span class='ocrx_word' id='word_1_323' title='bbox 891 2612 1111 2677; x_wconf 85' lang='lat' dir='ltr'><strong>Christi,</strong></span> <span class='ocrx_word' id='word_1_324' title='bbox 1138 2614 1191 2665; x_wconf 85' lang='lat' dir='ltr'><strong>in</strong></span> <span class='ocrx_word' id='word_1_325' title='bbox 1217 2628 1316 2681; x_wconf 79' lang='lat' dir='ltr'><strong>quo</strong></span> <span class='ocrx_word' id='word_1_326' title='bbox 1360 2612 1579 2683; x_wconf 84' lang='lat' dir='ltr'><strong>habitat,</strong></span> <span class='ocrx_word' id='word_1_327' title='bbox 1610 2614 1749 2666; x_wconf 89' lang='lat' dir='ltr'><strong>sicut</strong></span> <span class='ocrx_word' id='word_1_328' title='bbox 1777 2613 2062 2680; x_wconf 84' lang='lat' dir='ltr'><strong>Apostolus</strong></span> <span class='ocrx_word' id='word_1_329' title='bbox 2090 2615 2179 2675; x_wconf 88' lang='lat' dir='ltr'><strong>ait,</strong></span> 
     </span>
    </p>
   </div>
   <div class='ocr_carea' id='block_1_44' title="bbox 615 2700 2187 2771">
    <p class='ocr_par' dir='ltr' id='par_1_44' title="bbox 615 2700 2187 2771">
     <span class='ocr_line' id='line_1_44' title="bbox 615 2700 2187 2771; baseline 0.001 -18"><span class='ocrx_word' id='word_1_330' title='bbox 615 2703 877 2771; x_wconf 83' lang='lat' dir='ltr'><strong>plenitudo</strong></span> <span class='ocrx_word' id='word_1_331' title='bbox 907 2701 1191 2755; x_wconf 81' lang='lat' dir='ltr'><strong>diuinitatis</strong></span> <span class='ocrx_word' id='word_1_332' title='bbox 1233 2700 1571 2768; x_wconf 85' lang='lat' dir='ltr'><strong>corporaliter</strong></span> <span class='ocrx_word' id='word_1_333' title='bbox 1595 2709 1641 2752; x_wconf 88' lang='lat' dir='ltr'><strong>et</strong></span> <span class='ocrx_word' id='word_1_334' title='bbox 1671 2703 1792 2753; x_wconf 84' lang='lat' dir='ltr'><strong>estis</strong></span> <span class='ocrx_word' id='word_1_335' title='bbox 1815 2702 1869 2753; x_wconf 84' lang='lat' dir='ltr'><strong>in</strong></span> <span class='ocrx_word' id='word_1_336' title='bbox 1898 2701 1988 2753; x_wconf 87' lang='lat' dir='ltr'><strong>illo</strong></span> <span class='ocrx_word' id='word_1_337' title='bbox 2013 2702 2187 2770; x_wconf 83' lang='lat' dir='ltr'><strong>repleti</strong></span> 
     </span>
    </p>
   </div>
   <div class='ocr_carea' id='block_1_45' title="bbox 616 2793 2184 2865">
    <p class='ocr_par' dir='ltr' id='par_1_45' title="bbox 616 2793 2184 2865">
     <span class='ocr_line' id='line_1_45' title="bbox 616 2793 2184 2865; baseline 0.001 -17"><span class='ocrx_word' id='word_1_338' title='bbox 616 2794 838 2865; x_wconf 77' lang='lat' dir='ltr'><strong>(Coloss.</strong></span> <span class='ocrx_word' id='word_1_339' title='bbox 868 2811 928 2859; x_wconf 90' lang='lat' dir='ltr'><strong>tt,</strong></span> <span class='ocrx_word' id='word_1_340' title='bbox 962 2794 1071 2864; x_wconf 85' lang='lat' dir='ltr'><strong>l0).</strong></span> <span class='ocrx_word' id='word_1_341' title='bbox 1121 2793 1253 2846; x_wconf 85' lang='lat' dir='ltr'><strong>Nam</strong></span> <span class='ocrx_word' id='word_1_342' title='bbox 1280 2808 1400 2846; x_wconf 90' lang='lat' dir='ltr'><strong>cum</strong></span> <span class='ocrx_word' id='word_1_343' title='bbox 1428 2794 1739 2861; x_wconf 87' lang='lat' dir='ltr'><strong>incorporea</strong></span> <span class='ocrx_word' id='word_1_344' title='bbox 1768 2794 1838 2846; x_wconf 89' lang='lat' dir='ltr'><strong>sit</strong></span> <span class='ocrx_word' id='word_1_345' title='bbox 1885 2795 2184 2849; x_wconf 88' lang='lat' dir='ltr'><strong>substantia</strong></span> 
     </span>
    </p>
   </div>
   <div class='ocr_carea' id='block_1_46' title="bbox 618 2882 2184 2955">
    <p class='ocr_par' dir='ltr' id='par_1_46' title="bbox 618 2882 2184 2955">
     <span class='ocr_line' id='line_1_46' title="bbox 618 2882 2184 2955; baseline 0.004 -21"><span class='ocrx_word' id='word_1_346' title='bbox 618 2886 732 2949; x_wconf 83' lang='lat' dir='ltr'><strong>Dei,</strong></span> <span class='ocrx_word' id='word_1_347' title='bbox 763 2886 1031 2955; x_wconf 88' lang='lat' dir='ltr'><strong>quomodo</strong></span> <span class='ocrx_word' id='word_1_348' title='bbox 1063 2882 1412 2953; x_wconf 90' lang='lat' dir='ltr'><strong>corporaliter</strong></span> <span class='ocrx_word' id='word_1_349' title='bbox 1444 2884 1497 2937; x_wconf 92' lang='lat' dir='ltr'><strong>in</strong></span> <span class='ocrx_word' id='word_1_350' title='bbox 1542 2882 1759 2937; x_wconf 88' lang='lat' dir='ltr'><strong>Christo</strong></span> <span class='ocrx_word' id='word_1_351' title='bbox 1805 2885 2030 2949; x_wconf 89' lang='lat' dir='ltr'><strong>habitat,</strong></span> <span class='ocrx_word' id='word_1_352' title='bbox 2083 2886 2184 2941; x_wconf 89' lang='lat' dir='ltr'><strong>nisi</strong></span> 
     </span>
    </p>
   </div>
   <div class='ocr_carea' id='block_1_47' title="bbox 618 2970 2099 3044">
    <p class='ocr_par' dir='ltr' id='par_1_47' title="bbox 618 2970 2099 3044">
     <span class='ocr_line' id='line_1_47' title="bbox 618 2970 2099 3044; baseline -0.001 -19"><span class='ocrx_word' id='word_1_353' title='bbox 618 2976 739 3044; x_wconf 81' lang='lat' dir='ltr'><strong>quia</strong></span> <span class='ocrx_word' id='word_1_354' title='bbox 770 2988 896 3028; x_wconf 89' lang='lat' dir='ltr'><strong>caro</strong></span> <span class='ocrx_word' id='word_1_355' title='bbox 927 2972 1097 3025; x_wconf 86' lang='lat' dir='ltr'><strong>nostri</strong></span> <span class='ocrx_word' id='word_1_356' title='bbox 1125 2972 1334 3041; x_wconf 80' lang='lat' dir='ltr'><strong>generis</strong></span> <span class='ocrx_word' id='word_1_357' title='bbox 1364 2970 1502 3024; x_wconf 82' lang='lat' dir='ltr'><strong>facta</strong></span> <span class='ocrx_word' id='word_1_358' title='bbox 1530 2980 1612 3025; x_wconf 90' lang='lat' dir='ltr'><strong>est</strong></span> <span class='ocrx_word' id='word_1_359' title='bbox 1642 2986 1767 3024; x_wconf 89' lang='lat' dir='ltr'><strong>caro</strong></span> <span class='ocrx_word' id='word_1_360' title='bbox 1796 2971 2051 3028; x_wconf 83' lang='lat' dir='ltr'><strong>deitatis?</strong></span> <span class='ocrx_word' id='word_1_361' title='bbox 2081 2992 2099 3024; x_wconf 78' lang='grc' dir='ltr'><strong>ι</strong></span> 
     </span>
    </p>
   </div>
   <div class='ocr_carea' id='block_1_48' title="bbox 688 3058 2185 3127">
    <p class='ocr_par' dir='ltr' id='par_1_48' title="bbox 688 3058 2185 3127">
     <span class='ocr_line' id='line_1_48' title="bbox 688 3058 2185 3127; baseline -0.001 -12"><span class='ocrx_word' id='word_1_362' title='bbox 688 3060 912 3117; x_wconf 76' lang='lat' dir='ltr'><strong>XLVIII.</strong></span> <span class='ocrx_word' id='word_1_363' title='bbox 946 3060 1081 3127; x_wconf 83' lang='lat' dir='ltr'><strong>Quid</strong></span> <span class='ocrx_word' id='word_1_364' title='bbox 1129 3060 1340 3114; x_wconf 86' lang='lat' dir='ltr'><strong>dicam?</strong></span> <span class='ocrx_word' id='word_1_365' title='bbox 1367 3060 1449 3113; x_wconf 87' lang='lat' dir='ltr'><strong>An</strong></span> <span class='ocrx_word' id='word_1_366' title='bbox 1494 3060 1663 3127; x_wconf 88' lang='lat' dir='ltr'><strong>magis</strong></span> <span class='ocrx_word' id='word_1_367' title='bbox 1714 3058 1953 3111; x_wconf 89' lang='lat' dir='ltr'><strong>miranda</strong></span> <span class='ocrx_word' id='word_1_368' title='bbox 1996 3067 2079 3113; x_wconf 90' lang='lat' dir='ltr'><strong>est</strong></span> <span class='ocrx_word' id='word_1_369' title='bbox 2103 3061 2185 3114; x_wconf 89' lang='lat' dir='ltr'><strong>vel</strong></span> 
     </span>
    </p>
   </div>
   <div class='ocr_carea' id='block_1_49' title="bbox 620 3148 2189 3217">
    <p class='ocr_par' dir='ltr' id='par_1_49' title="bbox 620 3148 2189 3217">
     <span class='ocr_line' id='line_1_49' title="bbox 620 3148 2189 3217; baseline -0.001 -12"><span class='ocrx_word' id='word_1_370' title='bbox 620 3151 921 3206; x_wconf 89' lang='lat' dir='ltr'><strong>miseranda</strong></span> <span class='ocrx_word' id='word_1_371' title='bbox 951 3150 1162 3204; x_wconf 73' lang='lat' dir='ltr'><strong>czecitas</strong></span> <span class='ocrx_word' id='word_1_372' title='bbox 1190 3148 1447 3217; x_wconf 73' lang='lat' dir='ltr'><strong>perﬁdiae,</strong></span> <span class='ocrx_word' id='word_1_373' title='bbox 1473 3162 1592 3215; x_wconf 61' lang='lat' dir='ltr'><strong>quae</strong></span> <span class='ocrx_word' id='word_1_374' title='bbox 1616 3162 1677 3199; x_wconf 71' lang='lat' dir='ltr'><strong>ex</strong></span> <span class='ocrx_word' id='word_1_375' title='bbox 1710 3162 1813 3199; x_wconf 90' lang='lat' dir='ltr'><strong>una</strong></span> <span class='ocrx_word' id='word_1_376' title='bbox 1845 3158 1996 3215; x_wconf 84' lang='lat' dir='ltr'><strong>parte</strong></span> <span class='ocrx_word' id='word_1_377' title='bbox 2022 3150 2189 3203; x_wconf 90' lang='lat' dir='ltr'><strong>omni-</strong></span> 
     </span>
    </p>
   </div>
   <div class='ocr_carea' id='block_1_50' title="bbox 620 3240 2226 3310">
    <p class='ocr_par' dir='ltr' id='par_1_50' title="bbox 620 3240 2226 3310">
     <span class='ocr_line' id='line_1_50' title="bbox 620 3240 2226 3310; baseline 0.001 -14"><span class='ocrx_word' id='word_1_378' title='bbox 620 3244 865 3310; x_wconf 80' lang='lat' dir='ltr'><strong>potentia:</strong></span> <span class='ocrx_word' id='word_1_379' title='bbox 890 3242 1059 3295; x_wconf 85' lang='lat' dir='ltr'><strong>credit</strong></span> <span class='ocrx_word' id='word_1_380' title='bbox 1090 3241 1203 3303; x_wconf 92' lang='lat' dir='ltr'><strong>Dei,</strong></span> <span class='ocrx_word' id='word_1_381' title='bbox 1243 3254 1309 3293; x_wconf 77' lang='lat' dir='ltr'><strong>ex</strong></span> <span class='ocrx_word' id='word_1_382' title='bbox 1348 3240 1513 3293; x_wconf 89' lang='lat' dir='ltr'><strong>altera</strong></span> <span class='ocrx_word' id='word_1_383' title='bbox 1546 3240 1783 3308; x_wconf 80' lang='lat' dir='ltr'><strong>derogat.</strong></span> <span class='ocrx_word' id='word_1_384' title='bbox 1834 3240 2015 3295; x_wconf 86' lang='lat' dir='ltr'><strong>Potuit</strong></span> <span class='ocrx_word' id='word_1_385' title='bbox 2045 3246 2186 3298; x_wconf 89' lang='lat' dir='ltr'><strong>enim</strong></span> <span class='ocrx_word' id='word_1_386' title='bbox 2220 3263 2226 3269; x_wconf 63' lang='grc'><em>”</em></span> 
     </span>
    </p>
   </div>
   <div class='ocr_carea' id='block_1_51' title="bbox 621 3330 2188 3399">
    <p class='ocr_par' dir='ltr' id='par_1_51' title="bbox 621 3330 2188 3399">
     <span class='ocr_line' id='line_1_51' title="bbox 621 3330 2188 3399; baseline 0.003 -15"><span class='ocrx_word' id='word_1_387' title='bbox 621 3334 798 3386; x_wconf 79' lang='lat' dir='ltr'><strong>facere</strong></span> <span class='ocrx_word' id='word_1_388' title='bbox 827 3340 885 3385; x_wconf 93' lang='lat' dir='ltr'><strong>ut</strong></span> <span class='ocrx_word' id='word_1_389' title='bbox 914 3332 1072 3384; x_wconf 91' lang='lat' dir='ltr'><strong>homo</strong></span> <span class='ocrx_word' id='word_1_390' title='bbox 1102 3330 1265 3383; x_wconf 92' lang='lat' dir='ltr'><strong>Deum</strong></span> <span class='ocrx_word' id='word_1_391' title='bbox 1290 3338 1588 3398; x_wconf 86' lang='lat' dir='ltr'><strong>generaret,</strong></span> <span class='ocrx_word' id='word_1_392' title='bbox 1608 3336 1659 3383; x_wconf 83' lang='lat' dir='ltr'><strong>et</strong></span> <span class='ocrx_word' id='word_1_393' title='bbox 1688 3344 1791 3383; x_wconf 91' lang='lat' dir='ltr'><strong>non</strong></span> <span class='ocrx_word' id='word_1_394' title='bbox 1814 3332 1985 3399; x_wconf 89' lang='lat' dir='ltr'><strong>potuit</strong></span> <span class='ocrx_word' id='word_1_395' title='bbox 2012 3331 2188 3389; x_wconf 80' lang='lat' dir='ltr'><strong>facere</strong></span> 
     </span>
    </p>
   </div>
   <div class='ocr_carea' id='block_1_52' title="bbox 623 3419 2187 3489">
    <p class='ocr_par' dir='ltr' id='par_1_52' title="bbox 623 3419 2187 3489">
     <span class='ocr_line' id='line_1_52' title="bbox 623 3419 2187 3489; baseline 0.001 -14"><span class='ocrx_word' id='word_1_396' title='bbox 623 3431 680 3475; x_wconf 91' lang='lat' dir='ltr'><strong>ut</strong></span> <span class='ocrx_word' id='word_1_397' title='bbox 708 3421 808 3474; x_wconf 89' lang='lat' dir='ltr'><strong>sibi</strong></span> <span class='ocrx_word' id='word_1_398' title='bbox 838 3420 1028 3473; x_wconf 80' lang='lat' dir='ltr'><strong>Filium</strong></span> <span class='ocrx_word' id='word_1_399' title='bbox 1056 3419 1327 3487; x_wconf 89' lang='lat' dir='ltr'><strong>proprium</strong></span> <span class='ocrx_word' id='word_1_400' title='bbox 1357 3420 1507 3489; x_wconf 86' lang='lat' dir='ltr'><strong>virgo</strong></span> <span class='ocrx_word' id='word_1_401' title='bbox 1550 3430 1848 3488; x_wconf 87' lang='lat' dir='ltr'><strong>generaret.</strong></span> <span class='ocrx_word' id='word_1_402' title='bbox 1882 3420 2021 3485; x_wconf 87' lang='lat' dir='ltr'><strong>Quid</strong></span> <span class='ocrx_word' id='word_1_403' title='bbox 2044 3424 2187 3476; x_wconf 87' lang='lat' dir='ltr'><strong>enim</strong></span> 
     </span>
    </p>
   </div>
   <div class='ocr_carea' id='block_1_53' title="bbox 625 3500 2191 3577">
    <p class='ocr_par' dir='ltr' id='par_1_53' title="bbox 625 3500 2191 3577">
     <span class='ocr_line' id='line_1_53' title="bbox 625 3500 2191 3577; baseline 0.002 -15"><span class='ocrx_word' id='word_1_404' title='bbox 625 3509 889 3563; x_wconf 78' lang='lat' dir='ltr'><strong>difﬁcilius</strong></span> <span class='ocrx_word' id='word_1_405' title='bbox 915 3518 1015 3573; x_wconf 90' lang='lat' dir='ltr'><strong>est,</strong></span> <span class='ocrx_word' id='word_1_406' title='bbox 1047 3518 1137 3561; x_wconf 92' lang='lat' dir='ltr'><strong>aut</strong></span> <span class='ocrx_word' id='word_1_407' title='bbox 1169 3517 1227 3561; x_wconf 90' lang='lat' dir='ltr'><strong>ut</strong></span> <span class='ocrx_word' id='word_1_408' title='bbox 1255 3510 1415 3561; x_wconf 91' lang='lat' dir='ltr'><strong>homo</strong></span> <span class='ocrx_word' id='word_1_409' title='bbox 1460 3509 1626 3561; x_wconf 89' lang='lat' dir='ltr'><strong>Deum</strong></span> <span class='ocrx_word' id='word_1_410' title='bbox 1667 3500 1964 3577; x_wconf 87' lang='lat' dir='ltr'><strong>generaret,</strong></span> <span class='ocrx_word' id='word_1_411' title='bbox 2010 3519 2103 3563; x_wconf 91' lang='lat' dir='ltr'><strong>aut</strong></span> <span class='ocrx_word' id='word_1_412' title='bbox 2131 3520 2191 3565; x_wconf 92' lang='lat' dir='ltr'><strong>ut</strong></span> 
     </span>
    </p>
   </div>
   <div class='ocr_carea' id='block_1_54' title="bbox 624 3598 2189 3668">
    <p class='ocr_par' dir='ltr' id='par_1_54' title="bbox 624 3598 2189 3668">
     <span class='ocr_line' id='line_1_54' title="bbox 624 3598 2189 3668; baseline 0.001 -15"><span class='ocrx_word' id='word_1_413' title='bbox 624 3600 785 3653; x_wconf 84' lang='lat' dir='ltr'><strong>homo</strong></span> <span class='ocrx_word' id='word_1_414' title='bbox 808 3599 1080 3668; x_wconf 88' lang='lat' dir='ltr'><strong>proprium</strong></span> <span class='ocrx_word' id='word_1_415' title='bbox 1107 3598 1217 3651; x_wconf 82' lang='lat' dir='ltr'><strong>Deo</strong></span> <span class='ocrx_word' id='word_1_416' title='bbox 1242 3598 1431 3651; x_wconf 91' lang='lat' dir='ltr'><strong>Filium</strong></span> <span class='ocrx_word' id='word_1_417' title='bbox 1457 3598 1779 3667; x_wconf 83' lang='lat' dir='ltr'><strong>generaret?</strong></span> <span class='ocrx_word' id='word_1_418' title='bbox 1807 3598 2042 3667; x_wconf 83' lang='lat' dir='ltr'><strong>Utraque</strong></span> <span class='ocrx_word' id='word_1_419' title='bbox 2066 3609 2189 3653; x_wconf 90' lang='lat' dir='ltr'><strong>sunt</strong></span> 
     </span>
    </p>
   </div>
   <div class='ocr_carea' id='block_1_55' title="bbox 622 3686 2189 3757">
    <p class='ocr_par' dir='ltr' id='par_1_55' title="bbox 622 3686 2189 3757">
     <span class='ocr_line' id='line_1_55' title="bbox 622 3686 2189 3757; baseline 0 -15"><span class='ocrx_word' id='word_1_420' title='bbox 622 3688 760 3757; x_wconf 89' lang='lat' dir='ltr'><strong>apud</strong></span> <span class='ocrx_word' id='word_1_421' title='bbox 805 3686 1048 3740; x_wconf 88' lang='lat' dir='ltr'><strong>homines</strong></span> <span class='ocrx_word' id='word_1_422' title='bbox 1096 3686 1465 3755; x_wconf 88' lang='lat' dir='ltr'><strong>impossibilia,</strong></span> <span class='ocrx_word' id='word_1_423' title='bbox 1511 3686 1604 3740; x_wconf 90' lang='lat' dir='ltr'><strong>sed</strong></span> <span class='ocrx_word' id='word_1_424' title='bbox 1650 3696 1877 3755; x_wconf 87' lang='lat' dir='ltr'><strong>utraque</strong></span> <span class='ocrx_word' id='word_1_425' title='bbox 1926 3688 2034 3741; x_wconf 90' lang='lat' dir='ltr'><strong>Deo</strong></span> <span class='ocrx_word' id='word_1_426' title='bbox 2064 3698 2189 3742; x_wconf 92' lang='lat' dir='ltr'><strong>sunt</strong></span> 
     </span>
    </p>
   </div>
   <div class='ocr_carea' id='block_1_56' title="bbox 622 3774 2189 3847">
    <p class='ocr_par' dir='ltr' id='par_1_56' title="bbox 622 3774 2189 3847">
     <span class='ocr_line' id='line_1_56' title="bbox 622 3774 2189 3847; baseline -0.002 -16"><span class='ocrx_word' id='word_1_427' title='bbox 622 3777 910 3847; x_wconf 86' lang='lat' dir='ltr'><strong>possibilia.</strong></span> <span class='ocrx_word' id='word_1_428' title='bbox 949 3775 1049 3841; x_wconf 90' lang='lat' dir='ltr'><strong>Qui</strong></span> <span class='ocrx_word' id='word_1_429' title='bbox 1096 3776 1267 3844; x_wconf 88' lang='lat' dir='ltr'><strong>potuit</strong></span> <span class='ocrx_word' id='word_1_430' title='bbox 1297 3775 1553 3843; x_wconf 82' lang='lat' dir='ltr'><strong>virginem</strong></span> <span class='ocrx_word' id='word_1_431' title='bbox 1598 3774 1771 3829; x_wconf 82' lang='lat' dir='ltr'><strong>facere</strong></span> <span class='ocrx_word' id='word_1_432' title='bbox 1815 3784 2038 3828; x_wconf 88' lang='lat' dir='ltr'><strong>matrem</strong></span> <span class='ocrx_word' id='word_1_433' title='bbox 2068 3776 2189 3829; x_wconf 86' lang='lat' dir='ltr'><strong>Filii</strong></span> 
     </span>
    </p>
   </div>
   <div class='ocr_carea' id='block_1_57' title="bbox 625 3862 2188 3933">
    <p class='ocr_par' dir='ltr' id='par_1_57' title="bbox 625 3862 2188 3933">
     <span class='ocr_line' id='line_1_57' title="bbox 625 3862 2188 3933; baseline -0.001 -14"><span class='ocrx_word' id='word_1_434' title='bbox 625 3866 741 3931; x_wconf 89' lang='lat' dir='ltr'><strong>Dei,</strong></span> <span class='ocrx_word' id='word_1_435' title='bbox 768 3867 940 3933; x_wconf 84' lang='lat' dir='ltr'><strong>potuit</strong></span> <span class='ocrx_word' id='word_1_436' title='bbox 965 3863 1143 3918; x_wconf 84' lang='lat' dir='ltr'><strong>facere</strong></span> <span class='ocrx_word' id='word_1_437' title='bbox 1173 3864 1337 3916; x_wconf 78' lang='lat' dir='ltr'><strong>filium</strong></span> <span class='ocrx_word' id='word_1_438' title='bbox 1371 3862 1591 3932; x_wconf 73' lang='lat' dir='ltr'><strong>virginis</strong></span> <span class='ocrx_word' id='word_1_439' title='bbox 1632 3878 1815 3916; x_wconf 86' lang='lat' dir='ltr'><strong>verum</strong></span> <span class='ocrx_word' id='word_1_440' title='bbox 1850 3877 1967 3916; x_wconf 87' lang='lat' dir='ltr'><strong>esse</strong></span> <span class='ocrx_word' id='word_1_441' title='bbox 1997 3864 2188 3918; x_wconf 82' lang='lat' dir='ltr'><strong>Filium</strong></span> 
     </span>
    </p>
   </div>
   <div class='ocr_carea' id='block_1_58' title="bbox 626 3954 2190 4024">
    <p class='ocr_par' dir='ltr' id='par_1_58' title="bbox 626 3954 2190 4024">
     <span class='ocr_line' id='line_1_58' title="bbox 626 3954 2190 4024; baseline 0 -14"><span class='ocrx_word' id='word_1_442' title='bbox 626 3957 719 4010; x_wconf 90' lang='lat' dir='ltr'><strong>Dei</strong></span> <span class='ocrx_word' id='word_1_443' title='bbox 752 3954 905 4024; x_wconf 89' lang='lat' dir='ltr'><strong>(nihil</strong></span> <span class='ocrx_word' id='word_1_444' title='bbox 931 3955 1071 4007; x_wconf 91' lang='lat' dir='ltr'><strong>enim</strong></span> <span class='ocrx_word' id='word_1_445' title='bbox 1100 3961 1199 4014; x_wconf 91' lang='lat' dir='ltr'><strong>est,</strong></span> <span class='ocrx_word' id='word_1_446' title='bbox 1248 3954 1387 4006; x_wconf 89' lang='lat' dir='ltr'><strong>sicut</strong></span> <span class='ocrx_word' id='word_1_447' title='bbox 1434 3963 1649 4009; x_wconf 88' lang='lat' dir='ltr'><strong>sanctus</strong></span> <span class='ocrx_word' id='word_1_448' title='bbox 1694 3955 2011 4009; x_wconf 86' lang='lat' dir='ltr'><strong>Ambrosius</strong></span> <span class='ocrx_word' id='word_1_449' title='bbox 2038 3957 2112 4008; x_wconf 90' lang='lat' dir='ltr'><strong>ait</strong></span> <span class='ocrx_word' id='word_1_450' title='bbox 2137 3958 2190 4010; x_wconf 91' lang='lat' dir='ltr'><strong>in</strong></span> 
     </span>
    </p>
   </div>
   <div class='ocr_carea' id='block_1_59' title="bbox 628 4041 2192 4113">
    <p class='ocr_par' dir='ltr' id='par_1_59' title="bbox 628 4041 2192 4113">
     <span class='ocr_line' id='line_1_59' title="bbox 628 4041 2192 4113; baseline 0 -15"><span class='ocrx_word' id='word_1_451' title='bbox 628 4047 781 4109; x_wconf 80' lang='lat' dir='ltr'><strong>libro,</strong></span> <span class='ocrx_word' id='word_1_452' title='bbox 810 4058 967 4113; x_wconf 93' lang='lat' dir='ltr'><strong>quem</strong></span> <span class='ocrx_word' id='word_1_453' title='bbox 996 4042 1209 4111; x_wconf 86' lang='lat' dir='ltr'><strong>scripsit</strong></span> <span class='ocrx_word' id='word_1_454' title='bbox 1234 4043 1299 4095; x_wconf 92' lang='lat' dir='ltr'><strong>de</strong></span> <span class='ocrx_word' id='word_1_455' title='bbox 1318 4041 1684 4097; x_wconf 88' lang='lat' dir='ltr'><strong>lncarnatione</strong></span> <span class='ocrx_word' id='word_1_456' title='bbox 1716 4044 1935 4107; x_wconf 85' lang='lat' dir='ltr'><strong>Christi,</strong></span> <span class='ocrx_word' id='word_1_457' title='bbox 1961 4045 2014 4097; x_wconf 92' lang='lat' dir='ltr'><strong>iu</strong></span> <span class='ocrx_word' id='word_1_458' title='bbox 2038 4045 2192 4099; x_wconf 88' lang='lat' dir='ltr'><strong>Chri-</strong></span> 
     </span>
    </p>
   </div>
   <div class='ocr_carea' id='block_1_60' title="bbox 626 4132 2192 4203">
    <p class='ocr_par' dir='ltr' id='par_1_60' title="bbox 626 4132 2192 4203">
     <span class='ocr_line' id='line_1_60' title="bbox 626 4132 2192 4203; baseline -0.001 -13"><span class='ocrx_word' id='word_1_459' title='bbox 626 4142 711 4190; x_wconf 84' lang='lat' dir='ltr'><strong>sto</strong></span> <span class='ocrx_word' id='word_1_460' title='bbox 732 4133 1142 4203; x_wconf 81' lang='lat' dir='ltr'><strong>imperfectum),</strong></span> <span class='ocrx_word' id='word_1_461' title='bbox 1160 4133 1284 4201; x_wconf 90' lang='lat' dir='ltr'><strong>quia</strong></span> <span class='ocrx_word' id='word_1_462' title='bbox 1304 4133 1583 4201; x_wconf 86' lang='lat' dir='ltr'><strong>adoptivus</strong></span> <span class='ocrx_word' id='word_1_463' title='bbox 1604 4132 1838 4199; x_wconf 82' lang='lat' dir='ltr'><strong>liliusad</strong></span> <span class='ocrx_word' id='word_1_464' title='bbox 1862 4134 2192 4189; x_wconf 86' lang='lat' dir='ltr'><strong>nobilitatem</strong></span> 
     </span>
    </p>
   </div>
   <div class='ocr_carea' id='block_1_61' title="bbox 627 4224 2196 4295">
    <p class='ocr_par' dir='ltr' id='par_1_61' title="bbox 627 4224 2196 4295">
     <span class='ocr_line' id='line_1_61' title="bbox 627 4224 2196 4295; baseline 0 -16"><span class='ocrx_word' id='word_1_465' title='bbox 627 4226 825 4295; x_wconf 89' lang='lat' dir='ltr'><strong>proprii</strong></span> <span class='ocrx_word' id='word_1_466' title='bbox 857 4224 948 4278; x_wconf 85' lang='lat' dir='ltr'><strong>lilii</strong></span> <span class='ocrx_word' id='word_1_467' title='bbox 976 4239 1081 4278; x_wconf 90' lang='lat' dir='ltr'><strong>non</strong></span> <span class='ocrx_word' id='word_1_468' title='bbox 1125 4233 1298 4291; x_wconf 86' lang='lat' dir='ltr'><strong>potest</strong></span> <span class='ocrx_word' id='word_1_469' title='bbox 1335 4225 1634 4291; x_wconf 85' lang='lat' dir='ltr'><strong>pervenire.</strong></span> <span class='ocrx_word' id='word_1_470' title='bbox 1678 4224 1760 4276; x_wconf 83' lang='lat' dir='ltr'><strong>An</strong></span> <span class='ocrx_word' id='word_1_471' title='bbox 1802 4225 2085 4279; x_wconf 88' lang='lat' dir='ltr'><strong>dicendum</strong></span> <span class='ocrx_word' id='word_1_472' title='bbox 2112 4234 2196 4281; x_wconf 90' lang='lat' dir='ltr'><strong>est</strong></span> 
     </span>
    </p>
   </div>
   <div class='ocr_carea' id='block_1_62' title="bbox 2285 1800 3849 1886">
    <p class='ocr_par' dir='ltr' id='par_1_62' title="bbox 2285 1800 3849 1886">
     <span class='ocr_line' id='line_1_62' title="bbox 2285 1800 3849 1886; baseline 0.014 -33"><span class='ocrx_word' id='word_1_473' title='bbox 2285 1800 2477 1872; x_wconf 86' lang='lat' dir='ltr'><strong>[Edit.,</strong></span> <span class='ocrx_word' id='word_1_474' title='bbox 2506 1803 2619 1858; x_wconf 88' lang='lat' dir='ltr'><strong>loco</strong></span> <span class='ocrx_word' id='word_1_475' title='bbox 2648 1809 2784 1875; x_wconf 91' lang='lat' dir='ltr'><strong>apud</strong></span> <span class='ocrx_word' id='word_1_476' title='bbox 2816 1824 2872 1862; x_wconf 91' lang='lat' dir='ltr'><strong>se</strong></span> <span class='ocrx_word' id='word_1_477' title='bbox 2897 1812 3082 1864; x_wconf 86' lang='lat' dir='ltr'><strong>habent</strong></span> <span class='ocrx_word' id='word_1_478' title='bbox 3107 1828 3125 1865; x_wconf 92' lang='lat'><strong><em>:</em></strong></span> <span class='ocrx_word' id='word_1_479' title='bbox 3153 1827 3183 1865; x_wconf 89' lang='lat' dir='ltr'><strong>a</strong></span> <span class='ocrx_word' id='word_1_480' title='bbox 3209 1814 3409 1886; x_wconf 85' lang='lat' dir='ltr'><strong>Patre],</strong></span> <span class='ocrx_word' id='word_1_481' title='bbox 3440 1819 3531 1871; x_wconf 89' lang='lat' dir='ltr'><strong>sed</strong></span> <span class='ocrx_word' id='word_1_482' title='bbox 3558 1821 3718 1873; x_wconf 91' lang='lat' dir='ltr'><strong>etiam</strong></span> <span class='ocrx_word' id='word_1_483' title='bbox 3748 1822 3849 1875; x_wconf 85' lang='lat' dir='ltr'><strong>mi-</strong></span> 
     </span>
    </p>
   </div>
   <div class='ocr_carea' id='block_1_63' title="bbox 2282 1895 3851 1974">
    <p class='ocr_par' dir='ltr' id='par_1_63' title="bbox 2282 1895 3851 1974">
     <span class='ocr_line' id='line_1_63' title="bbox 2282 1895 3851 1974; baseline 0.013 -31"><span class='ocrx_word' id='word_1_484' title='bbox 2282 1906 2383 1945; x_wconf 91' lang='lat' dir='ltr'><strong>nor</strong></span> <span class='ocrx_word' id='word_1_485' title='bbox 2410 1902 2553 1946; x_wconf 87' lang='lat' dir='ltr'><strong>esset</strong></span> <span class='ocrx_word' id='word_1_486' title='bbox 2578 1895 2646 1948; x_wconf 90' lang='lat' dir='ltr'><strong>ab</strong></span> <span class='ocrx_word' id='word_1_487' title='bbox 2689 1897 2909 1966; x_wconf 81' lang='lat' dir='ltr'><strong>angelis.</strong></span> <span class='ocrx_word' id='word_1_488' title='bbox 2941 1897 3217 1963; x_wconf 88' lang='lat' dir='ltr'><strong>Quomodo</strong></span> <span class='ocrx_word' id='word_1_489' title='bbox 3246 1903 3347 1957; x_wconf 91' lang='lat' dir='ltr'><strong>hoc</strong></span> <span class='ocrx_word' id='word_1_490' title='bbox 3390 1906 3609 1973; x_wconf 87' lang='lat' dir='ltr'><strong>inquis?</strong></span> <span class='ocrx_word' id='word_1_491' title='bbox 3637 1907 3771 1974; x_wconf 90' lang='lat' dir='ltr'><strong>Quia</strong></span> <span class='ocrx_word' id='word_1_492' title='bbox 3796 1917 3851 1963; x_wconf 89' lang='lat' dir='ltr'><strong>et</strong></span> 
     </span>
    </p>
   </div>
   <div class='ocr_carea' id='block_1_64' title="bbox 2281 1978 3850 2054">
    <p class='ocr_par' dir='ltr' id='par_1_64' title="bbox 2281 1978 3850 2054">
     <span class='ocr_line' id='line_1_64' title="bbox 2281 1978 3850 2054; baseline 0.013 -22"><span class='ocrx_word' id='word_1_493' title='bbox 2281 1978 2525 2036; x_wconf 88' lang='lat' dir='ltr'><strong>homines</strong></span> <span class='ocrx_word' id='word_1_494' title='bbox 2561 1980 2693 2050; x_wconf 89' lang='lat' dir='ltr'><strong>justi</strong></span> <span class='ocrx_word' id='word_1_495' title='bbox 2740 1986 2986 2054; x_wconf 82' lang='lat' dir='ltr'><strong>appellati</strong></span> <span class='ocrx_word' id='word_1_496' title='bbox 3041 1999 3165 2042; x_wconf 91' lang='lat' dir='ltr'><strong>sunt</strong></span> <span class='ocrx_word' id='word_1_497' title='bbox 3216 1990 3331 2044; x_wconf 87' lang='lat' dir='ltr'><strong>lilii.</strong></span> <span class='ocrx_word' id='word_1_498' title='bbox 3377 1990 3607 2049; x_wconf 85' lang='lat' dir='ltr'><strong>Proinde</strong></span> <span class='ocrx_word' id='word_1_499' title='bbox 3656 2012 3850 2052; x_wconf 91' lang='lat' dir='ltr'><strong>nomen</strong></span> 
     </span>
    </p>
   </div>
   <div class='ocr_carea' id='block_1_65' title="bbox 2282 2070 3848 2154">
    <p class='ocr_par' dir='ltr' id='par_1_65' title="bbox 2282 2070 3848 2154">
     <span class='ocr_line' id='line_1_65' title="bbox 2282 2070 3848 2154; baseline 0.013 -32"><span class='ocrx_word' id='word_1_500' title='bbox 2282 2070 2376 2124; x_wconf 83' lang='lat' dir='ltr'><strong>lilii</strong></span> <span class='ocrx_word' id='word_1_501' title='bbox 2404 2072 2504 2127; x_wconf 92' lang='lat' dir='ltr'><strong>nisi</strong></span> <span class='ocrx_word' id='word_1_502' title='bbox 2529 2075 2906 2143; x_wconf 89' lang='lat' dir='ltr'><strong>proprietatem</strong></span> <span class='ocrx_word' id='word_1_503' title='bbox 2936 2081 3199 2145; x_wconf 85' lang='lat' dir='ltr'><strong>ostendat,</strong></span> <span class='ocrx_word' id='word_1_504' title='bbox 3231 2097 3335 2135; x_wconf 93' lang='lat' dir='ltr'><strong>non</strong></span> <span class='ocrx_word' id='word_1_505' title='bbox 3359 2084 3500 2137; x_wconf 90' lang='lat' dir='ltr'><strong>valet</strong></span> <span class='ocrx_word' id='word_1_506' title='bbox 3540 2087 3848 2154; x_wconf 86' lang='lat' dir='ltr'><strong>ostendere,</strong></span> 
     </span>
    </p>
   </div>
   <div class='ocr_carea' id='block_1_66' title="bbox 2281 2161 3841 2232">
    <p class='ocr_par' dir='ltr' id='par_1_66' title="bbox 2281 2161 3841 2232">
     <span class='ocr_line' id='line_1_66' title="bbox 2281 2161 3841 2232; baseline 0.012 -19"><span class='ocrx_word' id='word_1_507' title='bbox 2281 2161 2404 2228; x_wconf 88' lang='lat' dir='ltr'><strong>quia</strong></span> <span class='ocrx_word' id='word_1_508' title='bbox 2435 2161 2733 2218; x_wconf 79' lang='lat' dir='ltr'><strong>dill‘erentia</strong></span> <span class='ocrx_word' id='word_1_509' title='bbox 2779 2175 2863 2220; x_wconf 88' lang='lat' dir='ltr'><strong>est</strong></span> <span class='ocrx_word' id='word_1_510' title='bbox 2907 2168 3045 2221; x_wconf 88' lang='lat' dir='ltr'><strong>inter</strong></span> <span class='ocrx_word' id='word_1_511' title='bbox 3088 2184 3365 2225; x_wconf 87' lang='lat' dir='ltr'><strong>creaturas</strong></span> <span class='ocrx_word' id='word_1_512' title='bbox 3407 2183 3461 2226; x_wconf 87' lang='lat' dir='ltr'><strong>et</strong></span> <span class='ocrx_word' id='word_1_513' title='bbox 3489 2177 3841 2232; x_wconf 80' lang='lat' dir='ltr'><strong>conditorem.</strong></span> 
     </span>
    </p>
   </div>
   <div class='ocr_carea' id='block_1_67' title="bbox 2281 2249 3852 2333">
    <p class='ocr_par' dir='ltr' id='par_1_67' title="bbox 2281 2249 3852 2333">
     <span class='ocr_line' id='line_1_67' title="bbox 2281 2249 3852 2333; baseline 0.012 -30"><span class='ocrx_word' id='word_1_514' title='bbox 2281 2249 2511 2306; x_wconf 83' lang='lat' dir='ltr'><strong>Adverte</strong></span> <span class='ocrx_word' id='word_1_515' title='bbox 2535 2253 2716 2323; x_wconf 87' lang='lat' dir='ltr'><strong>itaque</strong></span> <span class='ocrx_word' id='word_1_516' title='bbox 2742 2256 2869 2324; x_wconf 88' lang='lat' dir='ltr'><strong>quid</strong></span> <span class='ocrx_word' id='word_1_517' title='bbox 2897 2258 3066 2311; x_wconf 86' lang='lat' dir='ltr'><strong>dixit:</strong></span> <span class='ocrx_word' id='word_1_518' title='bbox 3106 2255 3203 2311; x_wconf 88' lang='lat' dir='ltr'><strong>Cui</strong></span> <span class='ocrx_word' id='word_1_519' title='bbox 3242 2260 3543 2331; x_wconf 84' lang='lat' dir='ltr'><strong>angelorum</strong></span> <span class='ocrx_word' id='word_1_520' title='bbox 3572 2265 3852 2333; x_wconf 82' lang='lat' dir='ltr'><strong>aliquando</strong></span> 
     </span>
    </p>
   </div>
   <div class='ocr_carea' id='block_1_68' title="bbox 2282 2340 3853 2425">
    <p class='ocr_par' dir='ltr' id='par_1_68' title="bbox 2282 2340 3853 2425">
     <span class='ocr_line' id='line_1_68' title="bbox 2282 2340 3853 2425; baseline 0.013 -34"><span class='ocrx_word' id='word_1_521' title='bbox 2282 2340 2413 2393; x_wconf 73' lang='lat' dir='ltr'><strong>dixit</strong></span> <span class='ocrx_word' id='word_1_522' title='bbox 2438 2359 2456 2393; x_wconf 86' lang='lat'><em>:</em></span> <span class='ocrx_word' id='word_1_523' title='bbox 2480 2340 2653 2398; x_wconf 82' lang='lat' dir='ltr'><strong>Filius</strong></span> <span class='ocrx_word' id='word_1_524' title='bbox 2680 2362 2823 2400; x_wconf 80' lang='lat' dir='ltr'><strong>meus</strong></span> <span class='ocrx_word' id='word_1_525' title='bbox 2846 2363 2897 2399; x_wconf 87' lang='lat' dir='ltr'><strong>es</strong></span> <span class='ocrx_word' id='word_1_526' title='bbox 2924 2356 2999 2412; x_wconf 88' lang='lat' dir='ltr'><strong>tu,</strong></span> <span class='ocrx_word' id='word_1_527' title='bbox 3031 2365 3122 2417; x_wconf 89' lang='lat' dir='ltr'><strong>ego</strong></span> <span class='ocrx_word' id='word_1_528' title='bbox 3165 2351 3317 2405; x_wconf 84' lang='lat' dir='ltr'><strong>hodie</strong></span> <span class='ocrx_word' id='word_1_529' title='bbox 3338 2353 3501 2421; x_wconf 80' lang='lat' dir='ltr'><strong>genui</strong></span> <span class='ocrx_word' id='word_1_530' title='bbox 3527 2362 3574 2407; x_wconf 91' lang='lat' dir='ltr'><strong>te</strong></span> <span class='ocrx_word' id='word_1_531' title='bbox 3602 2353 3787 2425; x_wconf 83' lang='lat' dir='ltr'><strong>(Hebr.</strong></span> <span class='ocrx_word' id='word_1_532' title='bbox 3811 2372 3853 2422; x_wconf 89' lang='grc' dir='ltr'><strong>ι,</strong></span> 
     </span>
    </p>
   </div>
   <div class='ocr_carea' id='block_1_69' title="bbox 2282 2430 3852 2519">
    <p class='ocr_par' dir='ltr' id='par_1_69' title="bbox 2282 2430 3852 2519">
     <span class='ocr_line' id='line_1_69' title="bbox 2282 2430 3852 2519; baseline 0.01 -35"><span class='ocrx_word' id='word_1_533' title='bbox 2282 2430 2335 2502; x_wconf 82' lang='grc'><strong>5)</strong></span> <span class='ocrx_word' id='word_1_534' title='bbox 2361 2433 2384 2484; x_wconf 80' lang='lat'><strong>?</strong></span> <span class='ocrx_word' id='word_1_535' title='bbox 2411 2432 2529 2503; x_wconf 83' lang='lat' dir='ltr'><strong>[llic</strong></span> <span class='ocrx_word' id='word_1_536' title='bbox 2556 2437 2798 2503; x_wconf 64' lang='lat' dir='ltr'><strong>quaedam</strong></span> <span class='ocrx_word' id='word_1_537' title='bbox 2824 2440 3041 2501; x_wconf 89' lang='lat' dir='ltr'><strong>omissa,</strong></span> <span class='ocrx_word' id='word_1_538' title='bbox 3076 2454 3193 2509; x_wconf 68' lang='lat' dir='ltr'><strong>qum</strong></span> <span class='ocrx_word' id='word_1_539' title='bbox 3218 2441 3269 2494; x_wconf 92' lang='lat' dir='ltr'><strong>in</strong></span> <span class='ocrx_word' id='word_1_540' title='bbox 3308 2442 3463 2495; x_wconf 88' lang='lat' dir='ltr'><strong>editis</strong></span> <span class='ocrx_word' id='word_1_541' title='bbox 3484 2444 3739 2519; x_wconf 83' lang='lat' dir='ltr'><strong>exstant.]</strong></span> <span class='ocrx_word' id='word_1_542' title='bbox 3760 2444 3852 2500; x_wconf 90' lang='lat' dir='ltr'><strong>Ni-</strong></span> 
     </span>
    </p>
   </div>
   <div class='ocr_carea' id='block_1_70' title="bbox 2283 2522 3854 2599">
    <p class='ocr_par' dir='ltr' id='par_1_70' title="bbox 2283 2522 3854 2599">
     <span class='ocr_line' id='line_1_70' title="bbox 2283 2522 3854 2599; baseline 0.01 -26"><span class='ocrx_word' id='word_1_543' title='bbox 2283 2522 2356 2574; x_wconf 89' lang='lat' dir='ltr'><strong>hil</strong></span> <span class='ocrx_word' id='word_1_544' title='bbox 2382 2523 2523 2576; x_wconf 85' lang='lat' dir='ltr'><strong>aliud</strong></span> <span class='ocrx_word' id='word_1_545' title='bbox 2554 2525 2877 2593; x_wconf 81' lang='lat' dir='ltr'><strong>manifestat,</strong></span> <span class='ocrx_word' id='word_1_546' title='bbox 2904 2530 3004 2583; x_wconf 90' lang='lat' dir='ltr'><strong>nisi</strong></span> <span class='ocrx_word' id='word_1_547' title='bbox 3028 2531 3151 2598; x_wconf 86' lang='lat' dir='ltr'><strong>quia</strong></span> <span class='ocrx_word' id='word_1_548' title='bbox 3182 2547 3247 2584; x_wconf 82' lang='lat' dir='ltr'><strong>ex</strong></span> <span class='ocrx_word' id='word_1_549' title='bbox 3276 2531 3391 2599; x_wconf 90' lang='lat' dir='ltr'><strong>ipsa</strong></span> <span class='ocrx_word' id='word_1_550' title='bbox 3420 2534 3651 2587; x_wconf 89' lang='lat' dir='ltr'><strong>essentia</strong></span> <span class='ocrx_word' id='word_1_551' title='bbox 3676 2534 3854 2591; x_wconf 85' lang='lat' dir='ltr'><strong>Patris</strong></span> 
     </span>
    </p>
   </div>
   <div class='ocr_carea' id='block_1_71' title="bbox 2284 2613 3852 2687">
    <p class='ocr_par' dir='ltr' id='par_1_71' title="bbox 2284 2613 3852 2687">
     <span class='ocr_line' id='line_1_71' title="bbox 2284 2613 3852 2687; baseline 0.01 -27"><span class='ocrx_word' id='word_1_552' title='bbox 2284 2617 2363 2661; x_wconf 91' lang='lat' dir='ltr'><strong>est</strong></span> <span class='ocrx_word' id='word_1_553' title='bbox 2386 2613 2611 2679; x_wconf 85' lang='lat' dir='ltr'><strong>genitus.</strong></span> <span class='ocrx_word' id='word_1_554' title='bbox 2646 2613 2795 2669; x_wconf 89' lang='lat' dir='ltr'><strong>Sicut</strong></span> <span class='ocrx_word' id='word_1_555' title='bbox 2814 2617 2954 2669; x_wconf 91' lang='lat' dir='ltr'><strong>enim</strong></span> <span class='ocrx_word' id='word_1_556' title='bbox 2978 2630 3095 2671; x_wconf 88' lang='lat' dir='ltr'><strong>esse</strong></span> <span class='ocrx_word' id='word_1_557' title='bbox 3134 2618 3329 2672; x_wconf 88' lang='lat' dir='ltr'><strong>dicitur</strong></span> <span class='ocrx_word' id='word_1_558' title='bbox 3358 2632 3422 2671; x_wconf 79' lang='lat' dir='ltr'><strong>ex</strong></span> <span class='ocrx_word' id='word_1_559' title='bbox 3448 2622 3697 2687; x_wconf 61' lang='lat' dir='ltr'><strong>praesenti</strong></span> <span class='ocrx_word' id='word_1_560' title='bbox 3720 2630 3852 2676; x_wconf 90' lang='lat' dir='ltr'><strong>tem-</strong></span> 
     </span>
    </p>
   </div>
   <div class='ocr_carea' id='block_1_72' title="bbox 2283 2702 3849 2781">
    <p class='ocr_par' dir='ltr' id='par_1_72' title="bbox 2283 2702 3849 2781">
     <span class='ocr_line' id='line_1_72' title="bbox 2283 2702 3849 2781; baseline 0.009 -30"><span class='ocrx_word' id='word_1_561' title='bbox 2283 2712 2411 2765; x_wconf 90' lang='lat' dir='ltr'><strong>pore</strong></span> <span class='ocrx_word' id='word_1_562' title='bbox 2437 2716 2449 2749; x_wconf 87' lang='lat'><strong>:</strong></span> <span class='ocrx_word' id='word_1_563' title='bbox 2477 2702 2551 2755; x_wconf 89' lang='lat' dir='ltr'><strong>sic</strong></span> <span class='ocrx_word' id='word_1_564' title='bbox 2576 2704 2770 2773; x_wconf 83' lang='lat' dir='ltr'><strong>quippe</strong></span> <span class='ocrx_word' id='word_1_565' title='bbox 2799 2707 2970 2774; x_wconf 85' lang='lat' dir='ltr'><strong>magis</strong></span> <span class='ocrx_word' id='word_1_566' title='bbox 2992 2707 3055 2760; x_wconf 91' lang='lat' dir='ltr'><strong>de</strong></span> <span class='ocrx_word' id='word_1_567' title='bbox 3076 2706 3185 2760; x_wconf 91' lang='lat' dir='ltr'><strong>Deo</strong></span> <span class='ocrx_word' id='word_1_568' title='bbox 3207 2707 3312 2761; x_wconf 90' lang='lat' dir='ltr'><strong>dici</strong></span> <span class='ocrx_word' id='word_1_569' title='bbox 3340 2710 3621 2763; x_wconf 84' lang='lat' dir='ltr'><strong>conveniat</strong></span> <span class='ocrx_word' id='word_1_570' title='bbox 3653 2710 3849 2781; x_wconf 82' lang='lat' dir='ltr'><strong>[Edit.,</strong></span> 
     </span>
    </p>
   </div>
   <div class='ocr_carea' id='block_1_73' title="bbox 2283 2784 3854 2870">
    <p class='ocr_par' dir='ltr' id='par_1_73' title="bbox 2283 2784 3854 2870">
     <span class='ocr_line' id='line_1_73' title="bbox 2283 2784 3854 2870; baseline 0.006 -28"><span class='ocrx_word' id='word_1_571' title='bbox 2283 2790 2573 2861; x_wconf 89' lang='lat' dir='ltr'><strong>convenit].</strong></span> <span class='ocrx_word' id='word_1_572' title='bbox 2608 2790 2797 2858; x_wconf 81' lang='lat' dir='ltr'><strong>Filius,</strong></span> <span class='ocrx_word' id='word_1_573' title='bbox 2832 2796 3023 2862; x_wconf 90' lang='lat' dir='ltr'><strong>inquit,</strong></span> <span class='ocrx_word' id='word_1_574' title='bbox 3054 2812 3197 2850; x_wconf 83' lang='lat' dir='ltr'><strong>meus</strong></span> <span class='ocrx_word' id='word_1_575' title='bbox 3226 2814 3277 2851; x_wconf 79' lang='lat' dir='ltr'><strong>es</strong></span> <span class='ocrx_word' id='word_1_576' title='bbox 3306 2808 3382 2863; x_wconf 81' lang='lat' dir='ltr'><strong>tu,</strong></span> <span class='ocrx_word' id='word_1_577' title='bbox 3413 2784 3504 2869; x_wconf 84' lang='lat' dir='ltr'><strong>ego</strong></span> <span class='ocrx_word' id='word_1_578' title='bbox 3530 2800 3681 2853; x_wconf 88' lang='lat' dir='ltr'><strong>hodie</strong></span> <span class='ocrx_word' id='word_1_579' title='bbox 3702 2801 3854 2870; x_wconf 84' lang='lat' dir='ltr'><strong>genui</strong></span> 
     </span>
    </p>
   </div>
   <div class='ocr_carea' id='block_1_74' title="bbox 2284 2876 3851 2957">
    <p class='ocr_par' dir='ltr' id='par_1_74' title="bbox 2284 2876 3851 2957">
     <span class='ocr_line' id='line_1_74' title="bbox 2284 2876 3851 2957; baseline 0.01 -28"><span class='ocrx_word' id='word_1_580' title='bbox 2284 2886 2349 2929; x_wconf 86' lang='lat' dir='ltr'><strong>te.</strong></span> <span class='ocrx_word' id='word_1_581' title='bbox 2384 2876 2534 2943; x_wconf 90' lang='lat' dir='ltr'><strong>Quod</strong></span> <span class='ocrx_word' id='word_1_582' title='bbox 2563 2880 2761 2933; x_wconf 89' lang='lat' dir='ltr'><strong>dictum</strong></span> <span class='ocrx_word' id='word_1_583' title='bbox 2792 2889 2895 2947; x_wconf 82' lang='lat' dir='ltr'><strong>est,</strong></span> <span class='ocrx_word' id='word_1_584' title='bbox 2925 2884 3099 2949; x_wconf 86' lang='lat' dir='ltr'><strong>hodie,</strong></span> <span class='ocrx_word' id='word_1_585' title='bbox 3138 2887 3418 2954; x_wconf 62' lang='lat' dir='ltr'><strong>prmsentis</strong></span> <span class='ocrx_word' id='word_1_586' title='bbox 3445 2894 3527 2941; x_wconf 91' lang='lat' dir='ltr'><strong>cst</strong></span> <span class='ocrx_word' id='word_1_587' title='bbox 3558 2889 3811 2957; x_wconf 88' lang='lat' dir='ltr'><strong>temporis</strong></span> <span class='ocrx_word' id='word_1_588' title='bbox 3836 2905 3851 2955; x_wconf 89' lang='lat'>;</span> 
     </span>
    </p>
   </div>
   <div class='ocr_carea' id='block_1_75' title="bbox 2285 2970 3852 3045">
    <p class='ocr_par' dir='ltr' id='par_1_75' title="bbox 2285 2970 3852 3045">
     <span class='ocr_line' id='line_1_75' title="bbox 2285 2970 3852 3045; baseline 0.009 -28"><span class='ocrx_word' id='word_1_589' title='bbox 2285 2971 2457 3032; x_wconf 88' lang='lat' dir='ltr'><strong>potest</strong></span> <span class='ocrx_word' id='word_1_590' title='bbox 2480 2973 2659 3019; x_wconf 90' lang='lat' dir='ltr'><strong>tamen</strong></span> <span class='ocrx_word' id='word_1_591' title='bbox 2682 2974 2737 3020; x_wconf 89' lang='lat' dir='ltr'><strong>et</strong></span> <span class='ocrx_word' id='word_1_592' title='bbox 2761 2970 3051 3024; x_wconf 86' lang='lat' dir='ltr'><strong>secundum</strong></span> <span class='ocrx_word' id='word_1_593' title='bbox 3074 2988 3289 3027; x_wconf 85' lang='lat' dir='ltr'><strong>carnem</strong></span> <span class='ocrx_word' id='word_1_594' title='bbox 3312 2975 3411 3028; x_wconf 88' lang='lat' dir='ltr'><strong>hoc</strong></span> <span class='ocrx_word' id='word_1_595' title='bbox 3429 2976 3594 3045; x_wconf 88' lang='lat' dir='ltr'><strong>accipi</strong></span> <span class='ocrx_word' id='word_1_596' title='bbox 3619 2976 3852 3042; x_wconf 86' lang='lat' dir='ltr'><strong>dictum;</strong></span> 
     </span>
    </p>
   </div>
   <div class='ocr_carea' id='block_1_76' title="bbox 2288 3055 3855 3127">
    <p class='ocr_par' dir='ltr' id='par_1_76' title="bbox 2288 3055 3855 3127">
     <span class='ocr_line' id='line_1_76' title="bbox 2288 3055 3855 3127; baseline 0.009 -22"><span class='ocrx_word' id='word_1_597' title='bbox 2288 3068 2407 3105; x_wconf 91' lang='lat' dir='ltr'><strong>cum</strong></span> <span class='ocrx_word' id='word_1_598' title='bbox 2433 3055 2573 3107; x_wconf 88' lang='lat' dir='ltr'><strong>enim</strong></span> <span class='ocrx_word' id='word_1_599' title='bbox 2603 3057 2955 3110; x_wconf 88' lang='lat' dir='ltr'><strong>nominaverit</strong></span> <span class='ocrx_word' id='word_1_600' title='bbox 2976 3074 3212 3124; x_wconf 87' lang='lat' dir='ltr'><strong>carnem,</strong></span> <span class='ocrx_word' id='word_1_601' title='bbox 3241 3060 3352 3127; x_wconf 82' lang='lat' dir='ltr'><strong>jam</strong></span> <span class='ocrx_word' id='word_1_602' title='bbox 3386 3064 3500 3116; x_wconf 90' lang='lat' dir='ltr'><strong>sine</strong></span> <span class='ocrx_word' id='word_1_603' title='bbox 3528 3063 3637 3116; x_wconf 90' lang='lat' dir='ltr'><strong>ullo</strong></span> <span class='ocrx_word' id='word_1_604' title='bbox 3667 3065 3855 3119; x_wconf 86' lang='lat' dir='ltr'><strong>timore</strong></span> 
     </span>
    </p>
   </div>
   <div class='ocr_carea' id='block_1_77' title="bbox 2283 3144 3854 3215">
    <p class='ocr_par' dir='ltr' id='par_1_77' title="bbox 2283 3144 3854 3215">
     <span class='ocr_line' id='line_1_77' title="bbox 2283 3144 3854 3215; baseline 0.01 -23"><span class='ocrx_word' id='word_1_605' title='bbox 2283 3155 2459 3209; x_wconf 80' lang='lat' dir='ltr'><strong>pravae</strong></span> <span class='ocrx_word' id='word_1_606' title='bbox 2500 3144 2820 3211; x_wconf 86' lang='lat' dir='ltr'><strong>suspicionis</strong></span> <span class='ocrx_word' id='word_1_607' title='bbox 2863 3145 3151 3215; x_wconf 90' lang='lat' dir='ltr'><strong>eloquitur.</strong></span> <span class='ocrx_word' id='word_1_608' title='bbox 3190 3149 3398 3203; x_wconf 89' lang='lat' dir='ltr'><strong>Etenim</strong></span> <span class='ocrx_word' id='word_1_609' title='bbox 3446 3167 3573 3205; x_wconf 89' lang='lat' dir='ltr'><strong>caro</strong></span> <span class='ocrx_word' id='word_1_610' title='bbox 3619 3168 3854 3206; x_wconf 90' lang='lat' dir='ltr'><strong>commu-</strong></span> 
     </span>
    </p>
   </div>
   <div class='ocr_carea' id='block_1_78' title="bbox 2284 3231 3853 3314">
    <p class='ocr_par' dir='ltr' id='par_1_78' title="bbox 2284 3231 3853 3314">
     <span class='ocr_line' id='line_1_78' title="bbox 2284 3231 3853 3314; baseline 0.007 -31"><span class='ocrx_word' id='word_1_611' title='bbox 2284 3231 2427 3285; x_wconf 88' lang='lat' dir='ltr'><strong>nicat</strong></span> <span class='ocrx_word' id='word_1_612' title='bbox 2457 3232 2762 3299; x_wconf 88' lang='lat' dir='ltr'><strong>altioribus,</strong></span> <span class='ocrx_word' id='word_1_613' title='bbox 2793 3236 2933 3290; x_wconf 89' lang='lat' dir='ltr'><strong>sicut</strong></span> <span class='ocrx_word' id='word_1_614' title='bbox 2957 3246 3011 3289; x_wconf 89' lang='lat' dir='ltr'><strong>et</strong></span> <span class='ocrx_word' id='word_1_615' title='bbox 3045 3238 3295 3292; x_wconf 81' lang='lat' dir='ltr'><strong>divinitas</strong></span> <span class='ocrx_word' id='word_1_616' title='bbox 3326 3240 3628 3295; x_wconf 87' lang='lat' dir='ltr'><strong>hominibus</strong></span> <span class='ocrx_word' id='word_1_617' title='bbox 3659 3240 3853 3314; x_wconf 82' lang='lat' dir='ltr'><strong>[Edit.,</strong></span> 
     </span>
    </p>
   </div>
   <div class='ocr_carea' id='block_1_79' title="bbox 2284 3321 3422 3395">
    <p class='ocr_par' dir='ltr' id='par_1_79' title="bbox 2284 3321 3422 3395">
     <span class='ocr_line' id='line_1_79' title="bbox 2284 3321 3422 3395; baseline 0.008 -23"><span class='ocrx_word' id='word_1_618' title='bbox 2284 3321 2589 3391; x_wconf 90' lang='lat' dir='ltr'><strong>humilibus]</strong></span> <span class='ocrx_word' id='word_1_619' title='bbox 2618 3326 3013 3381; x_wconf 88' lang='lat' dir='ltr'><strong>communicare</strong></span> <span class='ocrx_word' id='word_1_620' title='bbox 3039 3328 3253 3395; x_wconf 75' lang='lat' dir='ltr'><strong>dignata</strong></span> <span class='ocrx_word' id='word_1_621' title='bbox 3282 3338 3379 3383; x_wconf 89' lang='lat' dir='ltr'><strong>est.</strong></span> <span class='ocrx_word' id='word_1_622' title='bbox 3403 3348 3422 3381; x_wconf 80' lang='grc' dir='ltr'><strong>ι</strong></span> 
     </span>
    </p>
   </div>
   <div class='ocr_carea' id='block_1_80' title="bbox 2352 3433 3853 3511">
    <p class='ocr_par' dir='ltr' id='par_1_80' title="bbox 2352 3433 3853 3511">
     <span class='ocr_line' id='line_1_80' title="bbox 2352 3433 3853 3511; baseline 0.009 -25"><span class='ocrx_word' id='word_1_623' title='bbox 2352 3433 2413 3487; x_wconf 90' lang='lat' dir='ltr'><strong>L.</strong></span> <span class='ocrx_word' id='word_1_624' title='bbox 2467 3434 2661 3489; x_wconf 88' lang='lat' dir='ltr'><strong>Beatus</strong></span> <span class='ocrx_word' id='word_1_625' title='bbox 2691 3435 3045 3508; x_wconf 83' lang='lat' dir='ltr'><strong>Hieronymus</strong></span> <span class='ocrx_word' id='word_1_626' title='bbox 3075 3456 3241 3495; x_wconf 67' lang='lat' dir='ltr'><strong>sacra:</strong></span> <span class='ocrx_word' id='word_1_627' title='bbox 3284 3442 3549 3511; x_wconf 88' lang='lat' dir='ltr'><strong>interpres</strong></span> <span class='ocrx_word' id='word_1_628' title='bbox 3594 3444 3853 3510; x_wconf 63' lang='lat' dir='ltr'><strong>historiae,</strong></span> 
     </span>
    </p>
   </div>
   <div class='ocr_carea' id='block_1_81' title="bbox 2285 3524 3857 3589">
    <p class='ocr_par' dir='ltr' id='par_1_81' title="bbox 2285 3524 3857 3589">
     <span class='ocr_line' id='line_1_81' title="bbox 2285 3524 3857 3589; baseline 0.009 -15"><span class='ocrx_word' id='word_1_629' title='bbox 2285 3530 2339 3575; x_wconf 85' lang='lat' dir='ltr'><strong>et</strong></span> <span class='ocrx_word' id='word_1_630' title='bbox 2381 3524 2647 3578; x_wconf 83' lang='lat' dir='ltr'><strong>maximus</strong></span> <span class='ocrx_word' id='word_1_631' title='bbox 2699 3528 2970 3582; x_wconf 74' lang='lat' dir='ltr'><strong>catholica:</strong></span> <span class='ocrx_word' id='word_1_632' title='bbox 3026 3530 3144 3583; x_wconf 87' lang='lat' dir='ltr'><strong>tidei</strong></span> <span class='ocrx_word' id='word_1_633' title='bbox 3196 3530 3386 3583; x_wconf 78' lang='lat' dir='ltr'><strong>doctor</strong></span> <span class='ocrx_word' id='word_1_634' title='bbox 3415 3540 3469 3584; x_wconf 89' lang='lat' dir='ltr'><strong>et</strong></span> <span class='ocrx_word' id='word_1_635' title='bbox 3512 3531 3760 3587; x_wconf 79' lang='lat' dir='ltr'><strong>defensor</strong></span> <span class='ocrx_word' id='word_1_636' title='bbox 3799 3535 3857 3589; x_wconf 92' lang='lat' dir='ltr'><strong>in</strong></span> 
     </span>
    </p>
   </div>
   <div class='ocr_carea' id='block_1_82' title="bbox 2287 3610 3858 3691">
    <p class='ocr_par' dir='ltr' id='par_1_82' title="bbox 2287 3610 3858 3691">
     <span class='ocr_line' id='line_1_82' title="bbox 2287 3610 3858 3691; baseline 0.008 -27"><span class='ocrx_word' id='word_1_637' title='bbox 2287 3610 2560 3677; x_wconf 85' lang='lat' dir='ltr'><strong>Tractatu,</strong></span> <span class='ocrx_word' id='word_1_638' title='bbox 2583 3630 2742 3683; x_wconf 91' lang='lat' dir='ltr'><strong>quem</strong></span> <span class='ocrx_word' id='word_1_639' title='bbox 2769 3616 2821 3669; x_wconf 90' lang='lat' dir='ltr'><strong>in</strong></span> <span class='ocrx_word' id='word_1_640' title='bbox 2849 3617 3138 3685; x_wconf 83' lang='lat' dir='ltr'><strong>Epistulam</strong></span> <span class='ocrx_word' id='word_1_641' title='bbox 3166 3619 3307 3673; x_wconf 88' lang='lat' dir='ltr'><strong>beati</strong></span> <span class='ocrx_word' id='word_1_642' title='bbox 3335 3620 3482 3673; x_wconf 90' lang='lat' dir='ltr'><strong>Pauli</strong></span> <span class='ocrx_word' id='word_1_643' title='bbox 3511 3622 3575 3674; x_wconf 89' lang='lat' dir='ltr'><strong>ad</strong></span> <span class='ocrx_word' id='word_1_644' title='bbox 3598 3622 3858 3691; x_wconf 84' lang='lat' dir='ltr'><strong>Ephesios</strong></span> 
     </span>
    </p>
   </div>
   <div class='ocr_carea' id='block_1_83' title="bbox 2285 3706 3857 3770">
    <p class='ocr_par' dir='ltr' id='par_1_83' title="bbox 2285 3706 3857 3770">
     <span class='ocr_line' id='line_1_83' title="bbox 2285 3706 3857 3770; baseline 0.006 -13"><span class='ocrx_word' id='word_1_645' title='bbox 2285 3706 2431 3770; x_wconf 78' lang='lat' dir='ltr'><strong>fecit,</strong></span> <span class='ocrx_word' id='word_1_646' title='bbox 2464 3706 2536 3758; x_wconf 87' lang='lat' dir='ltr'><strong>ita</strong></span> <span class='ocrx_word' id='word_1_647' title='bbox 2563 3707 2629 3759; x_wconf 86' lang='lat' dir='ltr'><strong>de</strong></span> <span class='ocrx_word' id='word_1_648' title='bbox 2666 3708 2890 3761; x_wconf 87' lang='lat' dir='ltr'><strong>naturali</strong></span> <span class='ocrx_word' id='word_1_649' title='bbox 2933 3708 3184 3763; x_wconf 68' lang='lat' dir='ltr'><strong>tiliatione</strong></span> <span class='ocrx_word' id='word_1_650' title='bbox 3215 3710 3306 3764; x_wconf 89' lang='lat' dir='ltr'><strong>Dei</strong></span> <span class='ocrx_word' id='word_1_651' title='bbox 3334 3710 3530 3766; x_wconf 81' lang='lat' dir='ltr'><strong>Christi</strong></span> <span class='ocrx_word' id='word_1_652' title='bbox 3552 3721 3605 3766; x_wconf 89' lang='lat' dir='ltr'><strong>ct</strong></span> <span class='ocrx_word' id='word_1_653' title='bbox 3633 3714 3698 3767; x_wconf 87' lang='lat' dir='ltr'><strong>de</strong></span> <span class='ocrx_word' id='word_1_654' title='bbox 3726 3713 3857 3767; x_wconf 86' lang='lat' dir='ltr'><strong>ado-</strong></span> 
     </span>
    </p>
   </div>
   <div class='ocr_carea' id='block_1_84' title="bbox 2285 3797 3854 3872">
    <p class='ocr_par' dir='ltr' id='par_1_84' title="bbox 2285 3797 3854 3872">
     <span class='ocr_line' id='line_1_84' title="bbox 2285 3797 3854 3872; baseline 0.006 -25"><span class='ocrx_word' id='word_1_655' title='bbox 2285 3798 2466 3864; x_wconf 89' lang='lat' dir='ltr'><strong>ptionc</strong></span> <span class='ocrx_word' id='word_1_656' title='bbox 2505 3805 2688 3851; x_wconf 89' lang='lat' dir='ltr'><strong>nostra</strong></span> <span class='ocrx_word' id='word_1_657' title='bbox 2732 3797 2982 3853; x_wconf 89' lang='lat' dir='ltr'><strong>disseruit</strong></span> <span class='ocrx_word' id='word_1_658' title='bbox 3013 3812 3032 3837; x_wconf 79' lang='lat' dir='ltr'><strong>c</strong></span> <span class='ocrx_word' id='word_1_659' title='bbox 3068 3817 3081 3852; x_wconf 93' lang='lat'>:</span> <span class='ocrx_word' id='word_1_660' title='bbox 3113 3819 3129 3849; x_wconf 82' lang='lat'><strong>(</strong></span> <span class='ocrx_word' id='word_1_661' title='bbox 3166 3801 3274 3855; x_wconf 83' lang='lat' dir='ltr'><strong>Nec</strong></span> <span class='ocrx_word' id='word_1_662' title='bbox 3316 3818 3417 3856; x_wconf 89' lang='lat' dir='ltr'><strong>non</strong></span> <span class='ocrx_word' id='word_1_663' title='bbox 3446 3805 3631 3868; x_wconf 89' lang='lat' dir='ltr'><strong>etiam,</strong></span> <span class='ocrx_word' id='word_1_664' title='bbox 3660 3804 3854 3872; x_wconf 83' lang='lat' dir='ltr'><strong>inquit,</strong></span> 
     </span>
    </p>
   </div>
   <div class='ocr_carea' id='block_1_85' title="bbox 2288 3882 3861 3956">
    <p class='ocr_par' dir='ltr' id='par_1_85' title="bbox 2288 3882 3861 3956">
     <span class='ocr_line' id='line_1_85' title="bbox 2288 3882 3861 3956; baseline 0.006 -20"><span class='ocrx_word' id='word_1_665' title='bbox 2288 3884 2389 3937; x_wconf 88' lang='lat' dir='ltr'><strong>hoc</strong></span> <span class='ocrx_word' id='word_1_666' title='bbox 2435 3882 2793 3948; x_wconf 79' lang='lat' dir='ltr'><strong>inferendum,</strong></span> <span class='ocrx_word' id='word_1_667' title='bbox 2844 3887 2983 3952; x_wconf 91' lang='lat' dir='ltr'><strong>quod</strong></span> <span class='ocrx_word' id='word_1_668' title='bbox 3035 3902 3153 3939; x_wconf 89' lang='lat' dir='ltr'><strong>cum</strong></span> <span class='ocrx_word' id='word_1_669' title='bbox 3206 3890 3545 3956; x_wconf 61' lang='lat' dir='ltr'><strong>praedestinet</strong></span> <span class='ocrx_word' id='word_1_670' title='bbox 3593 3904 3689 3943; x_wconf 92' lang='lat' dir='ltr'><strong>nos</strong></span> <span class='ocrx_word' id='word_1_671' title='bbox 3744 3890 3861 3945; x_wconf 84' lang='lat' dir='ltr'><strong>sive</strong></span> 
     </span>
    </p>
   </div>
   <div class='ocr_carea' id='block_1_86' title="bbox 2290 3972 3859 4050">
    <p class='ocr_par' dir='ltr' id='par_1_86' title="bbox 2290 3972 3859 4050">
     <span class='ocr_line' id='line_1_86' title="bbox 2290 3972 3859 4050; baseline 0.003 -23"><span class='ocrx_word' id='word_1_672' title='bbox 2290 3972 2448 4042; x_wconf 82' lang='lat'><strong>775</strong></span> <span class='ocrx_word' id='word_1_673' title='bbox 2483 3972 2745 4041; x_wconf 60' lang='lat' dir='ltr'><strong>praeliniat</strong></span> <span class='ocrx_word' id='word_1_674' title='bbox 2774 3973 2913 4029; x_wconf 90' lang='lat' dir='ltr'><strong>Deus</strong></span> <span class='ocrx_word' id='word_1_675' title='bbox 2938 3976 2987 4027; x_wconf 91' lang='lat' dir='ltr'><strong>in</strong></span> <span class='ocrx_word' id='word_1_676' title='bbox 3014 3977 3348 4045; x_wconf 88' lang='lat' dir='ltr'><strong>adoptionem</strong></span> <span class='ocrx_word' id='word_1_677' title='bbox 3390 3978 3615 4033; x_wconf 78' lang='lat' dir='ltr'><strong>filiorum</strong></span> <span class='ocrx_word' id='word_1_678' title='bbox 3644 3995 3742 4050; x_wconf 86' lang='lat' dir='ltr'><strong>per</strong></span> <span class='ocrx_word' id='word_1_679' title='bbox 3766 3978 3859 4035; x_wconf 85' lang='lat' dir='ltr'><strong>Je-</strong></span> 
     </span>
    </p>
   </div>
   <div class='ocr_carea' id='block_1_87' title="bbox 2290 4060 3860 4139">
    <p class='ocr_par' dir='ltr' id='par_1_87' title="bbox 2290 4060 3860 4139">
     <span class='ocr_line' id='line_1_87' title="bbox 2290 4060 3860 4139; baseline 0.007 -26"><span class='ocrx_word' id='word_1_680' title='bbox 2290 4075 2407 4113; x_wconf 90' lang='lat' dir='ltr'><strong>sum</strong></span> <span class='ocrx_word' id='word_1_681' title='bbox 2432 4060 2725 4127; x_wconf 89' lang='lat' dir='ltr'><strong>Christum,</strong></span> <span class='ocrx_word' id='word_1_682' title='bbox 2751 4070 2928 4117; x_wconf 81' lang='lat' dir='ltr'><strong>tamen</strong></span> <span class='ocrx_word' id='word_1_683' title='bbox 2969 4080 3074 4117; x_wconf 90' lang='lat' dir='ltr'><strong>non</strong></span> <span class='ocrx_word' id='word_1_684' title='bbox 3118 4074 3239 4120; x_wconf 92' lang='lat' dir='ltr'><strong>ante</strong></span> <span class='ocrx_word' id='word_1_685' title='bbox 3279 4067 3372 4121; x_wconf 81' lang='lat' dir='ltr'><strong>lilii</strong></span> <span class='ocrx_word' id='word_1_686' title='bbox 3404 4083 3529 4123; x_wconf 86' lang='lat' dir='ltr'><strong>esse</strong></span> <span class='ocrx_word' id='word_1_687' title='bbox 3554 4084 3860 4139; x_wconf 88' lang='lat' dir='ltr'><strong>possumus,</strong></span> 
     </span>
    </p>
   </div>
   <div class='ocr_carea' id='block_1_88' title="bbox 2292 4149 3860 4229">
    <p class='ocr_par' dir='ltr' id='par_1_88' title="bbox 2292 4149 3860 4229">
     <span class='ocr_line' id='line_1_88' title="bbox 2292 4149 3860 4229; baseline 0.008 -28"><span class='ocrx_word' id='word_1_688' title='bbox 2292 4149 2394 4203; x_wconf 89' lang='lat' dir='ltr'><strong>nisi</strong></span> <span class='ocrx_word' id='word_1_689' title='bbox 2443 4149 2535 4202; x_wconf 84' lang='lat' dir='ltr'><strong>ﬁlii</strong></span> <span class='ocrx_word' id='word_1_690' title='bbox 2574 4152 2688 4221; x_wconf 80' lang='lat' dir='ltr'><strong>ejus</strong></span> <span class='ocrx_word' id='word_1_691' title='bbox 2732 4150 2857 4206; x_wconf 85' lang='lat' dir='ltr'><strong>Jesu</strong></span> <span class='ocrx_word' id='word_1_692' title='bbox 2906 4152 3104 4208; x_wconf 85' lang='lat' dir='ltr'><strong>Christi</strong></span> <span class='ocrx_word' id='word_1_693' title='bbox 3156 4156 3311 4210; x_wconf 83' lang='lat' dir='ltr'><strong>[idem</strong></span> <span class='ocrx_word' id='word_1_694' title='bbox 3355 4166 3409 4211; x_wconf 90' lang='lat' dir='ltr'><strong>et</strong></span> <span class='ocrx_word' id='word_1_695' title='bbox 3458 4160 3860 4229; x_wconf 80' lang='lat' dir='ltr'><strong>intelligentiam</strong></span> 
     </span>
    </p>
   </div>
   <div class='ocr_carea' id='block_1_89' title="bbox 2296 4240 3861 4315">
    <p class='ocr_par' dir='ltr' id='par_1_89' title="bbox 2296 4240 3861 4315">
     <span class='ocr_line' id='line_1_89' title="bbox 2296 4240 3861 4315; baseline 0.01 -26"><span class='ocrx_word' id='word_1_696' title='bbox 2296 4240 2634 4307; x_wconf 88' lang='lat' dir='ltr'><strong>recipiamus.</strong></span> <span class='ocrx_word' id='word_1_697' title='bbox 2688 4242 2753 4294; x_wconf 90' lang='lat' dir='ltr'><strong>Et</strong></span> <span class='ocrx_word' id='word_1_698' title='bbox 2792 4242 2881 4296; x_wconf 93' lang='lat' dir='ltr'><strong>ille</strong></span> <span class='ocrx_word' id='word_1_699' title='bbox 2918 4243 3129 4311; x_wconf 89' lang='lat' dir='ltr'><strong>quidem</strong></span> <span class='ocrx_word' id='word_1_700' title='bbox 3163 4254 3353 4300; x_wconf 88' lang='lat' dir='ltr'><strong>natura</strong></span> <span class='ocrx_word' id='word_1_701' title='bbox 3396 4247 3564 4302; x_wconf 87' lang='lat' dir='ltr'><strong>Filius</strong></span> <span class='ocrx_word' id='word_1_702' title='bbox 3609 4259 3713 4315; x_wconf 91' lang='lat' dir='ltr'><strong>est,</strong></span> <span class='ocrx_word' id='word_1_703' title='bbox 3761 4266 3861 4306; x_wconf 91' lang='lat' dir='ltr'><strong>nos</strong></span> 
     </span>
    </p>
   </div>
   <div class='ocr_carea' id='block_1_90' title="bbox 630 4310 3858 4404">
    <p class='ocr_par' dir='ltr' id='par_1_90' title="bbox 630 4310 3858 4404">
     <span class='ocr_line' id='line_1_90' title="bbox 630 4310 3858 4404; baseline 0.008 -34"><span class='ocrx_word' id='word_1_704' title='bbox 630 4316 781 4368; x_wconf 86' lang='lat' dir='ltr'><strong>nobis</strong></span> <span class='ocrx_word' id='word_1_705' title='bbox 806 4314 1075 4367; x_wconf 79' lang='lat' dir='ltr'><strong>Christum</strong></span> <span class='ocrx_word' id='word_1_706' title='bbox 1126 4326 1244 4366; x_wconf 79' lang='lat' dir='ltr'><strong>esse</strong></span> <span class='ocrx_word' id='word_1_707' title='bbox 1288 4312 1343 4364; x_wconf 80' lang='lat' dir='ltr'><strong>in</strong></span> <span class='ocrx_word' id='word_1_708' title='bbox 1384 4312 1562 4381; x_wconf 83' lang='lat' dir='ltr'><strong>aliquo</strong></span> <span class='ocrx_word' id='word_1_709' title='bbox 1593 4310 2007 4380; x_wconf 69' lang='lat' dir='ltr'><strong>imperfectum?</strong></span> <span class='ocrx_word' id='word_1_710' title='bbox 2050 4315 2118 4367; x_wconf 83' lang='grc' dir='ltr'>Ει</span> <span class='ocrx_word' id='word_1_711' title='bbox 2150 4316 2196 4369; x_wconf 79' lang='lat' dir='ltr'><strong>si</strong></span> <span class='ocrx_word' id='word_1_712' title='bbox 2228 4335 2269 4390; x_wconf 90' lang='grc'><strong>[)</strong></span> <span class='ocrx_word' id='word_1_713' title='bbox 2296 4340 2423 4380; x_wconf 89' lang='lat' dir='ltr'><strong>vero</strong></span> <span class='ocrx_word' id='word_1_714' title='bbox 2450 4326 2751 4394; x_wconf 89' lang='lat' dir='ltr'><strong>adoptione.</strong></span> <span class='ocrx_word' id='word_1_715' title='bbox 2801 4329 2893 4382; x_wconf 91' lang='lat' dir='ltr'><strong>Ille</strong></span> <span class='ocrx_word' id='word_1_716' title='bbox 2929 4310 3198 4399; x_wconf 83' lang='lat' dir='ltr'><strong>nunquam</strong></span> <span class='ocrx_word' id='word_1_717' title='bbox 3246 4334 3411 4389; x_wconf 85' lang='lat' dir='ltr'><strong>Filius</strong></span> <span class='ocrx_word' id='word_1_718' title='bbox 3452 4352 3555 4390; x_wconf 92' lang='lat' dir='ltr'><strong>non</strong></span> <span class='ocrx_word' id='word_1_719' title='bbox 3594 4310 3714 4404; x_wconf 74' lang='lat' dir='ltr'><strong>fuit,</strong></span> <span class='ocrx_word' id='word_1_720' title='bbox 3761 4356 3858 4395; x_wconf 85' lang='lat' dir='ltr'><strong>nos</strong></span> 
     </span>
    </p>
   </div>
   <div class='ocr_carea' id='block_1_91' title="bbox 629 4400 2189 4472">
    <p class='ocr_par' dir='ltr' id='par_1_91' title="bbox 629 4400 2189 4472">
     <span class='ocr_line' id='line_1_91' title="bbox 629 4400 2189 4472; baseline 0.001 -15"><span class='ocrx_word' id='word_1_721' title='bbox 629 4401 874 4457; x_wconf 85' lang='lat' dir='ltr'><strong>Christus</strong></span> <span class='ocrx_word' id='word_1_722' title='bbox 910 4402 1184 4469; x_wconf 90' lang='lat' dir='ltr'><strong>adoptivus</strong></span> <span class='ocrx_word' id='word_1_723' title='bbox 1214 4400 1352 4456; x_wconf 83' lang='lat' dir='ltr'><strong>ﬁlius</strong></span> <span class='ocrx_word' id='word_1_724' title='bbox 1393 4410 1495 4465; x_wconf 89' lang='lat' dir='ltr'><strong>est,</strong></span> <span class='ocrx_word' id='word_1_725' title='bbox 1528 4416 1655 4472; x_wconf 87' lang='lat' dir='ltr'><strong>ergo</strong></span> <span class='ocrx_word' id='word_1_726' title='bbox 1704 4402 2047 4471; x_wconf 83' lang='lat' dir='ltr'><strong>imperfectus</strong></span> <span class='ocrx_word' id='word_1_727' title='bbox 2085 4414 2189 4471; x_wconf 91' lang='lat' dir='ltr'><strong>est,</strong></span> 
     </span>
    </p>
   </div>
   <div class='ocr_carea' id='block_1_92' title="bbox 596 4488 2191 4560">
    <p class='ocr_par' dir='ltr' id='par_1_92' title="bbox 596 4488 2191 4560">
     <span class='ocr_line' id='line_1_92' title="bbox 596 4488 2191 4560; baseline 0.005 -21"><span class='ocrx_word' id='word_1_728' title='bbox 596 4536 601 4539; x_wconf 71' lang='lat'><strong>.</strong></span> <span class='ocrx_word' id='word_1_729' title='bbox 630 4500 789 4559; x_wconf 87' lang='lat' dir='ltr'><strong>quem</strong></span> <span class='ocrx_word' id='word_1_730' title='bbox 820 4498 926 4542; x_wconf 88' lang='lat' dir='ltr'><strong>tota</strong></span> <span class='ocrx_word' id='word_1_731' title='bbox 951 4490 1213 4544; x_wconf 89' lang='lat' dir='ltr'><strong>catholica</strong></span> <span class='ocrx_word' id='word_1_732' title='bbox 1244 4490 1416 4545; x_wconf 92' lang='lat' dir='ltr'><strong>credit</strong></span> <span class='ocrx_word' id='word_1_733' title='bbox 1439 4488 1676 4544; x_wconf 88' lang='lat' dir='ltr'><strong>Ecclesia</strong></span> <span class='ocrx_word' id='word_1_734' title='bbox 1703 4490 1869 4544; x_wconf 90' lang='lat' dir='ltr'><strong>Deum</strong></span> <span class='ocrx_word' id='word_1_735' title='bbox 1895 4491 2191 4560; x_wconf 83' lang='lat' dir='ltr'><strong>perfectum</strong></span> 
     </span>
    </p>
   </div>
   <div class='ocr_carea' id='block_1_93' title="bbox 631 4572 2193 4652">
    <p class='ocr_par' dir='ltr' id='par_1_93' title="bbox 631 4572 2193 4652">
     <span class='ocr_line' id='line_1_93' title="bbox 631 4572 2193 4652; baseline 0.001 -16"><span class='ocrx_word' id='word_1_736' title='bbox 631 4597 749 4637; x_wconf 88' lang='lat' dir='ltr'><strong>esse</strong></span> <span class='ocrx_word' id='word_1_737' title='bbox 785 4590 838 4636; x_wconf 87' lang='lat' dir='ltr'><strong>et</strong></span> <span class='ocrx_word' id='word_1_738' title='bbox 884 4582 1150 4636; x_wconf 89' lang='lat' dir='ltr'><strong>hominem</strong></span> <span class='ocrx_word' id='word_1_739' title='bbox 1197 4580 1512 4652; x_wconf 84' lang='lat' dir='ltr'><strong>perfectum.</strong></span> <span class='ocrx_word' id='word_1_740' title='bbox 1564 4581 1840 4647; x_wconf 92' lang='lat' dir='ltr'><strong>Quomodo</strong></span> <span class='ocrx_word' id='word_1_741' title='bbox 1892 4572 2033 4637; x_wconf 83' lang='lat' dir='ltr'><strong>enim</strong></span> <span class='ocrx_word' id='word_1_742' title='bbox 2082 4585 2193 4639; x_wconf 90' lang='lat' dir='ltr'><strong>sola</strong></span> 
     </span>
    </p>
   </div>
   <div class='ocr_carea' id='block_1_94' title="bbox 632 4670 2195 4740">
    <p class='ocr_par' dir='ltr' id='par_1_94' title="bbox 632 4670 2195 4740">
     <span class='ocr_line' id='line_1_94' title="bbox 632 4670 2195 4740; baseline 0.001 -14"><span class='ocrx_word' id='word_1_743' title='bbox 632 4672 850 4727; x_wconf 84' lang='lat' dir='ltr'><strong>tilietate</strong></span> <span class='ocrx_word' id='word_1_744' title='bbox 876 4670 1218 4740; x_wconf 79' lang='lat' dir='ltr'><strong>imperfectus</strong></span> <span class='ocrx_word' id='word_1_745' title='bbox 1255 4678 1353 4733; x_wconf 88' lang='lat' dir='ltr'><strong>est,</strong></span> <span class='ocrx_word' id='word_1_746' title='bbox 1392 4671 1516 4724; x_wconf 88' lang='lat' dir='ltr'><strong>dum</strong></span> <span class='ocrx_word' id='word_1_747' title='bbox 1564 4670 1617 4724; x_wconf 92' lang='lat' dir='ltr'><strong>in</strong></span> <span class='ocrx_word' id='word_1_748' title='bbox 1650 4686 1754 4724; x_wconf 88' lang='lat' dir='ltr'><strong>una</strong></span> <span class='ocrx_word' id='word_1_749' title='bbox 1793 4684 2021 4739; x_wconf 89' lang='lat' dir='ltr'><strong>persona</strong></span> <span class='ocrx_word' id='word_1_750' title='bbox 2054 4674 2195 4728; x_wconf 91' lang='lat' dir='ltr'><strong>Deus</strong></span> 
     </span>
    </p>
   </div>
   <div class='ocr_carea' id='block_1_95' title="bbox 633 4758 2197 4823">
    <p class='ocr_par' dir='ltr' id='par_1_95' title="bbox 633 4758 2197 4823">
     <span class='ocr_line' id='line_1_95' title="bbox 633 4758 2197 4823; baseline 0 -8"><span class='ocrx_word' id='word_1_751' title='bbox 633 4771 688 4815; x_wconf 91' lang='lat' dir='ltr'><strong>et</strong></span> <span class='ocrx_word' id='word_1_752' title='bbox 714 4764 871 4817; x_wconf 90' lang='lat' dir='ltr'><strong>homo</strong></span> <span class='ocrx_word' id='word_1_753' title='bbox 904 4774 1042 4815; x_wconf 89' lang='lat' dir='ltr'><strong>unus</strong></span> <span class='ocrx_word' id='word_1_754' title='bbox 1068 4758 1234 4811; x_wconf 82' lang='lat' dir='ltr'><strong>Filius</strong></span> <span class='ocrx_word' id='word_1_755' title='bbox 1278 4766 1360 4812; x_wconf 88' lang='lat' dir='ltr'><strong>est</strong></span> <span class='ocrx_word' id='word_1_756' title='bbox 1405 4768 1459 4812; x_wconf 90' lang='lat' dir='ltr'><strong>et</strong></span> <span class='ocrx_word' id='word_1_757' title='bbox 1499 4774 1640 4812; x_wconf 88' lang='lat' dir='ltr'><strong>unus</strong></span> <span class='ocrx_word' id='word_1_758' title='bbox 1683 4759 1951 4823; x_wconf 89' lang='lat' dir='ltr'><strong>Christus,</strong></span> <span class='ocrx_word' id='word_1_759' title='bbox 1978 4770 2031 4814; x_wconf 88' lang='lat' dir='ltr'><strong>et</strong></span> <span class='ocrx_word' id='word_1_760' title='bbox 2059 4778 2197 4816; x_wconf 92' lang='lat' dir='ltr'><strong>unus</strong></span> 
     </span>
    </p>
   </div>
   <div class='ocr_carea' id='block_1_96' title="bbox 637 4839 2201 4904">
    <p class='ocr_par' dir='ltr' id='par_1_96' title="bbox 637 4839 2201 4904">
     <span class='ocr_line' id='line_1_96' title="bbox 637 4839 2201 4904; baseline -0.002 0"><span class='ocrx_word' id='word_1_761' title='bbox 637 4851 872 4904; x_wconf 89' lang='lat' dir='ltr'><strong>omnium</strong></span> <span class='ocrx_word' id='word_1_762' title='bbox 902 4850 955 4904; x_wconf 91' lang='lat' dir='ltr'><strong>in</strong></span> <span class='ocrx_word' id='word_1_763' title='bbox 983 4863 1041 4903; x_wconf 92' lang='lat' dir='ltr'><strong>se</strong></span> <span class='ocrx_word' id='word_1_764' title='bbox 1071 4845 1403 4901; x_wconf 87' lang='lat' dir='ltr'><strong>credentium</strong></span> <span class='ocrx_word' id='word_1_765' title='bbox 1454 4844 1739 4900; x_wconf 82' lang='lat' dir='ltr'><strong>Salvator?</strong></span> <span class='ocrx_word' id='word_1_766' title='bbox 1776 4839 1975 4901; x_wconf 88' lang='lat' dir='ltr'><strong>lterum</strong></span> <span class='ocrx_word' id='word_1_767' title='bbox 2020 4863 2201 4902; x_wconf 88' lang='lat' dir='ltr'><strong>rever-</strong></span> 
     </span>
    </p>
   </div>
   <div class='ocr_carea' id='block_1_97' title="bbox 644 4935 2204 5008">
    <p class='ocr_par' dir='ltr' id='par_1_97' title="bbox 644 4935 2204 5008">
     <span class='ocr_line' id='line_1_97' title="bbox 644 4935 2204 5008; baseline 0.002 -16"><span class='ocrx_word' id='word_1_768' title='bbox 644 4949 822 4993; x_wconf 89' lang='lat' dir='ltr'><strong>tamur</strong></span> <span class='ocrx_word' id='word_1_769' title='bbox 850 4941 916 4994; x_wconf 91' lang='lat' dir='ltr'><strong>ad</strong></span> <span class='ocrx_word' id='word_1_770' title='bbox 952 4948 1260 4994; x_wconf 88' lang='lat' dir='ltr'><strong>sanctorum</strong></span> <span class='ocrx_word' id='word_1_771' title='bbox 1300 4935 1540 5004; x_wconf 80' lang='lat' dir='ltr'><strong>exempla</strong></span> <span class='ocrx_word' id='word_1_772' title='bbox 1588 4936 1887 5001; x_wconf 87' lang='lat' dir='ltr'><strong>doctorum,</strong></span> <span class='ocrx_word' id='word_1_773' title='bbox 1931 4945 1983 4990; x_wconf 91' lang='lat' dir='ltr'><strong>et</strong></span> <span class='ocrx_word' id='word_1_774' title='bbox 2012 4954 2204 5008; x_wconf 80' lang='lat' dir='ltr'><strong>magno</strong></span> 
     </span>
    </p>
   </div>
   <div class='ocr_carea' id='block_1_98' title="bbox 641 5024 2206 5099">
    <p class='ocr_par' dir='ltr' id='par_1_98' title="bbox 641 5024 2206 5099">
     <span class='ocr_line' id='line_1_98' title="bbox 641 5024 2206 5099; baseline 0.001 -18"><span class='ocrx_word' id='word_1_775' title='bbox 641 5028 1069 5083; x_wconf 88' lang='lat' dir='ltr'><strong>testimoniorum</strong></span> <span class='ocrx_word' id='word_1_776' title='bbox 1093 5026 1325 5095; x_wconf 72' lang='lat' dir='ltr'><strong>pondere</strong></span> <span class='ocrx_word' id='word_1_777' title='bbox 1357 5024 1567 5079; x_wconf 79' lang='lat' dir='ltr'><strong>inﬁdcle</strong></span> <span class='ocrx_word' id='word_1_778' title='bbox 1603 5034 1762 5094; x_wconf 88' lang='lat' dir='ltr'><strong>caput</strong></span> <span class='ocrx_word' id='word_1_779' title='bbox 1790 5028 2055 5084; x_wconf 65' lang='lat' dir='ltr'><strong>haeretica:</strong></span> <span class='ocrx_word' id='word_1_780' title='bbox 2083 5045 2206 5099; x_wconf 91' lang='lat' dir='ltr'><strong>pra-</strong></span> 
     </span>
    </p>
   </div>
   <div class='ocr_carea' id='block_1_99' title="bbox 641 5112 2207 5183">
    <p class='ocr_par' dir='ltr' id='par_1_99' title="bbox 641 5112 2207 5183">
     <span class='ocr_line' id='line_1_99' title="bbox 641 5112 2207 5183; baseline 0.004 -14"><span class='ocrx_word' id='word_1_781' title='bbox 641 5115 823 5169; x_wconf 90' lang='lat' dir='ltr'><strong>vitatis</strong></span> <span class='ocrx_word' id='word_1_782' title='bbox 848 5115 1228 5183; x_wconf 87' lang='lat' dir='ltr'><strong>opprimamus,</strong></span> <span class='ocrx_word' id='word_1_783' title='bbox 1257 5122 1316 5168; x_wconf 92' lang='lat' dir='ltr'><strong>ut</strong></span> <span class='ocrx_word' id='word_1_784' title='bbox 1343 5112 1425 5168; x_wconf 88' lang='lat' dir='ltr'><strong>vel</strong></span> <span class='ocrx_word' id='word_1_785' title='bbox 1468 5114 1546 5167; x_wconf 92' lang='lat' dir='ltr'><strong>sic</strong></span> <span class='ocrx_word' id='word_1_786' title='bbox 1574 5114 1640 5167; x_wconf 92' lang='lat' dir='ltr'><strong>de</strong></span> <span class='ocrx_word' id='word_1_787' title='bbox 1669 5130 1855 5171; x_wconf 89' lang='lat' dir='ltr'><strong>somno</strong></span> <span class='ocrx_word' id='word_1_788' title='bbox 1880 5116 2207 5175; x_wconf 78' lang='lat' dir='ltr'><strong>inﬁdelitatis</strong></span> 
     </span>
    </p>
   </div>
   <div class='ocr_carea' id='block_1_100' title="bbox 643 5238 2207 5308">
    <p class='ocr_par' dir='ltr' id='par_1_100' title="bbox 643 5238 2207 5308">
     <span class='ocr_line' id='line_1_100' title="bbox 643 5238 2207 5308; baseline 0.005 -13"><span class='ocrx_word' id='word_1_789' title='bbox 643 5242 845 5297; x_wconf 75' lang='lat' dir='ltr'><strong>ansulis</strong></span> <span class='ocrx_word' id='word_1_790' title='bbox 864 5238 1241 5305; x_wconf 84' lang='lat' dir='ltr'><strong>conclusimus,</strong></span> <span class='ocrx_word' id='word_1_791' title='bbox 1273 5258 1375 5296; x_wconf 94' lang='lat' dir='ltr'><strong>non</strong></span> <span class='ocrx_word' id='word_1_792' title='bbox 1410 5249 1536 5297; x_wconf 91' lang='lat' dir='ltr'><strong>sunt</strong></span> <span class='ocrx_word' id='word_1_793' title='bbox 1577 5242 1748 5296; x_wconf 84' lang='lat' dir='ltr'><strong>sancti</strong></span> <span class='ocrx_word' id='word_1_794' title='bbox 1786 5240 2091 5308; x_wconf 81' lang='lat' dir='ltr'><strong>Augustini,</strong></span> <span class='ocrx_word' id='word_1_795' title='bbox 2114 5250 2207 5304; x_wconf 88' lang='lat' dir='ltr'><strong>sed</strong></span> 
     </span>
    </p>
   </div>
   <div class='ocr_carea' id='block_1_101' title="bbox 646 5309 2201 5385">
    <p class='ocr_par' dir='ltr' id='par_1_101' title="bbox 646 5309 2201 5385">
     <span class='ocr_line' id='line_1_101' title="bbox 646 5309 2201 5385; baseline 0.003 -19"><span class='ocrx_word' id='word_1_796' title='bbox 646 5312 813 5385; x_wconf 77' lang='lat' dir='ltr'><strong>sancti</strong></span> <span class='ocrx_word' id='word_1_797' title='bbox 832 5309 1033 5385; x_wconf 61' lang='lat' dir='ltr'><strong>Leonis</strong></span> <span class='ocrx_word' id='word_1_798' title='bbox 1061 5323 1230 5385; x_wconf 59' lang='lat' dir='ltr'><strong>papae,</strong></span> <span class='ocrx_word' id='word_1_799' title='bbox 1255 5310 1564 5385; x_wconf 70' lang='lat' dir='ltr'><strong>deprompta</strong></span> <span class='ocrx_word' id='word_1_800' title='bbox 1589 5326 1655 5365; x_wconf 75' lang='lat' dir='ltr'><strong>ex</strong></span> <span class='ocrx_word' id='word_1_801' title='bbox 1681 5311 1844 5380; x_wconf 89' lang='lat' dir='ltr'><strong>epist.</strong></span> <span class='ocrx_word' id='word_1_802' title='bbox 1864 5309 1987 5378; x_wconf 78' lang='lat'><strong>{65,</strong></span> <span class='ocrx_word' id='word_1_803' title='bbox 2011 5328 2124 5385; x_wconf 91' lang='lat' dir='ltr'><strong>cap.</strong></span> <span class='ocrx_word' id='word_1_804' title='bbox 2150 5318 2201 5371; x_wconf 90' lang='lat'><strong>6.</strong></span> 
     </span>
    </p>
   </div>
   <div class='ocr_carea' id='block_1_102' title="bbox 719 5376 1435 5447">
    <p class='ocr_par' dir='ltr' id='par_1_102' title="bbox 719 5376 1435 5447">
     <span class='ocr_line' id='line_1_102' title="bbox 719 5376 1435 5447; baseline -0.001 -15"><span class='ocrx_word' id='word_1_805' title='bbox 719 5392 743 5419; x_wconf 80' lang='grc' dir='ltr'><strong>ι</strong></span> <span class='ocrx_word' id='word_1_806' title='bbox 772 5380 900 5447; x_wconf 87' lang='lat' dir='ltr'><strong>Ibid.</strong></span> <span class='ocrx_word' id='word_1_807' title='bbox 928 5376 1100 5431; x_wconf 88' lang='lat' dir='ltr'><strong>Serm.</strong></span> <span class='ocrx_word' id='word_1_808' title='bbox 1129 5376 1217 5441; x_wconf 84' lang='grc'><strong>65,</strong></span> <span class='ocrx_word' id='word_1_809' title='bbox 1248 5376 1361 5447; x_wconf 80' lang='lat' dir='ltr'><strong>cap.</strong></span> <span class='ocrx_word' id='word_1_810' title='bbox 1385 5379 1435 5431; x_wconf 90' lang='lat'><strong>5.</strong></span> 
     </span>
    </p>
   </div>
   <div class='ocr_carea' id='block_1_103' title="bbox 660 5446 2202 5520">
    <p class='ocr_par' dir='ltr' id='par_1_103' title="bbox 660 5446 2202 5520">
     <span class='ocr_line' id='line_1_103' title="bbox 660 5446 2202 5520; baseline 0.006 -20"><span class='ocrx_word' id='word_1_811' title='bbox 660 5486 683 5500; x_wconf 56' lang='grc' dir='ltr'><strong>ς</strong></span> <span class='ocrx_word' id='word_1_812' title='bbox 717 5448 751 5520; x_wconf 24' lang='grc' dir='ltr'><strong>δ’</strong></span> <span class='ocrx_word' id='word_1_813' title='bbox 780 5447 837 5500; x_wconf 92' lang='lat' dir='ltr'><strong>S.</strong></span> <span class='ocrx_word' id='word_1_814' title='bbox 874 5446 1025 5500; x_wconf 83' lang='lat' dir='ltr'><strong>Joan.</strong></span> <span class='ocrx_word' id='word_1_815' title='bbox 1052 5446 1366 5520; x_wconf 73' lang='lat' dir='ltr'><strong>_Cbry_s_ost.,</strong></span> <span class='ocrx_word' id='word_1_816' title='bbox 1392 5448 1640 5520; x_wconf 67' lang='lat' dir='ltr'><strong>ho_m_il._2</strong></span> <span class='ocrx_word' id='word_1_817' title='bbox 1668 5450 1720 5503; x_wconf 93' lang='lat' dir='ltr'><strong>in</strong></span> <span class='ocrx_word' id='word_1_818' title='bbox 1747 5449 1920 5520; x_wconf 81' lang='lat' dir='ltr'><strong>Epist.</strong></span> <span class='ocrx_word' id='word_1_819' title='bbox 1950 5451 2015 5504; x_wconf 88' lang='lat' dir='ltr'><strong>ad</strong></span> <span class='ocrx_word' id='word_1_820' title='bbox 2044 5451 2202 5509; x_wconf 79' lang='lat' dir='ltr'><strong>Hebr.</strong></span> 
     </span>
    </p>
   </div>
   <div class='ocr_carea' id='block_1_104' title="bbox 648 5516 1776 5584">
    <p class='ocr_par' dir='ltr' id='par_1_104' title="bbox 648 5516 1776 5584">
     <span class='ocr_line' id='line_1_104' title="bbox 648 5516 1776 5584; baseline 0.002 -14"><span class='ocrx_word' id='word_1_821' title='bbox 648 5531 713 5570; x_wconf 72' lang='lat' dir='ltr'><strong>ex</strong></span> <span class='ocrx_word' id='word_1_822' title='bbox 741 5516 1415 5584; x_wconf 69' lang='lat' dir='ltr'><strong>interpretationelutiani</strong></span> <span class='ocrx_word' id='word_1_823' title='bbox 1442 5516 1776 5574; x_wconf 84' lang='lat' dir='ltr'><strong>Scholastici.</strong></span> 
     </span>
    </p>
   </div>
   <div class='ocr_carea' id='block_1_105' title="bbox 2295 4422 3857 4499">
    <p class='ocr_par' dir='ltr' id='par_1_105' title="bbox 2295 4422 3857 4499">
     <span class='ocr_line' id='line_1_105' title="bbox 2295 4422 3857 4499; baseline 0.011 -32"><span class='ocrx_word' id='word_1_824' title='bbox 2295 4424 2575 4483; x_wconf 88' lang='lat' dir='ltr'><strong>antequam</strong></span> <span class='ocrx_word' id='word_1_825' title='bbox 2606 4430 2866 4485; x_wconf 86' lang='lat' dir='ltr'><strong>essemus,</strong></span> <span class='ocrx_word' id='word_1_826' title='bbox 2906 4422 3265 4489; x_wconf 61' lang='lat' dir='ltr'><strong>prmdestiuati</strong></span> <span class='ocrx_word' id='word_1_827' title='bbox 3295 4440 3498 4491; x_wconf 89' lang='lat' dir='ltr'><strong>sumus,</strong></span> <span class='ocrx_word' id='word_1_828' title='bbox 3519 4436 3575 4482; x_wconf 89' lang='lat' dir='ltr'><strong>et</strong></span> <span class='ocrx_word' id='word_1_829' title='bbox 3599 4437 3724 4483; x_wconf 89' lang='lat' dir='ltr'><strong>tunc</strong></span> <span class='ocrx_word' id='word_1_830' title='bbox 3746 4431 3857 4499; x_wconf 86' lang='lat' dir='ltr'><strong>spi-</strong></span> 
     </span>
    </p>
   </div>
   <div class='ocr_carea' id='block_1_106' title="bbox 2296 4502 3859 4581">
    <p class='ocr_par' dir='ltr' id='par_1_106' title="bbox 2296 4502 3859 4581">
     <span class='ocr_line' id='line_1_106' title="bbox 2296 4502 3859 4581; baseline 0.013 -27"><span class='ocrx_word' id='word_1_831' title='bbox 2296 4502 2455 4556; x_wconf 91' lang='lat' dir='ltr'><strong>ritum</strong></span> <span class='ocrx_word' id='word_1_832' title='bbox 2500 4504 2796 4573; x_wconf 90' lang='lat' dir='ltr'><strong>adoptionis</strong></span> <span class='ocrx_word' id='word_1_833' title='bbox 2832 4510 3157 4577; x_wconf 85' lang='lat' dir='ltr'><strong>accepimus,</strong></span> <span class='ocrx_word' id='word_1_834' title='bbox 3201 4513 3413 4581; x_wconf 87' lang='lat' dir='ltr'><strong>quando</strong></span> <span class='ocrx_word' id='word_1_835' title='bbox 3452 4514 3773 4572; x_wconf 85' lang='lat' dir='ltr'><strong>credidimus</strong></span> <span class='ocrx_word' id='word_1_836' title='bbox 3800 4518 3859 4574; x_wconf 88' lang='lat' dir='ltr'><strong>in</strong></span> 
     </span>
    </p>
   </div>
   <div class='ocr_carea' id='block_1_107' title="bbox 2294 4591 2668 4647">
    <p class='ocr_par' dir='ltr' id='par_1_107' title="bbox 2294 4591 2668 4647">
     <span class='ocr_line' id='line_1_107' title="bbox 2294 4591 2668 4647; baseline 0.005 -2"><span class='ocrx_word' id='word_1_837' title='bbox 2294 4591 2485 4645; x_wconf 88' lang='lat' dir='ltr'><strong>Filium</strong></span> <span class='ocrx_word' id='word_1_838' title='bbox 2516 4593 2626 4647; x_wconf 91' lang='lat' dir='ltr'><strong>Dei.</strong></span> <span class='ocrx_word' id='word_1_839' title='bbox 2650 4613 2668 4647; x_wconf 77' lang='grc' dir='ltr'><strong>ι</strong></span> 
     </span>
    </p>
   </div>
   <div class='ocr_carea' id='block_1_108' title="bbox 2366 4684 3857 4761">
    <p class='ocr_par' dir='ltr' id='par_1_108' title="bbox 2366 4684 3857 4761">
     <span class='ocr_line' id='line_1_108' title="bbox 2366 4684 3857 4761; baseline 0.016 -25"><span class='ocrx_word' id='word_1_840' title='bbox 2366 4684 2449 4737; x_wconf 92' lang='lat' dir='ltr'><strong>LI.</strong></span> <span class='ocrx_word' id='word_1_841' title='bbox 2491 4684 2720 4743; x_wconf 86' lang='lat' dir='ltr'><strong>Sanctus</strong></span> <span class='ocrx_word' id='word_1_842' title='bbox 2746 4688 2887 4743; x_wconf 90' lang='lat' dir='ltr'><strong>idem</strong></span> <span class='ocrx_word' id='word_1_843' title='bbox 2914 4706 3126 4761; x_wconf 86' lang='lat' dir='ltr'><strong>quoque</strong></span> <span class='ocrx_word' id='word_1_844' title='bbox 3173 4694 3414 4753; x_wconf 89' lang='lat' dir='ltr'><strong>scribens</strong></span> <span class='ocrx_word' id='word_1_845' title='bbox 3456 4698 3523 4754; x_wconf 89' lang='lat' dir='ltr'><strong>de</strong></span> <span class='ocrx_word' id='word_1_846' title='bbox 3571 4704 3857 4759; x_wconf 84' lang='lat' dir='ltr'><strong>concordia</strong></span> 
     </span>
    </p>
   </div>
   <div class='ocr_carea' id='block_1_109' title="bbox 2298 4772 3856 4857">
    <p class='ocr_par' dir='ltr' id='par_1_109' title="bbox 2298 4772 3856 4857">
     <span class='ocr_line' id='line_1_109' title="bbox 2298 4772 3856 4857; baseline 0.014 -32"><span class='ocrx_word' id='word_1_847' title='bbox 2298 4772 2747 4841; x_wconf 90' lang='lat' dir='ltr'><strong>evangelistarum</strong></span> <span class='ocrx_word' id='word_1_848' title='bbox 2765 4777 2831 4831; x_wconf 89' lang='lat' dir='ltr'><strong>ad</strong></span> <span class='ocrx_word' id='word_1_849' title='bbox 2844 4778 3159 4849; x_wconf 87' lang='lat' dir='ltr'><strong>Euprepiam</strong></span> <span class='ocrx_word' id='word_1_850' title='bbox 3176 4782 3315 4838; x_wconf 90' lang='lat' dir='ltr'><strong>inter</strong></span> <span class='ocrx_word' id='word_1_851' title='bbox 3329 4793 3521 4857; x_wconf 69' lang='lat' dir='ltr'><strong>uetera</strong></span> <span class='ocrx_word' id='word_1_852' title='bbox 3536 4789 3604 4843; x_wconf 86' lang='lat' dir='ltr'><strong>ad</strong></span> <span class='ocrx_word' id='word_1_853' title='bbox 3620 4789 3793 4845; x_wconf 80' lang='lat' dir='ltr'><strong>locum</strong></span> <span class='ocrx_word' id='word_1_854' title='bbox 3805 4791 3856 4847; x_wconf 71' lang='grc' dir='ltr'>ἀι</span> 
     </span>
    </p>
   </div>
   <div class='ocr_carea' id='block_1_110' title="bbox 2306 4859 3858 4946">
    <p class='ocr_par' dir='ltr' id='par_1_110' title="bbox 2306 4859 3858 4946">
     <span class='ocr_line' id='line_1_110' title="bbox 2306 4859 3858 4946; baseline 0.017 -36"><span class='ocrx_word' id='word_1_855' title='bbox 2306 4876 2324 4908; x_wconf 83' lang='grc' dir='ltr'><strong>ι</strong></span> <span class='ocrx_word' id='word_1_856' title='bbox 2350 4859 2475 4914; x_wconf 69' lang='grc' dir='ltr'><strong>Ηςιξο</strong></span> <span class='ocrx_word' id='word_1_857' title='bbox 2504 4862 2749 4930; x_wconf 89' lang='lat' dir='ltr'><strong>dicimus,</strong></span> <span class='ocrx_word' id='word_1_858' title='bbox 2784 4882 2886 4921; x_wconf 92' lang='lat' dir='ltr'><strong>non</strong></span> <span class='ocrx_word' id='word_1_859' title='bbox 2916 4884 3021 4937; x_wconf 91' lang='lat' dir='ltr'><strong>quo</strong></span> <span class='ocrx_word' id='word_1_860' title='bbox 3070 4872 3230 4928; x_wconf 88' lang='lat' dir='ltr'><strong>alium</strong></span> <span class='ocrx_word' id='word_1_861' title='bbox 3274 4875 3460 4939; x_wconf 89' lang='lat' dir='ltr'><strong>Deum,</strong></span> <span class='ocrx_word' id='word_1_862' title='bbox 3491 4877 3665 4939; x_wconf 79' lang='lat' dir='ltr'><strong>alium</strong></span> <span class='ocrx_word' id='word_1_863' title='bbox 3691 4880 3858 4946; x_wconf 81' lang='lat' dir='ltr'><strong>homi-</strong></span> 
     </span>
    </p>
   </div>
   <div class='ocr_carea' id='block_1_111' title="bbox 2302 4956 3859 5033">
    <p class='ocr_par' dir='ltr' id='par_1_111' title="bbox 2302 4956 3859 5033">
     <span class='ocr_line' id='line_1_111' title="bbox 2302 4956 3859 5033; baseline 0.015 -33"><span class='ocrx_word' id='word_1_864' title='bbox 2302 4962 2424 5002; x_wconf 91' lang='lat' dir='ltr'><strong>nem</strong></span> <span class='ocrx_word' id='word_1_865' title='bbox 2454 4965 2572 5005; x_wconf 90' lang='lat' dir='ltr'><strong>esse</strong></span> <span class='ocrx_word' id='word_1_866' title='bbox 2599 4956 2899 5022; x_wconf 89' lang='lat' dir='ltr'><strong>credamus,</strong></span> <span class='ocrx_word' id='word_1_867' title='bbox 2931 4966 2984 5012; x_wconf 88' lang='lat' dir='ltr'><strong>et</strong></span> <span class='ocrx_word' id='word_1_868' title='bbox 3024 4960 3155 5015; x_wconf 91' lang='lat' dir='ltr'><strong>duas</strong></span> <span class='ocrx_word' id='word_1_869' title='bbox 3198 4977 3457 5031; x_wconf 86' lang='lat' dir='ltr'><strong>personas</strong></span> <span class='ocrx_word' id='word_1_870' title='bbox 3500 4964 3756 5033; x_wconf 78' lang='lat' dir='ltr'><strong>faciamus</strong></span> <span class='ocrx_word' id='word_1_871' title='bbox 3802 4968 3859 5024; x_wconf 87' lang='lat' dir='ltr'><strong>in</strong></span> 
     </span>
    </p>
   </div>
   <div class='ocr_carea' id='block_1_112' title="bbox 2304 5038 3859 5123">
    <p class='ocr_par' dir='ltr' id='par_1_112' title="bbox 2304 5038 3859 5123">
     <span class='ocr_line' id='line_1_112' title="bbox 2304 5038 3859 5123; baseline 0.017 -33"><span class='ocrx_word' id='word_1_872' title='bbox 2304 5038 2571 5095; x_wconf 86' lang='lat' dir='ltr'><strong>unoFilio</strong></span> <span class='ocrx_word' id='word_1_873' title='bbox 2596 5042 2712 5108; x_wconf 89' lang='lat' dir='ltr'><strong>Dei,</strong></span> <span class='ocrx_word' id='word_1_874' title='bbox 2735 5045 2874 5098; x_wconf 86' lang='lat' dir='ltr'><strong>sicut</strong></span> <span class='ocrx_word' id='word_1_875' title='bbox 2909 5062 3045 5103; x_wconf 87' lang='lat' dir='ltr'><strong>nova</strong></span> <span class='ocrx_word' id='word_1_876' title='bbox 3080 5050 3300 5106; x_wconf 66' lang='lat' dir='ltr'><strong>haeresis</strong></span> <span class='ocrx_word' id='word_1_877' title='bbox 3327 5052 3711 5123; x_wconf 87' lang='lat' dir='ltr'><strong>calumniatur;</strong></span> <span class='ocrx_word' id='word_1_878' title='bbox 3760 5060 3859 5116; x_wconf 77' lang='lat' dir='ltr'><strong>sed</strong></span> 
     </span>
    </p>
   </div>
   <div class='ocr_carea' id='block_1_113' title="bbox 2306 5128 3855 5211">
    <p class='ocr_par' dir='ltr' id='par_1_113' title="bbox 2306 5128 3855 5211">
     <span class='ocr_line' id='line_1_113' title="bbox 2306 5128 3855 5211; baseline 0.014 -32"><span class='ocrx_word' id='word_1_879' title='bbox 2306 5142 2443 5182; x_wconf 89' lang='lat' dir='ltr'><strong>unus</strong></span> <span class='ocrx_word' id='word_1_880' title='bbox 2471 5139 2632 5199; x_wconf 89' lang='lat' dir='ltr'><strong>atque</strong></span> <span class='ocrx_word' id='word_1_881' title='bbox 2662 5133 2800 5185; x_wconf 91' lang='lat' dir='ltr'><strong>idem</strong></span> <span class='ocrx_word' id='word_1_882' title='bbox 2835 5133 3003 5189; x_wconf 85' lang='lat' dir='ltr'><strong>Filius</strong></span> <span class='ocrx_word' id='word_1_883' title='bbox 3027 5136 3119 5190; x_wconf 86' lang='lat' dir='ltr'><strong>Dei</strong></span> <span class='ocrx_word' id='word_1_884' title='bbox 3146 5147 3199 5190; x_wconf 92' lang='lat' dir='ltr'><strong>et</strong></span> <span class='ocrx_word' id='word_1_885' title='bbox 3232 5139 3371 5211; x_wconf 73' lang='lat' dir='ltr'><strong>filius</strong></span> <span class='ocrx_word' id='word_1_886' title='bbox 3418 5128 3653 5201; x_wconf 84' lang='lat' dir='ltr'><strong>hominis</strong></span> <span class='ocrx_word' id='word_1_887' title='bbox 3693 5132 3855 5203; x_wconf 80' lang='lat' dir='ltr'><strong>esset.</strong></span> 
     </span>
    </p>
   </div>
   <div class='ocr_carea' id='block_1_114' title="bbox 2379 5255 3663 5339">
    <p class='ocr_par' dir='ltr' id='par_1_114' title="bbox 2379 5255 3663 5339">
     <span class='ocr_line' id='line_1_114' title="bbox 2379 5255 3663 5339; baseline 0.015 -31"><span class='ocrx_word' id='word_1_888' title='bbox 2379 5266 2401 5339; x_wconf 70' lang='grc' dir='ltr'><strong><em>ξ</em></strong></span> <span class='ocrx_word' id='word_1_889' title='bbox 2522 5258 2735 5339; x_wconf 82' lang='lat' dir='ltr'><strong>Hieron.</strong></span> <span class='ocrx_word' id='word_1_890' title='bbox 2767 5261 2822 5339; x_wconf 67' lang='lat' dir='ltr'><strong>in</strong></span> <span class='ocrx_word' id='word_1_891' title='bbox 2842 5279 2957 5339; x_wconf 73' lang='lat' dir='ltr'><strong>cap.</strong></span> <span class='ocrx_word' id='word_1_892' title='bbox 2988 5281 3002 5319; x_wconf 91' lang='grc' dir='ltr'><strong>ι</strong></span> <span class='ocrx_word' id='word_1_893' title='bbox 3030 5266 3195 5339; x_wconf 76' lang='lat' dir='ltr'><strong>Epist.</strong></span> <span class='ocrx_word' id='word_1_894' title='bbox 3224 5268 3290 5339; x_wconf 85' lang='lat' dir='ltr'><strong>ad</strong></span> <span class='ocrx_word' id='word_1_895' title='bbox 3310 5268 3501 5339; x_wconf 87' lang='lat' dir='ltr'><strong>Ephes.</strong></span> <span class='ocrx_word' id='word_1_896' title='bbox 3530 5289 3579 5326; x_wconf 86' lang='lat' dir='ltr'><strong>v.</strong></span> <span class='ocrx_word' id='word_1_897' title='bbox 3610 5274 3663 5327; x_wconf 82' lang='lat'><strong>5.</strong></span> 
     </span>
    </p>
   </div>
   <div class='ocr_carea' id='block_1_115' title="bbox 2328 5324 3937 5414">
    <p class='ocr_par' dir='ltr' id='par_1_115' title="bbox 2328 5324 3937 5414">
     <span class='ocr_line' id='line_1_115' title="bbox 2328 5324 3937 5414; baseline 0.007 -33"><span class='ocrx_word' id='word_1_898' title='bbox 2328 5324 2748 5414; x_wconf 31' lang='lat' dir='ltr'><strong>LfAIraCtatum</strong></span> <span class='ocrx_word' id='word_1_899' title='bbox 2790 5332 2845 5387; x_wconf 90' lang='lat' dir='ltr'><strong>S.</strong></span> <span class='ocrx_word' id='word_1_900' title='bbox 2879 5324 3187 5414; x_wconf 51' lang='lat' dir='ltr'><strong>Hietpnimi</strong></span> <span class='ocrx_word' id='word_1_901' title='bbox 3227 5337 3293 5391; x_wconf 91' lang='lat' dir='ltr'><strong>de</strong></span> <span class='ocrx_word' id='word_1_902' title='bbox 3323 5324 3857 5414; x_wconf 41' lang='lat' dir='ltr'><strong>céncordia&#39;evange—</strong></span> <span class='ocrx_word' id='word_1_903' title='bbox 3934 5410 3937 5413; x_wconf 93' lang='lat'><em>_</em></span> 
     </span>
    </p>
   </div>
   <div class='ocr_carea' id='block_1_116' title="bbox 2307 5392 3856 5485">
    <p class='ocr_par' dir='ltr' id='par_1_116' title="bbox 2307 5392 3856 5485">
     <span class='ocr_line' id='line_1_116' title="bbox 2307 5392 3856 5485; baseline 0.014 -39"><span class='ocrx_word' id='word_1_904' title='bbox 2307 5392 2560 5485; x_wconf 41' lang='lat' dir='ltr'><strong>l-istAarum.</strong></span> <span class='ocrx_word' id='word_1_905' title='bbox 2586 5413 2741 5485; x_wconf 82' lang='lat' dir='ltr'><strong>nemo</strong></span> <span class='ocrx_word' id='word_1_906' title='bbox 2778 5392 3288 5485; x_wconf 50' lang='lat' dir='ltr'><strong>recensuit-Ignota</strong></span> <span class='ocrx_word' id='word_1_907' title='bbox 3338 5392 3856 5480; x_wconf 53' lang='lat' dir='ltr'><strong>Etiﬁiépiiﬁgﬁt‘iitis</strong></span> 
     </span>
    </p>
   </div>
   <div class='ocr_carea' id='block_1_117' title="bbox 2308 5472 3323 5541">
    <p class='ocr_par' dir='ltr' id='par_1_117' title="bbox 2308 5472 3323 5541">
     <span class='ocr_line' id='line_1_117' title="bbox 2308 5472 3323 5541; baseline 0.017 -27"><span class='ocrx_word' id='word_1_908' title='bbox 2308 5476 2519 5532; x_wconf 86' lang='lat' dir='ltr'><strong>quoque</strong></span> <span class='ocrx_word' id='word_1_909' title='bbox 2547 5473 2805 5526; x_wconf 88' lang='lat' dir='ltr'><strong>tractatus</strong></span> <span class='ocrx_word' id='word_1_910' title='bbox 2836 5472 3085 5541; x_wconf 87' lang='lat' dir='ltr'><strong>deinceps</strong></span> <span class='ocrx_word' id='word_1_911' title='bbox 3106 5472 3323 5531; x_wconf 86' lang='lat' dir='ltr'><strong>citatus.</strong></span> 
     </span>
    </p>
   </div>
  </div>
