4228 6304
375 457 474 518 N9
1199 454 1608 514 DOGMATICA.
1648 486 1716 496 —
1753 455 1880 512 LIB.
1921 455 2077 512 ADV.
2123 419 2444 512 ΗᾹέΒΕΞιΝ
2482 455 2756 514 FELlClS.
3502 464 3603 519 llO

371 569 636 642 Quidquid
661 569 898 639 loquitur
917 567 1059 624 aliud
1097 568 1382 626 referimus
1423 570 1490 625 ad
1539 571 1774 626 divinam
1819 569 1936 637 ejus
1965 575 2011 630 Α
2040 568 2266 635 rarium,
2289 569 2383 625 sed
2414 578 2705 634 azternnm,
2734 586 2832 641 pro
2877 573 3031 629 nobis
3073 577 3254 633 omnia
3308 579 3601 635 secundum

369 660 612 736 gloriam,
643 658 789 714 aliud
809 659 878 714 ad
901 667 1142 715 nostram
1168 660 1425 725 salutem,
1449 676 1548 730 pro
1578 661 1775 732 quibus
1827 677 1934 714 non

369 752 608 821 rapinam
633 749 916 804 arbitratus
951 759 1027 804 est
1066 767 1174 806 esse
1199 752 1417 822 aequalis
1461 751 1588 815 Deo,
1617 751 1707 806 sed
1749 759 1935 806 semet-

368 849 539 914 ipsum
563 842 871 906 exinanivit;
899 840 1069 910 factus
1092 836 1331 898 obedienc
1353 842 1504 897 Patri
1524 859 1684 914 usque
1701 845 1770 896 ad
1798 859 1937 896 mor-

371 947 492 998 tem,
519 941 737 986 mortem
760 939 932 985 autem
949 932 1129 986 erucis
1159 931 1411 1003 (Philipp.
1433 932 1594 1003 11,6);
1625 941 1680 987 et
1716 930 1935 986 Verbum

371 1038 494 1076 caro
530 1021 727 1091 factum
750 1031 848 1086 est,
873 1030 923 1074 et
951 1022 1200 1075 habitavit
1228 1023 1284 1076 in
1321 1023 1468 1076 nobis
1497 1043 1514 1073 ι
1545 1021 1725 1093 (Ιοαη.
1754 1038 1793 1086 t,
1823 1020 1931 1092 Μ).

374 1114 502 1171 Item
521 1114 588 1168 de
613 1113 867 1168 Tractatu
891 1112 1062 1168 sancti
1091 1112 1329 1182 ejusdem
1363 1112 1431 1168 de
1466 1112 1637 1167 Natali
1680 1111 1891 1167 Domini
1919 1127 1933 1164 :

378 1220 406 1269 q
430 1201 602 1260 Hodie
622 1218 782 1259 verus
807 1205 885 1259 sol
906 1211 1057 1260 ortus
1084 1211 1168 1258 est
1188 1203 1406 1268 mundo,
1438 1203 1596 1258 hodie
1624 1204 1677 1258 in
1700 1202 1938 1258 tenebris

373 1293 582 1350 seculis
609 1293 788 1348 lumen
815 1308 1089 1366 egressum
1112 1303 1212 1350 est.
1253 1294 1395 1350 Deus
1423 1293 1596 1350 factus
1624 1301 1708 1349 est
1751 1293 1933 1356 homo,

373 1393 432 1440 ut
457 1379 622 1440 homo
647 1380 802 1441 ﬁere't
826 1386 986 1441 Deus.
1010 1383 1260 1440 Formam
1299 1386 1438 1441 servi
1477 1385 1734 1440 Dominus
1786 1398 1938 1438 acce—

372 1473 469 1542 pit,
491 1482 552 1529 ut
579 1489 766 1530 servus
799 1484 1100 1531 verteretur
1126 1476 1181 1531 in
1209 1475 1462 1533 Domino:
1489 1475 1747 1530 caelorum
1787 1472 1938 1529 habi-

375 1574 515 1620 tator
539 1573 596 1621 et
621 1565 869 1622 conditor
894 1566 1158 1621 habitavit
1185 1567 1240 1621 in
1284 1566 1474 1632 terris,
1503 1576 1565 1621 ut
1593 1567 1754 1621 homo
1793 1565 1938 1621 colo-

374 1670 474 1709 nus
501 1656 941 1726 terraa-migraret
966 1655 1034 1709 ad
1056 1660 1242 1714 cmlos.
1276 1675 1296 1709 ι

402 1827 405 1830 .
443 1744 547 1799 LII.
575 1745 832 1815 Leporius
853 1745 1160 1803 Gallieanus
1182 1746 1463 1817 presbyter
1483 1746 1535 1802 iu
1563 1745 1759 1809 libello,
1776 1759 1934 1815 quem

376 1835 441 1890 de
468 1833 816 1890 Confessione
834 1850 974 1889 verae
996 1834 1120 1890 ﬁdei
1147 1834 1328 1898 edidit,
1359 1834 1426 1890 de
1453 1834 1662 1889 unitate
1695 1848 1937 1904 personae

2037 673 2254 715 carnem
2280 657 2444 717 fuisse
2465 676 2800 732 perpessum,
2821 671 2876 717 ct
2897 679 3004 719 non
3033 665 3134 721 sibi
3153 667 3486 737 agonizasse,
3509 668 3602 723 sed

2036 751 2221 820 nobis;
2271 767 2371 808 nec
2413 762 2634 822 propter
2677 768 2757 819 se.
2795 756 2885 812 sed
2919 768 3142 836 propter
3183 777 3302 832 nos,
3331 762 3424 834 qui
3457 761 3605 833 jace-

2038 843 2228 900 bamus
2255 886 2270 910 ,
2313 845 2462 900 illum
2511 847 2579 899 ab
2626 847 3332 912 excelsismiscricorditer
3377 853 3444 907 ad
3497 853 3603 907 ima

2037 935 2265 990 venisse.
2302 956 2320 988 ι

2107 1026 2272 1096 ’176
2304 1026 2431 1082 Llll.
2462 1028 2643 1084 Victor
2669 1044 2882 1099 quoque
2910 1029 3104 1100 Capuae
3133 1033 3414 1103 episcopus
3437 1034 3491 1088 in
3511 1046 3606 1088 ex-

2037 1114 2343 1171 nlanationc
2371 1118 2678 1186 apostolicm
2705 1120 2986 1174 sententia:
3015 1139 3028 1174 :
3065 1121 3169 1187 Qui
3197 1123 3369 1192 factus
3412 1133 3488 1179 est
3538 1139 3608 1181 ea:

2035 1205 2228 1259 semine
2257 1205 2425 1259 David
2453 1207 2734 1262 secundum
2755 1225 2962 1263 carnem
2991 1210 3018 1248 δ
3045 1210 3220 1280 (liam.
3257 1229 3296 1278 ι,
3318 1212 3373 1283 3)
3408 1231 3423 1268 :
3455 1233 3474 1265 ι
3503 1215 3608 1270 Ve-

2027 1304 2338 1370 _rumtamen
2370 1305 2513 1352 totus
2539 1299 2625 1354 hic
2655 1300 2808 1356 locus
2840 1311 3028 1356 contra
3078 1306 3405 1361 manichatos
3453 1306 3604 1374 facit,

2039 1384 2128 1439 ubi
2156 1384 2304 1448 dicit,
2332 1387 2472 1454 quod
2500 1396 2555 1442 et
2583 1397 2708 1444 ante
2735 1390 3079 1460 Evangelium
3121 1395 3197 1450 sic
3220 1397 3523 1464 proximum
3551 1407 3606 1451 ct

2037 1489 2134 1545 per
2159 1477 2447 1547 prophetas
2466 1478 2560 1532 Dei
2587 1487 2639 1534 et
2679 1481 2732 1534 in
2775 1471 2977 1537 sanctis
3023 1482 3348 1552 Scripturis;
3379 1493 3434 1540 ct
3460 1489 3604 1556 quod

2038 1562 2284 1620 Christus
2319 1568 2608 1622 secundum
2639 1585 2852 1624 carnem
2885 1587 2950 1626 ex
3001 1573 3165 1630 David
3204 1576 3390 1644 stirpe,
3417 1576 3469 1631 id
3497 1586 3604 1641 est,

2041 1649 2204 1704 Maria
2232 1652 2439 1722 virgine
2465 1656 2535 1709 sit
2576 1667 2805 1721 creatus,
2838 1660 3131 1716 secundum
3175 1665 3315 1733 quod
3340 1665 3604 1734 prazdixc-

2040 1748 2124 1794 rat
2153 1741 2334 1796 Isaias.
2372 1743 2517 1798 Multi
2549 1745 2640 1800 ﬁlii
2669 1749 2862 1816 gratia,
2891 1751 2975 1805 hic
2999 1760 3224 1816 natura;
3267 1753 3419 1825 cujus
3441 1755 3607 1810 etiam

2044 1832 2094 1885 in
2118 1849 2336 1888 carnem
2360 1837 2612 1893 nativitas
2641 1839 2921 1897 dissimilis
2947 1845 3158 1899 cazteris
3188 1846 3474 1902 invenitur.
3499 1849 3608 1904 Ad-

330 1947 333 1949 ·
373 1925 494 1980 Filii
524 1925 620 1979 Dei
643 1924 716 1978 ita
746 1923 998 1980 disseruit
1026 1936 1053 1965 ι
1088 1942 1101 1978 :
1139 1940 1159 1975 ι
1193 1923 1443 1980 Nascitur
1465 1939 1594 1994 ergo
1617 1923 1768 1978 nobis
1809 1937 1931 1992 pro-
1963 1925 2008 1984 Β
2034 1920 2206 1976 dendo
2228 1924 2506 1978 secundum
2535 1943 2739 1981 carnem
2767 1939 2821 1983 et
2844 1940 3031 1986 contra
3045 1931 3330 1990 Photinum
3352 1939 3610 1992 exstinxit

371 2016 486 2086 prie
507 2015 572 2072 de
601 2014 803 2085 Spiritu
829 2022 1017 2085 sancto
1037 2021 1091 2069 et
1115 2013 1279 2068 Maria
1308 2029 1520 2084 semper
1537 2013 1742 2084 virgine
1789 2011 1935 2066 Deus
2031 2019 2086 2063 et
2105 2010 2314 2065 Arium.
2341 2003 2405 2067 'Si
2429 2015 2570 2068 cnim
2597 2021 2889 2073 secundum
2921 2036 3138 2076 carnem
3183 2021 3356 2079 factus
3389 2034 3494 2090 est,
3515 2041 3603 2081 sc—
3669 2037 3678 2046 '

372 2107 533 2162 homo
557 2105 714 2162 Jesus
732 2106 978 2162 Christus
1003 2105 1173 2161 Filius
1202 2106 1316 2168 Dei,
1343 2121 1406 2160 ac
1435 2106 1513 2160 sic‘
1537 2105 1591 2159 in
1617 2103 1932 2158 alterutrum
2031 2102 2264 2156 cundum
2289 2105 2447 2158 Verbi
2475 2106 2660 2174 utique
2677 2108 3034 2164 substantiam
3061 2126 3164 2165 non
3197 2121 3280 2167 est
3309 2111 3511 2181 factus;
3543 2126 3604 2170 ut

371 2211 536 2251 unum
562 2195 622 2250 ﬁt
641 2195 878 2251 Verbum
904 2203 960 2252 et
985 2212 1133 2262 caro,
1164 2206 1226 2251 ut
1252 2204 1499 2252 manente
1530 2196 1582 2251 in
1611 2203 1708 2252 Sua

372 2285 550 2342 ctione
575 2284 895 2340 naturaliter
914 2294 1141 2355 utraque
1160 2287 1477 2349 substantia,
1500 2285 1613 2340 sine
1634 2286 1716 2340 sui
1742 2285 1934 2358 praeju-

373 2375 514 2450 dicio
540 2383 593 2429 et
622 2376 944 2456 humanitati
990 2377 1166 2431 divina
1196 2376 1606 2440 communicent,
1639 2383 1695 2432 et
1743 2376 1936 2431 divini-

373 2464 470 2518 tati
497 2466 728 2520 humana
753 2466 1097 2536 participent.
1123 2466 1231 2521 Nec
1255 2467 1389 2522 alter
1415 2467 1572 2531 Deus,
1592 2467 1728 2522 alter
1749 2466 1932 2531 homo,

349 2556 465 2627 .sed
486 2556 626 2615 idem
654 2557 767 2625 ipse
803 2557 962 2620 Deus,
991 2557 1082 2626 qui
1111 2564 1164 2612 et
1182 2556 1373 2621 homo;
1401 2566 1456 2613 et
1476 2556 1715 2619 vicissim
1743 2558 1927 2620 homo,

373 2644 464 2713 qui
491 2653 546 2698 et
570 2644 711 2699 Deus
728 2644 884 2700 Iesus
902 2644 1171 2708 Christus,
1191 2660 1331 2699 unus
1351 2645 1446 2700 Dei
1467 2645 1633 2700 Filius
1654 2655 1709 2700 et
1732 2662 1935 2700 nuncu-

373 2745 531 2806 petur
549 2745 604 2791 et
625 2751 750 2792 vere
780 2737 868 2792 sit.
895 2737 962 2791 Et
988 2738 1108 2792 ideo
1135 2737 1396 2807 agendum
1425 2736 1581 2790 nobis
1619 2750 1829 2805 semper
1852 2744 1935 2791 est

373 2835 429 2881 et
448 2826 793 2892 credendum,
819 2833 879 2881 ut
907 2826 1072 2882 Deum
1113 2824 1296 2881 Jesum
1325 2825 1596 2881 Christum
1625 2825 1820 2879 Filium
1842 2825 1935 2880 Dei

376 2917 543 2972 Deum
566 2932 772 2980 verum,
795 2932 955 2985 quem
989 2932 1114 2973 cum
1155 2915 1314 2972 Patre
1338 2930 1568 2984 semper,
1592 2924 1646 2970 et
1674 2915 1934 2984 :equalem

374 3006 519 3062 Patri
572 3015 697 3059 ante
744 3004 936 3060 secula
969 3005 1320 3068 conﬁtemur,
1348 3004 1592 3059 eumdem
1635 3017 1667 3057 a
1697 3011 1936 3071 tempore

373 3100 632 3163 susceptae
661 3093 841 3148 carnis
868 3091 1066 3147 factum
1105 3092 1271 3145 Deum
1317 3092 1587 3146 hominem
1631 3104 1736 3144 non
1775 3104 1937 3159 nege-

375 3199 513 3238 mus.
550 3203 568 3235 |
604 3183 669 3237 Et
713 3190 834 3254 post
876 3197 1044 3253 pauca
1095 3199 1110 3236 :
1169 3199 1188 3232 c
1213 3181 1340 3236 Sed
1367 3181 1491 3250 quia
1521 3180 1756 3236 Verbum
1791 3179 1935 3234 Deus

2034 2280 2196 2336 ritum
2225 2283 2667 2340 sanctiﬁcationis
2696 2289 3130 2357 praedestinatus,
3161 2301 3220 2345 ut
3259 2291 3410 2362 prior
3435 2295 3610 2350 omni-

2033 2373 2134 2426 bus
2188 2373 2706 2442 incorruptibilitatis
2746 2376 2946 2433 virtute
2990 2390 3314 2450 resurgeret,
3347 2390 3402 2438 et
3455 2383 3598 2438 viatn

2035 2462 2447 2517 resurrectionis
2475 2463 2567 2519 Dei
2594 2463 2764 2522 Filius
2788 2469 3045 2537 aperiret,
3073 2471 3138 2524 dc
3163 2473 3357 2542 quibus
3379 2474 3492 2545 ipse
3522 2475 3602 2531 di-

2034 2550 2127 2612 cit,
2162 2551 2286 2619 quia
2317 2550 2410 2606 ﬁlii
2449 2554 2543 2609 Dei
2576 2566 2720 2622 sunt,
2746 2573 2867 2613 cum
2907 2560 3014 2614 sint
3042 2559 3136 2615 ﬁlii
3176 2565 3605 2631 resurrectionis,

2034 2653 2140 2692 non
2170 2640 2410 2696 omnium
2443 2647 2854 2714 resurgentium,
2879 2649 2974 2704 sed
3001 2650 3068 2704 ad
3116 2650 3387 2708 Christum
3442 2661 3607 2725 perti—

2036 2731 2296 2784 nentium.
2341 2749 2358 2783 ι

2106 2816 2236 2872 LIV.
2273 2818 2378 2874 Sed
2402 2829 2456 2875 et
2486 2821 2743 2893 Origenes
2777 2826 2830 2880 in
2861 2827 3114 2884 Tractatu
3141 2830 3390 2902 Epistolze
3416 2835 3483 2900 ad
3507 2813 3610 2890 l'io-
3697 2871 3715 2896 χ

2037 2921 2226 2985 manes
2248 2909 2386 2964 libro
2402 2912 2629 2981 septimo
2652 2915 2716 2970 de
2739 2918 3063 2986 proprietate
3083 2920 3205 2976 Filii
3235 2922 3329 2978 Dei
3356 2925 3610 2993 patefecit

2035 3010 2252 3050 sensum
2281 3011 2457 3062 suum,
2509 3001 2698 3058 dicens
2746 3019 2760 3056 :
2819 3024 2837 3055 ι
2887 3006 2990 3062 Dat
3043 3019 3300 3079 prmtcrea
3353 3012 3607 3069 indicium

2038 3083 2330 3138 maximum
2369 3085 2601 3157 ingentis
2629 3103 2755 3159 erga
2788 3107 2888 3149 nos
2913 3081 3115 3151 amoris
3143 3097 3262 3163 Dei,
3284 3100 3374 3169 qni
3407 3101 3458 3156 in
3491 3109 3610 3156 tan-

2038 3179 2150 3227 tum
2182 3190 2299 3238 nos,
2325 3176 2517 3247 inquit,
2544 3179 2752 3245 dilexit,
2783 3191 2842 3236 ut
2867 3198 2958 3237 nec
2983 3187 3193 3272 proprio
3236 3187 3379 3244 Filio
3419 3207 3609 3261 peper-

375 3274 653 3345 dignanter
802 3249 1073 3330 δοξηίηεω
1117 3249 1509 3342 suscipiendum
1561 3271 1581 3343 [
1604 3272 1687 3325 At,
1709 3311 1724 3336 ,
1762 3271 1933 3327 δυεεί-
1962 3249 2009 3314 C
2039 3264 2193 3330 cerit,
2216 3265 2307 3320 sed
2327 3282 2420 3335 pro
2447 3267 2594 3321 nobis
2624 3269 2861 3325 omnibus
2889 3273 2955 3326 ad
2981 3249 3285 3342 passionem
3328 3249 3609 3336 tradiderit

373 3365 587 3438 piendo]
623 3364 918 3430 descendit,
960 3372 1014 3419 et
1065 3378 1161 3433 per
1209 3363 1600 3432 susceptionem
1644 3362 1735 3416 Dei
1776 3361 1937 3416 homo

376 3457 613 3511 ascendit
635 3457 686 3509 in
706 3449 873 3510 Deum
897 3454 1146 3515 Verbum,
1177 3460 1319 3508 lotus
1340 3451 1481 3506 Deus
1502 3451 1734 3504 Verbum
1764 3449 1936 3504 factus

373 3553 457 3600 est
478 3553 621 3600 totus
653 3545 833 3599 homo.
865 3542 982 3598 Non
1021 3542 1177 3599 enim.
1206 3541 1347 3595 Deus
1375 3540 1533 3593 Pater
1561 3540 1719 3593 homo
1763 3538 1935 3592 iactus

375 3649 476 3703 est,
501 3652 602 3693 nec
623 3635 853 3706 Spiritus
872 3639 1106 3697 sanctus,
1241 3631 1546 3702 unigenitus
1565 3629 1760 3685 Patris.
1785 3629 1936 3684 Ideo-

375 3747 478 3802 que
505 3746 610 3787 una
639 3743 866 3800 persona
910 3725 1216 3795 accipienda
1261 3732 1344 3777 est
1385 3722 1563 3777 carnis
1593 3729 1646 3775 et
1673 3721 1856 3785 Verbi,
1878 3729 1936 3773 ut

377 3821 601 3876 ﬁdeliter
653 3818 770 3874 sine
823 3815 1002 3885 aliqua
1055 3812 1389 3868 dubitatione
1442 3811 1723 3866 credamus
1767 3825 1934 3890 unum

376 3912 722 3978 eamdemque
753 3907 848 3961 Dei
895 3905 1090 3964 Filium
1132 3901 1540 3972 inseparabilem
1591 3915 1803 3970 semper
1850 3915 1938 3970 ge-

375 4001 533 4054 mina:
585 3995 897 4054 substantia:
927 4012 940 4048 :
972 3995 1132 4049 etiam
1177 3993 1450 4064 gigantem
1500 3992 1831 4046 nominatum
1880 3991 1934 4044 in

375 4089 565 4143 diebus
608 4087 787 4141 carnis
832 4100 964 4151 suae,
994 4093 1048 4139 et
1094 4099 1219 4140 vere
1255 4097 1465 4153 semper
1496 4083 1674 4136 omnia
1704 4081 1936 4152 gessisse

374 4195 496 4249 qua:
517 4185 641 4233 sunt
668 4176 922 4240 hominis,
946 4183 1000 4229 et
1027 4188 1155 4228 vere
1205 4187 1414 4241 semper
1463 4171 1764 4240 possedisse
1814 4185 1935 4238 qua:

376 4269 471 4324 Dei
504 4275 656 4331 sunt;
687 4265 940 4335 quoniam
953 4262 1067 4324 ,etsi
1094 4260 1384 4317 cruciﬁxus
1409 4267 1494 4314 est
1511 4275 1578 4314 ex
1600 4258 1930 4323 inﬁrmitate,

373 4359 466 4413 sed
488 4357 620 4413 vivit
644 4369 709 4410 ex
736 4355 933 4410 virtute
958 4352 1074 4408 Dei.
1104 4372 1121 4404 ι
1154 4349 1349 4404 Iterum
1370 4358 1491 4419 post
1515 4349 1786 4418 aliquanta
1805 4347 1934 4404 loco

371 4458 669 4520 opportuno
697 4447 939 4503 addidit:
973 4464 990 4497 ι
1034 4444 1142 4499 Nos
1180 4444 1530 4514 praedicamus
1571 4441 1846 4497 Christum
1881 4448 1936 4496 et

373 4543 515 4596 hunc
538 4535 887 4601 cruciﬁxum;
918 4536 1105 4606 utique
1128 4534 1222 4589 Dei
1244 4535 1493 4589 virtutem
1517 4542 1572 4587 et
1602 4533 1696 4588 Dei
1721 4534 1934 4602 sapien-

373 4626 535 4691 tiam;
567 4625 690 4694 quia
719 4625 861 4694 quod
889 4624 1112 4679 stultum
1147 4631 1233 4678 est
1264 4623 1378 4688 Dei,
1402 4621 1697 4694 sapientius
1720 4635 1804 4680 est
1836 4627 1933 4699 ho-

369 4716 624 4781 minibus,
645 4723 702 4771 et
721 4715 862 4784 quod
888 4712 1267 4768 inﬁrmum.est
1295 4711 1411 4778 Dei,
1438 4711 1629 4767 fortius
1646 4722 1729 4768 est
1758 4714 1932 4770 homi-

370 4808 544 4864 nibus.
601 4805 741 4874 Quid
784 4805 928 4860 enim
964 4790 1095 4858 "tam
1145 4803 1364 4858 stuitum
1412 4810 1468 4858 et
1516 4811 1624 4857 tam
1655 4804 1928 4859 inﬁrmum

371 4900 582 4955 videtur
631 4896 937 4953 hominibus
986 4895 1296 4960 incredulis,
1339 4911 1500 4965 quam
1536 4911 1655 4950 cum
1707 4896 1931 4952 audiunt

374 4987 536 5044 Deum
565 4987 659 5048 Dei
696 4986 890 5043 Filium
934 4985 1285 5042 cruciﬁxum?
1328 4985 1434 5041 Sed
1470 4985 1669 5056 placuit
1697 4987 1808 5042 Deo
1834 5003 1933 5058 per

369 5077 668 5134 stultitiam.
697 5076 1090 5149 praedicationis
1136 5075 1310 5132 salvos
1367 5074 1549 5132 facere
1597 5079 1883 5135 credentes
1908 5120 1924 5146 ,

370 5164 497 5234 quia
521 5164 576 5218 in
599 5164 704 5222 hoc
753 5166 986 5222 maxime
1011 5165 1143 5221 ﬁdes
1168 5172 1352 5220 nostra
1375 5166 1638 5232 consistit,
1665 5174 1726 5220 ut
1742 5168 1928 5222 creda-

369 5267 496 5312 mus
527 5254 743 5310 unicum
779 5256 973 5329 Filium
1001 5256 1117 5322 Dei,
1144 5268 1265 5312 non'
1296 5255 1620 5325 adoptivum,
1651 5257 1744 5312 sed
1793 5273 1921 5327 pro-

369 5345 580 5417 prium;
609 5357 717 5399 nou
736 5345 1155 5414 phantasticum,
1178 5347 1272 5402 sed
1295 5361 1511 5412 verum;
1563 5362 1670 5401 non
1725 5355 1928 5417 tempoe

441 5511 652 5584 fnum:
683 5510 896 5584 Leporii
937 5509 1175 5584 libellum
1218 5513 1358 5584 typis
1403 5514 1640 5584 vulgavit
1689 5515 1928 5570 omnium

372 5581 579 5662 primus
597 5579 933 5662 Sirmondus,
959 5581 1110 5662 cuius
1129 5579 1378 5662 .Opérum
1414 5579 1543 5637 toni.
1581 5585 1625 5662 l,_
1649 5599 1769 5662 pag:
1801 5584 1926 5662 295,

375 5650 614 5721 invenies
644 5651 939 5721 locumhic
970 5650 1328 5721 descriptum;
1377 5668 1535 5721 quem
1559 5650 1932 5721 etiarn'lauda-

375 5669 614 5706 invenies
644 5669 822 5706 iocum
851 5669 939 5705 ulc
970 5669 1141 5705 desert
1186 5669 1328 5717 tum;
1377 5669 1535 5721 quem
1559 5669 1718 5706 etiam
1750 5669 1932 5706 tauaa-

375 5728 503 5774 runt
521 5719 808 5791 cessimus
828 5719 952 5791 libr.
988 5734 1006 5791 ι
1047 5721 1113 5791 de
1147 5669 1388 5786 eaeam,
1416 5737 1536 5791 cap.
1590 5723 1670 5786 lt,
1695 5720 1933 5791 (Joannes

375 5789 640 5860 secundus
674 5788 834 5859 epist.
863 5789 929 5844 ad
973 5787 1253 5856 Avienum,
1284 5799 1338 5846 et
1377 5787 1660 5846 Facundos
1691 5790 1932 5845 llermia-

1962 4583 2012 4643 D

2036 3371 2159 3410 cum
2185 3355 2362 3426 (Rom.
2392 3373 2509 3422 vrtt,
2538 3359 2650 3430 52).
2694 3360 2759 3414 Et
2796 3370 2851 3416 ut
2899 3363 3100 3433 majore
3127 3381 3226 3422 nos
3251 3369 3606 3427 admiratione

2037 3447 2445 3514 constringeret,
2461 3449 2665 3502 addidit
2688 3464 2989 3506 sermonem
3017 3455 3246 3523 ingentis
3271 3459 3449 3513 arcani
3473 3476 3606 3515 con-

2036 3535 2205 3588 scium
2234 3535 2438 3616 dicens,
2462 3536 2586 3604 quia
2625 3539 2834 3607 proprio
2863 3539 3006 3594 Filio
3041 3559 3144 3596 non
3176 3549 3415 3614 pepercit.
3450 3549 3610 3606 Dixe-

2037 3631 2120 3676 rat
2147 3623 2290 3678 enim
2319 3625 2720 3694 superius,'quia
2748 3628 2910 3681 etiam
2934 3644 3053 3694 nos,
3075 3633 3162 3700 qui
3181 3636 3428 3702 Spiritum
3444 3641 3609 3710 adop-

2037 3712 2197 3767 tionis
2223 3714 2547 3782 accepimus,
2604 3715 2723 3768 Filii
2778 3715 2871 3771 Dei
2921 3733 3105 3774 sumus
3161 3717 3608 3798 (lbid.,15).‘Ne

2033 3817 2163 3873 ergo
2205 3805 2474 3858 communi
2517 3804 2618 3860 ista
2646 3806 3002 3876 appellatione
3032 3811 3284 3879 ﬁliorum,
3315 3832 3480 3872 unum
3507 3820 3605 3874 ali-

2035 3909 2193 3963 quem
2221 3910 2285 3950 ex
2317 3895 2400 3950 his
2431 3896 2716 3951 tradidisse
2757 3907 3058 3968 putaretur,
3085 3904 3174 3969 qui
3205 3904 3256 3957 in
3289 3904 3426 3961 ﬁlios
3456 3909 3605 3965 vide-

2034 3984 2232 4040 bantur
2279 3986 2466 4051 asciti,
2498 3987 2718 4050 addiutt,
2747 3991 2954 4058 proprio
3009 3989 3188 4056 Filio;
3237 4003 3296 4047 ut
3339 4009 3484 4062 cum,
3511 4000 3604 4069 qui

2034 4075 2181 4128 solus
2207 4089 2270 4128 ex
2302 4075 2418 4141 ipso
2466 4074 2577 4128 Deo
2632 4075 2885 4132 inell‘abili
2943 4080 3223 4136 nativitate
3277 4095 3602 4152 generatur,

1986 4219 1988 4221 ,
2031 4162 2356 4217 ostenderet.
2383 4161 2488 4218 Pro
2511 4164 2665 4218 nobis
2697 4182 2825 4237 ergo
2865 4171 3112 4226 omnibus
3155 4175 3374 4230 tradidit
3398 4192 3540 4231 eum.
3581 4199 3596 4228 ι

2103 4249 2213 4305 LV.
2241 4250 2599 4322 Hieronymus
2627 4272 2839 4327 quoque
2872 4255 2926 4314 in
2968 4260 3222 4317 Tractatu
3250 4266 3316 4318 ad
3341 4267 3603 4336 Ephesios

2032 4343 2170 4399 libro
2198 4346 2434 4407 secundo
2473 4345 2608 4402 dixit
2639 4366 2651 4402 :
2692 4367 2711 4400 ι
2745 4350 2930 4407 Potest
2958 4367 3088 4424 ergo
3136 4363 3190 4408 et
3233 4355 3335 4411 hoc
3381 4357 3504 4423 dici,
3533 4373 3600 4413 ex

2033 4446 2098 4487 eo
2125 4433 2268 4503 quod
2292 4432 2434 4489 Deus
2457 4434 2620 4491 Pater
2647 4437 2854 4495 Domini
2885 4443 3053 4498 nostri
3081 4441 3206 4498 Jesu
3230 4443 3428 4502 Christi
3443 4443 3600 4514 juxta

2035 4523 2390 4578 substantiam
2430 4523 2595 4580 Pater
2638 4535 2741 4592 est,
2766 4538 2822 4583 et
2852 4532 3158 4604 unigenitus
3192 4550 3298 4591 non
3342 4545 3424 4594 est
3473 4540 3601 4594 ado-

2034 4611 2216 4680 ptione
2235 4612 2426 4678 Filius,
2451 4613 2545 4669 sed
2573 4625 2784 4673 natura.
2835 4620 3056 4680 Caetera:
3090 4641 3301 4697 quoque
3338 4639 3600 4688 creaturae

2031 4702 2371 4770 paternitatis
2395 4712 2593 4760 nomen
2618 4708 2902 4778 adeptione
2947 4699 3280 4772 meruerunt.
3331 4719 3599 4790 Quidquid

2031 4799 2209 4848 autem
2231 4795 2297 4848 de
2318 4792 2475 4849 Patre
2499 4803 2554 4850 et
2571 4794 2709 4851 Filio
2736 4797 2983 4866 dicimus,
3012 4805 3114 4859 hoc
3140 4805 3373 4862 sciamus
3395 4808 3597 4864 dictum

2031 4897 2150 4938 esse
2179 4884 2246 4940 de
2268 4881 2468 4953 Spiritu
2497 4892 2700 4940 sancto.
2735 4886 2866 4942 Nam
2909 4898 2964 4944 et
2998 4890 3244 4948 Salvator
3267 4899 3469 4950 nbster'
3497 4875 3596 4950 Pa-

2031 4982 2170 5030 trem
2195 4990 2314 5030 esse
2340 4989 2398 5030 se
2425 4975 2577 5029 novit
2597 4976 2782 5032 dicens
2811 4996 2823 5030 :
2854 4977 2984 5045 Fili,
3008 4980 3341 5035 dimittuntur
3367 4984 3458 5037 tibi
3477 5002 3599 5055 pec-

2028 5076 2146 5120 cata
2177 5065 2369 5136 (Herc.
2401 5081 2472 5129 tt,
2497 5064 2575 5134 5).
2603 5065 2670 5120 Et
2693 5082 2707 5120 :
2738 5067 2900 5135 Filia,
2922 5069 3050 5136 ﬁdes
3076 5079 3166 5122 tua
3192 5079 3239 5123 te
3257 5071 3452 5126 salvam
3472 5074 3595 5143 fecit

2031 5157 2260 5230 (Matth.
2297 5173 2373 5222 ιι,
2394 5157 2465 5212 22
2486 5155 2526 5228 ).
2580 5157 2646 5212 Et
2675 5177 2688 5212 :
2722 5158 2906 5214 Filioli
2957 5162 3078 5225 mei,
3111 5160 3284 5215 adhuc
3331 5165 3592 5219 modicum

2029 5250 2288 5305 vobiscum
2315 5265 2430 5304 tum
2457 5247 2639 5319 (Joan.
2664 5266 2785 5314 xm,
2816 5249 2923 5318 i3).
2956 5249 3021 5303 Et
3049 5263 3144 5319 per
3177 5248 3437 5320 Spiritum
3469 5268 3595 5309 san-

2029 5347 2173 5394 ctum
2192 5337 2322 5408 justi
2353 5337 2548 5406 quique
2577 5338 2898 5406 adoptantur
2921 5337 2975 5390 in
3000 5335 3154 5392 ﬁlios.
3192 5357 3217 5414 ι¹

2031 5514 2212 5569 nensis
2239 5513 2364 5567 libr.
2393 5527 2432 5574 ι,
2459 5523 2580 5632 cag.
2608 5509 2660 5563 4.

2104 5584 2130 5624 b
2188 5582 2456 5632 Victorem
2558 5594 2660 5632 anu

2104 5584 2130 5624 δ
2188 5582 2456 5637 Victorem
2514 5580 2824 5648 Capuanum
2885 5581 3060 5636 simile
3130 5581 3254 5649 quid
3305 5580 3587 5650 scripsisse

2034 5665 2194 5707 nemo
2221 5652 2358 5705 alius
2385 5656 2626 5701 veterum
2656 5651 2739 5704 vel
2767 5650 3122 5704 recentiorum
3151 5649 3578 5717 meminitJQna-

2035 5731 2454 5791 pmpterropera:
2477 5718 2705 5791 pretium
2736 5719 2896 5775 fuerit
2921 5719 2986 5773 de
3035 5720 3136 5774 hoc
3162 5733 3321 5789 opere
3357 5719 3583 5773 Victoris

2037 5787 2343 5860 diligentius
2368 5787 2657 5856 inquirere.
