4228 6242
618 216 717 268 “5
1462 217 1520 268 Β.
1564 218 1620 270 l".
1653 218 1876 271 ALiilNl
1914 219 2043 275 SEU
2083 220 2356 278 ALCUINI
2390 223 2672 283 OPERUM
2709 225 2887 282 PARS
2923 227 3009 281 Ill.

3754 237 3856 291 “6

612 339 800 383 nostro
837 326 962 379 Jrsu
999 326 1213 381 Christo
1237 341 1358 380 cum
1386 328 1580 381 dicitur
1605 346 1616 379 :
1650 327 1750 393 Qui
1788 338 1862 382 est
1899 345 2055 399 super
2075 345 2185 384 om-
2212 335 2259 393 Α
2288 348 2487 389 arcano
2514 336 2744 408 sciebat,
2765 337 2857 392 sed
2884 346 3090 392 tantum
3111 340 3255 409 quod
3276 343 3410 397 mori
3433 359 3591 414 posse
3614 346 3852 415 videbat,

610 423 702 476 nia
741 421 881 476 Deus
911 419 1205 473 benedictus
1249 420 1306 473 in
1339 421 1573 486 stecula;
1624 430 1677 475 et
1704 435 1792 476 res
1835 422 2016 476 statim
2063 437 2187 493 pro-
2286 423 2480 478 Filium
2509 425 2602 478 Dei
2628 433 2873 481 testatur.

609 511 768 566 batur
804 510 857 564 in
879 510 1065 574 verbo,
1107 517 1162 564 et
1201 510 1351 564 verbi
1400 525 1485 564 res
1537 509 1936 566 demonstratur
1981 511 2034 566 in
2092 527 2186 566 no-
2354 514 2558 571 LXVll.
2590 517 2665 571 De
2687 531 2935 574 sermone
2959 521 3556 593 sanctiAugustinidzt
3586 527 3724 594 Quid
3746 531 3850 586 sibi

606 601 772 667 mine,
820 600 945 670 quia
992 599 1085 653 Dei
1111 613 1305 652 nomen
1351 599 1404 652 in
1435 599 1528 653 Dei
1552 598 1689 654 l-‘ilio
1734 615 1841 654 non
1863 599 2184 670 signiﬁcatio
2282 605 2411 661 velit
2457 616 2516 663 et
2547 609 2816 678 quomodo
2861 611 3233 680 accipiendum
3276 615 3366 680 sit,
3416 619 3561 687 quod
3592 619 3851 676 Dominus

603 700 686 746 est
732 689 1047 783 adoptionis
1088 687 1331 783 induite,
1383 690 1722 783 sed-veritas
1769 691 2183 783 proprietasque
2281 701 2401 766 ait,
2433 699 2538 766 Qui
2591 701 2751 756 credit
2776 703 2831 756 in
2857 719 2958 769 me,
2983 720 3159 774 opera,
3195 723 3312 777 quae
3366 724 3458 778 ego
3479 709 3642 778 facio,
3665 723 3714 765 et
3741 713 3851 783 ipse

602 789 829 834 natum.
881 797 902 831 ι
944 778 1001 834 ln
1032 777 1254 871 homilia
1291 779 1435 834 beati
1483 777 1709 835 Joannis
1751 781 2095 853 evangelista;
2118 795 2178 836 εις
2280 792 2434 862 faciet
2461 792 2641 863 (Joau.
2673 809 2785 860 xiv,
2821 794 2930 866 l2).
2957 811 3064 850 non
3093 806 3182 853 est
3205 797 3359 855 facile
3376 777 3849 871 comprehendere.

606 891 624 921 ι
671 871 753 926 Ad
799 885 1112 926 mensuram
1157 870 1356 942 quippe
1392 871 1483 925 dat
1531 871 1715 928 multis
1743 871 1884 937 ﬁliis,
1942 873 2037 929 sed
2071 889 2177 929 non
2278 882 2496 938 Etcum
2543 884 2646 940 hoc
2669 884 2736 939 ad
2765 885 3168 956 intelligendum
3222 870 3589 945 difﬁcillimum
3620 893 3712 958 sit,
3753 897 3850 948 ad-

598 966 667 1019 ad
713 979 1022 1020 mensuram
1071 965 1269 1034 accipit
1318 963 1510 1020 unicus
1555 964 1745 1030 FiliuS,
1801 965 1927 1036 quia
1962 966 2041 1021 Sic
2095 973 2178 1023 est
2268 973 2401 1043 jecit
2445 976 2591 1032 aliud
2617 975 2900 1032 diﬁicillius
2931 987 3016 1033 :et
3037 980 3243 1051 majora
3273 965 3851 1056 horumifaciet.[Quid

596 1071 757 1112 verus
781 1056 965 1121 homo,
991 1064 1045 1110 ut
1076 1063 1132 1110 et
1163 1070 1324 1111 verus
1343 1055 1415 1110 sit
1441 1056 1601 1111 Deus.
1643 1079 1662 1107 ο

2274 1074 2359 1124 est
2397 1066 2553 1140 hoc?]
2621 1067 2722 1136 Qui
2773 1069 2978 1152 faceret
3021 1086 3206 1142 opera,
3251 1086 3372 1142 qua:
3408 1072 3656 1129 Christus
3692 1055 3845 1142 fecit,

663 1165 848 1221 LXVI.
890 1167 1087 1223 Beatus
1109 1166 1402 1222 Cassianus
1435 1169 1488 1222 in
1517 1167 1654 1223 libro
1694 1162 1759 1223 de
1802 1169 2174 1225 lncarnatione
2273 1175 2380 1215 ηοιι
2431 1155 2862 1229 inveniebam“;
2903 1163 2996 1232 (ἰυί
3023 1164 3191 1218 ﬁliam
3218 1164 3423 1234 maiora
3451 1163 3631 1230 Ῑθοίθιν
3661 1165 3849 1220 ίυνεη·
3887 1220 3901 1232 .

591 1261 805 1318 Domini
837 1262 865 1302 b
894 1279 908 1316 :
956 1280 976 1313 ι
1012 1262 1078 1316 Et
1101 1262 1220 1316 ideo
1244 1261 1521 1317 descendit
1540 1261 1775 1317 Verbum
1802 1261 1990 1327 Filius,
2021 1262 2174 1318 adest
2273 1254 2380 1308 turi
2406 1255 2634 1310 sumus?
2678 1253 2784 1311 Sed
2809 1256 3117 1313 dixeramus
3144 1272 3393 1314 sermone
3420 1258 3669 1326 pristino,
3716 1258 3845 1328 quia

589 1355 843 1424 majestas
870 1354 1104 1425 Spiritus
1132 1355 1327 1421 sancti,
1387 1355 1562 1410 virtus
1615 1353 1907 1409 obumbrat
1953 1353 2165 1408 Patris:

587 1447 776 1515 utique
818 1446 952 1500 utin
984 1455 1323 1500 sacramento
1350 1460 1520 1501 sacrte
1544 1444 1913 1514 conceptionis
1944 1443 2164 1517 [omnis]

585 1545 730 1592 esset
776 1536 1082 1604 cooperatio
1137 1535 1437 1589 Trinitatis.
1488 1533 1640 1599 Ideo,
1677 1535 1867 1604 inquit,
1925 1543 1974 1590 et
2027 1535 2166 1605 quod

584 1639 829 1681 nascetur
854 1628 979 1681 inte
1006 1625 1154 1697 [Edit
1181 1665 1196 1690 ,
1226 1642 1291 1680 ea:
1321 1625 1393 1698 te]
1422 1635 1662 1680 sanctum
1688 1626 1957 1679 vocabitur
1985 1623 2162 1680 Filius

583 1717 682 1771 Dei
700 1716 850 1788 (Luc.
881 1715 941 1786 I).
967 1683 1110 1770 Bene
1135 1683 1361 1778 addidit,
1375 1683 1514 1779 ideo,
1532 1724 1593 1768 ut
1605 1712 1914 1771 ostenderet
1932 1712 2158 1778 scilicet,
2191 1683 2237 1742 Β

583 1805 702 1860 ideo
727 1806 842 1860 hznc
871 1813 1142 1868 secutura,
1166 1805 1291 1874 quia
1305 1802 1619 1859 fuerantilla
1631 1799 1910 1872 praemissis
1929 1811 2012 1859 :et
2038 1805 2163 1873 quia

583 1894 723 1950 Deus
751 1894 1151 1963 supervenisset
1179 1893 1232 1948 in
1254 1895 1624 1966 conceptione,
1653 1893 1772 1949 ideo
1789 1893 1930 1948 Deus
1952 1891 2165 1950 futurus

579 1981 740 2057 (ιιι,
768 1983 1032 2056 facturus]
1058 1992 1202 2040 esset
1233 1983 1288 2040 in
1311 1991 1490 2055 partu.
1540 1981 1825 2038 Rationem
1846 1996 1976 2054 ergo
2002 1990 2165 2040 tantae

579 2077 656 2132 rei
709 2075 898 2146 puellm
957 2075 1187 2132 reddidit
1232 2075 1521 2140 nescienti,
1561 2074 1747 2131 dicens
1807 2073 1994 2142 utique
2037 2074 2163 2143 quia

577 2165 813 2235 Spiritus
856 2174 1078 2229 sanctus
1115 2165 1460 2234 superveniat
1501 2163 1709 2235 [Edit.,
1771 2161 2161 2233 superveniet],

577 2265 630 2310 et
670 2257 796 2324 quia
843 2256 1018 2309 virtus
1063 2254 1327 2309 Altissimi
1364 2253 1728 2316 obumbrabit,
1774 2251 1898 2307 ideo
1927 2260 1982 2307 et
2018 2252 2162 2322 quod

577 2352 828 2399 nascetur
873 2354 1140 2410 sanctum,
1188 2345 1470 2399 vocabitur
1526 2342 1697 2398 Filius
1739 2342 1856 2397 Dei.
1919 2341 2032 2398 Hoc
2077 2351 2162 2398 est

572 2433 756 2488 dicere
787 2452 798 2487 :
828 2433 905 2488 Ne
935 2435 1169 2504 ignores,
1196 2434 1387 2504 inquit,
1438 2435 1581 2488 hunc
1605 2441 1770 2488 tanta:
1809 2433 1888 2487 rei
1934 2448 2163 2504 appara-

572 2531 686 2577 tum
744 2520 869 2594 [hoc
886 2523 1022 2576 tanti
1061 2524 1302 2592 mysterii
1355 2522 1799 2593 sacramentum],
1839 2522 1959 2578 ideo
1994 2523 2048 2576 in
2109 2530 2161 2578 te

574 2623 688 2667 tota
739 2613 920 2668 veniet
949 2611 1224 2681 majestas,
1254 2612 1381 2681 quia
1403 2627 1472 2666 ex
1505 2623 1557 2666 te
1580 2621 1832 2667 nascetur
1867 2627 2027 2667 verus
2072 2613 2160 2666 Fi-

572 2703 676 2756 lius
724 2703 839 2757 Dei.
876 2702 1015 2770 Quid
1061 2703 1152 2757 hic
1182 2702 1322 2756 ultra
1372 2703 1572 2773 ambigi
1619 2709 1826 2773 potest,
1878 2701 2008 2771 quid
2047 2717 2160 2755 am-

575 2794 716 2862 plius
763 2795 904 2851 dici?
948 2795 1117 2849 Deum
1147 2795 1283 2850 dixit
1316 2802 1789 2864 superventurum,
1834 2792 2030 2848 Filium
2062 2793 2159 2848 Dei

577 2886 933 2940 nasciturum.
972 2906 992 2938 ›
1038 2885 1181 2940 Idem
1221 2885 1275 2939 in
1320 2885 1508 2939 eodem
1541 2897 1563 2924 ο
1605 2903 1619 2938 :
1659 2903 1678 2934 ι
1726 2884 1866 2950 Quid
1911 2898 2042 2955 ergo
2082 2884 2159 2938 ait

573 2979 805 3036 Petrus?
831 2977 909 3033 Tu
924 2995 976 3033 es
989 2976 1228 3035 Christus
1250 2975 1424 3031 Filius
1447 2977 1543 3030 Dei
1564 2977 1659 3030 rivi
1676 2975 1889 3047 (Matth.
1904 2991 2017 3039 xvi,
2041 2976 2150 3046 lﬁ).

571 3075 667 3128 Dic
682 3072 810 3128 mihi
824 3086 1030 3142 qumso,
1046 3069 1319 3134 hatretice,
1335 3069 1456 3139 quis
1469 3069 1556 3123 ille
1572 3067 1756 3132 fuerit,
1770 3066 1854 3122 cui
1868 3065 2064 3121 Petrus
2080 3066 2155 3120 ita

576 3164 887 3234 respondit?
908 3163 1113 3230 Negare
1136 3177 1240 3215 non
1263 3169 1416 3229 potes
1428 3159 1705 3216 Christum
1721 3158 1906 3216 fuisse.
1922 3157 2155 3212 Interroo

569 3270 637 3323 go
663 3269 817 3322 ergo,
839 3252 1119 3307 Christum
1139 3265 1298 3321 quem
1326 3250 1518 3304 vocas?
1548 3249 1824 3304 Hominem
1853 3263 1920 3301 an
1947 3245 2152 3301 Deum?

572 3343 858 3399 Hominem
886 3342 1071 3410 utique
1110 3341 1314 3410 absque
1360 3339 1552 3405 dubio;
1577 3339 1704 3394 hinc
1721 3338 2154 3394 enimomnistua

532 3500 533 3503 η
569 3433 816 3498 haeresis,
856 3434 982 3503 quia
1033 3448 1199 3504 negas
1229 3433 1373 3487 hunc
1399 3430 1674 3486 Christum
1721 3445 1909 3484 verum
1954 3427 2150 3482 Filium

567 3523 776 3578 Dei.....
815 3523 952 3590 Quid
972 3512 1107 3592 ergo
1131 3524 1198 3578 ad
1241 3523 1355 3578 haec
1390 3522 1670 3594 respondit
1697 3520 1930 3577 Petrus?
1978 3519 2055 3573 Tu
2073 3536 2147 3586 es,

567 3614 760 3684 inquit,
818 3614 992 3669 Filius
1026 3615 1125 3669 Dei
1168 3615 1284 3669 vivi.
1321 3615 1597 3669 Christum
1648 3614 2020 3683 hunc,'quem
2094 3619 2150 3666 tu

564 3688 798 3762 hominis
837 3713 1042 3761 tantum
1090 3703 1285 3758 Filium
1335 3705 1555 3768 asseris,
1595 3704 1681 3758 ille
1701 3712 1929 3757 testatur
1955 3702 2149 3755 Filium

564 3796 680 3852 Dei.
705 3795 804 3852 Cui
840 3797 922 3850 vis
950 3795 1255 3861 credamus,
1287 3795 1382 3850 tibi
1407 3809 1476 3848 an
1522 3792 1716 3847 Petro?
1761 3790 1988 3860 Opinor,
2042 3804 2149 3844 non

563 3903 623 3943 es
669 3896 780 3942 tam
830 3888 1134 3958 impudens,
1173 3897 1233 3944 ut
1279 3901 1590 3958 praeponere
1641 3894 1693 3938 te
1723 3883 1923 3937 audeas
1972 3882 2148 3952 primo

563 3980 951 4051 apostolorum.
997 3978 1104 4034 Sed
1125 3981 1251 4049 quid
1295 3990 1399 4044 est,
1439 3979 1584 4050 quod
1625 3995 1732 4033 non
1763 3978 1961 4032 audeas
1985 3976 2148 4047 780

565 4070 656 4139 qui
689 4069 782 4124 Dei
829 4067 1025 4124 Filium
1051 4084 1247 4140 negare
1285 4069 1544 4139 potuisti?
1585 4069 1662 4124 Tu
1693 4087 1745 4123 es
1773 4068 2142 4140 ergo,_inquit,

564 4157 803 4215 Christus
859 4159 1032 4214 Filius
1064 4159 1158 4213 Dei
1197 4159 1312 4213 rivi.
1357 4159 1608 4228 Nunquid
1647 4161 1749 4215 hoc
1774 4159 2010 4230 ambigui
2052 4167 2145 4213 aut

2270 1343 2442 1413 majus
2472 1343 2572 1399 fuit
2599 1347 2804 1403 umbrae
2855 1363 2965 1403 sua:
3011 1348 3260 1414 transitu,
3290 1349 3432 1418 quod
3479 1348 3746 1420 [discipuli
3768 1347 3848 1405 fe-

2268 1444 2479 1503 cerunt,
2529 1451 2690 1506 quam
2722 1435 2948 1493 ﬁmbriae
2991 1452 3102 1493 suae
3128 1445 3297 1503 tactu,
3325 1437 3490 1509 quod]
3523 1438 3638 1508 ipse
3662 1438 3845 1494 Domi-

2267 1543 2369 1583 nus
2397 1526 2525 1583 fecit
2553 1542 2744 1584 sanare
2769 1527 3086 1598 languentes
3117 1546 3130 1580 :
3161 1536 3216 1582 et
3242 1529 3368 1598 quia
3411 1529 3597 1597 plures
3623 1538 3842 1599 aposto-

2267 1616 2354 1683 lis,
2380 1633 2540 1688 quam
2566 1619 2683 1687 ipso
2703 1632 2799 1688 per
2825 1631 2888 1673 os
2923 1617 3200 1687 proprium
3223 1617 3552 1686 praedicante
3589 1618 3842 1683 Domino,

2266 1707 2629 1772 crediderunt,
2656 1717 2715 1762 ut
2755 1707 2870 1762 haec
2897 1707 3209 1762 viderentur
3229 1721 3392 1777 Opera
3449 1705 3840 1780 [intelligenda]

2265 1814 2387 1855 esse
2411 1797 2648 1868 majora;
2687 1813 2793 1853 non
2815 1813 2924 1868 quo
2945 1797 3115 1867 major
3135 1806 3278 1853 esset
3303 1798 3562 1868 magistro
3609 1799 3843 1868 discipu-

2265 1890 2370 1958 lus,
2420 1891 2504 1946 vel
2544 1890 2770 1946 Domino
2799 1905 3010 1956 servus,
3065 1888 3150 1945 vel
3195 1889 3479 1959 adoptatus
3529 1889 3839 1962 Unigenito,

2266 1982 2349 2038 vel
2402 1982 2564 2037 homo
2592 1980 2739 2046 Deo;
2798 1981 2893 2036 sed
2920 1982 3062 2050 quod
3093 1996 3190 2051 per
3217 1980 3341 2036 illos
3374 1981 3488 2051 ipse
3527 1981 3844 2051 dignaretur

2264 2073 2451 2127 eadem
2477 2071 2679 2140 majora
2730 2071 2932 2136 facere,
2977 2073 3069 2141 qui
3114 2071 3246 2126 dicit
3283 2072 3363 2128 eis
3384 2072 3488 2126 alio
3515 2071 3633 2128 loco
3664 2089 3678 2127 :
3717 2070 3842 2128 Sine

2263 2179 2346 2216 me
2381 2161 2512 2215 nihil
2539 2162 2755 2232 potestis
2775 2161 2948 2231 facere
2975 2182 2993 2214 ι
3039 2159 3220 2233 (Joan.
3249 2178 3342 2228 xv,
3373 2161 3448 2232 5).

2335 2250 2562 2307 LXVII].
2591 2251 2843 2322 Ejusdem
2867 2253 2921 2306 in
2953 2251 3213 2308 Sermone
3235 2251 3355 2307 XXI
3374 2264 3396 2292 ε
3419 2272 3437 2305 ι
3462 2253 3592 2310 Post
3613 2256 3842 2325 promis-

2264 2345 2472 2401 sionem
2525 2343 2757 2414 Spiritus
2782 2344 2958 2398 ‘sancti
3007 2359 3076 2399 ne
3127 2347 3414 2417 quisquam
3445 2355 3661 2416 putaret
3696 2350 3843 2418 quod

2263 2433 2338 2487 ita
2366 2447 2490 2487 eum
2521 2433 2781 2488 Dominus
2827 2434 3052 2489 daturus
3077 2432 3275 2502 fuerat,
3347 2436 3492 2492 velut
3518 2451 3617 2507 pro
3639 2439 3839 2508 seipso,

2264 2535 2321 2580 ut
2371 2541 2477 2580 non
2497 2533 2553 2581 et
2592 2527 2703 2595 ipse
2751 2542 2874 2582 cum
2903 2528 2983 2582 eis
3009 2536 3153 2582 esset
3178 2526 3409 2596 futurus,
3447 2529 3644 2600 adjecit
3680 2539 3845 2599 atque

2263 2614 2378 2667 ait:
2437 2613 2559 2667 Non
2609 2615 2896 2685 relinquam
2945 2631 3032 2669 vos
3095 2618 3380 2686 orphanos,
3417 2619 3578 2670 senio
3626 2617 3696 2671 ad
3752 2635 3842 2673 vos

2263 2703 2445 2775 (loan.
2501 2719 2614 2770 xiv,
2673 2706 2784 2777 l8).
2840 2704 3078 2774 Orphani
3103 2706 3291 2777 pupilli
3337 2714 3498 2773 sunt;
3530 2706 3660 2763 illud
3689 2709 3835 2764 enim

2260 2792 2507 2850 Griecum
2530 2795 2768 2864 ejusdem
2796 2796 2873 2850 rei
2903 2811 3100 2852 nomen
3129 2805 3234 2863 est,
3268 2798 3373 2853 hoc
3406 2797 3676 2854 Latinum.
3702 2799 3839 2855 Nam

2260 2895 2314 2943 et
2342 2887 2395 2943 in
2448 2887 2679 2959 psalmo,
2726 2888 2818 2943 ubi
2865 2887 3096 2961 legimus
3126 2907 3138 2944 :
3167 2887 3382 2960 Pupilla
3412 2900 3469 2944 tu
3492 2892 3594 2946 eris
3624 2893 3842 2963 adjutor

2259 2982 2511 3055 (Psalsx,
2546 2982 2658 3054 H),
2688 2981 2907 3037 Graecus
2928 2984 3093 3038 habet
3117 2984 3376 3053 orphans.
3429 2983 3689 3050 Quamvis
3710 3000 3840 3054 ergo

2257 3089 2356 3129 nos
2380 3073 2551 3127 Filius
2572 3073 2668 3127 Dei
2697 3087 2795 3127 suo
2838 3064 2984 3126 Patri
3034 3072 3372 3141 adoptaverit
3398 3071 3556 3137 ﬁlios,
3589 3080 3645 3126 et
3686 3089 3840 3128 eum-

2254 3165 2378 3221 dem
2398 3164 2614 3218 Patrem
2660 3179 2760 3219 nos
2801 3162 3031 3218 voluerit
3082 3163 3283 3218 habere
3325 3177 3422 3233 per
3451 3164 3701 3234 gratiam,
3743 3165 3837 3234 qui

2253 3253 2369 3324 ejus
2414 3253 2577 3309 Pater
2626 3263 2709 3310 est
2757 3269 2854 3324 per
2900 3264 3152 3310 naturam
3205 3254 3374 3327 [Ms.,
3413 3257 3835 3329 paternarum]:

2254 3355 2433 3402 tamen
2472 3347 2634 3402 etiam
2683 3347 2797 3416 ipse
2833 3361 2960 3418 erga
2990 3361 3089 3402 nos
3120 3355 3404 3416 paternum
3439 3349 3836 3416 quodammodo

2251 3439 2587 3494 demonstrat
2615 3436 2888 3501 allectum,
2945 3451 3069 3493 cum
3107 3439 3239 3493 dicit
3274 3456 3284 3490 :
3331 3435 3456 3491 Non
3479 3438 3836 3509 derelinquam

2251 3548 2336 3586 vos
2368 3530 2651 3600 orphanos,
2700 3529 2903 3583 veniam
2950 3528 3020 3582 ad
3047 3545 3152 3582 vos.
3184 3527 3321 3583 Hinc
3369 3537 3454 3584 est
3495 3529 3638 3597 quod
3670 3529 3836 3582 etiam

2250 3621 2434 3692 sponsi
2464 3620 2602 3676 ﬁlios
2639 3635 2741 3698 nos
2767 3619 3018 3690 appellat,
3068 3619 3156 3673 ubi
3217 3619 3350 3672 dicit
3379 3636 3392 3672 :
3425 3618 3618 3673 Veniet
3666 3618 3820 3682 hora,

2252 3723 2310 3768 ut
2336 3712 2613 3767 auferatur
2637 3714 2703 3766 ab
2742 3712 2822 3766 eis
2850 3726 3099 3781 sponsus,
3127 3719 3184 3764 et
3207 3719 3336 3764 tunc
3366 3707 3689 3779 jejunabunt
3737 3708 3833 3766 ﬁlii

2249 3803 2438 3873 sponsi
2476 3821 2494 3853 ι
2536 3801 2752 3872 (Matth.
2795 3801 3013 3870 “.15).

2320 3891 2506 3947 LXIX.
2528 3891 2752 3947 Videtur
2783 3891 2928 3945 enim
2955 3889 3113 3959 hujus
3144 3890 3366 3946 haeresis
3385 3904 3507 3946 esse
3534 3905 3753 3947 causam
3777 3890 3832 3947 in

2201 4006 2207 4011 ι
2249 3987 2429 4043 animo
2454 3985 2773 4050 errantium,
2817 3983 2963 4053 quod
2989 3991 3181 4052 putant
3201 3983 3258 4038 hi
3278 3983 3370 4053 qui
3396 3991 3648 4038 asserunt
3676 3981 3834 4038 Chri-

2247 4086 2389 4132 stum
2420 4075 2730 4146 adoptivum
2778 4089 2921 4139 esse,
2972 4089 3138 4128 unum
3185 4088 3305 4130 esse
3343 4074 3700 4142 assumpsisse
3735 4071 3833 4125 ali-

2245 4168 2376 4237 quid
2397 4176 2453 4224 et
2474 4167 2760 4237 adoptasse
2797 4183 2810 4220 :
2849 4166 2916 4221 de
2944 4179 3051 4234 quo
3088 4179 3276 4220 errore
3313 4165 3370 4218 in
3407 4177 3507 4218 suo
3538 4162 3658 4215 loco
3695 4159 3831 4214 satis

563 4251 784 4308 obscuri
846 4251 1048 4320 aliquid
1081 4249 1136 4303 in
1165 4263 1223 4303 se
1246 4249 1444 4303 habet?
1486 4247 1726 4316 Simplex
1757 4256 1841 4301 est
1866 4256 1924 4303 et
1950 4257 2142 4316 aperta
2248 4257 2657 4327 respondimus;
2693 4263 2748 4309 et
2776 4270 2944 4309 unum
2970 4254 3243 4308 ωειὶωειηι
3257 4250 3488 4324 gratiam
3510 4257 3565 4304 et
3586 4248 3832 4317 adoptio—
3931 4296 3943 4306 ,

564 4341 854 4431 confessio,
902 4340 1175 4395 Christum
1222 4339 1317 4395 Dei
1367 4339 1563 4394 Filium
1607 4338 1904 4408 praedicare
1947 4335 2138 4431 [Edit.,
2166 4369 2221 4431 υ
2247 4363 2394 4411 nem,
2443 4361 2567 4402 cum
2619 4345 2816 4416 legitur
2859 4343 3174 4414 Apostolum
3238 4342 3420 4398 dicere
3452 4360 3465 4395 :
3495 4339 3684 4396 Gratia
3729 4339 3830 4396 Dei

567 4430 866 4504 prtedicat].
911 4451 930 4484 ι
961 4431 1115 4499 Quod
1153 4432 1197 4487 si
1225 4439 1281 4487 tu
1322 4442 1581 4488 consueto
1621 4445 1772 4486 more
1823 4429 2140 4487 diverticula
2171 4429 2194 4431 7
2243 4455 2338 4510 pro
2372 4437 2609 4491 omnibus
2634 4435 2858 4506 gustavit
2898 4444 3115 4489 mortem
3159 4432 3345 4506 (Hebr.
3393 4449 3456 4500 ιι,
3506 4433 3583 4506 9).
3623 4432 3828 4488 Tamen

566 4523 764 4580 latendi
804 4536 1052 4592 quarens
1094 4524 1248 4589 dicis,
1287 4523 1393 4579 hoc
1420 4523 1730 4594 usurpative
1767 4521 1850 4578 vel
1880 4522 2140 4593 adoptive

567 4617 696 4682 dici,
746 4615 877 4686 quid
914 4615 1156 4672 dicturus
1209 4630 1270 4671 es
1315 4617 1382 4672 de
1421 4615 1591 4672 altero
1638 4617 1930 4673 multorum
1981 4617 2142 4673 simul

563 4711 936 4767 attestantium
960 4718 1122 4779 atque
1152 4708 1315 4764 etiam
1339 4709 1685 4764 clamantium
1721 4710 2030 4766 testimonio
2053 4710 2139 4764 di-

559 4804 834 4858 centium:
875 4801 1003 4857 Vere
1039 4799 1210 4856 Filius
1232 4801 1332 4857 Dei
1379 4817 1433 4856 es
1480 4808 1536 4853 tu
1586 4799 1796 4871 (Matth.
1849 4815 1964 4866 xiv,
2015 4799 2143 4868 35)?

563 4891 847 4948 Hominem
892 4893 1160 4960 videlicet,
1190 4908 1350 4963 quem
1379 4900 1698 4963 praesentem
1728 4892 1995 4956 viderunt,
2043 4891 2139 4946 de-

564 4993 943 5040 monstrantes.
971 4986 1109 5054 Quid
1159 4985 1321 5040 etiam
1344 4983 1648 5039 centurioni
1674 4983 1987 5054 respondes,
2049 4983 2141 5052 qui

565 5073 813 5130 videlicet
855 5076 1126 5131 hominem
1157 5073 1604 5131 Christum-mori
1662 5075 1851 5129 videns
1889 5075 1943 5128 in
1977 5088 2140 5129 cruce

559 5165 811 5219 clamavit
857 5167 1085 5222 dicens:
1129 5166 1256 5222 Vere
1292 5165 1465 5223 Filius
1494 5165 1590 5221 Dei
1636 5177 1747 5220 erat
1781 5166 1877 5221 iste
1920 5164 2135 5236 (Matth.

562 5268 733 5320 χχιιι,
780 5255 892 5328 54).
938 5257 1212 5328 Etutique
1253 5261 1355 5316 iste
1391 5258 1524 5317 nihil
1561 5260 1627 5317 de
1675 5259 1968 5316 divinitatis
2020 5259 2137 5332 ejus

637 5423 667 5488 ,ιι
705 5412 868 5488 Cujus
891 5413 1258 5488 hat-ciliomilia
1291 5415 1402 5488 sit,_
1432 5416 1689 5488 ignotum.
1718 5415 1877 5471 Forte
1903 5413 1960 5488 Si.
1998 5414 2131 5487 Aug.

563 5485 721 5560 cujus
744 5485 903 5560 dit-ta
935 5485 985 5538 in
1015 5487 1196 5540 Tract.
1254 5501 1340 5540 xiv
1392 5485 1469 5540 in,
1500 5485 1676 5554 Joan.,
1710 5504 1856 5544 num.
1900 5487 1981 5553 10,
2015 5485 2134 5544 cuin

562 5547 652 5607 his
674 5555 1019 5607 eonmrtlzmt.

641 5620 669 5664 δ
708 5622 1023 5690 Cassianus,
1056 5625 1174 5680 lilnr.
1209 5644 1244 5681 ll
1274 5629 1362 5683 cit.
1395 5643 1508 5699 cap.
1553 5629 1594 5682 ι.

2246 4549 2353 4595 non
2392 4531 2530 4587 dixit
2563 4529 2873 4601 Apostolus,
2896 4529 3182 4598 adoptione
3201 4543 3301 4598 pro
3346 4527 3601 4585 omnibus
3646 4534 3828 4598 gusta-

2245 4625 2323 4679 vit
2357 4632 2610 4688 mortem,
2668 4623 2796 4693 quia
2836 4621 2991 4692 longe
3026 4621 3170 4676 aliud
3199 4629 3283 4676 est
3303 4620 3476 4690 gratia
3503 4618 3663 4691 μίση
3709 4615 3824 4687 glo-

2245 4714 2347 4787 ria]
2389 4715 2570 4769 multis
2607 4714 2660 4767 in
2682 4713 2829 4776 locis,
2870 4720 2926 4767 et
2971 4711 3204 4783 adoptio.
3256 4711 3523 4766 Praevenit
3550 4708 3694 4764 enim
3722 4705 3826 4759 ali-

2217 4801 2441 4874 quibus
2480 4804 2533 4859 in
2561 4803 2693 4870 locis
2733 4803 3095 4874 adOptionem,
3140 4803 3280 4857 sicut
3306 4814 3407 4854 nos
3432 4812 3556 4854 cum
3581 4808 3826 4850 essemus

2246 4899 2341 4954 ﬁlii
2388 4899 2481 4953 ira:
2527 4899 2820 4954 secundum
2865 4905 3137 4960 naturam,
3191 4893 3318 4948 fecit
3366 4905 3464 4944 nos
3511 4887 3684 4958 gratia
3727 4885 3823 4941 Dei

2245 4988 2382 5042 ﬁlios
2411 4988 2525 5044 Dei.
2567 5003 2661 5059 per
2681 4987 3045 5057 adoptionem.
3099 4980 3384 5038 Praecessit
3406 4993 3505 5033 nos
3529 4977 3725 5047 gratia,
3763 4985 3825 5032 ut

2185 5075 2206 5086 ”
2243 5096 2486 5137 essemus
2508 5080 2775 5150 adoptivi;
2818 5077 3066 5134 Christus
3106 5087 3236 5127 vero
3265 5087 3370 5125 non
3392 5070 3634 5125 fuitante
3659 5071 3822 5126 homo

2244 5172 2437 5238 factus,
2498 5179 2552 5226 et
2601 5179 2723 5241 post
2764 5182 2861 5238 per
2898 5166 3126 5237 gratiam
3174 5163 3454 5231 adoptivus
3493 5161 3660 5217 Filius
3686 5160 3814 5225 Dei;

2244 5261 2340 5320 sed
2367 5280 2491 5322 mox
2517 5263 2573 5319 in
2599 5270 2754 5316 utero
2776 5257 3003 5326 virginis
3030 5255 3170 5310 Deus
3209 5269 3368 5311 verus
3413 5263 3468 5310 et
3495 5251 3638 5311 Deus
3656 5251 3821 5310 homo

2321 5438 2340 5463 τ
2383 5426 2546 5486 Idem,
2588 5422 2710 5476 libr.
2745 5435 2827 5482 ιιι,
2859 5433 2976 5485 cap.
3032 5416 3114 5470 l2.

2316 5497 2338 5534 ⁴¹
2381 5499 2435 5550 S.
2476 5484 2634 5562 Aug,
2675 5500 2831 5544 tract.
2869 5484 3318 5562 Lxxu_in_.loan.,
3356 5487 3494 5562 nti.

2324 5583 2340 5606 ε’
2385 5570 2436 5621 S.
2483 5557 2637 5633 Aug,
2684 5569 2996 5615 tract.Lxxv
3025 5557 3274 5627 inJoan.,
3312 5575 3365 5614 ιι.
3408 5557 3459 5613 1.
