4228 6302
1500 90 1843 113 W

1704 90 1785 103 ι-ιττ
1808 90 1839 99 3"
1872 94 1935 107 ..ι-ιε
1956 90 2063 103 fr‘I‘
2080 90 2153 101 :‘L.
2172 94 2193 99 .-
2222 90 2277 97 ww
2292 90 2371 103 +w__—

1222 116 1257 129 CL
1282 114 1347 129 VL’
1370 124 1393 129 ν..
1452 126 1463 129 ,

3346 130 3519 147 rae-.4

218 322 317 377 17
1146 322 1560 383 DOGMATICA.
1600 358 1669 368 —
1707 327 1833 381 LIB.
1873 326 2032 382 ADV.
2076 326 2402 383 HASRESIN
2440 328 2720 384 FELICIS.
3280 324 3285 327 ’
3470 330 3571 387 “8

199 440 600 507 .onceptus
651 441 770 500 est;
828 441 883 489 et
928 435 995 490 de
1023 444 1179 491 utero
1201 437 1427 509 virginis
1467 439 1609 495 Deus
1647 455 1809 496 verus
1829 448 1885 495 et
1910 444 1958 501 Δ
1985 439 2255 509 quomodo
2284 440 2442 498 ﬁeret
2478 444 2621 511 quod
2668 443 2718 497 ei
2773 441 3071 505 nuntiabat,
3130 441 3570 514 quandoquidem

192 541 405 583 torno
434 540 654 581 verus
683 534 864 592 natus,
894 524 1036 582 sicut
1057 535 1276 583 sanctus
1291 528 1621 599 Augustinus
1642 530 1697 585 in
1726 530 1885 595 libro,
1987 530 2076 585 illa
2115 532 2287 586 virum
2314 547 2420 586 non
2452 540 2823 604 cognosceret,
2857 532 3132 603 reSpondit
3163 533 3379 604 angelus
3404 552 3418 588 :
3451 531 3571 600 Spi-

184 634 399 690 1[nem
424 617 841 674 Enchiridion
886 618 963 674 illi
990 618 1192 690 placuit
1214 620 1514 688 nominare,
1550 624 1891 693 apertissime
1990 621 2122 676 ritus
2143 631 2354 676 sanctus
2383 622 2703 693 superveniet
2722 623 2776 675 in
2798 631 2864 687 te,
2910 633 2957 677 et
2991 624 3155 677 virtus
3184 622 3438 679 Altissimi
3480 623 3569 677 ob-

177 715 540 774 testatur,
613 707 803 764 dicens
824 721 853 749 ι
889 727 902 762 :
947 726 967 761 ι
1000 708 1100 765 Hic
1133 710 1355 769 omnino
1385 712 1663 782 granditer
1687 721 1761 769 et.
1778 714 1891 769 evi-
1990 713 2250 768 ambrabit
2275 714 2391 780 tibi,
2415 714 2632 785 ideoque
2652 724 2699 769 et
2721 714 2861 785 quod
2898 723 3141 770 nascetur
3163 730 3228 769 ea:
3250 723 3299 770 te
3327 723 3569 770 sanctum

169 800 445 855 denter
513 799 645 856 Dei
672 800 845 871 gratia
870 802 1297 857 commendatur.
1342 801 1485 873 Quid
1503 803 1648 858 enim
1693 812 1887 860 natura
1988 801 2256 857 vocabitur
2294 801 2471 858 Filias
2492 802 2591 858 Dei
2618 823 2637 857 ι
2675 802 2825 876 (Luc.
2851 820 2892 869 ι,
2918 803 3030 876 35).
3062 805 3131 860 Et
3152 815 3275 875 post
3312 820 3485 876 pauca
3513 804 3567 859 in

166 891 512 945 humana
553 890 630 945 in
677 888 900 945 homine
937 889 1157 946 Christo
1185 891 1404 959 meruit,
1450 893 1589 948 utin
1629 894 1890 949 unitatem
1988 890 2179 945 eodem
2234 892 2506 962 capitulo:
2539 910 2559 945 ί
2594 892 2853 959 Proinde,
2903 894 3044 949 sicut
3081 893 3423 960 conﬁtemur,
3464 884 3567 950 Do-

166 997 528 1053 personm
580 981 741 1037 unici
787 980 910 1036 Filii
965 982 1063 1038 Dei
1108 982 1455 1054 singulariter
1496 991 1643 1041 esset
1683 1000 1892 1041 assum-
1991 980 2169 1037 minus
2190 990 2377 1037 noster
2399 981 2557 1039 Jesus
2578 981 2850 1049 Christus,
2874 983 2985 1053 qui,
3000 984 3066 1039 de
3084 983 3197 1040 Deo
3225 982 3387 1050 Deus,
3408 983 3569 1040 homo

172 1073 353 1142 pta?
402 1071 592 1140 Qua
630 1072 771 1127 bona
816 1072 1085 1138 voluntas,
1115 1072 1270 1143 cujus
1309 1074 1451 1130 boni-
1486 1075 1750 1145 propositi
1780 1083 1893 1132 stu—
1992 1078 2171 1127 autem
2198 1079 2358 1128 natus
2381 1081 2467 1128 est
2490 1072 2558 1128 de
2590 1071 2795 1142 Spiritu
2840 1080 3031 1128 sancto
3058 1082 3114 1128 et
3139 1074 3347 1145 virgine
3376 1071 3568 1139 Maria,

187 1161 426 1228 dium,
476 1177 642 1232 quae
682 1162 822 1218 bona
849 1175 1014 1231 opera
1038 1172 1452 1235 praecesserunt,
1491 1165 1688 1235 quibus
1711 1180 1891 1221 mere-
1991 1171 2219 1233 utraque
2242 1163 2561 1228 substantia,
2614 1163 2792 1219 divina
2828 1163 3037 1219 scilicet
3090 1172 3252 1234 atque
3299 1164 3563 1219 humana:

190 1258 400 1307 retur
461 1252 603 1306 iste
646 1251 810 1307 homo
839 1267 944 1306 una
975 1250 1094 1308 ﬁeri
1135 1266 1368 1327 persona
1406 1269 1529 1308 eum
1576 1254 1721 1310 Deo?
1744 1253 1893 1310 Nun-
1992 1254 2161 1310 Filius
2184 1265 2270 1310 est
2293 1256 2485 1311 unicus
2528 1254 2626 1310 Dei
2670 1255 2846 1310 Patris
2897 1256 3303 1326 omnipotentis,
3350 1254 3418 1311 de
3465 1270 3569 1326 quo

200 1343 380 1415 quid
439 1350 652 1397 antea
695 1340 798 1396 fuit
840 1342 1023 1407 homo,
1049 1351 1133 1409 met
1162 1342 1282 1399 hoc
1306 1343 1357 1399 ei
1388 1343 1659 1414 singulare
1694 1344 1895 1400 beneﬁ-
1990 1348 2235 1416 procedit
2287 1347 2522 1419 Spiritus
2551 1356 2790 1403 sanctus.
2828 1368 2847 1401 i
2884 1347 3005 1403 Mox
3056 1349 3453 1417 subsequenter
3495 1348 3558 1402 de

206 1434 401 1491 cium
452 1432 798 1503 prastitum
822 1440 927 1498 est,
956 1447 1089 1487 cum
1123 1433 1471 1504 singulariter
1490 1441 1894 1503 promereretur
1952 1512 1955 1515 _
1991 1440 2181 1495 eadem
2208 1441 2380 1510 gratia
2409 1449 2626 1496 secutus
2650 1442 2762 1495 ait:
2794 1460 2813 1493 ι
2858 1441 2937 1496 Ac
2963 1442 3044 1497 sic
3073 1442 3127 1495 in
3155 1449 3357 1515 natura:
3379 1442 3571 1496 huma-

211 1525 427 1594 781
491 1525 741 1580 Deum?
790 1523 994 1595 Nempe
1019 1539 1087 1580 ex
1106 1541 1212 1596 quo
1251 1525 1413 1581 hoino
1433 1540 1554 1581 esse
1577 1526 1761 1598 cepit,
1784 1541 1891 1581 non
1952 1512 1955 1515 ’
1992 1544 2075 1584 me
2104 1530 2450 1599 susceptione
2487 1530 2642 1587 ﬁeret
2682 1531 3078 1601 quodammodo
3119 1511 3233 1600 ipsa
3281 1530 3454 1602 gratia
3493 1528 3561 1584 illi

220 1615 412 1671 aliud
451 1617 657 1686 carpit
674 1630 817 1683 esse,
846 1631 1008 1686 quam
1035 1616 1130 1671 Dei
1184 1615 1375 1683 Filius,
1426 1624 1483 1671 et
1517 1617 1621 1672 hoc
1664 1617 1889 1686 unicus;
1993 1621 2198 1677 homini
2228 1622 2514 1687 naturalis,
2570 1638 2691 1693 qua:
2733 1622 2939 1677 nullum
2968 1630 3251 1692 peccatum
3275 1622 3447 1692 possit
3474 1621 3572 1676 ad-

222 1715 296 1763 et
319 1715 601 1778 propter
652 1707 823 1763 Deum
855 1707 1115 1771 Verbum,
1169 1706 1315 1778 quod
1342 1706 1434 1762 illo
1476 1716 1729 1778 suscepto
1758 1723 1891 1765 caro
1924 1775 1965 1783 _
1998 1711 2214 1767 mittere
2241 1730 2255 1770 ;
2281 1726 2400 1780 qua:
2420 1712 2592 1783 gratia
2619 1721 2907 1783 propterea
2935 1713 3311 1783 perSpiritum
3330 1718 3573 1767 sanctum

228 1775 489 1856 facturn
533 1810 657 1867 est,
684 1801 871 1870 utique
897 1801 1040 1855 Deus
1065 1790 1168 1854 :Vut
1186 1775 1653 1869 quemadmodum
1665 1809 1751 1856 est
1783 1817 1893 1855 una
1923 1775 1970 1834 Β
1998 1786 2178 1857 fuerat
2217 1775 2589 1873 signiﬁcanda,
2619 1775 2770 1872 -quia
2794 1803 2906 1871 ipse
2931 1775 3147 1872 proprie
3175 1801 3255 1856 sic
3300 1807 3385 1856 est
3411 1792 3570 1866 Deus,

231 1909 521 1964 persona
578 1882 815 1962 quilibet
857 1893 1039 1957 homo,
1090 1893 1267 1947 anima
1295 1891 1503 1947 scilicet
1532 1893 1816 1963 rationalis
1840 1902 1897 1950 et
1994 1899 2055 1946 ut
2089 1891 2302 1946 dicatur
2325 1891 2489 1946 etiam
2511 1890 2610 1945 Dei
2634 1890 2853 1946 donum.
2887 1911 2905 1943 ι

236 1980 427 2047 Caro,
461 1984 555 2039 ita
585 1983 665 2037 sit
689 1982 936 2038 Christus
955 1997 1062 2036 una
1080 1997 1328 2052 persona,
1363 1981 1599 2037 Verbum
1627 1992 1684 2037 et
1708 1983 1893 2039 homo.
2064 1978 2249 2033 LXXI.
2268 1979 2436 2051 Igitur
2465 1980 2512 2036 si
2533 1980 2707 2035 sancti
2738 1978 2947 2052 [Forte,
2974 1980 3216 2053 sanctus]
3240 1980 3493 2051 Spiritus,
3516 1989 3576 2037 ut

242 2070 436 2130 Unde
479 2079 717 2127 natura:
768 2071 1017 2126 humana:
1062 2078 1212 2126 tanta
1255 2070 1447 2141 gloria,
1488 2064 1650 2127 nullis
1694 2086 1897 2142 prtece-
1976 2068 2099 2147 ‘iSte
2124 2056 2504 2124 sanctissimus
2541 2069 2704 2125 Pater
2722 2077 3074 2139 protestatur,
3104 2071 3199 2125 Dei
3222 2072 3422 2127 donum
3472 2080 3572 2138 est,

250 2162 553 2218 dentibus
580 2160 815 2227 meritis,
843 2161 960 2217 sine
984 2160 1314 2218 dubitatione
1344 2162 1603 2233 gratuita,
1640 2163 1744 2218 nisi
1772 2165 1897 2233 quia
1997 2167 2053 2231 et
2074 2160 2141 2215 de
2158 2160 2264 2215 hoc
2292 2161 2433 2241 dono
2460 2176 2527 2215 ex
2553 2160 2721 2216 Maria
2750 2161 2960 2232 virgine
3005 2172 3164 2219 natus
3184 2173 3268 2220 est
3318 2166 3576 2224 Dominus

255 2268 487 2323 magna
514 2253 617 2309 hic
641 2260 699 2309 et
726 2251 839 2308 sola
858 2253 952 2307 Dei
973 2253 1168 2323 gratia,
1210 2252 1440 2308 ﬁdeliter
1469 2261 1526 2308 et
1563 2254 1744 2309 sobrie
1769 2270 1899 2309 con-
1998 2258 2183 2305 noster
2210 2248 2367 2305 Jesus
2386 2248 2653 2316 Christus,
2696 2264 2857 2323 quem
2909 2251 3197 2323 Apostolus
3228 2256 3455 2324 gratiam
3481 2256 3574 2312 Dei

259 2343 678 2402 siderantibus
725 2344 1002 2399 evidenter
1024 2344 1347 2408 ostenditur,
1385 2352 1445 2398 ut
1471 2344 1777 2415 intelligant
1803 2346 1900 2401 ho-
1998 2356 2104 2397 non
2156 2341 2423 2403 dubitavit
2478 2344 2778 2409 nominare,
2827 2342 2971 2398 unde
3016 2343 3107 2398 hic
3150 2343 3365 2413 adoptio
3400 2354 3574 2416 potest

265 2434 471 2489 mines
496 2449 606 2503 per
635 2434 884 2488 eamdem
914 2433 1143 2503 gratiam
1173 2432 1541 2504 sejustiﬁcari
1569 2448 1600 2487 a
1635 2436 1897 2502 peccatis,
1976 2429 2279 2500 accedere,
2306 2431 2433 2484 dum
2449 2430 2537 2485 ille
2556 2439 2847 2500 conceptus
2866 2432 2931 2487 de
2950 2431 3062 2487 Deo
3087 2433 3141 2487 in
3153 2433 3319 2488 Deum
3335 2434 3574 2503 proﬁcie-

267 2537 391 2593 pcr
414 2537 597 2592 quam
625 2521 828 2577 factum
853 2529 936 2577 est
965 2530 1025 2576 ut
1042 2521 1205 2577 homo
1224 2520 1472 2578 Christus
1492 2522 1698 2578 nullum
1720 2531 1902 2593 posset
1997 2516 2123 2573 bat?
2142 2519 2277 2575 Cum
2300 2520 2443 2575 Deus
2462 2528 2547 2576 est
2578 2520 2813 2602 Spiritus
2834 2531 3073 2587 sanctus,
3116 2537 3222 2577 una
3250 2524 3366 2579 haec
3396 2523 3581 2596 [Forte

282 2612 515 2669 habere
541 2619 855 2683 peccatum.
894 2630 913 2664 ι
1998 2609 2344 2681 supplendum
2376 2610 2455 2683 in]
2485 2620 2673 2666 sancta
2700 2610 2964 2668 Trinitate
3001 2628 3232 2683 persona
3281 2615 3504 2684 aequalis
3525 2625 3582 2670 et

363 2702 543 2769 LXX.
569 2703 691 2759 Non
707 2718 832 2767 eum
852 2710 978 2758 ante
1001 2703 1137 2758 dixit
1157 2702 1239 2758 vel
1256 2711 1573 2772 conceptum
1593 2704 1675 2759 vel
1693 2713 1899 2771 natum,
2000 2704 2478 2759 consubstantialis
2516 2704 2666 2762 Patri
2694 2711 2751 2759 et
2772 2703 2911 2759 Filio
2952 2719 3051 2776 per
3078 2698 3278 2760 omnia.
3328 2704 3439 2761 Nec
3483 2706 3567 2760 ali-

285 2804 349 2849 et
374 2802 516 2848 tunc
549 2808 653 2863 per
676 2794 906 2864 gratiam
938 2793 1279 2862 adoptionem
1308 2795 1601 2864 accepisse,
1634 2803 1696 2849 ut
1731 2795 1901 2851 Filius
2002 2792 2131 2860 quid
2173 2802 2298 2849 ante
2334 2792 2437 2848 fuit
2463 2795 2626 2850 homo
2657 2793 2768 2859 ille,
2817 2802 3104 2865 antequam
3138 2795 3303 2862 Deus,
3344 2804 3402 2849 ut
3453 2799 3570 2852 ado-

291 2882 399 2938 Dei
437 2868 636 2946 essen.
655 2881 751 2938 sed
780 2895 904 2936 mox
933 2881 987 2935 in
1016 2881 1134 2950 ipso
1168 2876 1434 2952 conceptu
1454 2884 1581 2938 etin
1599 2885 1715 2953 ipso
1741 2892 1900 2952 partu
2001 2881 2141 2950 ptari
2167 2882 2338 2950 possit
2375 2883 2431 2937 in
2480 2881 2575 2937 Dei
2601 2882 2799 2937 Filium
2829 2902 2842 2937 :
2870 2883 3036 2941 veluti
3066 2900 3167 2941 nos
3211 2895 3335 2942 ante
3378 2885 3577 2943 fuintus

296 2966 482 3026 Deum
540 2984 666 3025 esse
711 2984 901 3025 verum
934 2978 991 3025 et
1041 2970 1317 3025 hominem
1369 2984 1557 3026 verum
1606 2980 1813 3037 natum,
1847 2981 1901 3027 et
2002 2966 2095 3025 ﬁlii
2124 2971 2236 3037 iraa,
2266 2973 2438 3044 gratia
2487 2962 2665 3029 divina
2700 2975 3062 3045 praeveniente
3114 2976 3241 3032 facti
3272 2992 3456 3032 sumus
3478 2994 3581 3047 per

299 3063 511 3119 Filium
541 3062 710 3119 Deum
736 3061 946 3136 [Ἔστω.
986 3061 1104 3135 Dei]
1158 3078 1367 3129 verum,
1409 3071 1464 3118 et
1499 3063 1604 3120 hoc
1656 3063 1895 3119 unicum.
1927 3105 1975 3167 ϐ
2003 3059 2346 3132 adoptionem
2372 3062 2465 3117 ﬁlii
2502 3063 2630 3130 Dei;
2670 3065 2766 3120 sed
2792 3064 2893 3121 iste
2914 3067 3099 3121 statim
3137 3067 3232 3146 Dei
3261 3066 3429 3125 Filius
3448 3084 3577 3125 con-

304 3156 496 3225 Quare
531 3158 775 3223 unicum,
819 3156 865 3214 si
900 3156 1183 3224 adoptivus
1202 3164 1307 3220 est,
1336 3155 1476 3210 sicut
1501 3163 1556 3210 et
1600 3156 1745 3211 nos?
1783 3155 1901 3212 Uti-
1931 3153 1975 3167 "
2004 3159 2193 3221 ceptus
2244 3160 2331 3208 est
2373 3153 2427 3208 in
2478 3162 2709 3224 utraque
2735 3162 2951 3220 natura,
2996 3156 3137 3211 sicut
3184 3158 3583 3214 evidentissima

310 3268 421 3323 que
452 3252 583 3322 quia
616 3250 821 3320 maiore
856 3251 1189 3319 proprietate
1236 3248 1404 3304 Filius
1451 3258 1535 3305 est
1589 3249 1711 3316 Dei,
1734 3265 1896 3320 quam
2004 3245 2127 3301 iste
2156 3244 2412 3317 prmfatus
2466 3246 2653 3302 doctor
2686 3255 2911 3302 testatus
2948 3255 3065 3313 est;
3096 3248 3578 3304 uteertissimein-

311 3356 435 3406 nos,
462 3344 557 3410 qui
580 3341 1143 3410 sumusprteveniente
1164 3340 1611 3410 gratia-adoptivi
1633 3341 1754 3396 Filii
1782 3342 1897 3397 Dei.
2005 3335 2277 3407 telligatur
2330 3352 2436 3392 non
2481 3338 2662 3392 omnia
2706 3338 2949 3407 adoptari
2999 3338 3053 3393 in
3093 3338 3288 3393 Filium
3320 3354 3438 3409 quae
3482 3354 3579 3410 per

317 3428 441 3484 Ilo:
464 3430 603 3485 idem
631 3429 793 3485 Pater
831 3429 883 3484 in
930 3430 1118 3484 eodem
1153 3428 1391 3499 capitulo
1432 3430 1755 3485 subsecutus
1785 3431 1898 3484 ait:
2004 3428 2233 3498 gratiam
2270 3429 2579 3494 adveniant,
2634 3424 2737 3484 nec
2783 3429 2923 3484 idem
2952 3445 3073 3485 esse
3100 3428 3330 3500 gratiam
3356 3438 3413 3485 et
3445 3431 3578 3486 ado-

326 3538 346 3569 ι
395 3517 489 3573 Sic
509 3526 563 3573 et
589 3516 706 3587 ejus
751 3526 982 3573 matrem
1018 3517 1240 3589 angelus
1283 3518 1557 3582 salutavit,
1609 3518 1823 3588 quando
1847 3519 1900 3574 ei
2004 3515 2240 3582 ptionem
2261 3527 2359 3582 per
2386 3514 2586 3568 omnia.
2616 3512 2755 3575 Nam
2781 3514 3005 3583 quilibet
3033 3516 3194 3571 homo
3223 3516 3356 3570 duos
3374 3515 3581 3570 habens

326 3607 562 3664 futurum
583 3609 850 3663 nuntiavit
880 3609 1025 3664 hunc
1046 3616 1259 3677 partum
1293 3626 1305 3661 :
1339 3608 1463 3672 Ave,
1512 3608 1709 3677 inquit,
1730 3608 1902 3677 gratia

326 3698 497 3769 plena.
550 3698 614 3753 Et
638 3699 796 3768 paulo
817 3707 939 3768 post
983 3717 995 3752 :
1036 3696 1289 3752 Invenisti
1317 3738 1333 3763 ,
1363 3698 1459 3762 ait,
1498 3698 1727 3767 gratiam
1758 3700 1901 3768 apud

332 3788 496 3846 Deum
529 3788 675 3861 (Luc.
718 3807 758 3856 ι,
782 3790 875 3855 28,
915 3788 1029 3861 50).
1066 3789 1135 3843 Ει
1177 3787 1393 3859 quidem
1432 3787 1603 3858 gratia
1624 3786 1805 3857 plena,
1846 3796 1904 3843 et

2004 3693 2156 3756 dem;
2194 3708 2299 3748 non
2353 3703 2531 3747 tamen
2557 3692 2867 3762 adoptivum
2919 3703 3093 3764 potest
3140 3712 3262 3750 cum
3312 3695 3488 3750 facere
3527 3696 3581 3751 in

2007 3782 2199 3849 ﬁlium,
2253 3783 2344 3853 qui
2398 3783 2563 3856 782
2622 3785 2885 3840 naturalis
2931 3793 3015 3840 est
3048 3787 3096 3840 ei
3148 3787 3305 3839 ﬁlius.
3350 3784 3585 3841 Sanctus

2005 3872 2190 3943 itaque
2237 3871 2404 3928 David
2460 3872 2658 3927 multos
2713 3873 2902 3927 habuit
2958 3872 3234 3926 naturales
3282 3871 3439 3935 ﬁlios,
3476 3870 3582 3928 Sed

2006 3961 2375 4014 tantummodo
2422 3959 2762 4014 Salomonem
2800 3959 3055 4029 singulari
3089 3962 3263 4031 gratia
3319 3961 3447 4017 fecit
3475 3963 3580 4019 sibi

2004 4048 2272 4103 hteredem
2318 4049 2489 4118 regni,
2548 4064 2652 4105 non
2682 4064 2780 4120 per
2830 4050 3169 4120 adoptionem
3219 4052 3405 4118 ﬁlium,
3453 4053 3579 4123 quia

2004 4139 2255 4209 proprius
2294 4138 2342 4191 ei
2364 4139 2571 4192 exstitit
2593 4138 2751 4195 ﬁlius.
2804 4141 2936 4196 Item
2963 4128 3140 4209 potest
3165 4143 3388 4213 quilibet
3417 4146 3577 4199 homo

346 4242 527 4312 inquit,
567 4243 779 4317 gloriam
810 4244 947 4313 ejus,
973 4243 1196 4313 gloriam
1225 4244 1383 4315 quasi
1432 4242 1685 4313 unigeniti
1723 4258 1757 4296 a
1793 4241 1903 4295 Pa—
2004 4245 2016 4282 1

1902 4274 1903 4277 η
2004 4245 2172 4283 unum
2202 4228 2401 4284 habere
2425 4230 2703 4301 proprium
2733 4229 2923 4297 ﬁlium,
2953 4240 3010 4288 et
3032 4232 3175 4287 hunc
3201 4233 3533 4301 unigenitum
3559 4252 3572 4299 ;

348 4338 437 4397 trs,
482 4331 678 4403 plenum
713 4333 898 4403 gratia:
936 4343 984 4388 et
1014 4334 1244 4389 veritatis
1274 4332 1463 4406 (Joan.
1496 4349 1539 4399 ι,
1583 4330 1694 4405 14).
1745 4332 1900 4399 Quod
2005 4325 2331 4395 pluresvero
2358 4340 2456 4396 per
2501 4326 2842 4406 adoptionem
2894 4326 3032 4382 ﬁlios
3089 4326 3288 4381 habere
3353 4335 3572 4395 potest:

352 4422 453 4477 ait;
486 4420 692 4477 Verbum
714 4441 838 4479 caro
870 4426 1068 4496 factum
1092 4435 1188 4491 est,
1214 4428 1318 4482 hoc
1338 4435 1423 4482 est
1441 4426 1658 4496 plenum
1689 4426 1895 4497 gratiae.
1930 4450 1981 4511 Β
2005 4418 2154 4474 illum
2186 4435 2372 4485 unum,
2402 4419 2493 4489 qui
2521 4429 2604 4474 est
2635 4419 2942 4489 unigenitus
2963 4428 3017 4473 et
3052 4419 3265 4482 unicus,
3307 4418 3576 4477 hmredem

354 4508 486 4577 Quod
510 4509 864 4568 ait:Gloriam
883 4515 1136 4585 unigeniti
1172 4534 1205 4568 a
1235 4514 1412 4578 Patre,
1436 4518 1541 4571 hoc
1579 4515 1794 4585 plenum
1818 4522 1902 4569 est
1931 4508 1959 4511 ⁷
2003 4510 2105 4565 sibi
2154 4508 2358 4565 faciens
2399 4509 2631 4578 quadam
2677 4508 2909 4563 naturali
2954 4508 3250 4563 directione
3272 4517 3326 4563 et
3381 4510 3575 4579 gratia,

359 4597 590 4654 veritatis.
636 4601 850 4657 Veritas
878 4604 1076 4673 quippe
1104 4604 1219 4672 ipsa
1252 4604 1560 4673 unigenitus
1584 4603 1682 4658 Dei
1732 4602 1899 4657 Filius
2002 4597 2147 4651 nulla
2203 4612 2333 4653 vero
2380 4598 2684 4669 adoptione,
2732 4598 2874 4652 sicut
2926 4607 3169 4655 caeteros.
3217 4600 3290 4654 Ita
3335 4600 3578 4670 omnipo-

360 4704 449 4745 non
498 4691 677 4762 gratia,
729 4692 825 4747 sed
870 4697 1082 4751 natura.
1120 4692 1307 4748 Gratia
1353 4692 1584 4762 suscipit
1626 4692 1899 4747 hominem
1990 4696 2122 4743 tens
2152 4686 2312 4743 Pater
2336 4687 2889 4749 Dominumnostrum
2926 4686 3109 4745 Iesum
3153 4689 3423 4746 Christum
3452 4692 3575 4746 uni-

365 4787 490 4837 tanta
512 4782 703 4837 unitate
726 4796 993 4853 personas,
1026 4782 1093 4838 'ut
1133 4785 1275 4840 idem
1296 4784 1411 4855 ipse
1438 4790 1583 4839 esset
1606 4783 1771 4837 etiam
1802 4782 1900 4836 ho-
2002 4793 2125 4834 cum
2149 4780 2312 4836 habet
2332 4778 2527 4843 Filium
2550 4786 2605 4835 ct
2622 4780 2978 4851 unigenitum,
3002 4781 3266 4837 haeredem
3280 4783 3573 4852 proprium,

366 4870 505 4927 minis
536 4871 710 4927 Filius.
764 4871 914 4928 Idem
938 4880 1170 4943 namque
1230 4872 1391 4929 Jesus
1436 4872 1685 4929 Christus
1728 4870 1898 4926 Filius
2004 4874 2071 4929 ad
2097 4888 2257 4944 quem
2277 4872 2481 4928 dictum
2516 4879 2599 4927 est
2626 4890 2639 4903 -
2667 4868 2892 4927 Postula
2912 4890 2945 4927 a
2968 4888 3069 4936 me,
3100 4882 3147 4925 et
3166 4871 3299 4925 dabo
3330 4871 3423 4925 tibi
3453 4891 3576 4943 gen-

371 4958 451 5019 Dei
487 4964 790 5037 unigenitus,
825 4964 965 5021 idem
993 4966 1184 5021 unicus
1212 4965 1473 5025 Dominus
1515 4974 1700 5021 noster
1742 4973 1903 5019 natus
2004 4973 2078 5020 tes
2110 4964 2467 5019 hereditatem
2498 4972 2641 5017 tuam
2670 4971 2717 5017 et
2741 4963 3113 5032 possessionem
3138 4969 3282 5014 tuam
3329 4964 3575 5017 terminos

373 5056 521 5112 estde
564 5056 759 5127 Spiritu
808 5067 1001 5115 sancto
1041 5073 1109 5114 ex
1139 5058 1346 5130 virgine
1372 5056 1559 5113 Maria.
1612 5058 1681 5114 Et
1715 5059 1901 5130 utique
2005 5062 2160 5108 terra:
2189 5051 2363 5125 (Psal.
2404 5066 2464 5117 ιι,
2518 5048 2594 5122 8).
2646 5049 2755 5105 Nos
2784 5064 2911 5105 vero
2964 5047 3273 5105 cohmredes
3302 5051 3575 5121 unigenito

379 5142 568 5215 Spiritus
613 5159 832 5208 sanctus
864 5152 964 5209 Dei
1018 5152 1219 5207 donum
1248 5158 1352 5217 est,
1391 5149 1535 5221 quod
1582 5151 1800 5220 quidem
1842 5158 1899 5205 et
2003 5159 2103 5205 suo
2144 5140 2309 5206 'fecit,
2345 5141 2487 5196 sicut
2507 5141 2584 5195 ait
2625 5139 2911 5209 Apostolus
2938 5157 2950 5192 :
2977 5140 3226 5195 eredes
3251 5140 3372 5208 Dei,
3413 5144 3574 5203 colite.

380 5233 520 5307 ipsum
540 5248 613 5295 est
630 5227 833 5313 aequale
870 5246 1129 5313 donanti;
1166 5252 1224 5301 et
1252 5245 1372 5305 ideo
1408 5244 1553 5298 Deus
1605 5250 1691 5297 est
1734 5242 1899 5297 etiam
2004 5236 2150 5289 redes
2198 5242 2373 5287 autem
2428 5230 2621 5287 Christi
2652 5229 2823 5302 (Rom.
2870 5246 2993 5296 vm,
3044 5230 3154 5302 l7).
3204 5229 3345 5287 Dicit
3394 5233 3574 5302 itaque

384 5321 569 5396 Spiritus
583 5340 814 5399 sanctus,
864 5334 1026 5394 Patre
1059 5336 1299 5408 Filioque
1326 5344 1433 5392 nan
1465 5334 1658 5389 minor.
1691 5333 1769 5388 Ex
1795 5333 1903 5388 hoc
2004 5322 2293 5398 Apostolus
2340 5333 2397 5378 et
2425 5324 2479 5378 in
2524 5322 2629 5376 alio
2649 5322 2769 5376 loco
2796 5340 2808 5375 :
2838 5320 3025 5377 Gratia
3052 5325 3191 5378 enim
3237 5324 3447 5377 Domini
3482 5338 3573 5376 no-

382 5427 502 5487 ergo,
523 5419 646 5491 quod
671 5420 737 5475 de
762 5421 965 5495 Spiritu
993 5438 1181 5484 sancto
1210 5435 1293 5483 est
1312 5425 1607 5482 secundum
1628 5424 1900 5479 hominem
2003 5419 2099 5473 stri
2142 5416 2269 5472 Jesu
2315 5413 2508 5469 Christi
2553 5422 2602 5468 et
2650 5414 2877 5469 charitas
2919 5414 3016 5468 Dei
3065 5424 3112 5468 et
3175 5412 3572 5469 communicatio

389 5507 586 5566 nativitas
620 5509 841 5580 Christi,
889 5519 1020 5588 quid
1056 5519 1202 5577 aliud
1236 5534 1397 5590 quam
1439 5518 1552 5589 ipsa
1600 5518 1771 5588 gratia
1808 5516 1901 5571 de-
2001 5511 2170 5567 sancti
2208 5508 2440 5578 Spiritus
2463 5506 2529 5561 sit
2560 5522 2677 5560 cum
2701 5506 2936 5560 omnibus
2985 5505 3129 5558 nobis
3172 5502 3255 5575 (II
3296 5502 3417 5559 Cor.
3449 5519 3570 5571 xm,

392 5610 674 5681 ntonstratur.
722 5605 857 5663 Cum
881 5612 1024 5667 enim
1055 5614 1207 5685 virgo
1236 5611 1571 5684 quaesivisset
1593 5610 1662 5664 ab
1683 5607 1892 5679 angelo,
2008 5603 2115 5674 l3).
2159 5599 2572 5656 Evidentissime
2596 5599 2774 5667 itaque
2826 5596 2879 5651 in
2908 5596 3005 5650 hoc
3028 5595 3143 5651 loco
3168 5612 3409 5667 persona:
3439 5610 3567 5653 san-

448 5712 542 5771 ⁸5.
583 5696 1045 5793 Λυεηῖηειιὶτίιι.
1113 5725 1177 5780 de
1226 5722 1344 5790 ﬁde,
1400 5736 1491 5793 spe
1534 5730 1587 5777 ct
1636 5719 1898 5809 charitate
1937 5733 2050 5787 cap.
2088 5717 2118 5772 3

685 5696 1045 5789 .'-,-Enchirid.
1113 5725 1177 5780 de
1226 5722 1344 5790 ﬁde,
1400 5736 1491 5793 spe
1534 5730 1587 5777 ct
1636 5719 1898 5809 charitate
1937 5733 2050 5787 cap.
2088 5717 2219 5773 360i
2244 5728 2355 5782 seq.

334 3880 600 3938 invenisse
619 3882 845 3954 gratiam
867 3883 1008 3952 apud
1038 3882 1202 3937 Deum
1222 3880 1437 3945 dicitur,
1466 3874 1527 3935 ut
1552 3878 1766 3934 Domini
1795 3882 1900 3947 sui,

334 3966 442 4023 imo
486 3969 691 4025 Domini
732 3970 970 4025 omnium
1004 3978 1177 4026 mater
1217 3978 1380 4026 esset.
1432 3968 1510 4024 De
1554 3968 1671 4038 ipso
1719 3976 1899 4024 autem

341 4056 546 4114 Christo
587 4058 818 4117 Joannes
844 4065 1175 4133 evangelista
1213 4080 1336 4120 cum
1389 4062 1615 4117 dixisset
1646 4060 1737 4114 :Et
1771 4060 1901 4115 Ver-

344 4149 454 4203 bum
481 4166 596 4204 caro
622 4150 818 4221 factum
832 4160 931 4217 est,
958 4162 1005 4206 et
1036 4153 1286 4206 habitavit
1305 4152 1360 4205 in
1384 4152 1552 4216 nobis,
1585 4160 1634 4204 et
1650 4150 1896 4215 vidimus,

2456 98 2647 129 ,r.f.....__,-
2744 112 3217 133 υ-ῑθνήή-ιςι-πιηιιτγ--Ί-νξυ
3240 100 3679 135 νκμ-σλν-Δμιεάυιιι--Ζξ--τῖέμ
3710 118 3715 119 ν
3798 116 3879 123 -Αν-γ

3594 138 3679 151 4.33.“-

2004 3601 2143 3657 ﬁlios
2188 3618 2353 3656 unum
2392 3610 2567 3671 potest
2618 3617 2717 3672 per
2768 3605 2996 3674 gratiam
3027 3603 3127 3659 sibi
3182 3604 3360 3659 facere
3410 3605 3581 3661 hmre-
3660 3675 3663 3678 ν
