4228 6234
620 180 743 275 iis

1484 232 1545 284 Β.
1586 233 1647 287 F.
1684 235 1905 289 ALBINI
1944 236 2073 292 SEU
2111 236 2383 293 ALCUINI
2420 239 2698 297 OPERUM
2736 242 2913 303 PARS
2948 242 3031 297 IlI.

3761 236 3864 292 {20

641 344 737 387 ctua
776 311 1057 392 Trinitatis
1087 340 1377 410 assignavit
1417 341 1564 413 [Leg.
1617 345 1752 413 forte
1787 346 2191 418 designantur];
2225 353 2271 408 Α
2368 349 2571 405 LXXII.
2597 351 2729 407 Item
2748 353 2938 408 beatus
2958 352 3288 421 Augustinus
3308 345 3362 404 in
3385 349 3604 405 homrlia
3630 348 3863 418 quadarn

622 424 866 499 gratiam
896 418 1021 481 vero
1048 428 1165 483 Filii
1210 447 1449 498 personae
1489 433 1746 501 adjunxit,
1786 445 1840 490 et
1889 439 2206 492 eharitatem

610 573 614 579 ,
636 526 877 585 personm
896 515 1070 569 Patris
1097 514 1485 587 assignavit,ret
1514 526 2055 581 communicationem
2083 526 2203 595 Spi-

608 596 761 658 ‘ritui
805 616 991 662 sancto
1042 611 1328 680 delegavit.
1385 613 1441 667 Si
1472 625 1690 685 propter
1741 619 1971 687 gratiam
1994 619 2084 673 isti
2107 636 2207 689 pu-

635 702 751 775 tant
799 696 968 785 Deum
998 701 1267 755 hominem
1300 706 1593 760 secundum
1648 708 2037 763 humanitatem
2084 726 2205 766 esse

601 781 974 861 adoptivum;
1022 800 1075 842 et
1100 781 1387 859 Apostolus
1438 798 1669 863 gratiam
1696 799 1815 853 Filii
1828 816 2082 869 persona:
2111 817 2200 856 as-

630 872 878 945 signavit,
916 887 1025 931 tum
1050 879 1166 933 Filii
1197 897 1439 950 personae
1460 885 1547 940 ille
1574 888 1753 954 homo,
1785 892 1877 959 qui
1905 892 1970 945 de
1999 892 2205 961 virgine

630 977 787 1020 natus
814 977 916 1031 est,
951 970 1233 1040 adoptivus
1256 986 1358 1030 est.
1418 978 1484 1031 Et
1522 981 1642 1047 quis
1668 981 1770 1034 hoc
1814 983 1983 1042 audet
2024 984 2203 1038 dicere

627 1059 712 1111 vel
748 1061 1002 1115 credere?
1048 1064 1211 1131 Igitur
1232 1083 1330 1121 nec
1367 1077 1588 1137 propter
1636 1056 2056 1141 assumptionem
2090 1073 2200 1145 [as-

627 1154 966 1224 sumptionis]
1016 1161 1243 1226 gratiam
1298 1171 1475 1229 potest
1522 1162 1689 1219 Filius
1733 1165 1957 1233 virginis
1997 1165 2201 1237 adopti-

626 1256 725 1293 vus
753 1256 889 1297 esse.
950 1244 1088 1310 Quid
1114 1250 1274 1318 igitur
1302 1254 1589 1308 tenendum
1622 1264 1725 1319 est,
1756 1256 1858 1309 nisi
1887 1264 1947 1309 ut
1973 1257 2199 1311 omnino

624 1333 875 1399 proprius
926 1336 997 1387 sit
1030 1336 1198 1392 Filius
1253 1340 1363 1394 Deo
1420 1342 1565 1396 Patri
1596 1343 1651 1398 in
1699 1353 1927 1413 utraque
1968 1346 2201 1399 natura?

625 1416 778 1471 Sicut
829 1420 973 1476 Deus
1022 1440 1180 1480 verus
1207 1437 1307 1491 est,
1358 1432 1449 1498 qui
1474 1439 1633 1485 natus
1660 1448 1724 1485 ex
1751 1433 2089 1501 virgine;ita
2142 1443 2199 1489 et

622 1522 782 1562 verus
807 1510 975 1565 Filius
996 1514 1065 1567 sit
1087 1514 1194 1571 Deo
1218 1517 1363 1572 Patri
1387 1521 1441 1574 in
1468 1530 1696 1592 utraque
1723 1533 1936 1589 natura,
1963 1525 2195 1580 humana

627 1597 872 1653 similiter
918 1609 972 1654 et
996 1603 1193 1658 divina.

697 1737 713 1755 '
761 1732 890 1788 Vile
916 1749 1072 1805 supra
1096 1753 1243 1792 num.
1276 1740 1362 1796 65.

2224 1678 2271 1738 Β

2308 439 2578 495 Christum
2624 452 2802 496 autem
2848 458 2953 497 non
2982 443 3153 497 solum
3181 440 3477 495 secundum
3509 440 3862 503 divinitatem,

2306 529 2400 582 sed
2420 531 2584 584 etiam
2626 532 2920 586 secundm
2941 531 3326 584 humanitatem
3348 537 3520 593 totum
3542 527 3867 581 altissimum

2305 617 2471 672 Deum
2501 635 2642 674 verae
2670 619 2791 674 ﬁdei
2819 620 3119 674 conﬁtetur.
3168 619 3338 672 Mater
3376 617 3519 670 enim
3562 616 3691 669 Sion
3732 614 3868 667 dicet

2303 708 2456 760 homo
2483 716 2530 759 et
2556 708 2709 767 homo
2738 708 2908 776 factus
2946 715 3020 760 est
3067 707 3124 759 in
3152 722 3234 769 ea,
3264 715 3312 757 et
3330 704 3439 773 ipse
3464 702 3701 773 [undavit
3749 716 3866 752 eam

2303 796 2599 851 Altissimus
2634 797 2805 868 (Psal.
2847 813 3069 860 uxxvr,
3107 796 3184 867 5).
3233 796 3301 849 Et
3328 811 3539 859 revera,
3572 794 3693 862 quis
3736 807 3863 847 eum

2300 887 2637 942 Altissimum
2683 889 2876 942 audeat
2900 888 3181 957 denegare.
3226 887 3357 940 Item
3383 886 3498 954 ipse
3538 883 3594 937 in
3643 882 3871 952 Exposi-

2302 980 2447 1033 tione
2494 994 2655 1049 super
2675 978 2938 1033 Joannem
2974 991 3001 1018 ι
3035 997 3051 1053 ς
3085 996 3105 1029 ι
3151 977 3337 1032 Nullus
3364 987 3673 1031 sanctorum
3724 990 3862 1044 qna-

2301 1069 2433 1123 libet
2459 1069 2767 1138 prazstantia
2811 1068 2997 1159 gratia:
3020 1067 3279 1137 unigeniti
3306 1079 3501 1159 nomen
3552 1062 3780 1159 accepit,
3805 1070 3866 1159 ut

2300 1160 2443 1228 quod
2467 1168 2551 1214 est
2577 1161 2753 1229 ipsum
2775 1151 2869 1213 Dei
2899 1158 3136 1213 Verbum
3165 1166 3291 1211 ante
3316 1154 3535 1219 saecula,
3575 1154 3680 1208 hoc
3704 1151 3866 1206 simul

2300 1264 2422 1302 cum
2452 1258 2732 1316 assumpto
2774 1248 2991 1301 homine
3013 1245 3286 1300 diceretur
3303 1255 3359 1299 et
3383 1259 3509 1298 vere
3536 1250 3697 1298 esset.
3741 1240 3869 1297 Sin-

2298 1339 2499 1411 gularis
2544 1353 2675 1409 ergo
2702 1338 2791 1392 illa
2816 1340 3085 1408 susceptio
3109 1353 3208 1391 nec
3244 1352 3368 1391 cum
3402 1335 3711 1390 hominibus
3745 1347 3867 1387 san-

2298 1430 2420 1493 ctis,
2449 1427 2780 1498 quantalibet
2792 1428 3052 1497 sapientia
3072 1442 3135 1480 ac
3161 1427 3444 1482 sanctitate
3462 1421 3863 1495 prestantibus,

2297 1520 2405 1575 ullo
2436 1521 2594 1575 modo
2621 1526 2800 1590 potest
2818 1534 2940 1576 esse
2984 1519 3302 1575 communis.
3337 1537 3358 1571 ι

706 1853 3825 1890 ______________________________________________________________

1508 2034 1671 2106 m
1752 2011 2220 2117 BEATI
2352 2012 2979 2115 ALCUINI
3034 2164 3046 2170 ο

2107 2203 2381 2260 CONTRA

1249 2349 1687 2431 FELICEM
1766 2351 2580 2432 URGELLITANUM
2660 2333 3232 2428 E'PISCOPUM

1957 2511 2168 2572 LIBRI
2213 2512 2549 2571 SEPTEM.

2086 2636 2401 2653 ~—

1064 2706 1089 2733 ι
1129 2692 1459 2751 EPISTOLA
1495 2694 1721 2751 ALBINI

1047 2801 1113 2837 AD
1152 2801 1376 2840 ηιιεει
1414 2802 1759 2843 ΗΕΒΕΤΙΟΗΙ.

1237 2893 1412 2963 (Anno
1439 2896 1586 2967 793.)

2291 2706 2489 2762 magna
2520 2688 2839 2744 humilitatis
2876 2652 3143 2742 charitate
3169 2684 3431 2741 litterulas
3472 2693 3582 2741 tua!
3605 2684 3858 2743 laudabili

2291 2782 2569 2853 sapientia:
2589 2780 2823 2851 dirigere
2844 2779 3065 2845 curavi;
3097 2794 3204 2833 non
3233 2779 3629 2834 contentiosum
3651 2779 3859 2850 discep—

2214 2905 2261 2968 c
2293 2873 2513 2929 tationis
2558 2871 2740 2925 funem
2769 2870 3064 2934 trahentes,
3117 2868 3212 2922 sed
3267 2868 3536 2968 triplicem
3903 2910 3906 2915 .

618 2982 873 3043 Hortatur
894 2979 1121 3035 Felicem
1167 2992 1224 3035 ut
1246 2959 1252 2963 '
1272 2984 1546 3036 novitatem
1567 2959 1830 3037 doctrina!
1879 2984 2107 3050 deserat,
2136 2997 2185 3039 et
2221 2959 2260 2968 ‘
2290 2963 2490 3017 Chris“
2518 2960 3130 3050 τθθίίθυιυωγίηῂθηωδ
3153 2999 3170 3023 ’
3195 2960 3287 3028 qui
3333 2960 3707 3029 exploratores
3728 2959 3859 3015 ³⁸⁸⁸⁸

684 3052 991 3106 universalis
1019 3050 1270 3106 Ecclesia:
1299 3062 1701 3124 sanctorumque
1745 3050 1969 3107 Patrum
1993 3055 2189 3108 doctri-

681 3139 804 3175 nam
826 3131 1095 3191 sequatur.

684 3236 813 3288 \‘iro
842 3236 1152 3290 venerando
1169 3245 1225 3289 ct
1244 3237 1297 3290 in
1320 3236 1522 3292 Christi
1545 3239 1811 3293 charitate
1833 3239 2187 3296 desiderando

611 3328 771 3381 Felici
800 3328 1076 3396 episcopo,
1109 3328 1327 3384 humilis
1351 3329 1512 3384 levita
1540 3330 1800 3386 Alcuinus
1827 3331 2077 3387 salutem.

680 3417 719 3471 l.
760 3416 878 3471 Non
910 3427 996 3471 est
1023 3433 1154 3472 cura
1184 3418 1439 3475 fraterna:
1467 3422 1659 3477 salutis
1679 3423 1832 3493 parvi
1862 3426 2181 3494 pendenda:

608 3524 718 3565 non
744 3518 859 3573 est,
906 3510 1145 3578 quandiu
1198 3512 1420 3581 spiritus
1453 3515 1553 3569 hos
1598 3525 1751 3586 regat
1794 3524 1969 3583 artus,
2004 3518 2185 3575 divina

605 3600 971 3671 praaveniente
1013 3602 1185 3669 gratia
1235 3604 1457 3658 cuilibet
1497 3607 1780 3661 conversio
1825 3609 2182 3679 desperanda.

611 3694 745 3747 Dum
774 3693 887 3746 hzec
915 3692 988 3745 ita
1011 3707 1068 3746 se
1097 3692 1317 3757 habent,
1347 3700 1403 3747 et
1427 3709 1458 3747 a
1481 3696 1695 3749 nemine
1718 3695 1864 3763 iuste
1888 3700 2188 3754 contradici

608 3791 805 3851 potest,
844 3796 1060 3850 semper
1106 3788 1234 3835 sunt
1273 3795 1367 3835 seu
1410 3780 1699 3837 verborum
1727 3783 2013 3838 collatione
2049 3800 2188 3854 prai-

608 3881 787 3926 sentes
812 3872 1159 3934 admonendi,
1190 3886 1286 3927 seu
1306 3872 1608 3928 litterarum
1629 3873 1915 3929 devotione
1936 3874 2185 3931 absentes

604 3960 951 4021 exhortandi,
981 3968 1040 4011 ut
1086 3960 1211 4013 hinc
1247 3962 1526 4017 charitatis
1553 3962 1786 4018 oﬁicium
1814 3979 1972 4019 suam
1998 3974 2183 4021 osten-

604 4051 698 4103 dat
717 4048 1056 4102 devotionem
1084 4089 1098 4113 ,
1129 4058 1185 4103 et
1205 4050 1328 4106 inde
1360 4052 1636 4109 humilitas
1654 4057 1959 4112 communis
1986 4040 2184 4113 frater-

607 4138 794 4192 uitatis
819 4151 971 4191 suam
1000 4139 1338 4207 demonstret
1362 4142 1743 4198 obedientiam.
1784 4146 1862 4200 Illi
1904 4146 2184 4218 Scriptura

2288 3054 2432 3106 Nave
2480 3052 2633 3123 [ϐοά.
2661 3067 2781 3114 ms.,
2810 3049 2936 3103 Iesu
2961 3050 3156 3114 nostri,
3184 3049 3447 3120 nundose]
3492 3051 3560 3104 de
3604 3051 3846 3121 peritura

2287 3138 2659 3210 Hericov[loco
2686 3137 2922 3209 Iericho]
2960 3136 3221 3201 salvavit;
3253 3138 3321 3192 de
3363 3139 3518 3209 cujus
3553 3140 3859 3214 perditione

2286 3248 2384 3287 nos
2411 3231 2615 3301 pariter
2660 3228 2844 3300 fugere
2898 3228 3092 3283 festiue
3142 3228 3456 3298 suppliciter
3490 3229 3769 3295 exhortor,
3802 3239 3861 3289 et

2285 3322 2420 3376 nihil
2447 3322 2513 3376 de
2533 3321 2873 3375 anathemate
2901 3319 3043 3373 illius
3071 3319 3399 3374 desiderare.
3428 3318 3564 3373 Nam
3594 3320 3857 3390 Quidquid

2286 3414 2654 3471 doctrinarum
2695 3422 2850 3468 extra
2887 3411 3269 3467 ecclesiasticae
3311 3412 3434 3467 ﬁdei
3469 3421 3524 3466 et
3550 3411 3857 3481 apostolica:

2284 3505 2545 3561 doctrina
2569 3518 2750 3559 muros
2775 3503 3062 3565 invenitur,
3092 3501 3512 3557 Hierichontinae
3535 3491 3855 3570 perditionis

2286 3596 2627 3650 anathemate
2663 3594 2981 3648 tradendum
3018 3601 3121 3647 est.
3153 3593 3512 3661 Quapropter,
3539 3592 3858 3646 charissima

2286 3681 2475 3747 frater,
2498 3690 2552 3737 te
2578 3698 2676 3752 per
2700 3683 3013 3752 sanguinem
3034 3682 3221 3734 salutis
3246 3690 3445 3734 nostra:
3468 3680 3859 3735 humiliterob—

2286 3786 2445 3825 secro
2468 3778 2529 3823 ut
2557 3786 2753 3825 caveas
2796 3771 3080 3839 diligenter
3106 3786 3175 3824 ne
3208 3771 3337 3840 quid
3384 3771 3527 3840 apud
3556 3779 3607 3824 te
3633 3771 3856 3825 exuvia-

2244 3878 2255 3889 '
2286 3876 2406 3915 rum
2432 3860 2655 3931 perditae
2682 3860 2916 3914 civitatis
2939 3860 3267 3923 inveniatur,
3303 3876 3369 3914 ne
3394 3875 3521 3930 pars
3540 3861 3719 3931 populi
3758 3860 3855 3916 Dei

2285 3960 2507 4025 propter
2548 3951 2949 4031 improbitatem
2999 3952 3160 4007 unius
3206 3953 3479 4018 hominis,
3528 3954 3656 4009 licet
3690 3956 3763 4009 sit
3788 3955 3857 4011 de

2286 4047 2430 4101 tribu
2461 4043 2623 4109 Iuda,
2652 4043 2863 4115 fugiens
2901 4043 3084 4114 praelia
3112 4044 3361 4109 Domini,
3405 4052 3462 4099 ct
3497 4047 3701 4100 corruit
3736 4042 3854 4117 [Ρη

2236 4130 2245 4133 “
2284 4131 2528 4206 corruat]
2550 4149 2733 4189 coram
2755 4134 2998 4188 hostibus
3022 4135 3154 4188 suis.
3182 4134 3454 4203 Recollige
3483 4135 3713 4202 teipsum
3732 4148 3855 4187 cum

604 4244 761 4283 sacra
790 4229 990 4283 clamat
1020 4248 1033 4281 :
1069 4229 1173 4293 Qui
1203 4230 1387 4296 audit,
1429 4231 1571 4285 dicat
1608 4234 1749 4297 teni;
1779 4236 1909 4289 huic
1956 4250 2185 4307 evange-
2209 4251 2262 4309 Ῑ)
2288 4228 2559 4303 consmilis
2605 4228 2712 4281 mis
2739 4228 2796 4280 ίῐι
2824 4234 3003 4279 casm
3030 4225 3193 4295 Regis
3220 4226 3462 4294 ευΡθηιῖο
3505 4233 3562 4277 ει
3586 4225 3632 4278 εί
3660 4222 3857 4279 alicubi

603 4320 706 4374 lica
745 4322 1037 4375 auctoritas
1097 4322 1307 4376 intonat
1338 4342 1350 4376 :
1385 4321 1491 4387 Qui
1554 4341 1641 4380 vos
1686 4327 1868 4393 audit,
1907 4345 1991 4383 me
2030 4330 2180 4385 audit

2288 4316 2439 4387 lapso
2487 4315 2624 4384 pede
2675 4312 2918 4367 titubasti
2945 4352 2960 4377 ,
3018 4312 3252 4366 reforma
3277 4328 3522 4383 gressum
3544 4353 3561 4379 ,
3607 4323 3664 4369 et
3687 4320 3771 4367 sta
3796 4312 3856 4371 in
3890 4320 3905 4325 ”

605 4410 755 4471 (Luc.
786 4425 841 4475 x,
894 4410 1004 4480 16).
1045 4412 1279 4482 Spiritus
1302 4414 1391 4469 ubi
1421 4415 1553 4481 vult,
1604 4418 1796 4487 spirat.
1848 4419 2003 4477 Unde
2027 4428 2084 4477 et
2114 4422 2181 4479 de

600 4511 951 4573 persecutore
982 4501 1144 4557 Saulo
1170 4505 1342 4561 factus
1369 4517 1453 4562 est
1480 4505 1677 4563 Paulus
1700 4510 2037 4580 pnedicator.

674 4592 735 4646 ll.
778 4593 918 4649 Olim
946 4608 1033 4647 me
1063 4594 1238 4663 ipsum
1259 4638 1273 4661 ,
1304 4597 1709 4654 celeberrimam
1743 4610 1848 4656 tua:
1872 4604 2181 4660 sanctitatis

604 4684 829 4739 audiens
855 4683 1056 4738 famam
1082 4699 1179 4754 per
1205 4687 1492 4755 quemdam
1519 4706 1583 4743 ex
1629 4690 1734 4746 illis
1763 4693 2007 4762 partibus
2030 4710 2179 4765 pres-

603 4776 850 4845 byterum
870 4777 977 4830 tuis
993 4776 1377 4831 sacratissimis
1402 4778 1621 4850 [Supple
1638 4796 1655 4830 :
1680 4782 2178 4840 intercessionibus.

600 4866 779 4921 Codex
802 4868 964 4923 habet
982 4868 1230 4942 cess.]....
1254 4872 1636 4924 commendare
1659 4872 1843 4927 curavi
1865 4872 1918 4937 δ,
1940 4880 1995 4927 et
2021 4888 2182 4943 quem

600 4965 729 5011 tunc
776 4958 942 5014 solius
971 4960 1127 5015 fama:
1156 4961 1344 5015 auditu
1373 4972 1556 5015 amare
1583 4964 1902 5032 gestiebam,
1930 4978 2076 5019 nunc
2126 4964 2180 5019 in

602 5046 804 5104 Christi
830 5050 1095 5106 charitate
1118 5061 1174 5106 et
1195 5053 1476 5108 catholica:
1495 5054 1646 5125 pacis
1672 5055 1878 5110 unitate
1898 5055 2179 5111 ardentius

601 5154 784 5193 amare
804 5142 997 5206 audeo,
1018 5151 1212 5212 aptans
1232 5144 1304 5198 illi
1328 5153 1544 5201 aeterna:
1562 5145 1910 5203 beatitudinis
1929 5146 2174 5219 gloriam,

599 5244 720 5297 qnze
759 5228 1067 5285 nullatenus
1115 5232 1333 5289 cuilibet
1381 5236 1499 5293 sine
1548 5237 1873 5294 universalis
1922 5236 2178 5295 Ecclesiae

600 5331 735 5386 pace
762 5326 817 5372 et
844 5320 1132 5376 concordia
1159 5322 1377 5377 evenire
1395 5324 1554 5381 valet.
1590 5326 1743 5383 Unde
1769 5336 1825 5381 et
1852 5326 1953 5382 has
1970 5367 1987 5391 ,
2010 5341 2175 5383 vene~

601 5407 767 5459 tande
819 5407 981 5464 Pater
1008 5419 1064 5464 et
1118 5410 1349 5467 amande
1386 5412 1576 5480 frater,
1621 5416 2026 5488 deprecatorias
2050 5431 2174 5473 cum

671 5513 835 5595 {llic
863 5527 947 5595 est
996 5520 1366 5595 titulus‘hujns
1416 5523 1657 5595 epistolae
1698 5524 1752 5578 in
1797 5525 1917 5581 cod.
1951 5524 2172 5594 Salisb.,

604 5584 863 5641 hactenus
898 5587 1130 5646 incditte.
1173 5584 1302 5649 Vide
1325 5584 1485 5666 supra
1532 5594 1787 5651 Mouitum
1817 5595 2094 5667 praevium.

2284 4405 2452 4476 gradu
2481 4412 2611 4468 tuo,
2639 4411 2696 4457 et
2734 4400 2948 4456 fortiter
2993 4402 3237 4472 praeliare
3263 4402 3402 4458 bella
3454 4403 3685 4458 Domini.
3716 4403 3856 4460 Ecce

2282 4495 2443 4552 Jesus
2460 4495 2604 4550 levat
2622 4494 2867 4566 clypeum
2888 4500 3014 4548 ante
3036 4502 3109 4548 te.
3138 4494 3433 4550 Revertere
3449 4502 3507 4549 et
3522 4509 3856 4566 persequen-

2287 4597 2367 4643 tes
2394 4596 2448 4642 te
2467 4587 2653 4643 hostes
2679 4584 2951 4639 trucidare
2974 4599 3079 4639 non
3108 4583 3315 4650 desine,
3342 4583 3513 4639 donec
3530 4584 3605 4639 ad
3615 4583 3854 4654 palmam

2286 4678 2526 4733 victoriae
2548 4675 2851 4746 pervenias.

2352 4784 2437 4839 III.
2476 4782 2597 4837 Non
2635 4770 2718 4837 est
2768 4782 3077 4849 haereticus,
3103 4785 3209 4839 nisi
3236 4800 3303 4839 ex
3331 4781 3695 4839 contentione.
3730 4780 3853 4839 Noli

2282 4875 2609 4929 contendere
2637 4873 2837 4929 frustra
2854 4889 2869 4938 ;
2895 4874 3065 4929 claret
3076 4876 3222 4931 enim
3240 4874 3549 4943 evangelica
3560 4885 3658 4944 per
3679 4880 3851 4929 totum

2282 4965 2470 5020 orbem
2496 4966 2741 5021 doctrina
2772 4985 2785 5020 :
2814 4969 2955 5023 hanc
2982 4966 3311 5020 unanimiter
3340 4972 3617 5041 teneamus
3638 4972 3694 5019 et
3720 4964 3850 5022 ﬁde

2283 5054 2409 5109 liter
2427 5056 2797 5124 przedicemus.
2824 5056 2964 5123 Quid
2988 5070 3087 5108 nos
3107 5053 3415 5108 homunculi
3441 5054 3495 5107 in
3522 5053 3627 5110 ﬁne
3646 5056 3848 5125 seculi,

2285 5143 2961 5217 refrigescentecharitate
2985 5144 3295 5210 multorum,
3325 5145 3519 5201 melius
3540 5149 3850 5220 excogitare
3887 5180 3895 5185 -

2281 5236 2598 5305 poterimus,
2624 5250 2787 5305 quam
2816 5243 2878 5289 ut
2912 5243 3022 5288 tota
3050 5234 3217 5289 animi
3260 5235 3558 5293 intentione
3594 5238 3846 5309 apostoli-

2281 5341 2401 5381 cam
2430 5333 2485 5380 et
2509 5325 2878 5396 evangelicam
2914 5323 3061 5378 omni
3092 5324 3215 5379 lldei
3248 5324 3505 5383 ﬁrmitate
3536 5336 3592 5383 et
3618 5327 3848 5389 veritate

2281 5433 2571 5489 sequamur
2595 5416 2896 5472 doctrinam
2919 5454 2933 5479 ,
2962 5429 3069 5470 non
3118 5431 3254 5472 nova
3301 5418 3569 5489 ﬁngentes
3592 5418 3845 5481 nomina:

2355 5526 2381 5568 δ
2405 5526 2523 5581 Vid.
2552 5525 2709 5598 epist.
2740 5523 2795 5591 l,
2820 5522 2887 5580 ad
2908 5522 3140 5582 Felicem
3161 5528 3491 5603 episcopum.
