4228 6294
487 214 589 272 ίὶὸ

1336 209 1398 263 ιι.
1438 207 1500 262 ιτ.
1541 204 1763 261 suum
1804 203 1936 260 ssu
1964 163 2242 258 ALCIJINI
2277 197 2563 256 orsnun
2591 199 2770 256 usus
2797 201 2886 256 Ill.

3603 177 3738 254 ἰιι

484 296 616 385 ralis
643 324 927 398 professio,
956 323 1084 393 quid
1123 319 1252 394 [Με.
1273 359 1288 386 ,
1325 315 1607 390 quidquid]
1656 316 1816 370 habet
1844 312 2055 376 meriti,
2087 309 2320 377 A'libro,
2351 308 2571 398 humilia
2600 309 2666 364 l4
2697 309 2903 381 (Tract.
2931 325 3048 376 ειν,
3083 325 3138 364 ιι.
3177 308 3299 380 il),
3322 308 3490 364 dicit:
3523 325 3545 361 ι

486 429 579 473 aut
601 432 719 488 quae
747 413 1091 469 revelationis
1125 419 1209 466 est
1253 409 1442 481 gloria,
1465 406 1606 463 si‘ex
1647 405 1934 475 ad0ptione
1976 408 2064 458 est

485 511 663 565 titius?
689 517 783 562 aut
804 508 945 562 unde
964 515 1050 562 est
1069 506 1123 560 in
1149 506 1306 559 beato
1325 502 1487 556 Petro
1505 497 1795 563 confessio,
1822 499 1928 553 hoc
1954 495 2062 551 [ilio

485 601 753 656 dill'erenti
782 597 948 671 [Hil.,
978 593 1288 666 deferentiI,
1316 591 1460 664 quod
1499 599 1586 648 est
1627 604 1912 648 commune
1935 603 2062 644 sau-

488 690 739 747 ctorum?
772 707 791 740 ι

559 781 668 835 VII.
708 780 840 834 Item
860 779 1050 833 beatus
1068 775 1393 831 Athanasius
1417 774 1471 829 in
1497 770 1725 843 epistola
1755 770 1822 826 ad
1855 769 2067 841 Epicte-

490 884 625 938 tum,
657 873 712 928 in
738 873 971 942 capitulo
1007 870 1061 936 5,
1104 872 1184 926 sic
1219 871 1333 924 ait:
1390 888 1410 920 ‹
1446 866 1723 935 Quomodo
1773 872 1960 918 autem
2011 870 2070 917 et

491 964 764 1036 ambigere
790 964 987 1017 audent
1004 962 1222 1032 quidam
1245 959 1559 1022 Christiani,
1593 958 1658 1022 si,
1680 956 1773 1027 qui
1801 970 1868 1010 ex
1899 953 2067 1008 Maria

490 1055 755 1127 processit
776 1053 871 1107 Dei
896 1051 1086 1116 Filius,
1121 1051 1213 1120 qui
1241 1049 1308 1104 de
1336 1049 1648 1120 substantia.
1663 1057 1718 1102 et
1739 1055 1934 1101 natura
1972 1045 2068 1099 Dei

489 1153 595 1212 est,
626 1144 920 1202 secundum
951 1157 1171 1198 carnem
1212 1150 1393 1195 autem
1432 1157 1498 1196 ex
1531 1140 1737 1194 semine
1785 1138 1976 1202 David,
2002 1151 2093 1192 ex-

491 1252 657 1293 carne
703 1242 882 1290 autem
925 1242 1126 1290 sanctae
1179 1232 1380 1287 Mariae.
1442 1229 1673 1297 Quidam
1729 1237 1908 1283 autem
1952 1228 2073 1298 plus

492 1327 768 1383 temerarii
792 1325 920 1380 facti
946 1331 1092 1389 sunt,
1124 1332 1184 1378 ut
1204 1324 1445 1388 dicerent
1463 1320 1760 1386 Christum,
1789 1319 1880 1390 qui
1908 1334 2074 1375 carne

495 1433 691 1489 passus
735 1426 822 1472 est
862 1425 917 1471 et
941 1415 1254 1480 cruciﬁxus,
1281 1429 1388 1469 non
1420 1427 1543 1468 esse
1571 1412 1856 1467 Dominum
1886 1410 2076 1466 Salva-

497 1518 691 1574 torem,
717 1517 774 1564 et
799 1508 968 1562 Deum
995 1506 1190 1562 Filium
1233 1505 1432 1562 Patris.
1458 1505 1564 1559 Aut
1611 1505 1880 1575 quomodo
1916 1503 2077 1560 Chri-

497 1601 666 1656 stiani.
683 1599 870 1655 volunt
888 1598 1177 1662 nominari,
1205 1598 1297 1667 qui
1338 1597 1545 1659 dicunt,
1575 1595 1630 1649 in
1652 1595 1927 1650 hominem
1953 1608 2080 1648 san-

2160 399 2332 469 diligit
2362 397 2564 454 Filium
2585 440 2602 466 ,
2642 410 2692 454 et
2713 400 2891 455 omnia
2917 399 3059 455 dedit
3095 401 3152 453 in
3200 417 3363 460 manu
3387 399 3523 470 ejus.
3577 397 3740 455 Pater

2161 491 2334 564 diligit
2359 490 2573 556 Filium,
2603 490 2699 546 sed
2725 490 2998 562 quomodo
3023 490 3186 545 Pater
3222 488 3444 556 Filium,
3475 504 3582 545 non
3609 502 3746 560 quoo

2160 582 2323 638 modo
2345 582 2602 638 Dominus
2622 597 2838 639 servum
2863 599 2880 649 ;
2919 579 3192 654 quomodo
3213 579 3458 646 unicum,
3472 594 3582 636 non
3608 592 3749 650 quo-

2161 673 2324 730 modo
2354 675 2688 745 adoptatum.
2732 693 2752 727 ι

2161 850 2165 853 ι
2233 783 2302 839 Χ.
2341 784 2476 841 Ιιειιι
2499 785 2692 842 beatus
2718 784 3011 856 Gregorius
3044 783 3101 839 in
3126 782 3409 839 Moralium
3431 781 3570 838 libro
3607 795 3746 838 ινιιι

2165 874 2311 946 (cap.
2350 873 2442 940 52,
2472 890 2530 929 ιι.
2558 873 2649 938 85)
2673 875 2786 929 ait:
2825 893 2846 927 ι
2887 873 3047 930 Aliud
3068 881 3155 929 est
3196 874 3341 928 enim
3374 879 3532 926 natos
3572 871 3749 927 homi-

2165 979 2265 1020 nes
2290 964 2520 1036 gratiam
2549 964 2851 1035 adoptionis
2882 964 3167 1034 accipere;
3202 962 3347 1017 aliud
3366 975 3535 1016 unum
3565 960 3749 1030 singu-

2166 1054 2355 1110 lariter
2380 1070 2479 1127 per
2521 1055 2820 1160 divinitaﬁis
2845 1044 3144 1126 potentiam
3170 1052 3342 1108 Deum
3368 1056 3439 1106 ex
3471 1049 3589 1160 ipso
3615 1062 3750 1154 con:

2168 1155 2323 1217 ceptu
2349 1147 2630 1217 prodiisse.
2659 1139 2772 1202 Nec'
2790 1147 2995 1217 aequari
3044 1154 3225 1217 potest
3271 1143 3455 1215 gloria:
3480 1139 3758 1212 Unigeniti

2170 1236 2364 1292 habita:
2408 1252 2507 1308 per
2549 1244 2801 1292 naturam
2846 1237 2952 1292 alia
2977 1277 2992 1302 ,
3039 1243 3259 1308 accepta
3308 1249 3407 1307 per
3445 1232 3696 1303 gratiam.
3729 1250 3749 1286 ι

2170 1328 2302 1384 Item
2332 1329 2445 1399 ipse
2474 1330 2527 1384 in
2551 1331 2729 1399 primo
2773 1329 2912 1386 libro
2949 1335 3107 1402 (cap.
3162 1329 3297 1400 18):
3339 1347 3359 1380 ι
3397 1328 3535 1395 Quia
3594 1325 3641 1381 si
3694 1332 3749 1380 et

2171 1418 2453 1488 adoptivus
2507 1420 2736 1490 quisque
2760 1420 2905 1494 ﬁlius
2955 1421 3024 1476 ad
3054 1419 3454 1491 percipiendam
3494 1416 3752 1472 divinita-

2175 1516 2283 1563 tem
2308 1507 2544 1578 proIlcit,
2573 1525 2937 1580 nequaquam,
2962 1518 3025 1566 ut
3055 1510 3198 1565 Deus
3240 1516 3408 1575 esset,
3436 1506 3761 1563 naturaliter

2177 1598 2403 1668 accepit.
2433 1615 2454 1650 ι
2485 1597 2620 1654 Item
2641 1597 2757 1670 ipse
2798 1600 2852 1654 in
2876 1598 3068 1655 eodem
3087 1596 3228 1654 libro
3253 1615 3266 1652 :
3300 1615 3320 1649 ι
3355 1612 3563 1664 omnes,
3585 1597 3676 1668 qui
3701 1597 3758 1652 in

499 1700 668 1755 ctum,
711 1690 872 1745 sicuti
902 1690 955 1743 in
980 1693 1144 1743 unum
1175 1685 1558 1758 prophetarum
1584 1686 1798 1742 venisse
1821 1685 2074 1748 Verbum,
2108 1670 2156 1733 Β
2182 1687 2287 1743 ﬁde
2306 1687 2419 1742 Deo
2445 1687 3045 1759 nascuntur,'superat;
3076 1688 3203 1759 quia
3248 1702 3357 1743 non
3400 1702 3546 1754 eum,
3572 1694 3634 1741 ut
3657 1701 3762 1742 ca:—

502 1791 560 1836 et
595 1796 702 1834 non
724 1781 899 1850 ipsum
926 1779 1201 1835 hominem
1223 1776 1449 1843 factum,
1475 1785 1776 1832 sumentem
1815 1789 1882 1831 ex
1914 1775 2081 1830 Maria

504 1871 732 1940 corpus?
767 1890 786 1922 ι
821 1870 957 1926 Ιιειιι
989 1871 1103 1940 ipse
1149 1877 1274 1940 post
1313 1884 1484 1939 pauca
1527 1870 1583 1922 in
1619 1867 1811 1924 eadem
1833 1865 2080 1938 epistola,

506 1961 744 2031 capitulo
764 1959 798 2014 6
827 1979 840 2017 :
886 1979 906 2012 ι
942 1974 966 2002 ι
1005 1960 1120 2016 Non
1149 1976 1246 2030 per
1270 1960 1614 2031 adoptionem
1631 1961 1747 2016 haec
1765 1962 1909 2014 tacta
1933 1969 2084 2025 sunt,

506 2055 669 2119 absit,
692 2055 834 2109 sicut
867 2054 1301 2119 aestimaverunt;
1331 2053 1428 2109 sed
1467 2054 1609 2108 sicut
1633 2060 1722 2108 est
1745 2053 1965 2118 veritas,
1989 2053 2088 2107 ho-

513 2147 658 2200 mine
706 2144 848 2200 facto
890 2144 1174 2199 Salvatore
1218 2145 1382 2200 totius
1433 2143 1668 2198 hominis
1731 2143 1881 2198 salus
1943 2142 2087 2198 facta

507 2243 609 2289 est.
635 2233 693 2288 Si
721 2234 866 2288 enim
915 2235 1202 2304 adoptione
1248 2240 1368 2299 erat
1403 2233 1457 2288 in
1484 2248 1712 2309 corpore
1738 2234 1961 2289 verbum
2002 2249 2090 2290 se-

507 2324 739 2378 cundum
771 2322 923 2388 illos;
955 2323 1096 2399 quod
1126 2331 1310 2378 autem
1350 2323 1636 2394 adoptione
1663 2323 1882 2389 dicitur,
1909 2323 2084 2395 phan-

511 2412 648 2466 tasia
672 2420 755 2465 est
787 2428 803 2466 :
827 2413 1094 2481 reperitur
1118 2419 1176 2466 et
1199 2412 1442 2482 putative
1460 2412 1626 2467 salus.
1659 2431 1678 2465 ι

583 2501 716 2558 VIII.
744 2501 878 2556 Item
908 2503 1099 2557 beatus
1122 2500 1355 2571 Cyrillus
1384 2502 1439 2555 in
1457 2502 1684 2572 epistola
1714 2503 1779 2557 ad
1800 2503 2093 2559 monachos

511 2593 715 2648 directa
743 2601 933 2648 contra
958 2591 1334 2648 Nestorianam
1381 2590 1630 2648 heresim
1655 2593 1796 2647 inter
1823 2592 1991 2648 multa
2016 2593 2095 2648 sic

513 2683 592 2736 ait
619 2697 635 2735 :
673 2702 690 2733 ι
718 2683 928 2738 Dictum
956 2692 1042 2739 est
1067 2683 1212 2739 enim
1240 2680 1307 2736 ad
1328 2697 1473 2743 eum,
1504 2680 1641 2738 Sede
1666 2699 1700 2736 α
1725 2681 1925 2738 dextris
1944 2685 2092 2748 meis,

518 2773 685 2828 donec
703 2789 897 2844 ponam
934 2775 1174 2829 inimicos
1199 2784 1316 2828 tuos
1347 2772 1629 2828 scabellum
1669 2773 1858 2844 pedm
1886 2783 2095 2827 tuorum

515 2860 692 2934 (Paul.
743 2862 899 2935 cxx);
955 2864 1148 2918 adoret
1186 2863 1351 2918 etiam
1396 2877 1499 2918 nos
1543 2876 1900 2933 supernorum
1925 2863 2088 2933 'spiri-

514 2964 669 3010 tuum
710 2955 1014 3012 multitudo.
1067 2954 1292 3021 Quando
1328 2956 1496 3021 enim,
1547 2955 1756 3025 inquit,
1809 2954 2095 3009 introducit

515 3049 911 3119 primogenitum
961 3051 1017 3102 in
1062 3049 1238 3104 orbem
1288 3057 1548 3103 terrarum
1602 3048 1770 3102 dicit:
1800 3058 1850 3102 et
1878 3047 2093 3100 adorent

515 3155 635 3192 eum
668 3155 845 3193 omnes
870 3138 1039 3209 angeli
1061 3138 1158 3193 Dei
1190 3137 1377 3210 (Hebr.
1403 3155 1484 3202 ιιι,
1509 3136 1584 3210 6).
1611 3137 1717 3193 Sed
1737 3151 1841 3192 nos
1854 3136 2093 3207 quidem,

519 3230 622 3284 etsi
650 3237 840 3284 sancto
875 3230 1022 3283 uncti
1058 3244 1246 3285 sumus
1288 3230 1513 3300 Spiritu,
1539 3230 1845 3300 adoptionis
1880 3229 2097 3298 quidem

526 3322 763 3397 ditamur
790 3321 986 3390 gratia,
1011 3334 1377 3391 vocamurque
1413 3321 1575 3376 etiam
1600 3321 1705 3385 dii;
1747 3327 1949 3375 nostra:
1970 3333 2101 3374 vero

523 3420 731 3465 natura:
753 3425 1065 3466 mensuram
1111 3426 1216 3465 non
1243 3411 1570 3482 ignoremus.
1603 3410 1802 3466 Sumus
1853 3425 1919 3465 ex
1952 3417 2098 3464 terra

526 3507 582 3554 et
609 3499 919 3554 habitamus
947 3500 1089 3554 inter
1113 3513 1329 3566 servos;
1359 3508 1416 3555 at
1465 3499 1553 3557 ille
1577 3509 1663 3556 est
1687 3515 1792 3555 non
1822 3501 1876 3555 in
1904 3499 2101 3572 quibus

525 3606 657 3655 nos,
703 3589 798 3645 sed
823 3599 1020 3643 natura
1048 3597 1105 3644 et
1132 3604 1292 3645 verus
1329 3589 1497 3647 Filius
1545 3599 1601 3646 et
1652 3591 1893 3646 omnium
1921 3590 2103 3646 Domi-

529 3699 650 3739 IIIIS.
691 3702 711 3736 ι

596 3773 686 3827 IX.
725 3773 858 3829 [tem
907 3763 1255 3830 beatissimus
1288 3771 1620 3842 Augustinus
1667 3769 1719 3824 in
1758 3767 2106 3838 Expositione

526 3864 888 3929 Psalmorum,
919 3865 974 3917 in
1005 3865 1212 3933 psalmo
1246 3879 1508 3919 LXXXVIII.
1538 3882 1556 3916 ι
1595 3862 1726 3930 Quis
1773 3862 1828 3916 in
1884 3859 2107 3914 nubibus

530 3954 822 4026 equabitur
848 3954 1195 4019 Domino,aut
1213 3958 1328 4026 quis
1351 3956 1538 4010 similia
1567 3957 1664 4010 erit
1684 3955 1790 4009 Deo
1807 3954 1943 4009 inter
1969 3952 2108 4022 filios

514 4048 674 4102 .Dei?
711 4047 803 4102 Ille
832 4047 1044 4111 unicus,
1081 4059 1180 4100 nos
1223 4046 1406 4111 multi;
1450 4048 1539 4101 ille
1567 4062 1704 4102 unus
1728 4086 1744 4111 ,
1787 4062 1885 4100 nos
1936 4045 1989 4099 in
2021 4044 2110 4100 illo

532 4155 729 4205 unum;
777 4137 869 4193 ille
897 4145 1080 4202 natus,
1110 4151 1208 4190 nos
1228 4136 1495 4204 adoptati;
1527 4135 1616 4189 ille
1638 4135 1707 4188 ab
1732 4143 1933 4190 aeterno
1965 4136 2114 4205 geni-

534 4241 622 4285 tus
649 4245 746 4301 per
767 4225 1051 4310 naturam,
1069 4242 1167 4282 nos
1197 4241 1228 4281 a
1268 4233 1509 4297 tempore
1538 4223 1665 4280 facti
1709 4237 1807 4294 per
1851 4223 2111 4293 gratiam;

2183 1785 2350 1845 teros,
2378 1777 2616 1852 adoptio,
2641 1781 2737 1835 sed
2755 1788 2947 1835 natura
2974 1779 3123 1835 illum
3149 1777 3444 1835 divinitatis
3470 1778 3693 1834 exaltat.
3729 1797 3750 1831 ι

2180 1868 2312 1923 Item
2337 1869 2516 1939 ipsein
2542 1870 2763 1928 homilia
2783 1869 2849 1927 de
2867 1869 3183 1928 Pentecoste
3203 1869 3472 1941 ait(Hom.
3486 1869 3575 1935 50,
3597 1885 3652 1923 ιι.
3670 1867 3758 1940 9):

2189 1978 2208 2012 ι
2239 1961 2489 2030 Pensate,
2528 1961 2726 2020 fratres
2764 1964 3090 2030 charissimi,
3117 1971 3238 2036 post
3280 1963 3614 2019 nativitatem
3638 1963 3764 2018 uni-

2185 2055 2352 2123 genlti
2379 2056 2520 2121 Filii,
2548 2057 2725 2129 qualis
2767 2059 2840 2113 sit
2878 2059 3139 2115 hodierna
3187 2058 3500 2114 solemnitas
3539 2057 3606 2113 de
3652 2058 3766 2114 Ad-

2184 2151 2348 2199 ventu
2377 2145 2612 2217 Spiritus
2661 2147 2852 2202 sancti.
2905 2146 3060 2203 Sicut
3085 2143 3231 2204 enim
3258 2148 3349 2203 illa
3375 2189 3391 2215 ,
3444 2147 3523 2204 sic
3552 2155 3610 2205 et
3661 2148 3767 2204 ista

2187 2249 2403 2305 quoque
2425 2244 2510 2291 est
2534 2236 2896 2303 honorabilis;
2934 2237 3007 2294 ibi
3034 2238 3179 2293 enim
3201 2237 3343 2294 Deus
3364 2239 3418 2292 in
3447 2253 3505 2294 se
3532 2238 3771 2294 creando

2189 2326 2426 2397 suscepit
2454 2328 2725 2383 hominem
2750 2345 2765 2394 ;
2801 2330 2892 2385 hic
2922 2329 3170 2384 homines
3203 2328 3437 2400 desuper
3461 2329 3770 2386 venientem

2191 2424 2543 2487 susceperunt
2569 2410 2777 2472 Deum:
2805 2417 2880 2473 ibi
2920 2416 3062 2473 Deus
3102 2418 3427 2473 naturaliter
3479 2415 3652 2472 factus
3688 2424 3776 2472 est

2188 2506 2370 2571 homo,
2391 2506 2482 2562 hic
2499 2507 2745 2563 homines
2786 2520 2886 2578 per
2913 2507 3254 2577 adoptionem
3286 2507 3415 2562 facti
3441 2513 3568 2562 sunt
3606 2507 3702 2562 dii.
3741 2525 3764 2561 ι

2190 2595 2327 2650 Αιιῶ
2351 2596 2600 2666 denique,
2633 2597 2775 2666 quod
2802 2597 2990 2652 beatus
3015 2596 3308 2667 Gregorius
3338 2596 3406 2650 [in
3449 2596 3639 2653 eodem
3665 2595 3778 2652 Ilo-

2192 2684 2462 2740 miliarum
2485 2685 2642 2751 libro,
2667 2700 2791 2740 cum
2834 2684 2900 2740 de
2944 2699 3083 2756 agno
3111 2685 3351 2756 paschali
3388 2693 3647 2743 tractaret
3691 2685 3776 2742 di-

2193 2789 2322 2830 cens
2349 2793 2361 2828 :
2399 2791 2418 2826 ι
2451 2773 2571 2828 Non
2603 2774 2877 2829 comedetis
2927 2791 2992 2830 ex
3016 2783 3086 2830 ’eo
3125 2776 3344 2831 crudum
3369 2775 3520 2846 quid,
3544 2767 3637 2829 n'ec
3679 2791 3771 2828 co-

2194 2872 2333 2916 ctum
2356 2879 2494 2934 aqua
2515 2861 2710 2934 (Exod.
2745 2879 2843 2928 xu,
2877 2862 2954 2932 9).
2975 2863 3043 2919 Et
3065 2863 3224 2935 paulo
3247 2871 3370 2934 post
3387 2863 3568 2917 intulit
3591 2861 3772 2932 (Hom.

2195 2953 2289 3016 23,
2315 2969 2369 3006 ιι.
2410 2951 2467 3022 8)
2498 2970 2513 3006 :
2548 2971 2568 3003 ι
2626 2952 2955 3021 Redemptor
3008 2960 3188 3006 autem
3239 2959 3424 3008 noster
3461 2965 3564 3005 nec
3607 2963 3777 3021 purus

2199 3045 2360 3099 homo
2379 3042 2768 3098 existimandus
2786 3049 2888 3108 est,
2915 3055 3088 3111 neque
3107 3056 3207 3112 per
3232 3042 3527 3096 humanam
3559 3041 3775 3110 sapien-
3839 3046 3847 3049 “

2199 3132 2352 3196 tiam,
2375 3130 2606 3201 qualiter
2626 3131 3048 3187 Deusincarnari
3069 3130 3718 3202 potuisset,cogitandus;
3755 3148 3775 3181 ι

2198 3231 2254 3278 ει
2273 3232 2392 3294 post
2415 3239 2625 3294 pauca:
2658 3243 2677 3276 ι
2714 3223 2815 3292 Qui
2851 3225 3014 3296 igitur
3053 3224 3324 3296 paschalis
3351 3225 3530 3296 gaudii
3573 3223 3782 3280 festivi-

2201 3323 2366 3372 tatem
2389 3315 2664 3371 celebrare
2693 3315 2986 3382 desiderat,
3016 3331 3212 3386 agnum
3251 3330 3353 3371 nec
3377 3331 3519 3386 aqua
3541 3321 3740 3383 coquat
3765 3353 3781 3378 ,

2199 3420 2380 3477 neque
2417 3405 2641 3461 crudum
2680 3407 2960 3472 comedat,
3009 3407 3061 3462 id
3089 3415 3196 3472 est,
3230 3414 3291 3461 ιιι
3312 3421 3410 3477 per
3464 3405 3781 3460 dissolutam

2202 3498 2505 3564 scientiam,
2536 3498 2767 3566 qualiter
2787 3497 2930 3553 Deus
2962 3498 3234 3553 incarnari
3281 3496 3475 3566 potuit,
3499 3495 3743 3565 cogitans
3768 3534 3785 3560 ,

2203 3599 2380 3664 neque
2423 3588 2478 3642 in
2537 3603 2664 3643 eum
2704 3595 2961 3658 tanquam
3001 3588 3057 3642 in
3098 3587 3371 3641 hominem
3429 3601 3624 3656 purum
3669 3600 3788 3641 cre-

2204 3676 2297 3730 dat
2325 3677 2375 3730 δ.
2409 3695 2428 3728 ι

2274 3778 2538 3834 ΧΙ..1ιειιι
2584 3778 2926 3835 Chromatius
2979 3789 3178 3836 sanctae
3240 3780 3497 3836 Romanae
3563 3781 3792 3838 antistes

2206 3871 2459 3929 Ecclesia:
2477 3872 2528 3925 in
2560 3870 2739 3926 libello
2773 3887 2932 3941 quem
2961 3873 3026 3928 de
3043 3881 3173 3927 octo
3191 3871 3619 3928 Beatitudinibus
3655 3872 3792 3929 scri-

2207 3962 2338 4032 psit,
2369 3961 2442 4016 ita
2471 3961 2637 4018 dicit:
2671 3982 2689 4014 (
2727 3973 2749 4002 ε
2788 3962 2847 4017 In
2878 3963 3134 4036 mysterio
3162 3965 3304 4020 enim
3351 3963 3607 4034 baptismi
3627 3971 3681 4019 et
3703 3963 3790 4019 Fi-

2209 4053 2314 4108 lius
2339 4068 2562 4108 manens
2587 4053 2801 4109 videtur
2847 4054 2900 4108 in
2950 4069 3194 4124 corpore,
3215 4042 3270 4108 εἰ
3305 4052 3539 4122 Spiritus
3567 4062 3790 4108 sanctus

2213 4143 2270 4197 in
2297 4142 2474 4212 specie
2495 4141 2756 4197 columbae
2782 4142 3083 4207 descendit,
3112 4150 3167 4196 et
3191 4157 3296 4196 vox
3345 4141 3527 4196 Patris
3554 4142 3621 4196 de
3640 4141 3795 4198 caelis

2216 4230 2466 4293 auditur,
2521 4236 2582 4283 ut
2616 4223 2895 4282 Trinitatis
2923 4229 3101 4302 unitas
3139 4229 3482 4295 declaretur;
3523 4229 3650 4299 quia
3693 4245 3796 4287 nec

536 4320 624 4375 ille
651 4322 767 4377 sine
795 4321 904 4376 ullo
942 4327 1187 4392 peccato,
1220 4334 1318 4374 nos
1351 4332 1451 4389 per
1484 4316 1632 4372 illum
1665 4314 1888 4370 liheratl-
1910 4327 2115 4410 ampec-
2145 4350 2193 4410 ο
2216 4317 2378 4372 Pater
2401 4317 2518 4372 sine
2547 4316 2680 4372 Filio
2703 4316 2928 4388 intelligi
2966 4327 3160 4389 potest,
3193 4333 3291 4374 nec
3319 4318 3486 4374 Filius
3534 4320 3650 4376 sine
3673 4318 3796 4389 Spi—

539 4420 681 4466 cato.
721 4430 740 4462 ι
769 4412 902 4465 Item
942 4413 1058 4482 ipse
1084 4412 1138 4465 in
1166 4410 1500 4482 expositione
1527 4407 1691 4480 786
1720 4405 2002 4478 Evangelii
2028 4420 2113 4461 se-

539 4501 774 4556 cundum
796 4498 1056 4555 Joannem
1078 4502 1131 4554 in
1157 4500 1374 4555 humilia
1398 4500 1430 4553 7
1460 4500 1629 4570 (num.
1661 4497 1715 4570 4)
1742 4497 1817 4551 ait
1848 4515 1859 4550 :
1897 4515 1916 4547 ‹
1943 4495 2114 4566 Opor-

540 4594 688 4649 tebat
721 4592 865 4646 enim
917 4600 977 4646 ut
1004 4591 1091 4646 ille
1125 4591 1419 4660 baptizaret
1447 4593 1539 4661 qui
1594 4599 1679 4645 est
1704 4589 1898 4644 unicus
1946 4587 2115 4642 Filius

536 4686 657 4749 Dei,
686 4700 791 4740 non
835 4682 1156 4752 adoptivus;
1199 4681 1434 4750 adoptivi
1491 4689 1670 4736 autem
1710 4681 1942 4734 ministri
1993 4686 2120 4734 sunt

534 4777 726 4843 unici;
783 4776 976 4830 unicus
1025 4772 1169 4828 enim
1238 4772 1402 4826 habet
1453 4776 1771 4842 potestatem
1831 4768 2119 4837 adoptandi

546 4867 728 4942 [Aug.,
758 4863 1020 4940 adoptati]
1049 4864 1434 4921 ministerium.
1470 4883 1488 4915 ι
1525 4861 1654 4917 Item
1686 4862 1799 4930 ipse
1847 4861 1902 4915 in
1931 4861 2120 4915 eodem

622 5072 646 5100 ι
683 5060 740 5114 In
779 5061 900 5115 edd.
933 5069 1110 5115 textus
1132 5059 1206 5113 ita
1256 5063 1412 5130 sonat
1441 5074 1457 5130 ἱ
1492 5073 1509 5106 ι
1542 5055 1667 5111 Ηίεε
1696 5064 1876 5130 autem
1917 5072 2034 5130 non
2064 5055 2121 5110 Ii-

551 5131 728 5186 ctione
749 5131 890 5184 facta
918 5140 1061 5194 sunt,
1103 5126 1552 5198 quemadmodum
1583 5126 1819 5198 nonnulli
1844 5128 2123 5198 existima-

549 5210 697 5265 runt,
729 5201 894 5263 absit;
931 5201 1026 5255 sed
1069 5196 1350 5256 salvatore
1376 5213 1503 5254 vere
1529 5197 1744 5253 homine
1773 5196 1915 5253 facto
1939 5238 1955 5263 ,
1999 5197 2125 5253 hinc

553 5273 713 5326 totius
741 5271 973 5327 hominis
1018 5269 1166 5324 salus
1206 5279 1493 5325 consecuta
1521 5278 1622 5325 est.
1653 5267 1789 5323 Nam
1837 5268 1881 5322 si
1913 5267 2128 5324 ﬁctione

552 5342 812 5396 duntaxat
842 5342 1074 5396 Verbum
1105 5340 1157 5393 in
1188 5353 1414 5408 corpore
1450 5340 1571 5409 fuit,
1601 5351 1659 5394 ut
1687 5339 1760 5394 illi
1796 5346 2078 5393 autumant
2109 5379 2125 5403 ,

553 5419 611 5462 et
651 5412 696 5466 si
725 5413 864 5482 quod
898 5412 1098 5467 dicitur
1129 5409 1343 5482 ﬁctione
1368 5427 1488 5466 esse
1514 5453 1527 5476 ,
1584 5411 1868 5482 phantasia
1896 5417 2011 5473 est,
2041 5423 2129 5482 se—

555 5478 821 5548 quitur'nt
841 5483 1132 5536 secundum
1162 5480 1532 5550 impiissimum
1561 5478 2129 5550 hlanichamnnspecic

556 5552 767 5605 tantum
795 5559 949 5606 tenus
993 5552 1136 5607 salus
1169 5548 1578 5608 cfresurrectiu
1605 5552 1879 5608 hominum
1911 5548 2025 5604 ﬁeri
2050 5548 2130 5602 di-

553 5623 718 5676 citur.
759 5639 775 5672 »
827 5621 954 5676 Vide
1001 5638 1116 5692 qua:
1167 5623 1220 5678 in
1267 5622 1406 5678 hunc
1454 5623 1628 5680 locum
1671 5622 1726 5677 S.
1770 5619 2048 5677 Athanasii
2101 5633 2130 5671 a

2218 4409 2324 4464 ritu
2347 4417 2534 4464 sancto
2562 4409 2832 4478 cognosci.
2865 4409 2999 4465 Vide
3035 4410 3195 4482 igitur
3221 4410 3382 4481 quale
3405 4409 3584 4467 Patris
3613 4410 3680 4466 de
3705 4409 3798 4465 Fi-

2215 4504 2287 4558 lio
2304 4504 2670 4559 testimonium
2694 4504 2759 4560 sit
2782 4503 3004 4560 dicentis
3020 4524 3032 4557 :
3050 4503 3150 4559 Hic
3163 4513 3239 4559 est
3264 4503 3438 4561 Filius
3460 4521 3628 4559 meus.
3655 4501 3800 4560 Suus

2215 4595 2400 4665 utique
2429 4611 2534 4650 non
2562 4610 2660 4666 per
2685 4593 3028 4666 adoptionem
3058 4595 3247 4667 gratia:
3268 4636 3284 4663 ,
3315 4611 3490 4668 neque
3543 4607 3641 4662 per
3672 4590 3799 4649 reli-

2218 4686 2432 4755 gionem
2458 4694 2722 4741 creatura:
2743 4711 2769 4753 ,-
2816 4694 2876 4742 ut
2908 4686 3143 4741 haeretici
3164 4685 3349 4740 volunt
3371 4724 3386 4749 ,
3443 4683 3536 4739 sed
3566 4682 3648 4737 sui
3677 4696 3800 4754 pm—

2219 4776 2449 4846 prietate
2476 4776 2709 4847 generis,
2735 4785 2791 4832 et
2814 4776 3039 4832 veritate
3065 4784 3289 4829 natura.
3321 4771 3473 4826 Multi
3503 4773 3646 4827 enim
3676 4786 3797 4828 san‘

2221 4874 2428 4920 ctorum
2453 4863 2574 4920 Filii
2603 4865 2699 4921 Dei
2745 4866 3017 4929 dicuntur,
3040 4871 3095 4916 et
3122 4868 3265 4925 sunt,
3295 4860 3390 4917 sed
3428 4859 3519 4916 hic
3552 4862 3670 4917 sine
3698 4860 3799 4916 du-

2225 5063 2283 5119 S.
2306 5062 2526 5137 Paulino
2549 5058 2879 5137 Aquileieusi
2899 5069 3112 5137 quoque
3147 5055 3476 5137 descriptum
3501 5055 3688 5137 critico
3734 5068 3798 5108 ac

2224 5135 2431 5189 erudite
2456 5125 2706 5188 observat
2728 5127 2796 5184 cl.
2830 5125 3131 5190 Madrisius,
3158 5125 3401 5194 Oper.'S.
3437 5125 3642 5180 Paulini
3672 5137 3776 5194 pag

2228 5205 2347 5269 164,
2376 5211 2488 5257 ιιοι.
2520 5197 2862 5273 (Patrologice
2900 5205 3041 5273 tomo
3077 5194 3260 5260 XCIX,
3289 5196 3392 5251 col.
3433 5196 3580 5273 {£591.

2299 5267 2342 5316 bi
2363 5274 2505 5329 Edit.
2530 5267 2548 5325 ἐ
2582 5289 2602 5321 ι
2634 5268 2705 5324 Ut
2723 5267 2897 5337 neque
2912 5281 3009 5336 per
3028 5268 3320 5323 humanam
3339 5267 3656 5337 sapientiam
3677 5277 3804 5334 pro-

2228 5346 2544 5400 funditatem
2570 5337 2711 5394 illius
2732 5337 3115 5410 incarnationis
3139 5346 3422 5410 penetrare
3446 5344 3682 5410 appetat,
3705 5347 3800 5388 ne-

2228 5431 2333 5487 quc
2358 5417 2410 5469 in
2438 5428 2558 5466 eum
2589 5420 2843 5525 tanquam
2868 5407 2918 5461 in
2945 5406 3214 5466 hominem
3239 5422 3433 5489 purum
3460 5406 3664 5477 credat.
3701 5421 3723 5454 ι

2305 5498 2325 5525 c
2369 5483 2496 5525 Vidn
2524 5481 2664 5525 hunc
2711 5493 2864 5525 nolim
2893 5493 3103 5525 niinnne
3146 5480 3477 5525 descrmtum
3505 5489 3664 5525 suum
3692 5467 3796 5525 00L

2247 5480 2260 5487 ’
2305 5498 2325 5525 ο
2369 5483 2496 5538 Vide
2524 5481 2664 5535 hunc
2693 5480 2865 5533 locum
2893 5493 3103 5550 quoque
3146 5480 3478 5547 descriptum
3505 5489 3664 5546 supra

2230 5557 2320 5619 97,
2352 5571 2403 5609 ιι.
2429 5552 2517 5616 26,
2542 5565 2663 5606 cum
2690 5557 2812 5606 nota
2839 5549 2912 5605 ibi
2933 5550 3133 5606 addita.
