4228 6292
466 308 566 365 125

456 428 549 515 bio
600 432 969 503 compass'ione
990 433 1151 507 :[Leg.
1177 476 1193 503 ,
1243 437 1365 521 sine
1402 442 1823 516 comparatione]
1874 460 2013 501 unus
2037 454 2091 511 Α

454 512 565 575 Deo
591 521 735 577 Patri
760 523 928 581 Filius
952 527 1258 598 unigenitus
1273 538 1329 584 et
1346 518 1503 588 verus
1529 541 1585 588 et
1608 512 1877 605 proprius,
1910 553 2016 594 non

452 608 689 676 aliunde,
714 627 876 682 quam
896 615 964 670 de
988 616 1153 673 Patre
1186 626 1363 686 natus,
1394 622 1521 691 quia
1548 631 1654 683 tarn
1680 640 1839 681 verus
1858 626 2018 683 Pater

450 697 611 755 Pater
631 710 736 767 est,
757 718 921 773 quam
946 721 1106 762 verus
1132 716 1187 763 et
1213 707 1355 774 D_eus
1379 721 1481 766 est.
1512 711 1680 767 Sicuti
1700 722 1817 768 tam
1854 732 2014 771 verus

449 789 614 846 Filius
636 791 805 849 Filius
836 802 940 862 est,
967 811 1130 867 quam
1156 810 1318 858 verus
1338 809 1393 854 et
1411 800 1670 858 Dominus
1689 812 1791 859 est.
1824 803 2012 860 Perfe-

446 889 529 935 cta
554 896 685 955 ergo
721 883 857 941 ﬁdes
883 894 968 942 est
1007 887 1291 946 Trinitatis
1334 900 1570 959 ostensa,
1600 908 1725 948 cum
1753 903 1810 950 et
1852 895 2014 952 Pater

444 972 717 1034 Christum
741 976 1025 1037 Dominum
1056 996 1123 1037 ac
1161 984 1329 1039 Deum
1360 994 1602 1043 nostrum
1636 988 1832 1045 Filium
1854 1006 2010 1046 suum

442 1078 563 1121 esse
599 1074 850 1136 testatur,
878 1079 936 1126 et
953 1070 1188 1142 Spiritus
1209 1084 1449 1142 sanctus,
1466 1078 1530 1153 ‘id
1566 1087 1670 1145 est,
1698 1079 2009 1137 Paracletus

442 1155 499 1211 in
537 1164 687 1211 tanto
713 1157 838 1214 ﬁdei
878 1170 1216 1220 sacramento
1251 1165 1401 1221 Patri
1447 1160 1689 1239 Filioque
1735 1170 2011 1242 conjungi-

441 1252 551 1310 tur,
578 1254 638 1301 ut
663 1262 852 1304 verum
884 1249 1101 1307 Patrem
1118 1292 1136 1320 ,
1180 1269 1368 1310 verum
1388 1255 1602 1325 Filium,
1628 1273 1816 1314 verum
1842 1260 2006 1315 etiam

418 1335 698 1411 Spiritum
743 1353 986 1402 sanctum
1038 1341 1379 1423 crederentus
1406 1362 1524 1408 tres
1561 1368 1820 1423 personas
1838 1396 1854 1417 ,
1909 1354 2007 1410 sed

438 1443 602 1484 unam
628 1431 961 1490 divinitatem
987 1435 1286 1511 Trinitatis,
1298 1444 1955 1512 unamquesubstantiam.
1978 1465 1998 1498 ι

508 1518 619 1574 Χιι.
656 1520 751 1577 His
796 1531 853 1580 et
904 1523 1206 1593 huiusmodi
1256 1531 1647 1589 venerabilibus
1692 1542 2003 1589 sanctorum

434 1605 657 1664 Patrum
682 1614 965 1670 sententiis
976 1631 1084 1671 non
1110 1618 1333 1675 credere
1347 1620 1568 1691 impium
1587 1637 1709 1678 esse
1728 1631 1997 1694 putamus.

1027 315 1437 378 DOGMATICA.
1474 353 1548 365 —
1577 326 1737 383 ADV.
1776 329 2069 387 FELICEM
2104 334 2285 393 LIBRI
2321 339 2431 396 VII.
2472 369 2541 381 --
2576 343 2795 401 EPIST.
2834 347 3159 408 PREVIZE.

3520 94 3529 97 μ
3754 92 3793 109 :L
3806 92 3821 95 ι

2572 108 2607 127 ίῑε
2630 106 2723 127 2‘”
2756 126 2771 129 ν
2822 114 2925 133 :74
3116 136 3125 137 κ
3240 108 3283 133 “=,.
3310 118 3361 133 4-,
3400 118 3545 139 -.μυεῖ
3568 116 3807 151 ᾳλκῗιίηξιλ
3796 114 3851 153 g,
3878 118 4007 145 gf,“

2438 453 2768 513 emerem
2802 460 2832 501 ιι
2867 461 3069 517 enm
3101 463 3375 522 ALCUIN]
3420 453 3423 457 “

2580 564 2648 603 AD
2686 564 2930 607 εΑιιοιυι
2968 569 3205 613 ιλεκωι.

2717 641 2894 714 (Anno
2916 646 3066 713 800.)

2114 722 2453 782 Commendat
2488 730 2626 807 regis
2656 735 2886 807 agmini
2922 739 3365 807 ethapprobatiotti
3404 740 3562 798 libros
3596 760 3676 802 vu

2430 798 2675 855 adversus
2702 800 2932 858 Felicem
2962 798 3360 876 Urgeltitanum.

2178 888 2409 947 Maximo
2430 896 2592 962 atque
2615 894 2965 953 invictissimo
2990 900 3365 971 triumphatori
3393 911 3553 974 atque
3572 907 3677 963 cle-

2107 982 2440 1043 mentissimo
2459 998 2744 1054 regnorum
2770 990 2966 1044 rectori
2991 989 3183 1046 Carolo
3209 994 3323 1065 regi
3344 993 3675 1054 Francorum

2105 1079 2163 1126 et
2195 1070 2663 1143 Longobardorum
2694 1091 2759 1131 ac
2801 1080 3029 1148 patricio
3061 1079 3426 1140 Romanorum
3457 1087 3674 1145 humilis

2104 1160 2263 1216 levita
2290 1162 2549 1220 Alcuinus
2570 1164 2818 1220 salutem.

2172 1248 2477 1334 Laudabilis
2500 1252 2712 1308 bonitas
2732 1261 2893 1324 atque
2912 1255 3344 1328 incomparabilis
3358 1260 3672 1335 iucunditas

2100 1346 2295 1396 vestrae
2314 1331 2642 1398 exéellentia:
2675 1343 2923 1400 ﬁduciam
2960 1362 3094 1402 mete
3144 1352 3392 1419 pmsﬁtit
3418 1332 3670 1424 parvitati

2100 1430 2367 1486 scribendi
2391 1431 2591 1502 aliquid
2616 1434 2682 1488 de
2708 1436 2885 1490 causis
2907 1438 3286 1495 ecclesiasticis
3309 1442 3391 1498 vel
3417 1444 3484 1499 de
3508 1446 3672 1502 disci-

2098 1518 2259 1589 plinis
2313 1521 2665 1579 scholasticis.
2714 1525 2867 1593 Quod
2915 1527 3220 1585 nullatenus
3268 1546 3515 1602 agerem,
3564 1536 3669 1591 nisi

2097 1615 2249 1668 scuto
2275 1608 2429 1665 bene:
2473 1612 2763 1669 voluntatis
2804 1624 2996 1673 vestra:
3034 1618 3102 1673 ab
3143 1619 3447 1677 invidorum
3473 1623 3669 1695 linguis

435 1696 603 1754 Nemo
627 1699 844 1759 sobrius
891 1714 1080 1762 contra
1131 1710 1409 1773 veritatem
1429 1750 1445 1777 ,
1499 1727 1659 1769 nemo
1705 1714 2001 1771 catholicus

2096 1714 2231 1757 mete
2266 1702 2533 1759 litterulas
2583 1705 2897 1762 obedientite
2942 1712 3297 1780 protegendas
3342 1728 3616 1781 sperarem
3648 1734 3662 1769 :

435 1787 596 1858 787
620 1798 809 1846 contra
845 1801 1047 1850 sancte
1091 1804 1148 1852 et
1196 1798 1368 1853 unica;
1414 1799 1664 1857 Ecclesia»,
1704 1802 1953 1859 ἀοοιοτεε
1980 1844 1995 1869 ν
2027 1782 2076 1842 Β
2098 1791 2225 1861 quia
2258 1794 2612 1861 quorumdam
2648 1795 2866 1851 solertia
2906 1797 3118 1853 laborat
3158 1801 3330 1871 magis
3351 1801 3578 1857 aliorum
3608 1804 3664 1857 in

432 1893 589 1936 nemo
616 1881 739 1951 pius
764 1893 954 1940 contra
1002 1897 1312 1945 sanctarum
1347 1893 1652 1948 testimonia
1694 1893 1999 1966 Scriptura-

429 1982 549 2046 rum
576 1973 757 2027 sentit.
785 1974 1007 2043 Discite,
1036 1994 1157 2049 quin
1204 1981 1273 2035 ad
1299 1982 1526 2038 salutem
1570 1984 1873 2041 animarum
1899 2003 1995 2043 ve-

424 2064 663 2117 strarum
687 2063 979 2131 pertinent,
1008 2072 1064 2122 et
1100 2067 1301 2138 regiam
1354 2066 1495 2126 viam
1522 2073 1593 2128 ab
1617 2073 1873 2145 apostolis
1898 2076 1997 2130 tri-

426 2151 556 2211 tam,
581 2162 614 2203 a
660 2149 912 2208 Patrihus
960 2151 1354 2226 frequentatam
1378 2200 1393 2226 ,
1435 2164 1674 2218 amandi
1715 2164 1995 2223 latitudine

424 2232 673 2303 electam,
697 2238 855 2308 pleno
876 2241 1151 2299 catholica
1170 2244 1295 2301 ﬁdei
1319 2248 1455 2318 pede
1480 2250 1734 2307 incedite.
1764 2252 1993 2310 Hort'are

423 2324 645 2384 fratrem
680 2337 833 2386 tuum
878 2335 1239 2392 venerabilem
1282 2340 1595 2412 episcopum
1618 2383 1635 2409 ,
1672 2359 1834 2415 quem
1867 2361 1992 2402 cum

422 2433 609 2477 amore
636 2424 853 2479 nomina
886 2423 998 2496 [Ita
1042 2427 1320 2499 cod.,',leg.
1358 2433 1621 2506 nomine],
1650 2434 1988 2505 Elipandum,

419 2514 479 2561 ut
501 2516 677 2564 tecum
698 2518 753 2565 et
778 2526 899 2568 cum
919 2524 1228 2573 sanctorum
1250 2520 1623 2578 innumerabili
1639 2525 1987 2583 multitudine

421 2597 486 2691 ad
505 2609 716 2691 portam
730 2613 1002 2676 perpetuae
1012 2609 1245 2667 civitatis
1268 2614 1542 2669 ascendat.
1573 2612 1748 2672 Nolite
1769 2633 1985 2691 gregem

416 2687 638 2757 Christi,
660 2708 820 2764 quem
875 2698 1159 2769 accepistis
1192 2702 1523 2770 pascendum
1546 2744 1563 2771 ,
1590 2687 1839 2776 perdere,
1871 2687 1986 2766 sed

415 2780 677 2838 salvares
697 2784 756 2840 In
782 2802 889 2843 uno
908 2793 1274 2848 tantummodo
1294 2794 1594 2865 adoptionis
1620 2798 1786 2854 verbo
1803 2814 1836 2853 a
1855 2815 1983 2855 san-

413 2877 502 2924 cta
520 2878 577 2925 et
594 2874 885 2942 apostolica
898 2877 1133 2935 Ecclesia
1155 2882 1557 2941 discordamini.
1581 2887 1762 2944 Facile
1775 2898 1861 2945 est
1881 2891 1982 2947 hoc

413 2962 658 3028 verbum,
688 2965 867 3022 divina
893 2984 989 3024 vos
1030 2970 1319 3029 auxiliante
1364 2977 1559 3046 gratia,
1602 2978 1887 3036 immutare
1926 2990 1983 3037 et

409 3054 731 3141 evangelicis
755 3066 811 3112 et
837 3061 1136 3129 apostolicis
1177 3065 1259 3139 uti
1286 3065 1484 3121 verbis.
1521 3066 1693 3136 Quam
1713 3071 1953 3141 speciosa

2097 1879 2305 1936 occulto
2334 1882 2526 1939 rodere
2550 1882 2717 1949 dicta,
2745 1899 2909 1954 quam
2935 1900 3033 1941 sua
3062 1888 3116 1942 in
3144 1888 3357 1958 publico
3380 1889 3661 1959 proferre;

2096 1985 2324 2041 quorum
2352 1974 2631 2029 scientiam
2677 1975 2931 2033 Salomon
2972 1980 3213 2048 serpenti
3257 1981 3311 2035 in
3346 1982 3664 2048 abscondito

2095 2060 2360 2129 mordenti
2378 2065 2711 2134 comparavit
2737 2064 2905 2137 (Eccl.
2937 2083 2991 2132 x,
3016 2067 3124 2136 11).
3156 2069 3345 2124 Vestra
3370 2087 3495 2126 vero
3530 2073 3662 2130 nulli

2092 2152 2479 2208 contemnenda
2506 2142 2797 2210 auctoritas
2824 2164 3035 2211 nostra:
3070 2158 3336 2213 devotioni
3365 2162 3661 2229 mandavit,

2092 2249 2279 2297 contra
2304 2257 2471 2298 novas
2501 2243 2769 2300 haeretica;
2793 2247 3074 2315 pravitatis
3102 2247 3435 2305 inventiones
3458 2250 3661 2320 aliquid

2090 2331 2329 2387 scribere
2373 2342 2535 2402 atque
2577 2333 2757 2390 libello
2784 2337 3129 2406 respondere,
3157 2352 3316 2406 quem
3350 2346 3536 2393 contra
3560 2354 3661 2395 nos

2087 2424 2237 2479 Felix
2257 2425 2474 2494 quidam
2506 2427 2790 2496 episcopus
2810 2435 3002 2483 vestra:
3019 2428 3215 2483 direxit
3237 2430 3574 2494 auctoritati;
3601 2430 3657 2485 in

2085 2530 2193 2587 quo
2224 2515 2389 2570 multa
2434 2516 2779 2572 inveniuntur
2804 2532 2909 2572 non
2941 2518 3207 2574 catholico
3234 2519 3370 2590 style
3412 2529 3652 2586 exarata,

2084 2607 2180 2663 sed
2214 2616 2399 2662 contra
2429 2608 2711 2675 veritatem
2756 2609 3062 2678 apostolica
3088 2609 3210 2665 ﬁdei
3239 2609 3471 2666 inaniter
3496 2612 3657 2665 desu-

2084 2697 2228 2752 data.
2255 2696 2354 2753 Cui
2390 2695 2562 2753 labori
2587 2706 2780 2754 vestrm
2818 2699 2989 2769 magis
3030 2700 3243 2768 pietatis
3263 2698 3506 2767 iussione
3535 2697 3656 2757 ani-

2081 2792 2281 2852 matus,
2307 2801 2469 2856 quam
2494 2787 2727 2857 propriae
2765 2786 3001 2841 conﬁsus
3038 2788 3244 2856 peritiae
3275 2787 3547 2856 juvamine
3586 2785 3653 2841 li-

2079 2876 2270 2931 benter
2309 2876 2585 2931 succubui.
2626 2875 2695 2930 Et
2740 2876 2864 2929 licet
2901 2875 3079 2931 nullus
3122 2891 3181 2932 se
3217 2874 3362 2944 juste
3389 2892 3650 2935 excusare

2079 2965 2255 3020 valeat
2289 2980 2321 3020 a
2357 2964 2668 3021 defensione
2711 2964 2834 3022 ﬁdei
2881 2966 3175 3031 catholicae,
3224 2974 3403 3021 tamen
3448 2975 3651 3023 sanctae
3690 2996 3697 3005 -

2077 3054 2369 3110 voluntatis
2392 3062 2587 3130 vestrae
2613 3062 2937 3126 praceptum
2962 3068 3094 3110 mea:
3120 3054 3418 3110 devotionis
3450 3056 3649 3126 stylom

408 3112 694 3201 buda’bilis
719 3153 775 3203 et
796 3112 1025 3207 salubris
1048 3161 1131 3208 est
1157 3128 1439 3213 conversio
1474 3112 1657 3214 vestra
1702 3112 1775 3217 ad
1796 3112 1977 3217 unita:
2003 3117 2024 3180 (

2080 3145 2236 3215 hujus
2262 3145 2441 3215 operis
2489 3112 2805 3216 debiiorem-
2818 3142 3049 3198 maxime
3073 3141 3275 3207 eiecit,
3302 3143 3445 3211 quod
3477 3112 3648 3197 totum

407 3240 521 3289 tem
547 3237 709 3304 pacis
722 3247 777 3293 et
801 3239 945 3306 ﬁdei,
970 3249 1025 3296 et
1051 3252 1304 3313 quantam
1345 3246 1555 3303 habetis
1580 3248 1809 3320 gloriam
1829 3253 1971 3321 apud

406 3323 582 3381 Deum
616 3335 671 3381 et
712 3338 928 3388 sanctos
962 3331 1105 3402 ejus!
1140 3334 1353 3391 Utinam
1400 3336 1544 3407 legat
1600 3346 1656 3394 et
1688 3340 1867 3396 videat
1922 3343 1976 3397 in

405 3429 544 3486 pace
567 3423 623 3470 et
657 3416 900 3485 profectu
927 3423 1162 3489 parvitas
1195 3440 1317 3481 mea
1372 3426 1577 3485 litteras
1622 3429 1969 3489 beatitudinis

408 3514 624 3571 vestrae,
656 3514 715 3561 ut
741 3510 977 3578 gaudens
1003 3511 1326 3583 intelligam,
1377 3517 1423 3571 si
1447 3517 1648 3587 aliquid
1675 3520 1976 3579 devotionis

404 3610 543 3652 mea:
571 3605 627 3651 et
653 3596 955 3664 charitatis,
995 3616 1156 3670 quam
1203 3601 1376 3657 habeo
1400 3610 1499 3673 pro
1534 3606 1687 3660 vobis
1729 3607 1785 3661 in
1819 3608 1974 3664 Chri-

403 3698 512 3754 sto,
532 3688 857 3759 proﬁcerent
881 3704 1086 3762 preces.
1115 3691 1481 3750 Humiliamini
1504 3697 1600 3750 sub
1623 3713 1782 3753 manu
1807 3702 1972 3755 omni-

400 3784 627 3849 potentis
653 3782 769 3850 Dei,
796 3795 854 3842 ut
906 3803 994 3841 vos
1042 3785 1231 3841 exultet
1275 3788 1328 3841 in
1357 3797 1583 3859 tempore
1624 3789 1972 3847 tribulationis

399 3870 456 3943 (Ι
484 3870 633 3928 Petr.
662 3891 726 3941 v,
775 3876 829 3949 6)
857 3892 872 3931 :
904 3887 960 3932 et
990 3879 1153 3935 nolite
1187 3887 1380 3936 vestrae
1424 3894 1692 3938 amatores
1723 3896 1842 3939 esse
1879 3899 1969 3940 sa-

398 3961 620 4031 pientia:
643 3966 779 4018 cum
814 3967 1027 4035 paucis,
1081 3970 1174 4025 sed
1210 3970 1452 4027 veritatis
1504 3981 1801 4027 assertores
1852 3974 1969 4029 sitis

396 4066 519 4107 cum
546 4052 810 4122 plurimis.
838 4053 1206 4112 Conoertimini
1239 4060 1308 4112 ad
1325 4076 1427 4125 me,
1454 4070 1503 4113 et
1532 4077 1625 4130 ego
1654 4071 1881 4115 revertar
1898 4063 1967 4115 ad

331 4161 341 4170 ·
395 4160 501 4210 ωε,
534 4144 667 4199 dicit
703 4144 958 4202 Dominus
984 4147 1165 4226 (Zach.
1201 4166 1237 4214 ι,
1266 4149 1342 4222 ὅ).
1396 4152 1584 4207 Divina
1621 4169 1713 4209 vos
1761 4154 1816 4208 in
1846 4154 1966 4226 Spi-

394 4237 501 4292 ritu
523 4237 809 4296 Paracleto
844 4221 1135 4311 praeveniat
1168 4221 1339 4313 gratia
1372 4241 1440 4296 ad
1469 4242 1866 4313 intelligendam
1885 4221 1965 4300 “et

392 4330 792 4399 pmdieandam
835 4331 956 4388 ﬁdei
996 4332 1296 4398 veritatem,
1328 4342 1593 4404 quatenus
1637 4335 1963 4393 immaculati

390 4421 710 4475 etcorenati
735 4429 857 4477 ante
881 4420 1111 4477 tribunal
1152 4425 1343 4478 summi
1371 4424 1575 4482 Iudicis
1617 4426 1803 4482 audire
1851 4443 1961 4482 me—
1983 4455 2035 4516 υ

390 4509 619 4563 reamini
664 4522 680 4563 :
719 4508 915 4575 Venite,
965 4510 1231 4566 benedicti.
1286 4513 1508 4589 Reliqua
1543 4515 1773 4588 (Matth.
1830 4537 1957 4590 xxv,

391 4597 500 4670 at).

458 4852 483 4880 ι
505 4839 586 4916 1η-
617 4856 743 4894 uno.
773 4879 786 4893 .
810 4876 829 4896 .
855 4814 1144 4916 adoptionis}
1183 4840 1354 4916 verbo.
1380 4840 1548 4916 Aliter
1588 4841 1955 4916 Alettinuspo-

389 4916 498 4963 stca
522 4912 747 4966 edoctus
766 4911 948 4976 sensit,
994 4911 1271 4979 postquam
1302 4911 1538 4966 libellum
1558 4928 1591 4979 a
1629 4913 1805 4970 Felice
1851 4911 1952 4972 sibi

389 4982 691 5047 oppositum
719 4982 933 5038 evolvit.
962 4982 1037 5036 Ita
1063 4982 1205 5037 enim
1236 4982 1422 5036 scribit
1452 4983 1504 5035 in
1539 4982 1709 5052 Epist.
1744 4987 1831 5051 85,
1883 4987 1949 5042 ad

387 5046 644 5107 domuum
683 5066 904 5111 regem:
943 5071 963 5104 ε
988 5052 1165 5111 Nuper
1190 5051 1331 5106 venit
1361 5051 1493 5105 mihi
1541 5051 1749 5108 libellus
1777 5069 1808 5108 a
1849 5056 1949 5111 Fe-

388 5067 644 5107 uomnum
683 5067 863 5123 regem
891 5071 904 5106 :
943 5071 963 5104 ε
988 5067 1165 5122 nuper
1190 5067 1331 5106 venit
1361 5067 1493 5105 mini
1541 5067 1749 5133 unctius
1777 5069 1808 5108 a
1849 5067 1948 5111 ιιέ-

388 5116 487 5173 lice
524 5118 740 5174 infelice
776 5122 1042 5203 directus,
1083 5124 1266 5195 cujus,
1308 5130 1525 5203 propter
1560 5123 1948 5203 curiositatem,

386 5201 506 5242 cum
537 5204 738 5272 paucas
765 5193 1041 5272 paginolas
1063 5192 1388 5272 percucurri,
1414 5192 1587 5247 inveni
1610 5192 1817 5272 pejores
1841 5195 1949 5272 liae-

388 5257 673 5341 vel
723 5257 894 5328 magis
938 5257 1314 5334 blasphemias,
1361 5277 1522 5336 quam
1573 5257 1696 5317 ante
1738 5264 1792 5318 in
1830 5265 1947 5335 ejus

385 5329 595 5398 scriptis
618 5329 875 5400 legerem.
907 5349 926 5383 ι
1053 5329 1071 5334 “
1377 5329 1397 5336 ⁷
1581 5404 1593 5418 .
1751 5404 1762 5416 .
1797 5404 1808 5415 .
1859 5329 1875 5381 ἴ

450 5398 483 5473 Ρ
515 5398 668 5473 lianc
702 5400 983 5473 epistolam
1029 5405 1331 5473 accepimus
1357 5420 1386 5459 a
1415 5403 1648 5465 Baluzto,
1678 5418 1765 5473 qui
1796 5404 1943 5460 illam

421 5469 586 5528 rimus
629 5472 685 5526 in
715 5470 887 5527 lucem
950 5474 1129 5527 retulit
1158 5469 1377 5530 Miscell.
1406 5483 1535 5531 tom.
1559 5474 1646 5541 IV,
1673 5469 1793 5549 pag.
1822 5474 1945 5530 415-

387 5482 504 5595 215.
533 5557 597 5595 ex
624 5542 745 5595 cod.
776 5557 877 5595 ms.
904 5487 1042 5595 £955
1071 5543 1197 5595 bibl.
1224 5545 1559 5595 Colbertinm.

426 5538 504 5609 15,
527 5557 597 5618 _ex
624 5542 745 5618 cod.
776 5557 877 5618 ms.
904 5538 1042 5597 3955
1071 5543 1559 5618 b_ilil.AColbertin:c.
1628 5538 1641 5618 ί
1673 5538 1691 5546 ’
1744 5538 1797 5618 ⁷,

453 5620 478 5685 9
518 5612 585 5670 In
626 5612 1049 5685 disputatione}
1079 5613 1174 5685 Ex;
1201 5614 1301 5670 hoc
1345 5615 1463 5670 loco
1506 5612 1831 5680 discimus.)
1865 5618 1944 5671 in—

390 5680 570 5750 quiunt
592 5680 840 5744 auctores
857 5684 993 5741 llist.
1010 5684 1110 5739 litt.
1136 5683 1394 5753 Franciae,
1411 5693 1539 5743 tom.
1564 5686 1649 5753 IV,
1674 5702 1792 5757 pag.
1817 5689 1938 5753 511,

2072 3245 2264 3291 vestrae
2284 3233 2748 3289 excellentissima:
2764 3233 3037 3303 sapientiae
3058 3232 3360 3303 specialiter
3372 3240 3650 3302 exspectat

2066 3326 2348 3397 judicium,
2384 3333 2567 3380 utrum
2617 3324 3000 3381 ecclesiasticis
3043 3324 3262 3394 dignum
3313 3323 3385 3378 sit
3425 3323 3648 3379 auribus

2073 3419 2298 3488 aperire.
2326 3416 2462 3472 Nam
2502 3417 2665 3473 istum
2693 3416 2933 3473 libellum
2962 3417 3018 3472 in
3053 3416 3414 3485 disputatione
3443 3426 3492 3479 ο,
3522 3429 3645 3484 quae

2073 3510 2128 3566 in
2155 3518 2331 3566 vestra
2358 3510 2524 3581 788
2542 3508 2842 3569 veneranda
2866 3507 3150 3578 praesentia
3178 3520 3301 3562 cum
3321 3505 3497 3563 Felice
3516 3518 3645 3563 ven—

2072 3600 2226 3655 tilata
2251 3608 2356 3664 est,
2376 3606 2695 3669 praesentem
2717 3597 2898 3652 habui.
2925 3595 3031 3651 Sed
3051 3597 3175 3666 quia
3198 3610 3297 3652 nec
3322 3596 3497 3654 adhuc
3516 3606 3645 3654 ante

2067 3697 2305 3745 vestrum
2332 3686 2601 3759 perlectus
2626 3686 2654 3726 ἀ
2686 3694 2769 3743 εει
2803 3688 3139 3758 sapientiam,
3170 3702 3269 3743 nec
3306 3702 3337 3740 a
3364 3687 3641 3750 vobis,cui

2069 3781 2302 3837 maxime
2340 3780 2569 3845 sudavit,
2612 3779 3007 3849 comprobatus,
3038 3785 3214 3831 ratum
3256 3776 3382 3829 duxi
3411 3774 3638 3844 publicis

2070 3889 2175 3929 non
2199 3872 2375 3928 eﬁ'erri
2400 3871 2638 3926 auribus.
2670 3870 2824 3923 Nunc
2845 3882 2975 3921 vero
2997 3874 3174 3921 vestra
3201 3866 3380 3919 videat
3404 3864 3638 3918 auctori-

2069 3971 2150 4016 tas
2178 3961 2306 4029 quid
2334 3960 2399 4013 de
2428 3974 2494 4013 eo
2517 3958 2633 4011 ﬁeri
2666 3956 2807 4010 velit.
2838 3956 3069 4010 Tantum
3096 3954 3354 4025 deprecor
3374 3962 3431 4008 ut
3460 3953 3635 4008 nulla-

2065 4062 2219 4106 tenus
2234 4050 2385 4119 prius
2405 4048 2487 4104 vel
2510 4048 2794 4118 abjiciatur
2814 4046 2897 4102 vel
2927 4047 2982 4101 in
3010 4045 3280 4115 publicum
3308 4045 3635 4116 proferatur,

2062 4157 2221 4215 quam
2249 4150 2392 4196 totus
2420 4141 2560 4196 inter
2584 4138 2875 4194 familiares
2894 4151 3153 4209 personas
3176 4145 3370 4191 vestra:
3395 4137 3634 4193 auctori-

2064 4235 2188 4289 tatis
2215 4232 2447 4288 examini
2480 4230 2801 4302 perlegatur.
2832 4229 3012 4284 Multis
3047 4228 3191 4283 enim
3219 4226 3274 4281 in
3295 4226 3428 4281 locis
3453 4226 3635 4287 minus

2061 4325 2306 4381 ordinata
2331 4324 2690 4394 disputatione
2712 4335 2953 4385 currere,
2982 4327 3039 4375 et
3075 4333 3216 4389 saepe
3234 4325 3357 4372 ante
3383 4315 3523 4372 dicta
3547 4331 3632 4371 re-

2060 4424 2263 4487 petere,
2296 4414 2605 4482 solutasque
2651 4412 2863 4467 videtur
2908 4411 3103 4464 iterare
3153 4408 3473 4479 sententias;
3504 4402 3628 4476 quia

2060 4507 2112 4560 in
2157 4505 2304 4559 omni
2340 4504 2460 4557 loco
2484 4501 2844 4572 proponendis
2898 4497 3283 4567 questionibus
3322 4496 3626 4551 necessario

2056 4595 2482 4666 respondendum
2530 4592 2649 4656 fuit,
2694 4608 2761 4647 ne
2800 4591 2977 4661 aliquo
3023 4588 3360 4644 adversarius
3403 4586 3457 4639 in
3506 4585 3624 4639 loco

2052 4698 2181 4739 suas
2212 4683 2386 4755 jactet
2417 4682 2809 4752 propositiones
2840 4694 3161 4747 permanere
3196 4678 3540 4741 indiscussas,
3569 4684 3626 4731 ct

2058 4878 2076 4910 ι
2095 4843 2256 4941 quod
2290 4856 2425 4913 alibi
2456 4872 2563 4941 non
2587 4855 2815 4941 legimus
2836 4855 3022 4941 libros
3050 4872 3121 4941 vit
3159 4849 3618 4941 contra-felicem

2056 4919 2182 5005 anie
2201 4929 2340 4983 hanc
2360 4942 2483 4983 cum
2510 4926 2600 5005 illo
2620 4919 3030 4996 disputationem
3051 4925 3215 5005 fuisse
3241 4923 3436 5005 ﬁnitos.
3467 4919 3620 5002 Unde
3684 4998 3691 5005 ο

2055 4999 2275 5054 eosdem
2326 4998 2641 5072 convenisse
2670 4992 2914 5066 oportet;
2947 5004 3227 5068 postquam
3253 4992 3344 5072 ille
3374 4992 3436 5072 in
3464 4992 3614 5072 prio-

2056 5084 2170 5143 rem
2198 5082 2439 5143 errorem
2467 5061 2830 5143 relapsus-est,
2854 5075 2909 5121 et
2933 5061 3216 5143 anteqliam
3237 5062 3492 5116 Alcuinus
3516 5061 3616 5143 hos

2054 5139 2221 5193 libros
2249 5138 2533 5207 vulgasset.
2570 5128 2596 5189 ἱ
2621 5128 3052 5207 Alcuinumcum
3076 5128 3273 5207 Felice.
3295 5145 3476 5207 coram
3514 5128 3615 5185 Ca-

2056 5208 2168 5285 rolo
2194 5202 2384 5285 Magne
2410 5208 2711 5285 disputasse
2724 5206 2923 5285 _nullibi
2947 5202 3387 5285 reperimus,_nisi
3409 5202 3464 5285 _in

2056 5278 2179 5349 cilio
2224 5271 2643 5349 Aquisgra'nensi
2691 5277 2832 5349 circa
2880 5271 3038 5349 ﬁnem
3086 5271 3367 5349 anni__'_i99
3409 5271 3612 5349 hhnbito.

2046 5348 2213 5423 Igitur
2242 5338 2661 5423 ﬁnitovprimum
2700 5346 2801 5401 hoc
2833 5343 3082 5423 concilio,
3109 5358 3203 5399 eos
3231 5343 3413 5423 libros
3421 5338 3619 5423 Carolo

2046 5410 2352 5493 probandos
2378 5410 2543 5493 misit,
2565 5425 2620 5470 et
2646 5432 2787 5472 anno
2815 5416 3033 5493 demum
3052 5410 3436 5493 sequenti800,
3462 5417 3613 5479 post-

2045 5485 2222 5560 quam
2237 5488 2329 5560 diu
2357 5488 2457 5544 sub
2479 5500 2705 5560 censura
2734 5486 3012 5560 sudarunt,
3046 5485 3353 5560 evolgavit.
3424 5530 3477 5560 ,Α

2114 5556 2139 5597 d
2182 5555 2467 5613 Perlectus.
2506 5554 2621 5624 Qua
2653 5557 2719 5613 de
2758 5574 2814 5612 re
2849 5558 3043 5612 iterum
3089 5548 3196 5623 agi't
3226 5551 3383 5623 epist.
3420 5548 3517 5605 100
3560 5557 3612 5603 ct

2052 5627 2169 5682 lOl.
