4228 6234
614 322 710 378 1'5!

1464 312 1526 367 Β.
1565 313 1627 368 F.
1664 311 1887 368 ‘ALBINI
1926 311 2056 369 SEU
2096 308 2366 367 ALCUINI
2403 307 2685 365 OPERUM
2719 306 2897 363 PARS
2934 306 3018 364 Ill.

3719 308 3823 363 132

606 428 770 497 igitur
796 425 843 479 si
872 431 1054 480 sancta
1082 422 1176 477 Dei
1200 404 1438 477 Ecclesia
1465 422 1520 476 in
1547 429 1661 476 toto
1685 421 1816 476 orbe
1842 428 1927 475 est
1950 418 2157 483 diﬁ'usa,
2187 429 2240 489 Α
2263 410 2539 490 largiente,
2565 431 2671 486 pax
2694 426 2855 486 atque
2880 417 3032 487 quies
3056 415 3246 473 collata
3271 416 3451 482 fuerit.
3474 419 3527 473 in
3553 425 3666 473 toto
3692 417 3823 473 orbe

608 531 738 587 ergo
772 528 1106 585 nequaquam
1136 513 1189 566 in
1234 512 1342 567 illis
1367 520 1479 582 est;
1510 513 1637 581 quia
1679 512 1754 566 illi
1797 526 1905 566 non
1945 518 2070 566 sunt
2110 510 2166 564 in

609 610 723 658 toto
749 602 880 656 orbe
902 615 918 655 :
948 602 995 656 si
1019 615 1148 655 vero
1173 601 1228 654 in
1252 601 1354 656 illis
1372 609 1475 666 est,
1495 602 1658 655 etiam
1679 609 1807 656 tunc
1831 602 1887 654 in
1905 608 2016 658 toto
2036 599 2168 655 orbe

611 707 718 748 non
737 701 843 758 est,
867 692 991 762 quia
1031 690 1106 746 illi
1148 692 1417 745 contraria
1435 692 1532 745 toti
1558 692 1679 746 orbi
1718 690 1924 762 ﬁngunt
1951 691 2171 746 nomina

612 784 680 839 de
698 783 1026 838 humanitate
1051 781 1249 838 Christi
1278 781 1373 837 Dei
1411 782 1601 848 nostri,
1648 783 1738 853 qui
1768 792 1853 837 est
1874 791 2034 853 caput
2066 782 2170 837 Ec-

611 873 805 927 clesia.
831 872 998 927 Porro
1026 887 1123 926 nos
1151 872 1289 925 intra
1319 872 1573 927 terminos
1588 871 1889 941 apostolica
1913 872 2170 929 doctrina

613 972 670 1016 et
688 952 884 1016 sancta
905 961 1155 1016 Romana
1174 962 1423 1016 Ecclesia
1450 962 1675 1016 ﬁrmiter
1692 970 1897 1016 stamus
1922 979 1935 1014 :
1958 960 2170 1015 illorum

615 1052 1041 1121 probatissimam
1074 1060 1357 1119 sequentes
1395 1051 1789 1115 auctoritatem,
1815 1056 1869 1104 et
1894 1048 2171 1105 sanctissi-

616 1141 716 1195 mis
736 1141 1055 1196 inharentes
1074 1139 1351 1205 doctrinis,
1374 1139 1513 1207 nihil,
1527 1140 1648 1193 novi
1676 1138 1987 1203 inferentes,
2010 1138 2174 1193 nulla-

615 1246 720 1300 que
766 1231 1100 1305 recipientes,
1133 1231 1233 1285 nisi
1275 1247 1393 1300 qua
1429 1232 1483 1285 in
1528 1231 2051 1303 illorum‘catholicis
2094 1232 2173 1286 in-

617 1321 901 1374 veniuntur
928 1321 1159 1388 scriptis.
1192 1320 1257 1373 Et
1280 1320 1399 1389 quis
1427 1321 1723 1374 censendus
1757 1329 1843 1374 est
1867 1320 2172 1384 haereticus,

617 1424 687 1465 an
712 1410 799 1463 ille
822 1410 911 1478 qui
937 1417 1241 1463 sanctorum
1271 1410 1490 1463 Palmm
1531 1418 1586 1463 et
1628 1410 1791 1463 totius
1832 1409 2083 1464 Ecclesia
2108 1409 2175 1463 ab

619 1488 771 1554 initio
791 1500 1057 1554 nascentis
1083 1497 1208 1553 ﬁdei
1246 1498 1538 1553 catholicos
1564 1500 1803 1568 sequitur
1828 1514 2036 1563 sensus,
2082 1508 2176 1553 aut

619 1592 707 1646 ille
731 1591 821 1659 qui
851 1593 902 1644 in
932 1591 1117 1645 ultimo
1147 1591 1601 1660 temperemundi
1640 1606 1778 1645 nova
1804 1590 2048 1660 quadam
2081 1606 2177 1645 no-

620 1679 785 1739 mina,
814 1678 1049 1736 inaudita
1076 1678 1267 1746 priscis
1295 1678 1643 1747 temporibus,
1675 1678 1825 1749 ﬁngit
1871 1678 1937 1732 de
1979 1676 2175 1733 Christi

2267 518 2553 573 terrarum,
2579 507 2786 562 cunctis
2815 508 2869 561 in
2898 508 3116 581 urbibus
3142 524 3236 564 seu
3276 508 3406 564 locis
3448 508 3706 573 ﬁdelium,
3727 524 3822 579 per

2266 597 2525 651 unitatem
2553 594 2697 661 ﬁdei,
2717 610 2814 664 per
2840 595 3177 651 concordiam
3197 597 3500 663 charitatis,
3523 597 3650 667 quia
3678 597 3827 651 deest

2265 688 2359 757 qui
2386 693 2583 751 tentet;
2615 694 2670 741 et
2694 686 2768 740 ita
2795 694 3016 756 apparet
3042 693 3102 740 ut
3128 686 3349 741 nimium
3376 702 3549 743 cacus
3580 694 3637 744 et
3662 700 3828 741 manu

2264 778 2488 849 palpans
2515 776 2805 846 iudicetur,
2842 777 2932 847 qui
2965 792 3106 835 eam.
3126 779 3325 848 ubique
3361 787 3676 847 prasentem
3718 790 3825 830 non

2267 869 2455 923 cernit.
2484 888 2503 921 ι
2532 869 2749 923 Dicitis:
2796 869 2921 937 quia
2956 868 3093 921 deest
3129 869 3218 938 qui
3244 876 3440 922 tentet.
3472 868 3657 924 Videte
3697 881 3828 940 ergo

2266 974 2400 1030 rogo
2443 959 2812 1029 vosmetipsos,
2865 973 2933 1013 ne
2975 957 3115 1014 forte
3160 960 3277 1015 sitis
3327 968 3622 1015 tentatum
3664 960 3832 1026 illius,

2269 1048 2573 1103 scindentes
2593 1047 2826 1109 tunicam
2849 1046 3069 1112 Christi,
3097 1062 3255 1116 quam
3280 1049 3477 1103 milites
3500 1050 3553 1103 in
3580 1046 3829 1118 passione

2271 1136 2413 1191 illius
2453 1152 2559 1192 non
2598 1137 2716 1192 ausi
2763 1145 2886 1192 sunt
2930 1138 3183 1192 dividere.
3221 1138 3288 1192 Et
3333 1139 3471 1193 bene
3507 1138 3666 1208 792
3704 1137 3832 1193 sub—

2264 1228 2513 1296 junxistis
2540 1245 2553 1281 :
2590 1247 2609 1279 ι
2640 1236 2701 1283 ιιι
2726 1228 2949 1283 nimium
2980 1244 3152 1283 cauis
3178 1237 3234 1283 et
3255 1244 3421 1283 manu
3439 1229 3661 1301 palpans
3684 1228 3831 1302 judi-

2272 1324 2439 1380 cetur,
2462 1317 2566 1385 qui
2590 1330 2710 1370 eam
2751 1315 2945 1385 ubique
2970 1325 3285 1386 prasentem
3315 1333 3423 1372 non
3454 1318 3642 1373 cernit.
3679 1336 3699 1370 s
3743 1311 3836 1372 Vi-

2273 1405 2429 1459 detur
2464 1406 2606 1459 enim
2645 1418 2676 1458 a
2701 1414 2881 1459 vestra
2918 1406 3153 1460 cacitate
3196 1405 3496 1460 illamesse
3534 1408 3830 1460 absentem.

2272 1494 2339 1548 Et
2363 1495 2407 1547 si
2430 1494 2624 1563 ubique
2648 1500 2748 1557 est,
2779 1494 2921 1563 agite
2955 1495 3201 1563 precibus
3224 1495 3361 1565 apud
3384 1494 3550 1550 Deum
3573 1504 3626 1549 et
3659 1496 3835 1550 humi-

2274 1585 2423 1657 litate
2447 1584 2585 1652 apud
2608 1584 2873 1648 homines,
2898 1593 2958 1637 ut
2983 1592 3037 1637 et
3053 1583 3327 1639 vobiscum
3355 1583 3468 1649 ﬁat,
3500 1600 3617 1654 qua
3642 1587 3696 1639 in
3722 1595 3835 1641 toto

2274 1673 2493 1737 mundo,
2522 1672 2646 1726 licet
2669 1673 2914 1741 sparsim,
2946 1672 3109 1742 fulget
3134 1682 3187 1728 et
3214 1673 3426 1742 proﬁcit
3452 1692 3465 1727 :
3499 1690 3565 1729 ne
3589 1675 3707 1729 sitis
3736 1691 3833 1731 ex-

622 1770 829 1823 Domini
863 1769 1191 1823 humanitate
1225 1768 1311 1823 νει
1348 1770 1623 1823 divinitate
1650 1769 1789 1823 mins
1833 1770 1923 1838 qui
1962 1785 2026 1824 ει
2055 1770 2177 1824 Vir.
2206 1753 2250 1811 B
2282 1771 2451 1819 torres
2472 1762 2611 1815 illius
2636 1761 2872 1827 luminis,
2902 1772 2955 1817 et
2983 1763 3141 1817 alieni
3168 1779 3199 1817 a
3226 1764 3467 1818 claritate
3492 1764 3838 1832 plenitudinis

622 1862 742 1929 gine
770 1867 925 1913 natus
942 1859 1055 1912 est?
1076 1858 1325 1927 Legimus
1349 1874 1580 1928 namque
1605 1858 1901 1915 Orientales
1926 1859 2175 1931 synodos,

624 1962 743 2015 qua
766 1961 795 1998 a
825 1946 1022 2000 sanctis
1046 1945 1297 1999 Patribus
1328 1957 1659 2017 congregata
1683 1955 1823 2012 sunt,
1855 1947 2179 2017 temporibus

626 2036 849 2089 diversis
877 2043 1061 2089 contra
1089 2035 1267 2089 varios
1310 2036 1727 2102 haresiarchas;
1772 2046 1826 2091 et
1853 2038 2051 2092 nullam
2100 2038 2179 2092 in-

626 2124 867 2177 venimus
909 2139 1131 2193 usquam
1185 2125 1365 2179 dicere
1413 2125 1497 2179 vel
1547 2124 1832 2190 afﬁrmare,
1873 2127 2181 2196 adoptivum

628 2210 815 2275 ﬁlium,
860 2211 945 2267 vel
982 2214 1395 2281 nuncupativum
1424 2214 1591 2269 Deum
1623 2216 1892 2270 Christum
1928 2230 2068 2271 esse.
2099 2216 2183 2271 Si-

627 2298 735 2350 mul
777 2307 832 2351 et
870 2299 1237 2354 Occidentales
1285 2304 1514 2372 synodos
1547 2306 1934 2374 perspeximus,
1981 2321 2082 2362 nec
2126 2309 2181 2361 in

594 2442 597 2443 ν
627 2386 730 2440 illis
750 2388 852 2441 tale
883 2389 1079 2458 aliquid
1108 2392 1444 2447 invenimus:
1474 2396 1566 2449 sed
1596 2411 1693 2450 nec
1720 2398 1773 2451 in
1795 2398 1971 2468 aliqua
1997 2414 2182 2454 earum
2236 2402 2245 2407 “

627 2490 743 2543 qua
773 2477 826 2530 in
859 2478 1134 2547 Hispania,
1166 2480 1247 2534 vel
1277 2481 1463 2547 Gallia,
1508 2484 1590 2538 vel
1634 2485 1750 2540 isti's
1782 2489 2019 2557 partibus
2061 2504 2183 2559 pro-

628 2566 875 2633 mulgata
910 2575 1050 2631 sunt,
1090 2567 1203 2621 hac
1238 2571 1471 2635 nomina,
1508 2566 1625 2641 qua
1651 2591 1820 2643 nuper
1842 2592 1975 2631 nova
2014 2586 2182 2649 teme;

629 2654 1023 2723 ritarprotnlit,
1051 2659 1425 2724 comperimus.
1470 2659 1575 2713 Sed
1622 2662 1814 2735 ubique
1858 2680 1955 2732 per
1999 2680 2184 2720 omnes

631 2744 861 2812 synodos
882 2752 936 2798 et
950 2744 1149 2800 libellos
1167 2757 1473 2801 sanctorum
1493 2749 1771 2804 doctorum
1793 2767 2003 2822 semper
2020 2740 2184 2808 uit/um

630 2832 819 2887 Filium
848 2834 938 2887 Dei
956 2830 1227 2905 proprium
1258 2838 1503 2908 legimus,
1531 2848 1584 2893 et
1608 2856 1771 2894 unum
1800 2841 1969 2897 Deum
1997 2858 2181 2897 verum

633 2924 687 2977 in
731 2925 933 2979 duabus
978 2928 1183 2981 naturis
1232 2930 1509 2997 pradicari
1542 2948 1553 2983 :
1585 2938 1641 2986 et
1687 2947 1852 2986 unum
1893 2933 2179 3001 Christum,

633 3028 740 3066 non
788 3014 919 3069 duos
972 3016 1233 3081 christos;
1277 3032 1376 3072 nec
1420 3019 1552 3073 duos
1593 3021 1752 3085 deos,
1787 3037 1947 3075 unum
1972 3037 2179 3088 verum,

632 3105 858 3159 alterum
895 3110 1340 3176 nuncupativum;
1366 3125 1465 3166 nec
1491 3112 1623 3166 duos
1653 3112 1810 3178 ﬁlios,
1854 3129 2017 3168 unum
2060 3132 2184 3186 pro-

632 3196 828 3264 prium,
866 3196 1090 3249 alterum
1125 3198 1467 3265 adoptivum:
1501 3201 1592 3255 sed
1634 3216 1842 3271 semper
1890 3219 2055 3257 unum
2093 3205 2186 3260 Fi-

632 3285 760 3339 lium
780 3286 1049 3355 preprium
1074 3287 1166 3339 Dei
1187 3286 1382 3351 Patris,
1410 3290 1755 3360 eumdemque
1783 3292 1949 3347 Deum
1975 3309 2185 3361 verum,

633 3374 771 3427 sicut
804 3375 855 3427 in
884 3375 1220 3442 sequentibus
1258 3379 1575 3447 evangelicis
1614 3380 1705 3433 vel
1743 3382 2048 3450 apostolicis
2095 3384 2190 3439 do-

634 3463 841 3528 ctrinis,
883 3464 991 3518 sive
1020 3474 1321 3519 sanctorum
1365 3466 1584 3519 Patrum
1628 3469 1965 3534 testimoniis,
2012 3470 2189 3525 divina

566 3564 569 3567 ‘
635 3555 923 3622 opitulante
967 3557 1157 3624 gratia,
1208 3558 1436 3625 probare
1484 3559 1809 3614 curabimus.
1865 3559 1977 3615 Non
2022 3563 2185 3627 enim,

634 3644 795 3697 veluti
821 3658 914 3697 vos
935 3645 1130 3707 dicitis,
1159 3648 1526 3719 transferimus
1556 3649 1777 3718 lapides,
1803 3651 1855 3704 id
1884 3660 1987 3716 est,
2010 3654 2189 3707 catho-

636 3732 765 3786 licos
806 3748 991 3787 sensus
1031 3735 1097 3787 de
1134 3736 1419 3790 stabilitate
1457 3738 1550 3790 Dei
1587 3739 1859 3804 Ecclesia,
1898 3741 1990 3794 sed
2040 3741 2187 3794 illum

636 3820 879 3887 eligimus
903 3821 1127 3890 lapidem
1153 3824 1265 3891 qui,
1296 3825 1551 3891 pracisus
1580 3825 1643 3879 de
1667 3835 1847 3880 monte
1881 3829 1994 3881 sine
2022 3827 2191 3880 mani-

639 3909 757 3970 bus,
793 3909 1026 3977 implevit
1052 3911 1234 3963 orbem
1265 3920 1524 3965 terrarum
1551 3926 1565 3963 :
1603 3928 1767 3981 super,
1799 3915 1940 3968 hunc
1964 3914 2191 3968 adiﬁca-

641 4010 781 4059 mus,
806 4004 861 4049 et
882 3997 1185 4064 angularem
1209 3999 1454 4067 ponimus
1481 4001 1534 4053 in
1565 4003 1887 4056 sublimitate
1913 4013 2191 4061 structura

639 4082 878 4137 nostra:
906 4100 1062 4153 quem
1090 4096 1267 4141 vestra
1310 4091 1579 4147 temeritas
1614 4107 1735 4145 cum
1768 4090 1963 4147 Iudaeis
2004 4108 2188 4163 repro-

641 4174 753 4240 bat,
778 4176 1026 4243 potestati
1056 4176 1196 4231 illius
1238 4178 1573 4248 derogantes,
1602 4182 1841 4237 nolentes
1878 4184 2069 4239 cadere
2097 4201 2190 4239 su-

639 4280 735 4333 per
768 4265 934 4327 illum,
963 4272 1023 4317 ut
1047 4265 1344 4335 confringat
1380 4268 1628 4322 duritiam
1665 4272 1841 4325 cordis
1868 4276 2029 4327 vestri
2054 4292 2070 4326 :
2096 4275 2192 4328 sed

2210 3069 2257 3133 Ο

2278 1858 2546 1920 perpetua
2575 1850 2727 1904 lucis.
2759 1850 2931 1905 Nolite
2978 1843 3251 1920 superbire
3285 1862 3339 1907 et
3372 1854 3425 1907 in
3454 1855 3637 1923 paucis
3685 1854 3837 1909 vobis

2278 1943 2421 1997 illius
2462 1955 2579 1998 esse
2615 1956 2835 2011 regnum
2880 1952 3089 2011 putare,
3122 1943 3187 1997 de
3224 1958 3330 2013 quo
3372 1944 3570 1998 dictum
3613 1953 3734 1999 est:
3767 1942 3836 1997 Et

2278 2032 2629 2086 dominabitur
2648 2051 2680 2087 a
2704 2034 2839 2086 mari
2860 2050 3019 2103 usque
3039 2034 3106 2086 ad
3132 2049 3291 2096 mare,
3317 2042 3364 2086 et
3385 2051 3415 2087 a
3438 2035 3651 2102 ﬂumine
3675 2050 3839 2104 usque

2280 2122 2347 2174 ad
2396 2122 2638 2175 terminos
2682 2122 2819 2175 orbis
2869 2131 3018 2175 terra:
3067 2121 3235 2194 (Psal.
3267 2139 3414 2186 uxr,
3461 2123 3538 2193 8).
3580 2123 3653 2177 Et
3677 2123 3841 2191 paulo

2280 2222 2437 2281 post:
2466 2210 2535 2264 Et
2575 2211 2865 2265 adorabunt
2894 2228 3009 2265 eum
3049 2228 3220 2265 omnes
3263 2228 3401 2282 reges
3445 2222 3615 2286 terra,
3664 2228 3839 2267 omnes

2281 2311 2450 2371 gentes
2477 2304 2693 2356 servient
2722 2305 2769 2356 ei
2797 2303 2965 2373 (Ibid.
2995 2319 3045 2357 v.
3068 2303 3155 2375 7).
3187 2304 3261 2357 De
3290 2319 3354 2357 eo
3381 2306 3676 2373 certissime
3715 2320 3841 2374 pro—

2280 2392 2554 2460 phetatum
2580 2400 2681 2455 est,
2716 2392 2801 2445 cui
2843 2400 3019 2445 vestra
3052 2395 3391 2462 prasumptio
3418 2394 3709 2450 divinitatis
3746 2410 3842 2466 po-

2284 2481 2500 2534 tentiam
2530 2480 2842 2535 subtrahere
2865 2480 3071 2546 nititur,
3097 2482 3162 2535 de
3195 2481 3347 2550 cujus
3388 2482 3565 2535 divina
3602 2483 3841 2537 humani-

2286 2579 2398 2624 tate
2422 2578 2474 2624 et
2504 2570 2734 2624 humana
2758 2571 3033 2626 divinitate
3051 2587 3115 2626 eo
3137 2573 3251 2642 ipso
3278 2574 3507 2628 donante
3532 2575 3586 2629 in
3612 2588 3842 2646 sequen-

2284 2659 2425 2713 tibus
2467 2659 2675 2727 plenius
2717 2660 2910 2714 dicturi
2936 2677 3137 2716 sumus.

2352 2768 2437 2821 Vl.
2456 2766 2613 2823 Juxta
2635 2770 3008 2837 disputationis
3025 2780 3079 2825 et
3096 2772 3257 2827 vestri
3280 2773 3538 2828 sermonis
3566 2774 3841 2842 sequentia

2283 2854 2461 2909 dicitis
2488 2873 2500 2907 :
2538 2874 2559 2905 ί
2588 2855 2883 2925 Aliquando
2906 2873 3031 2912 vero
3051 2859 3286 2922 Ecclesia
3318 2862 3370 2915 in
3392 2862 3597 2932 exiguis
3620 2872 3725 2929 est,
3747 2863 3842 2917 sed

2282 2946 2471 2999 nonin
2500 2961 2606 3000 uno
2634 2947 2827 3015 angulo
2863 2956 3124 3003 terrarum
3169 2940 3401 3017 exclusa,
3447 2953 3540 3007 sed
3581 2965 3751 3021 neque
3786 2951 3843 3005 in

2285 3049 2390 3086 una
2424 3036 2715 3102 provincia,
2746 3046 2838 3089 aut
2864 3047 3018 3107 gente
3044 3039 3125 3093 vel
3153 3055 3334 3107 regno,
3375 3042 3468 3095 sed
3496 3049 3607 3095 toto
3634 3042 3686 3094 in
3714 3042 3845 3095 orbe

2287 3129 2551 3177 terrarum
2580 3122 2788 3178 diﬁusa.
2829 3143 2849 3175 ι
2880 3125 3125 3195 Nunquid
3153 3142 3258 3182 non
3305 3144 3400 3184 vos
3445 3128 3497 3183 in
3524 3144 3628 3184 uno
3654 3129 3846 3199 angulo

2286 3219 2575 3279 terrarum,
2599 3222 2654 3267 et
2678 3214 2731 3268 in
2760 3230 2863 3269 una
2892 3217 3020 3270 estis
3045 3219 3233 3287 gente?
3260 3218 3435 3285 Quare
3464 3237 3569 3275 non
3601 3220 3865 3295 intelligi:

2287 3302 2371 3366 tis,
2395 3301 2544 3369 juxta
2570 3312 2803 3358 vestram
2832 3308 3168 3373 sententiam,
3216 3308 3269 3362 in
3290 3311 3442 3364 vobis
3468 3327 3573 3365 non
3599 3326 3718 3365 esse
3741 3312 3843 3366 Ec-

2286 3392 2506 3447 clesiam
2536 3392 2755 3458 Christi,
2789 3396 2879 3463 qui
2918 3397 2973 3449 in
3021 3414 3128 3453 uno
3168 3400 3358 3470 angulo
3400 3402 3530 3456 estis
3559 3410 3846 3468 terrarum,

2286 3490 2341 3535 et
2363 3497 2466 3536 una
2495 3484 2687 3552 gente?
2714 3483 2819 3537 Aut
2862 3486 2907 3539 si
2958 3486 3010 3539 in
3053 3488 3203 3543 vobis
3229 3498 3336 3553 est,
3362 3490 3736 3558 proferendum
3767 3503 3850 3547 est

2286 3573 2457 3637 vobis,
2487 3574 2542 3627 in
2569 3588 2672 3642 qua
2707 3574 2809 3627 alia
2858 3585 3011 3643 gente
3047 3578 3117 3631 sit
3152 3577 3235 3632 vel
3278 3580 3471 3647 pepulo
3522 3580 3605 3633 vel
3651 3595 3844 3649 regno;

2289 3661 2369 3715 vel
2391 3662 2480 3729 qui
2509 3661 2617 3714 sint
2648 3663 2738 3730 qui
2764 3664 3035 3718 vobiscum
3078 3668 3409 3720 consentiant
3454 3668 3506 3721 in
3552 3669 3848 3739 adoptionis

2287 3749 2371 3804 vel
2424 3752 2829 3820 nuncupationis
2874 3754 3085 3808 nomine
3132 3754 3199 3810 de
3238 3754 3467 3810 Christo.
3514 3758 3621 3811 Aut
3658 3760 3701 3812 si
3738 3774 3847 3813 non

2288 3841 2509 3909 potestis
2556 3842 2609 3894 in
2640 3850 2750 3897 toto
2790 3846 2919 3898 orbe
2961 3846 3352 3900 socios~vestra
3399 3852 3675 3904 sententia
3704 3852 3847 3905 inve-

2287 3928 2424 3993 nire,
2451 3930 2758 3998 cognoscite
2780 3945 2874 3985 vos
2902 3941 3078 3986 vestro
3101 3933 3301 4001 judicio
3328 3936 3604 3992 haereticos
3630 3957 3641 3991 ε
3668 3947 3719 3993 ct
3743 3939 3848 4010 pla-

2287 4022 2407 4069 ceat
2448 4016 2600 4070 vobis
2646 4018 2814 4088 magis
2851 4034 2971 4073 eum
3014 4020 3257 4090 plurimis
3280 4024 3495 4091 salvari,
3525 4042 3683 4095 quam
3723 4044 3845 4083 cum

2288 4102 2473 4171 paucis
2513 4104 2709 4171 perire.
2756 4106 3173 4164 Animadvertite
3224 4111 3441 4183 (Iacobo
3479 4106 3718 4185 apostolo
3766 4119 3848 4175 di-

2289 4194 2463 4266 cente')
2508 4196 2649 4251 unde
2678 4206 2875 4257 vestra
2912 4202 3182 4269 sapientia
3228 4205 3297 4257 sit
3336 4206 3509 4275 origo.
3541 4208 3630 4261 Ait
3656 4210 3798 4263 enim
3835 4228 3849 4265 :

2292 4281 2443 4346 Quod
2470 4286 2515 4337 si
2544 4284 2717 4338 zelum
2757 4304 2999 4340 amarum.
3037 4291 3252 4359 habetis,
3302 4303 3348 4346 et
3394 4299 3742 4352 contentiones
3766 4301 3849 4354 'in

642 4354 978 4423 exspectatis,
1003 4355 1168 4409 donec
1194 4357 1349 4411 cadat
1375 4373 1535 4427 super
1559 4374 1651 4413 vos
1675 4361 1725 4414 in
1749 4360 1967 4429 judicio,
1987 4371 2039 4417 et
2056 4379 2186 4418 con-
2214 4372 2528 4453 Dcordibtts
2555 4374 2756 4439 vestris,
2787 4375 2943 4429 nolite
2978 4378 3189 4447 gloriari
3233 4354 3278 4435 et
3306 4385 3575 4439 mendaces
3614 4404 3721 4441 esse
3754 4390 3849 4443 ad-

645 4449 781 4497 terat
830 4443 1102 4497 audaciam
1149 4453 1400 4499 vestram.
1458 4447 1678 4502 Dixistis
1725 4451 1968 4505 veritatis
2015 4467 2185 4506 voce:

647 4527 863 4583 Necesse
886 4539 958 4583 est
982 4541 1036 4584 ut
1064 4533 1312 4586 scandala
1334 4536 1555 4600 veniant,
1577 4545 1633 4590 et
1652 4539 1895 4594 tacuistis
1918 4542 2189 4613 sequentia

645 4618 785 4673 illius
812 4623 1081 4675 sententia
1110 4640 1123 4675 :
1152 4640 1227 4677 me
1247 4634 1419 4679 tamen
1442 4627 1637 4680 homini
1663 4645 1752 4697 per
1768 4646 1917 4698 quem
1942 4632 2192 4685 scandala

645 4712 845 4765 veniunt
879 4710 1090 4781 (Matth.
1132 4728 1287 4779 xvm,
1319 4714 1393 4786 7).
1425 4717 1633 4771 Timeat
1670 4718 1771 4773 sibi
1808 4722 2190 4789 unusquisque,

648 4814 712 4852 ne
739 4815 833 4867 per
860 4816 918 4855 se
942 4800 1188 4855 scandala
1214 4803 1554 4861 dissensionis
1574 4815 1628 4860 et
1650 4808 1974 4864 schismatici
1995 4811 2195 4865 erroris

645 4890 903 4949 oriantur.
934 4890 989 4945 In
1014 4892 1190 4960 quiete
1216 4902 1270 4946 et
1294 4908 1424 4964 pace
1442 4900 1768 4967 temporibus
1789 4903 1988 4957 nostris
2010 4910 2194 4956 saneta

648 4978 739 5033 Dei
770 4980 1131 5048 requiescebat
1157 4981 1414 5049 Ecclesia,
1442 4984 1611 5043 donec
1641 5004 1735 5043 vos
1760 5005 1877 5044 eam
1919 4993 2194 5060 turbastis,

645 5077 701 5120 et
722 5068 775 5121 in
795 5068 930 5124 luna
956 5072 1192 5137 modum,
1212 5070 1365 5142 juxta
1388 5083 1621 5130 vestram
1646 5081 1982 5147 sententiam,
2014 5083 2198 5137 decre-

648 5170 801 5209 scere
826 5158 966 5213 illam
992 5158 1210 5217 fecistis.
1237 5163 1428 5218 Nostra
1447 5180 1573 5219 vero
1600 5171 1921 5225 unanimitas
1934 5182 2197 5240 quantum

649 5244 808 5309 valet,
838 5253 893 5299 et
917 5245 1011 5301 Dei
1045 5262 1142 5304 nos
1166 5250 1393 5320 adjuvat’
1412 5256 1603 5324 gratia,
1652 5257 1857 5313 laborat
1894 5270 1952 5315 ut
1994 5270 2201 5319 crescat

646 5346 701 5422 et
737 5336 979 5405 proﬁciat
1013 5339 1081 5393 ad
1103 5340 1397 5409 perfectum
1421 5347 1581 5413 diem,
1613 5349 1679 5404 de
1716 5365 1819 5419 qua
1847 5350 1901 5403 in
1934 5354 2201 5422 sequenti-

556 5438 557 5441 ~
650 5421 749 5477 bus
789 5426 1081 5494 addidistis,
1134 5429 1257 5483 dum
1306 5430 1506 5488 lunaris
1551 5436 1874 5505 plenitudine
1906 5421 2203 5511 splendoris

650 5516 1094 5579 comparationem
1123 5518 1382 5576 fecissetis
1407 5522 1480 5576 ita
1512 5523 1783 5583 dicentes:

599 5610 601 5613 '
729 5599 786 5656 γ.
821 5619 839 5653 ι
876 5600 1071 5661 Sancta
1102 5608 1360 5679 Ecclesia,
1396 5613 1443 5667 si
1475 5616 1685 5681 quando
1710 5618 1779 5683 ei,
1810 5617 1986 5673 divina
2029 5620 2199 5687 gratia

2291 4480 2467 4518 versus
2487 4467 2770 4519 veritatem.
2806 4467 2925 4521 Non
2948 4479 3021 4523 est
3046 4463 3145 4524 ista
3186 4474 3438 4542 sapientia
3464 4475 3735 4529 desursum
3759 4478 3849 4532 de—

2290 4553 2556 4618 scendens,
2606 4555 2695 4607 sed
2746 4564 2971 4622 terrena,
3002 4559 3260 4624 anilnatis,
3304 4560 3578 4616 diabolica.
3633 4562 3728 4621 Ubi
3776 4575 3849 4620 est

2291 4640 2431 4694 zelus
2458 4650 2504 4695 et
2531 4644 2805 4706 contentio,
2827 4645 2914 4715 ibi
2952 4645 3297 4703 inconstantia
3324 4660 3369 4703 et
3400 4668 3547 4706 omne
3576 4671 3702 4723 opus
3728 4672 3851 4724 pra-
3898 4712 3913 4721 κ

2292 4745 2427 4782 vum.
2454 4729 2581 4794 Qui:
2609 4741 2779 4785 autem
2802 4732 3072 4789 desursum
3100 4748 3172 4791 est
3197 4740 3470 4809 sapientia,
3493 4744 3717 4811 primum
3738 4746 3850 4813 qui.

2293 4818 2408 4872 dem
2435 4820 2623 4889 pudica
2651 4831 2743 4889 est,
2775 4824 2960 4879 deinde
3003 4828 3243 4897 paciﬁca,
3286 4830 3535 4894 modesta,
3566 4834 3850 4899 suasibitis,

2292 4907 2437 4962 bonis
2482 4914 2801 4966 consentiens
2844 4912 2983 4985 (Jac.
3034 4932 3117 4981 ni,
3161 4916 3364 4986 ιιι-Π).
3398 4918 3666 4987 Videtisne
3708 4923 3854 4991 quod

2292 5006 2469 5053 vestra
2498 5001 2752 5069 sapientia
2780 5018 2885 5056 non
2920 5012 3002 5057 est
3036 5005 3275 5073 paciﬁca,
3318 5020 3421 5060 non
3453 5016 3536 5063 est
3557 5012 3854 5075 suasibllis.

2294 5102 2400 5140 non
2429 5088 2585 5143 bonis
2637 5090 2992 5144 consentiens.
3045 5092 3113 5145 Et
3154 5094 3273 5147 ideo
3312 5096 3528 5151 omnino
3574 5098 3851 5168 intelligite

2294 5192 2411 5231 eam
2441 5194 2471 5231 a
2492 5179 2603 5233 Deo
2630 5192 2736 5232 non
2760 5194 2881 5234 esse
2908 5180 3105 5247 datam,
3138 5182 3229 5237 sed
3256 5184 3485 5252 quadam
3514 5187 3710 5241 astutia
3738 5186 3847 5241 dia-

2294 5268 2487 5323 bolica.
2526 5268 2729 5323 fraudis
2774 5271 3065 5331 inventam.
3116 5274 3304 5329 Dicitis
3356 5290 3457 5331 nos
3498 5271 3686 5331 verum
3742 5292 3845 5333 non

2296 5356 2491 5409 dixisse
2540 5356 2681 5424 quod
2721 5366 2867 5413 totus
2916 5361 3141 5417 mundus
3186 5364 3489 5430 nobiscum,
3514 5360 3575 5419 id
3598 5374 3701 5434 est,
3730 5368 3843 5422 uni;

2295 5444 2516 5498 versatis
2564 5444 2798 5499 Ecclesia
2848 5446 3043 5502 Christi
3090 5452 3407 5517 consentiat,
3454 5453 3555 5507 nisi
3598 5470 3694 5510 vos
3727 5454 3843 5525 soli,

2298 5532 2545 5595 Probate,
2575 5534 2618 5587 si
2648 5536 2889 5603 potestis,
2916 5551 3097 5591 verum
3125 5554 3242 5594 esse
3271 5540 3410 5607 Quod
3444 5541 3644 5609 dicitis;
3674 5550 3838 5600 osten-

2300 5622 2407 5677 dite
2451 5625 2602 5679 nobis
2642 5626 2725 5680 vel
2758 5642 2913 5681 unam
2948 5637 3156 5696 gentem
3203 5630 3288 5683 vel
3338 5646 3498 5686 unam
3531 5630 3736 5697 urbem,
3764 5630 3836 5688 vel
