4228 6306
424 428 529 484 133

1158 414 1573 474 DOGMATICA.
1610 442 1680 457 -—-
1718 413 1877 473 ADV.
1917 412 2213 471 FELICEM
2252 411 2432 468 LIBRI
2471 412 2578 469 Vll.
2618 444 2683 454 --
2716 414 2843 471 LIB.
2880 416 2924 469 1.

3564 415 3675 475 454

421 544 661 595 sanctam
711 530 1011 589 Romanam
1056 525 1374 590 Ecclesiam,
1419 539 1540 595 qua:
1578 532 1663 580 est
1698 531 1861 594 caput
1894 522 1995 578 Ec-
2022 527 2074 586 Δ
2097 524 2463 578 consentimus
2491 541 2503 577 ε
2533 522 2625 578 sed
2657 526 2709 578 in
2735 540 2818 589 eo,
2850 526 2895 580 si
2926 538 3112 580 verum
3140 533 3243 589 est,
3266 525 3421 582 valde
3439 542 3532 585 eos
3554 546 3677 588 esse

419 626 726 688 clesiarum,
754 621 838 677 vel
870 616 1515 687 Constantinopolitanam
1559 615 1644 671 vel
1690 613 1996 685 Hierosoly—

422 718 679 773 mitanam
702 712 870 782 ipsius
882 708 1091 779 Domini
1116 708 1402 778 praesentia
1424 706 1723 762 dedicatam
1740 724 1756 773 ;
1782 714 1877 761 aut
1889 705 1999 759 An-

424 806 747 875 tiochenam,
779 803 833 857 in
881 815 987 870 qua
1024 797 1265 871 [Querc.,
1296 799 1350 853 in
1387 796 1576 870 quam]
1618 797 1852 867 primum
1880 810 2000 850 san-

422 904 572 952 ctum
598 889 1026 949 Christianitatis
1047 903 1244 945 nomen
1273 903 1392 943 esse
1412 888 1639 957 legitur;
1660 895 1753 941 aut
1771 885 1999 940 Alexan-
2041 938 2051 947 ,

424 985 658 1047 drinam,
688 983 773 1039 vel
803 982 969 1037 ullam
994 979 1293 1035 Ecclesium
1331 980 1384 1033 in
1412 986 1524 1033 tota
1554 977 1725 1044 Italia,
1749 977 1835 1032 vel
1860 976 1999 1031 Ger-

424 1074 623 1140 mania,
670 1072 756 1127 vel
798 1071 962 1126 etiam
1011 1069 1205 1135 Gallia,
1251 1078 1343 1123 aut
1393 1068 1701 1138 Aquitania,
1753 1068 1861 1123 imo
1907 1075 2001 1122 aut

423 1161 717 1227 Britannia,
757 1176 878 1233 quae
913 1160 1066 1216 vobis
1108 1160 1407 1215 consentiat
1450 1159 1505 1213 in
1537 1158 1647 1212 ‘bac
1687 1166 1865 1212 vestra
1912 1172 1997 1211 as-

420 1255 678 1319 sertione,
708 1262 769 1308 ut
809 1251 1282 1323 verumprobetis,
1311 1249 1519 1320 aliquos
1547 1264 1647 1305 vos
1683 1249 1883 1307 habere
1912 1263 2001 1303 so-

421 1343 535 1400 cios
560 1342 839 1406 sententiae
866 1349 1059 1396 vestrae
1086 1358 1099 1393 :
1140 1349 1193 1394 et
1219 1340 1265 1395 si
1286 1355 1391 1394 non
1419 1339 1643 1408 potestis
1668 1339 1771 1393 hoc
1802 1337 1995 1402 facere,

423 1432 623 1487 credite
643 1445 739 1485 vos
766 1438 965 1485 sancta:
994 1429 1088 1483 Dei
1114 1428 1365 1484 Ecclesia:
1392 1428 1661 1483 contraria
1690 1428 1913 1492 sentire,
1945 1436 2000 1482 et

424 1528 608 1577 cavete
631 1521 785 1576 vobis
817 1519 1124 1590 apostolicae
1146 1519 1485 1575 auctoritatis
1516 1519 1771 1589 gladium,
1799 1528 1856 1573 et
1876 1535 2000 1573 san-

425 1624 525 1671 cta:
560 1614 879 1670 universalis
918 1614 1174 1669 Ecclesia:
1220 1596 1503 1667 anathema
1548 1600 1856 1677 formidat'e,
1895 1611 1999 1666 nisi

424 1706 706 1777 corrigatis
732 1705 1053 1761 sententiam
1079 1712 1336 1768 vestram,
1376 1713 1431 1759 et
1471 1704 1538 1757 ad
1576 1705 1839 1758 unitatem
1866 1718 1996 1775 apo-

423 1780 629 1851 stolicae
653 1796 912 1852 doctrina:
938 1795 1342 1851 convertamini.

2100 615 2548 685 reprehensibiles
2567 614 2890 684 iudicamus.
2920 615 3193 671 Catholica
3224 619 3369 671 enim
3408 618 3541 674 ﬁdes
3580 620 3677 675 ha-

2098 702 2213 771 bet,
2233 720 2395 774 quam
2426 722 2525 761 nos
2564 704 2920 772 defendimus,
2961 707 3315 776 prmdicamus
3335 715 3388 763 et
3408 723 3674 777 amamus,

2099 793 2152 847 in
2189 793 2404 850 Christo
2450 796 2585 851 duas
2613 804 2837 851 naturas
2873 811 2994 852 esse
3039 797 3283 867 pr0prias
3306 805 3361 852 et
3384 798 3671 866 perfectas.

2099 884 2334 939 divinam
2365 885 2585 950 scilicet,
2627 902 2732 955 qua
2756 902 2822 941 ex
2847 885 2957 949 Deo
2979 886 3137 940 Patre
3165 897 3290 941 ante
3321 890 3503 943 omnia
3532 880 3676 946 tem?-

2098 989 2229 1044 pora
2279 976 2813 1031 consubstantialiter
2858 985 3016 1031 natus
3045 986 3179 1035 ,cst:
3218 976 3508 1033 humanam
3547 994 3677 1035 vero
3763 1018 3770 1025 ς

2099 1080 2204 1133 qua
2230 1064 2283 1118 in
2319 1065 2653 1133 plenitudine
2697 1072 2995 1135 temporum
3037 1081 3104 1121 ex
3130 1066 3347 1134 Virgine
3388 1067 3528 1122 idem
3564 1068 3677 1137 ipse

2099 1153 2266 1208 Filius
2300 1154 2392 1208 Dei
2439 1146 2655 1209 carnem
2712 1156 3023 1224 assumpsit,
3061 1163 3115 1209 et
3162 1154 3335 1211 factus
3381 1165 3463 1212 est
3516 1172 3679 1214 verus

2099 1241 2279 1307 homo,
2311 1242 2401 1310 qui
2440 1252 2523 1296 cst
2553 1257 2714 1297 verus
2748 1242 2916 1297 Filius
2943 1243 3037 1297 Dei
3068 1253 3213 1297 totus
3242 1244 3293 1298 in
3322 1258 3438 1307 suo,
3466 1252 3527 1297 ut
3553 1246 3681 1297 bea-

2101 1338 2187 1389 tus
2216 1330 2325 1385 Leo
2352 1346 2486 1400 papa
2517 1332 2610 1393 ait,
2641 1339 2696 1385 et
2735 1340 2878 1385 toms
2924 1332 2979 1385 in
3024 1342 3239 1397 nostro;
3272 1332 3411 1385 idem
3454 1334 3506 1385 in
3530 1340 3679 1385 utro-

2101 1436 2223 1489 que,
2257 1436 2362 1476 non
2390 1421 2526 1476 alter
2557 1423 2610 1476 in
2638 1436 2755 1485 suo,
2782 1430 2838 1475 et
2862 1420 2999 1475 alter
3033 1423 3085 1475 in
3116 1431 3320 1475 nostro.
3358 1422 3493 1488 Quia
3532 1423 3677 1476 enim

2099 1511 2336 1566 Verbum
2372 1526 2491 1565 cum
2531 1527 2695 1565 carne
2734 1511 2809 1564 ita
2838 1518 2920 1564 cst
2949 1508 3203 1564 ineti‘abili
3242 1511 3401 1564 modo
3447 1510 3679 1574 unitum,

2099 1606 2160 1652 ut
2192 1599 2365 1668 ipsum
2388 1598 2742 1661 Verbum,’de'
2756 1611 2862 1666 quo
2884 1600 3071 1652 béatus
3095 1596 3329 1652 Joannes
3352 1598 3681 1668 evangelista

2100 1688 2230 1743 dicit
2276 1705 2288 1740 :
2332 1688 2399 1742 In
2440 1689 2694 1759 principio
2744 1698 2857 1741 erat
2913 1687 3153 1751 Verbum,
3205 1697 3252 1741 et
3304 1687 3525 1742 Verbum
3569 1699 3681 1742 erat

2100 1778 2241 1847 apud
2270 1777 2455 1839 Deum,
2485 1787 2533 1830 et
2562 1776 2701 1830 Deus
2726 1784 2836 1830 erat
2878 1775 3095 1830 Verbum
3145 1776 3325 1848 (Joan.
3358 1794 3400 1843 ι,
3449 1779 3527 1849 1),
3567 1793 3693 1835 (ξπ-ν

494 1884 603 1939 Vll.
650 1882 1010 1953 Proposuistis
1047 1884 1210 1939 etiam
1260 1884 1562 1954 exemplum
1614 1884 1842 1939 duorum
1884 1883 1994 1939 liti-

2105 1886 2221 1925 nem
2261 1871 2503 1926 dicamus
2551 1869 2779 1934 factum;
2819 1870 2958 1924 sicut
3002 1871 3144 1925 idem
3192 1872 3306 1941 ipse
3354 1873 3684 1943 evangelista

422 1975 687 2045 gantiam,
716 1993 734 2026 ι
764 1975 886 2044 quis
911 1990 977 2028 ex
1004 1974 1110 2029 illis
1137 1975 1339 2043 aequius
1371 1989 1427 2029 sc
1457 1974 1786 2040 defenderet,
1816 1991 1884 2030 an
1906 1975 2000 2044 qui

423 2079 645 2120 causam
692 2066 939 2119 movebat
969 2066 1136 2132 prior,
1181 2072 1273 2118 aut
1308 2066 1398 2134 qui
1443 2080 1501 2119 se
1548 2080 1580 2119 a
1629 2065 2001 2134 persecutione

425 2155 645 2210 alterius
690 2154 978 2210 defendere
1020 2155 1171 2209 nisus
1218 2155 1322 2208 sit?
1360 2174 1378 2207 ι
1422 2154 1563 2209 Bene
1614 2155 1999 2225 proposuistis,

424 2245 519 2301 sed
573 2259 680 2299 non
723 2244 987 2299 veraciter
1034 2242 1396 2308 intellexistis,
1449 2244 1573 2312 quis
1617 2251 1858 2299 moveret
1898 2245 2002 2300 hoc

388 2350 393 2357 '
422 2335 754 2401 scandalum,
778 2334 1046 2405 quomodo
1076 2331 1193 2404 [F.,
1216 2335 1358 2403 quod
1400 2332 1580 2405 modo]
1609 2333 1753 2388 inter
1790 2341 2003 2389 nostras

422 2435 738 2496 vestrasque
819 2433 1002 2495 partes
1064 2434 1330 2480 versatur.
1406 2425 1655 2495 Nunquid
1721 2440 1827 2480 non
1893 2434 2002 2481 tota

423 2514 661 2570 Ecclesia
716 2515 940 2580 Christi,
992 2515 1261 2569 damnatis
1318 2514 1630 2585 Eutychetis
1675 2523 1729 2570 et
1769 2515 2003 2571 Nestorii

422 2607 747 2671 limre'sibus,
804 2607 1001 2675 ubique
1062 2607 1115 2667 in
1170 2620 1303 2674 pace
1358 2605 1621 2660 catholica
1666 2615 1720 2659 et
1784 2607 1837 2660 in
1884 2608 2004 2661 uni-

423 2702 533 2748 tate
580 2694 703 2748 fidei
731 2693 1057 2762 apostolicae,
1090 2693 1237 2748 nullo
1282 2694 1553 2763 turbante,
1612 2693 1781 2748 multo
1820 2695 2002 2764 quies-

393 2782 587 2867 ‘cehat’
614 2793 873 2854 tempore,
926 2787 1095 2840 donec
1144 2786 1259 2839 haec
1304 2777 1440 2839 nova
1484 2794 1538 2840 et
1588 2787 1825 2856 antiquis
1869 2796 2006 2842 tem-

326 2884 335 2925 ἰ
370 2874 387 2937 ,’
422 2877 644 2949 poribus
700 2877 938 2932 inaudita
993 2884 1139 2933 secta
1205 2892 1327 2947 per.
1362 2884 1598 2932 vestram
1663 2878 2003 2933 insolentiam

426 2971 609 3026 subito
648 2969 943 3024 exarserit?
986 2967 1065 3023 Ac
1099 2982 1197 3037 per
1242 2969 1345 3023 hoc
1382 2967 1581 3035 iustius
1605 2970 1814 3023 videtur
1841 2970 2004 3024 alium

424 3062 545 3135 [F.,
597 3061 765 3133 illum]
807 3058 1376 3126 haereticum‘censeri,
1424 3062 1514 3130 qui
1547 3077 1711 3115 novas
1740 3057 1900 3116 audet
1924 3064 2007 3117 in-

421 3155 709 3207 troducere
745 3158 940 3215 sectas,
973 3165 1134 3219 quam
1171 3150 1318 3203 illum
1349 3151 1460 3219 qui,
1500 3151 1735 3220 paternis
1761 3152 2004 3205 traditio-

2103 1960 2234 2014 dicit
2265 1977 2277 2013 :
2308 1969 2357 2013 et
2392 1958 2614 2014 Verbum
2653 1976 2775 2013 cara
2801 1960 2995 2029 factum
3024 1972 3118 2025 est,
3149 1972 3198 2014 et
3223 1961 3472 2017 habitarit
3513 1964 3565 2014 in
3596 1978 3688 2015 no-

2103 2049 2200 2113 bis,
2230 2048 2283 2103 id
2309 2057 2411 2113 est,
2444 2050 2755 2114 nobiscum;
2788 2049 2913 2104 licet
2942 2052 3069 2105 illud
3088 2052 3319 2105 Verbum
3343 2067 3446 2105 non
3475 2052 3546 2107 sit
3570 2068 3689 2106 mu-

2103 2145 2273 2191 tatum
2306 2137 2359 2191 in
2378 2152 2626 2193 carnem:
2656 2146 2712 2191 et
2738 2153 2866 2193 caro
2889 2139 2977 2193 illa
3002 2140 3214 2193 dicatur
3243 2139 3402 2204 Deus,
3430 2142 3554 2196 licet
3580 2157 3687 2197 non

2103 2227 2237 2283 sitin
2260 2228 2473 2282 deitatis
2497 2236 2741 2281 naturam
2762 2237 2963 2282 mutata
2981 2251 2993 2282 :
3012 2237 3069 2283 et
3081 2240 3163 2283 est
3181 2245 3321 2284 unus
3335 2230 3503 2285 Filius
3519 2232 3686 2296 Deus,

2103 2326 2159 2373 et
2182 2334 2323 2374 unus
2354 2320 2495 2373 Deus
2524 2319 2780 2372 Dominus
2804 2315 2961 2373 Jcsus
2987 2316 3255 2373 Christus.
3292 2318 3372 2375 Ob
3397 2321 3539 2375 hanc
3560 2323 3687 2376 uni-

2104 2420 2270 2466 tatem
2301 2412 2497 2466 dicitur
2523 2409 2693 2465 Filius
2728 2411 2960 2465 hominis
2983 2411 3326 2466 descendisse
3350 2411 3416 2465 de
3446 2412 3605 2477 caelo,
3631 2421 3692 2467 et

2104 2501 2363 2556 Dominus
2387 2501 2571 2571 gloriae
2600 2501 2910 2565 cruciﬁxus,
2943 2510 2998 2555 et
3023 2501 3102 2555 sic
3129 2501 3531 2570 impassibiliter
3552 2503 3690 2556 Ver-

2104 2592 2229 2645 bum
2257 2592 2350 2646 Dei
2377 2607 2594 2660 passum
2644 2601 2745 2655 est,
2777 2599 2831 2644 et
2859 2590 3028 2644 Filius
3093 2591 3326 2645 hominis
3370 2590 3694 2648 mirabiliter

2105 2683 2382 2738 descendit
2406 2685 2469 2737 de
2492 2683 2646 2748 coelo,
2671 2691 2725 2736 et
2752 2682 2891 2737 illius
2917 2698 3125 2746 manus,
3149 2683 3239 2752 qui
3262 2684 3467 2738 creavit
3489 2684 3685 2739 caelum

2104 2782 2160 2829 et
2184 2782 2405 2839 terram,
2435 2773 2602 2829 clavis
2633 2774 2688 2827 in
2724 2789 2886 2829 cruce
2912 2775 3123 2829 conﬁxa
3145 2784 3231 2834 est
3263 2794 3275 2828 :
3313 2784 3367 2829 et
3394 2775 3537 2830 illius
3565 2790 3691 2830 san-

2104 2867 2243 2937 guis,
2285 2882 2383 2936 per
2418 2882 2578 2935 quem
2624 2866 2803 2920 omnia
2850 2874 3031 2919 creata
3074 2874 3220 2928 sunt,
3267 2864 3419 2919 fusus
3465 2872 3550 2920 est
3591 2880 3693 2935 pro

2105 2957 2345 3011 omnium
2394 2956 2587 3020 salute,
2631 2953 2888 3024 Apestolo
2932 2962 3185 3017 testante,
3209 2955 3298 3023 qui
3327 2956 3440 3008 ait:
3472 2954 3539 3008 Et
3569 2971 3694 3008 san-

2106 3049 2222 3116 guis
2253 3044 2382 3099 Filii
2415 3045 2511 3099 Dei
2538 3045 2755 3098 redemit
2800 3060 2893 3097 nos
2932 3042 2987 3115 (I
3028 3044 3186 3098 Joan.
3217 3060 3291 3110 tv,
3316 3044 3393 3115 7).
3418 3045 3549 3112 Quae
3576 3060 3695 3101 om-

2108 3134 2198 3187 nia
2222 3133 2391 3203 magis
2430 3132 2534 3186 [ide
2564 3134 2830 3196 venerari,
2862 3148 3024 3202 quam
3053 3135 3262 3188 ratione
3306 3135 3575 3189 discutere
3600 3136 3693 3189 de-

423 3242 585 3297 nibus
624 3241 890 3294 enutritus
940 3247 995 3294 et
1039 3239 1279 3302 edoctus,
1330 3240 1382 3293 in
1432 3219 1847 3311 propugnaculis
1893 3258 2003 3297 sum
2033 3219 2078 3282 ο
2107 3225 2336 3278 bemus:
2375 3223 2500 3293 (illia
2531 3222 2621 3277 ubi
2650 3224 2789 3279 τίηίο
2816 3223 3015 3291 δεθεῖεν
3057 3225 3128 3279 ibi
3173 3226 3305 3280 ﬁdes
3335 3234 3417 3281 εει
3444 3241 3694 3282 “806583-

421 3331 663 3386 civltatis
681 3330 910 3383 viriliter
937 3336 1107 3394 stans,
1155 3344 1213 3383 sc
1245 3343 1476 3398 suosque
1520 3331 1766 3385 concives
1796 3332 2006 3387 fortiter

421 3420 713 3475 defendere
761 3420 972 3482 nititur,
1029 3418 1633 3489 habens‘armaturam,
1684 3420 1750 3474 de
1794 3436 1901 3491 qua
1950 3424 2004 3476 in

420 3509 652 3565 Cantico
694 3507 1027 3561 canticorum
1080 3506 1211 3574 ipsa.
1258 3498 1508 3559 decantat
1564 3521 1809 3575 Sponsa:
1855 3509 2004 3564 Sicut

420 3599 589 3653 turris
633 3594 804 3650 David
848 3594 1037 3648 collum
1075 3586 1265 3659 tuum,‘
1294 3611 1413 3666 qum
1460 3596 1720 3665 crdiﬁcata
1766 3607 1840 3653 est
1888 3616 2003 3652 cum

418 3687 856 3761 prapugnaculis,
877 3686 1017 3740 mille
1037 3685 1200 3755 clypei
1216 3687 1440 3755 pendent
1458 3703 1522 3739 ex
1542 3704 1624 3752 ea,
1650 3690 1814 3741 omnis
1836 3706 2006 3743 arma-

421 3792 546 3835 tura
574 3780 787 3850 fortium
814 3778 987 3851 (Cant.
1016 3794 1093 3842 iv,
1120 3778 1195 3850 4).
1228 3778 1358 3844 Quis
1383 3778 1541 3848 793
1586 3788 1670 3833 est
1700 3780 1867 3834 David
1908 3795 2004 3834 rex

419 3870 968 3941 Hierosolymitanus,
994 3872 1095 3925 nisi
1124 3870 1367 3925 Christus
1392 3870 1653 3926 Dominus
1688 3879 1871 3926 noster
1910 3887 2005 3927 rex

421 3961 585 4016 fortis
610 3970 664 4015 et
689 3978 869 4026 verus,
900 3963 989 4030 qui
1020 3962 1087 4017 de
1115 3963 1263 4033 virga
1299 3978 1417 4031 qua:
1444 3964 1508 4017 de
1539 3964 1718 4017 radice
1740 3961 1892 4020 Jesse
1915 3982 2009 4021 ex-

421 4052 507 4115 iit,
540 4061 607 4104 ut
626 4050 723 4104 llos
759 4052 1028 4116 ascendit;
1060 4049 1213 4117 cujus
1239 4052 1427 4107 civitas
1462 4060 1544 4106 est
1572 4063 1757 4107 sancta
1799 4063 1854 4108 et
1892 4057 2010 4110 uni-

422 4139 659 4194 versalis
678 4138 932 4201 Ecclesia,
950 4155 1067 4208 qua:
1076 4141 1273 4208 partim
1296 4156 1416 4195 cum
1433 4142 1527 4194 illo
1542 4149 1734 4209 regnat
1751 4149 2006 4196 coronata

420 4229 476 4285 in
505 4230 913 4300 cmlis,'partim
939 4246 1039 4299 pro
1074 4231 1162 4285 illo
1196 4231 1401 4286 laborat
1426 4233 1764 4302 peregrinata
1799 4235 1852 4287 in
1894 4243 2005 4289 ter-

422 4321 525 4384 ris,
550 4319 730 4375 donec
758 4328 1044 4375 coronetur
1075 4329 1129 4375 et
1153 4321 1428 4389 perveniat
1471 4322 1525 4375 in
1561 4322 1807 4391 patriam.
1839 4322 2009 4393 Hujus

419 4410 669 4465 civitatis
713 4410 1111 4481 propugnacula
1158 4422 1356 4467 sancta:
1409 4421 1534 4466 sunt
1578 4411 1906 4483 Scripturae,
1955 4423 2009 4470 et

419 4500 848 4569 pracedentium
881 4499 1098 4554 Patrum
1149 4501 1412 4573 exempla,
1448 4503 1642 4572 quibus
1686 4504 1892 4559 inunita
1926 4514 2012 4561 est

419 4584 623 4644 contra
673 4602 861 4642 omnes
902 4590 1256 4643 adversitates
1305 4607 1319 4643 :
1367 4599 1425 4643 et
1468 4598 1549 4645 est
1586 4592 1701 4647 haec
1733 4603 2008 4649 armatura

378 4706 381 4707 ν
423 4675 680 4741 fortium,
710 4675 763 4729 id
795 4685 1247 4741 est,‘sanctorum
1286 4678 1582 4742 doctorum,
1618 4682 1819 4751 qui-his
1846 4681 2013 4738 armis

422 4776 624 4825 contra
661 4780 856 4821 omnes
885 4765 1166 4821 baereticas
1190 4766 1484 4837 pravitates
1522 4768 1755 4825 victores
1791 4773 2015 4828 exstite-

424 4869 575 4916 runt.
610 4858 712 4914 His
739 4872 838 4913 nos
864 4870 964 4927 pro
983 4858 1179 4913 virium
1210 4869 1514 4914 nostrarum
1544 4864 1809 4931 portione,
1834 4864 2013 4919 divina

423 4952 735 5011 auxiliante
759 4950 953 5021 gratia,
976 4950 1168 5004 armati
1199 4948 1431 5023 [contra]
1458 4967 1646 5008 omnes
1669 4955 1935 5011 novitates
1960 4964 2015 5012 et

424 5038 706 5097 inauditas
749 5041 1073 5109 quaestiones
1114 5040 1319 5095 stamus
1366 5041 1623 5107 viriliter,
1664 5042 2011 5102 defendentes

424 5130 765 5202 apostolicae
785 5131 1101 5188 traditiones
1125 5139 1181 5188 et
1206 5130 1366 5187 fidem
1393 5146 1552 5201 quam
1571 5133 1638 5188 ab
1660 5131 1872 5189 illorum
1892 5134 2009 5191 ebi-

426 5219 621 5279 bimus‘
641 5217 928 5274 uberibus.

494 5304 639 5365 Vill.
706 5302 863 5371 Quod
904 5320 1036 5362 vero
1075 5308 1358 5377 quemdam
1396 5302 1621 5373 Beatum
1669 5310 1915 5366 abbatem
1956 5321 2011 5367 et

426 5395 766 5467 discipulum
811 5392 927 5463 ejus
961 5394 1264 5452 Bitherium
1309 5399 1617 5471 episcopum
1666 5399 1844 5455 dicitis
1885 5400 2011 5456 huic

427 5494 631 5543 vestra
661 5493 831 5543 secta
850 5486 1083 5557 primum
1125 5490 1411 5556 contraire,
1449 5490 1728 5547 laudamus
1756 5507 1848 5547 eos
1873 5492 1925 5547 in
1949 5508 2014 5548 eo

427 5576 574 5645 quod
595 5576 893 5631 veritatem
919 5575 1204 5633 defendere
1230 5586 1407 5636 conati
1442 5590 1585 5637 sunt.
1624 5580 1731 5638 Sed
1758 5583 1803 5638 si
1828 5598 2013 5639 verum

426 5674 514 5721 est
537 5663 693 5737 quod
740 5664 972 5732 dixistis,
1000 5682 1094 5723 eos
1121 5666 1255 5725 duas
1288 5677 1506 5728 naturas
1529 5672 1728 5730 Christi
1755 5673 1808 5729 in
1846 5690 2014 5743 unum

428 5755 793 5823 normam,
821 5756 964 5814 sicut
992 5758 1175 5814 vinum
1218 5767 1273 5816 et
1316 5776 1531 5832 aquam,
1568 5764 1671 5821 hoc
1711 5763 2013 5823 nullatenus

2108 3328 2211 3367 Ila.

2180 3423 2270 3476 IX.
2302 3422 2501 3477 Contra
2527 3428 2773 3476 naturam
2802 3428 2884 3477 est
2924 3423 3066 3492 quod
3112 3423 3286 3494 virga,
3315 3423 3501 3479 multis
3543 3426 3697 3480 arida

2112 3515 2337 3577 diebus,
2396 3513 2577 3566 ﬂoruit
2638 3513 2692 3565 in
2754 3513 3137 3581 tabernaculo;
3194 3514 3380 3569 contra
3446 3522 3697 3569 naturam

2113 3611 2197 3657 est
2241 3610 2302 3654 ut
2351 3601 2502 3670 virgo
2547 3600 2750 3668 absque
2788 3600 2931 3653 virili
2978 3600 3353 3668 conjunctione
3406 3600 3571 3656 tilium
3608 3618 3701 3675 ge-

2121 3700 2380 3745 neraret:
2412 3690 2506 3744 sed
2527 3690 2787 3749 iconditor
2826 3700 3142 3748 naturarum
3179 3691 3312 3745 nihil
3350 3693 3451 3745 sibi
3492 3686 3697 3762 impos-

2119 3780 2274 3834 sibile
2325 3778 2597 3845 condidit,
2653 3780 2793 3833 unde
2841 3794 2946 3832 non
3003 3780 3266 3847 potuisset
3313 3782 3379 3835 de
3420 3768 3699 3850 qualicun-

2110 3886 2214 3940 que
2258 3880 2452 3925 natura
2492 3870 2845 3939 quodcunque
2886 3868 3401 3924 voluisset‘ellicere.
3444 3870 3695 3925 Potuitne

2111 3961 2179 4016 de
2208 3976 2373 4016 carne
2406 3962 2637 4031 Virginis
2674 3961 2950 4029 proprium
2995 3960 3097 4012 sibi
3140 3972 3428 4026 procreare
3472 3959 3694 4026 Filium,

2108 4065 2176 4105 an
2200 4067 2304 4104 non
2348 4049 2558 4117 potuit?
2599 4048 2656 4101 Si
2684 4063 2790 4101 non
2832 4046 3028 4117 potuit,
3055 4061 3159 4101 non
3200 4054 3284 4101 est
3309 4049 3694 4118 omnipotens:

2108 4138 2154 4192 si
2180 4153 2309 4192 vero
2352 4138 2525 4207 potuit
2553 4146 2608 4191 et
2626 4136 2820 4200 noluit,
2865 4151 2964 4191 vos
3002 4136 3213 4191 habetis
3254 4137 3385 4192 dare
3430 4139 3696 4195 rationem

2109 4244 2275 4298 quare
2309 4229 2606 4283 noluisset:
2644 4235 2701 4283 et
2727 4227 2772 4283 si
2818 4228 2923 4282 hoc
2951 4229 3201 4296 poteritis
3243 4242 3522 4295 enarrare,
3565 4238 3696 4302 ergo

2108 4321 2357 4375 voluntas
2396 4320 2492 4375 Dei
2519 4319 2765 4375 altissimi
2812 4319 3315 4391 comprehensibilis
3345 4330 3427 4384 est
3456 4320 3695 4376 humano

2112 4413 2292 4467 animo
2321 4429 2333 4464 :
2360 4420 2415 4466 et
2441 4412 2631 4467 falsum
2658 4418 2761 4476 est,
2789 4410 2930 4479 quod
2956 4410 3243 4481 Apostolus
3265 4410 3361 4476 ait,
3390 4410 3693 4478 incompre-

2112 4502 2430 4560 hensibilem
2450 4516 2571 4557 esse
2594 4502 2782 4557 Deum.
2809 4500 3062 4569 Nunquid
3085 4516 3192 4555 non
3218 4501 3392 4571 major
3414 4508 3498 4556 est
3518 4502 3695 4573 digni-

2116 4601 2197 4647 tas
2220 4592 2275 4645 in
2299 4592 2520 4660 proprio
2535 4590 2647 4645 lilio
2666 4604 2828 4658 quam
2858 4589 2911 4642 in
2937 4589 3220 4657 adoptivo?
3240 4588 3348 4645 Nos
3375 4602 3507 4645 vero
3528 4590 3697 4645 voluit

2112 4683 2167 4736 in
2216 4682 2454 4738 secundo
2501 4681 2671 4750 gradu
2709 4680 2909 4747 habere
2945 4678 3084 4735 ﬁlios
3131 4681 3411 4751 adoptivos
3444 4697 3544 4751 per
3572 4698 3694 4737 eum

2113 4773 2205 4842 qui
2250 4772 2305 4827 in
2344 4771 2519 4841 primo
2557 4770 2729 4841 gradu
2764 4784 2830 4823 ex
2866 4769 3109 4842 Virgine,
3148 4771 3217 4825 de
3258 4766 3469 4841 Spiritu
3508 4781 3695 4828 sancto

2113 4863 2473 4932 concipiente,
2518 4860 2619 4917 sibi
2670 4860 2847 4918 factus
2893 4870 2978 4915 est
3026 4861 3194 4916 Filius
3236 4863 3505 4932 proprius.
3553 4861 3696 4927 Quid

2111 4957 2283 5028 potuit
2307 4971 2375 5011 ex
2403 4954 2514 5010 Deo
2544 4952 2715 5019 nasci,
2750 4954 2850 5008 nisi
2878 4966 3038 5007 verus
3067 4954 3239 5009 Deus?
3284 4952 3418 5007 Nam
3462 4951 3697 5022 Spiritus

2114 5056 2200 5103 est
2222 5045 2383 5110 Deus,
2416 5054 2471 5100 et
2501 5045 2677 5101 omnis
2704 5043 2965 5098 catholica
3011 5042 3245 5097 Ecclesia
3292 5048 3492 5105 cantat,
3520 5045 3699 5100 credit

2115 5143 2171 5191 et
2196 5135 2452 5206 prmdicat
2474 5141 2595 5204 post
2617 5130 3003 5187 confessionem
3036 5139 3275 5199 paterna:
3303 5131 3600 5200 maiestatis
3628 5133 3698 5189 de

2116 5226 2254 5281 Filio
2298 5225 2458 5281 un’co
2504 5230 2561 5278 et
2596 5219 2873 5290 unigenito
2909 5217 3213 5287 hujusmodi
3242 5219 3405 5274 verba
3450 5220 3507 5273 in
3548 5236 3697 5293 sym-

2118 5314 2279 5369 bolo:
2311 5311 2581 5367 Credimus
2627 5320 2678 5365 et
2717 5309 2773 5364 in
2818 5307 3002 5363 Iesum
3044 5306 3309 5363 Christum
3352 5306 3553 5363 Filium
3596 5309 3702 5365 Dei

2120 5405 2461 5475 unigenitum,
2492 5413 2674 5458 natum
2706 5418 2771 5455 ea:
2802 5399 2962 5454 Patre
3003 5409 3123 5455 ante
3162 5401 3339 5454 omnia
3369 5399 3584 5464 secula,
3613 5398 3698 5453 lu-

2121 5511 2235 5549 men
2259 5493 2323 5547 de
2358 5492 2575 5557 (uanius,
2602 5491 2769 5545 Deum
2814 5504 2989 5545 verum
3032 5490 3095 5543 de
3142 5488 3251 5543 Deo
3292 5503 3411 5542 vero
3440 5503 3461 5541 :
3488 5496 3696 5551 natura,

2122 5603 2227 5640 non
2253 5584 2471 5654 factum,
2514 5580 3004 5638 consubstantialem
3038 5581 3211 5644 Patri,
3238 5596 3329 5648 per
3347 5594 3497 5648 quem
3519 5578 3698 5633 omnia

2120 5674 2263 5744 facta
2302 5684 2443 5727 sunt.
2477 5672 2581 5739 Qui
2607 5683 2815 5744 prapter
2864 5689 2958 5727 nos
2997 5672 3226 5725 homines
3263 5678 3313 5723 et
3350 5678 3557 5740 propter
3603 5685 3699 5724 no-

2119 5774 2281 5821 stram
2310 5764 2529 5822 salutem
2555 5765 2815 5822 descendit
2843 5766 2907 5821 de
2936 5763 3085 5831 ccio,
3121 5772 3168 5817 et
3198 5763 3500 5818 incarnatus
3528 5772 3604 5818 est
3632 5764 3698 5819 de
