4228 6290
896 92 967 95 ν-
1174 94 1181 97 τ
1244 88 1605 103 νπε-ῑῖειςιέ-ῖιίμγ
1678 98 1681 101 ,
1748 92 1823 107 γημιί

363 328 462 383 157

355 531 601 587 discernit
627 528 797 599 (Psal.
839 543 1020 593 unt,
1052 529 1126 598 l).
1159 528 1525 584 Essentialiter
1551 537 1729 584 autem
1775 529 1917 584 Deus

355 619 574 687 dicitur,
607 618 745 672 sicut
772 617 883 687 ipse
910 617 977 672 ad
1018 614 1253 686 Moysem
1282 616 1412 671 dicit
1442 634 1455 670 :
1487 616 1600 687 Ego
1628 634 1744 671 sum
1777 617 1918 672 Deus

356 709 642 773 Abraham,
671 717 720 762 et
741 707 884 761 Deus
909 706 1087 772 Isaae,
1127 716 1176 760 et
1201 704 1359 760 Deus
1397 705 1562 760 Iacob
1600 705 1795 777 (Exod.
1832 722 1916 771 tu,

354 801 431 871 6).
466 800 616 857 Unde
636 798 831 855 Paulus
857 797 1131 868 apostolus
1150 796 1332 853 volens
1364 796 1457 851 Dei
1492 811 1686 852 nomen
1713 811 1919 850 nuncu-

353 891 592 962 pativum
613 890 681 945 ab
701 882 973 944 essentiaii
994 887 1317 951 discernere,
1348 886 1425 941 ait
1446 903 1461 939 :
1489 885 1724 952 Quorum
1746 897 1917 948 patres

353 998 419 1035 ea:
445 980 632 1052 quibus
658 977 896 1033 Christus
939 976 1224 1032 «eundum
1262 991 1491 1042 carnem,
1537 976 1732 1046 quiest
1770 975 1918 1029 bene-

354 1072 525 1125 dictus
547 1086 699 1140 super
722 1068 899 1123 omnia
921 1068 1063 1122 Deus
1082 1067 1138 1121 t'rt
1155 1064 1552 1137 swcula'(Rom.
1576 1080 1650 1129 lx,
1672 1062 1751 1136 5).
1773 1063 1921 1121 Nun-

354 1159 633 1229 eupativus
658 1158 805 1213 enim
830 1156 973 1212 Deus
998 1156 1140 1210 inter
1166 1156 1368 1222 omnia,
1399 1155 1703 1211 essentialis
1738 1163 1919 1211 autem

355 1263 516 1318 super
546 1248 743 1303 omnia.
777 1247 849 1304 Ut
880 1262 1012 1319 ergo
1054 1248 1362 1325 ostenderet
1400 1246 1673 1303 Christum
1701 1256 1920 1303 natura-

354 1337 478 1392 liter
501 1337 691 1402 Deum,
715 1352 820 1392 non
849 1338 993 1392 hunc
1017 1338 1185 1393 Deum
1213 1337 1604 1403 tantummodo,
1633 1338 1727 1395 sed
1749 1337 1918 1392 Deum

353 1441 516 1497 super
540 1420 719 1482 emnia
741 1441 861 1482 esse
890 1427 1239 1482 memoravit:
1265 1428 1391 1496 quia
1417 1436 1473 1482 et
1494 1426 1672 1496 justus
1697 1427 1921 1498 quilibet

356 1518 498 1573 Deus
536 1527 638 1583 est,
668 1518 761 1573 sed
798 1519 939 1572 inter
970 1508 1325 1588 omnim-quia
1352 1517 1744 1586 nuncupatints
1778 1517 1920 1572 Deus

355 1618 436 1662 est
466 1626 479 1660 :
519 1607 765 1662 Christus
802 1615 981 1662 autem
1019 1608 1162 1663 Deus
1188 1622 1349 1676 super
1372 1608 1573 1673 omnia,
1611 1607 1738 1676 quia
1766 1615 1921 1661 natu-

356 1698 540 1752 raliter
563 1697 704 1752 Deus
730 1703 829 1751 est.
866 1716 885 1749 ι
917 1696 1086 1767 Igitur
1112 1712 1217 1753 non
1248 1712 1400 1767 aequa
1426 1697 1752 1768 preprietate
1795 1708 1922 1759 sunt

1085 328 1495 385 DOUMATICA.
1534 358 1605 370 —
1642 327 1802 387 ADV.
1841 324 2131 386 FELICEH
2174 327 2351 384 LlBlll
2392 327 2500 383 Vll.
2535 358 2602 368 —
2638 327 2764 383 LIB.
2803 327 2843 384 l.

1962 88 2051 115 vis:
2074 88 2771 129 mw'w‘wvw
2496 88 2507 91 Ἰ
2682 116 2739 129 q_.
2800 88 2935 121 μ
2828 110 2833 113 -
2882 100 3339 139 frgi-virm.
3152 116 3159 123 ,
3180 116 3189 127 ῖ
3292 120 3301 135 ε
3342 90 3633 139 {giﬁ-‘mj
3544 90 3555 95 ”
3600 98 3615 103 ‘
3780 92 3787 105 ²

2279 116 2379 119 ν-
2396 116 2507 125 -η-ν.
2516 116 2697 129 mn
2710 116 3074 135 -’-—-.-.-—._.....ﬁ—,r~'-'m—--ﬁ"
3078 116 3537 143 Ϊᾟω-ῖῖ-ἒ-ἶῠῖᾘξθίέξᾝ
3460 140 3485 145 μ
3514 140 3523 145 -

2279 146 2282 157 θ
3526 144 3537 145 η

3483 330 3584 389 138

358 440 499 498 Deus
522 442 659 495 stetit
683 441 738 495 ia
765 455 1026 511 synagoga
1056 439 1292 504 deorum,
1319 441 1374 494 in
1402 439 1572 495 medio
1600 450 1769 495 autem
1796 441 1918 495 deos
1946 447 1994 504 Α
2021 440 2188 495 Deum
2213 441 2633 511 omnipotentem
2685 441 2961 496 nominare
2998 441 3194 510 soleat;
3225 447 3367 515 quod
3391 448 3587 520 sapius

2020 530 2255 601 legentes
2279 531 2477 601 quique
2504 531 2747 586 invenire
2771 541 3012 601 possunt,
3046 547 3204 603 quam
3234 545 3293 591 ut
3328 538 3585 610 exemplis

2017 620 2300 690 indigeat:
2332 628 2387 675 et
2425 621 2539 690 ipse
2577 636 2791 691 quoque
2836 620 2999 676 Pater
3043 624 3237 680 Filium
3278 642 3432 683 suum
3461 645 3586 687 eum

2020 711 2343 775 nominaret,
2365 709 2504 765 sicut
2527 711 2578 764 in
2603 719 2788 766 sancto
2812 713 3077 783 baptismo
3104 715 3318 786 legitur,
3334 719 3438 774 'ubi
3465 721 3583 777 ait:

2019 799 2122 853 Hic
2149 810 2223 854 est
2250 798 2423 854 Filius
2441 816 2586 855 meus
2604 800 2841 869 dilectus,
2866 805 2919 857 in
2942 822 3043 874 quo
3064 807 3189 860 mihi
3210 807 3334 863 bene
3354 811 3586 882 compla-

2018 893 2103 945 cui
2130 891 2345 963 (Matth.
2372 908 2455 957 tu,
2483 892 2589 965 l7).
2619 893 2879 949 Similiter
2901 905 2956 950 et
2976 896 3030 951 in
3075 906 3254 953 monte
3282 909 3467 955 sancto
3493 917 3593 957 au~

2018 983 2286 1038 dientibus
2307 983 2585 1052 apostolis,
2607 984 2698 1053 qui
2724 1000 2846 1039 cum
2871 1001 2936 1042 eo
2956 997 3111 1041 erant
3141 1007 3152 1041 :
3180 987 3283 1044 IIic
3312 999 3384 1044 est
3414 990 3586 1047 Filius

2018 1087 2160 1125 meus
2190 1070 2431 1137 dilectus,
2458 1073 2513 1127 in
2543 1090 2645 1143 quo
2666 1075 2793 1128 mihi
2822 1074 2945 1128 bene
2966 1079 3275 1146 complacui,
3296 1079 3462 1148 ipsum
3493 1096 3589 1133 au-

2018 1161 2123 1214 dite
2157 1160 2368 1232 (Matth.
2401 1176 2535 1225 xvtt,
2567 1160 2641 1231 5).
2670 1162 2811 1232 Ergo
2855 1162 3167 1218 divisionem
3200 1178 3306 1218 non
3335 1163 3461 1221 fecit
3485 1182 3587 1221 vos

2018 1257 2241 1318 paterna
2270 1250 2415 1305 inter
2435 1249 2630 1304 Filium
2654 1258 2709 1303 et
2730 1251 2947 1315 Filium,
2977 1253 3102 1322 quia
3127 1262 3284 1323 quem
3312 1256 3587 1325 proprium

2018 1338 2117 1392 sibi
2149 1340 2335 1408 genuit
2370 1354 2435 1394 ex
2466 1340 2786 1405 mternitate,
2817 1342 3090 1410 proprium
3120 1358 3332 1413 quoque
3359 1346 3459 1400 sibi
3495 1362 3589 1402 νο·-

2020 1429 2118 1484 luit
2146 1430 2348 1485 habere
2393 1446 2461 1485 ex
2505 1442 2698 1485 matre.
2744 1431 2819 1485 De
2849 1432 2951 1486 hac
2976 1448 3187 1502 quoque
3216 1434 3589 1490 testiﬁcatione

2018 1527 2256 1587 paterna:
2279 1520 2430 1574 vocis
2457 1527 2513 1573 et
2542 1520 2733 1575 beatus
2759 1519 2900 1574 Beda
2946 1522 3227 1593 presbyter
3274 1524 3327 1577 in
3380 1527 3589 1594 exposi-

2023 1608 2165 1664 tione
2191 1608 2399 1664 Cantici
2429 1609 2762 1664 canticorum
2809 1610 3113 1680 huiusmodi
3143 1615 3467 1670 mentionem
3510 1615 3590 1671 fe-

2023 1698 2098 1752 cit
2130 1715 2141 1750 :
2169 1715 2188 1748 t
2218 1696 2449 1753 Dilectus
2480 1715 2624 1752 meus
2665 1700 2919 1753 candidus
2956 1710 3003 1753 et
3027 1701 3587 1767 rubicundus,,electus

355 1793 448 1847 ﬁlii
481 1790 645 1846 Jacob
687 1791 1007 1861 patriarcha:
1050 1789 1234 1856 Judas,
1280 1791 1369 1860 qui
1411 1790 1511 1847 sibi
1545 1791 1598 1846 itt
1640 1792 1915 1864 proprium
1950 1779 1990 1837 Β
2018 1804 2082 1843 ex
2111 1788 2341 1843 millibus
2377 1786 2549 1858 (Cant.
2580 1802 2634 1851 v,
2674 1787 2758 1859 10)
2800 1807 2812 1840 :
2845 1789 3124 1854 candidus,
3160 1790 3285 1858 quia
3314 1792 3429 1847 sine
3461 1806 3587 1861 pec-

355 1878 521 1938 ﬁiium
573 1883 785 1953 genitus
825 1890 929 1948 est,
973 1892 1028 1937 et
1060 1881 1334 1952 Ephrairn,
1374 1898 1532 1953 quem
1560 1884 1775 1953 quidem
1796 1881 1955 1954 ipse-

352 1973 653 2044 patriarcha
681 1973 951 2042 adoptavit
978 1973 1078 2028 sibi
1107 1973 1159 2026 in
1190 1972 1377 2027 lilium.
1412 1974 1477 2027 Et
1506 1973 1632 2028 licet
1659 1973 1726 2030 de
1749 1975 1914 2029 utris-

353 2079 460 2133 que
506 2064 787 2132 nepotibus
832 2061 1026 2132 regalis
1073 2062 1319 2133 prOsapia
1363 2069 1482 2117 orta
1523 2071 1686 2128 esset,
1739 2071 1917 2119 tamen

351 2153 599 2207 Christus
636 2152 806 2221 magis
841 2152 1010 2206 voluit
1055 2152 1122 2206 de
1163 2149 1280 2220 ejus
1314 2152 1595 2222 nepotibus
1624 2152 1794 2218 nasci,
1824 2154 1916 2222 qui

351 2243 600 2315 proprius
628 2242 768 2317 ﬁlius
794 2241 910 2306 luit,
939 2257 1101 2312 quam
1137 2241 1203 2297 de
1232 2241 1395 2308 illius,
1422 2257 1582 2314 quem
1610 2243 1916 2315 patriarcha

352 2334 457 2388 sibi
494 2332 761 2401 adoptavit
795 2333 848 2385 in
878 2330 1067 2385 lilium.

422 2422 554 2484 Xll.,
572 2422 722 2488 Quod
747 2437 876 2477 vero
921 2421 1102 2477 dicitis
1125 2433 1151 2461 ι
1179 2432 1196 2475 :
1231 2439 1250 2473 ι
1284 2417 1548 2475 Christum
1568 2420 1702 2475 duos
1730 2419 1918 2475 habere

349 2520 545 2584 patres,
574 2511 733 2565 Deum
763 2513 1183 2581 omnipotentem,
1212 2520 1273 2573 et
1296 2510 1464 2564 David
1501 2526 1700 2581 regem;
1722 2518 1770 2564 et
1814 2524 1917 2564 non

350 2620 504 2677 posse
529 2605 792 2675 proprium
815 2602 983 2671 ﬁlium
1010 2601 1140 2655 duos
1181 2600 1370 2655 habere
1409 2608 1615 2671 patres;
1643 2616 1664 2651 ι
1691 2599 1813 2669 quis
1835 2605 1920 2653 est

354 2696 633 2754 hominum
652 2696 743 2766 qui
770 2710 835 2749 eo
861 2695 1017 2749 modo
1038 2708 1145 2747 non
1172 2691 1368 2748 habeat
1392 2700 1523 2761 post
1536 2692 1810 2762 proprium
1825 2702 1918 2761 pa-

354 2792 519 2852 trem,
544 2793 601 2839 et
623 2784 784 2838 alium
810 2791 1038 2851 patrem,
1067 2795 1177 2852 quo
1192 2782 1359 2837 David
1385 2780 1486 2836 fuit
1510 2788 1662 2853 pater
1685 2780 1919 2837 Christi?

354 2874 475 2930 Non
495 2872 668 2928 solum
696 2885 880 2936 unum,
906 2869 999 2925 sed
1023 2868 1202 2938 plures
1231 2869 1415 2933 etiam,
1448 2871 1587 2925 sicut
1614 2870 1728 2940 ipsa
1759 2870 1918 2925 beata

357 2966 541 3035 Virgo,
571 2961 917 3030 Omnipotens
941 2960 1115 3029 potuit
1136 2960 1335 3015 habere
1372 2968 1571 3030 patres,
1600 2959 1666 3027 de
1689 2973 1918 3029 quorum

356 3053 665 3126 genealogis
692 3058 812 3106 orta
840 3057 924 3105 est
949 3065 980 3103 a
1015 3058 1169 3119 patre
1200 3058 1259 3104 se
1292 3056 1602 3119 generante,
1643 3062 1814 3119 usque
1851 3047 1920 3104 ad

355 3117 553 3209 David;
582 3117 667 3198 vel
693 3142 856 3196 etiam
883 3117 1051 3209 usque
1077 3140 1145 3194 ad
1184 3117 1357 3208 ipsum
1380 3138 1549 3195 Adam
1582 3156 1595 3194 :
1628 3117 1753 3194 licet
1778 3154 1916 3210 quu-
1942 3117 1994 3189 Ο

357 3239 481 3294 dam
502 3232 727 3305 speciali
750 3232 910 3302 regiae
932 3232 1208 3301 dignitatis
1224 3230 1503 3301 privilegio
1527 3238 1747 3300 propter
1765 3229 1921 3285 Chl-3.

356 3335 523 3389 stum,
548 3324 654 3377 tilia
681 3321 845 3375 David
871 3320 976 3375 diei
1008 3320 1222 3386 debeat,
1270 3320 1409 3375 sicut
1460 3328 1516 3375 et
1562 3314 1696 3390 ipse.
1721 3319 1951 3390 Joseph'

355 3415 525 3470 David
545 3415 685 3468 ﬁlius
712 3412 927 3475 dicitur,
945 3412 1011 3465 ad
1033 3425 1191 3481 quem
1217 3409 1436 3481 angelus
1456 3410 1532 3465 ait
1559 3425 1574 3463 :
1602 3410 1817 3479 Ioseph,
1840 3410 1921 3478 ﬁli

316 3515 324 3522 '
354 3506 552 3571 David,
572 3504 677 3558 noli
703 3505 882 3556 timere
912 3502 1143 3572 accipere
1189 3498 1417 3555 Mariam
1471 3500 1742 3570 conjugent
1774 3507 1920 3552 tuam

356 3596 570 3665 (Matth.
622 3611 659 3656 ι,
710 3591 983 3662 20);quia
1024 3605 1091 3645 ex
1119 3590 1285 3645 David
1331 3589 1534 3644 semine
1580 3586 1917 3643 sanctissima

354 3688 512 3741 vtrgo
541 3671 703 3725 Maria
734 3682 851 3725 orta
895 3676 1001 3736 est,
1024 3671 1095 3727 de
1120 3685 1227 3741 qua
1274 3670 1375 3724 sibi
1419 3668 1668 3723 Christus
1690 3682 1911 3721 carnem

357 3764 674 3831 assumpsit.
696 3759 837 3826 Jam,
860 3762 1156 3835 secundum
1177 3760 1317 3830 quod
1342 3758 1499 3829 vobis
1522 3758 1716 3828 placet,
1743 3759 1916 3814 bono-

357 3856 585 3912 rabilior
611 3857 766 3910 estin
788 3854 1009 3908 Christo
1032 3853 1331 3922 paternitas
1353 3850 1518 3906 David
1545 3866 1707 3919 quam
1735 3859 1917 3921 patera-

357 3948 507 4025 nitas
525 3948 621 4001 Dei
649 3948 916 4005 Patris.Et
940 3949 1068 4017 quid
1087 3948 1251 4003 vultis
1264 3947 1339 4002 de
1353 3940 1551 4016 Joseph
1575 3947 1696 4017 ipso
1716 3946 1918 4011 dicere,

358 4038 426 4093 de
459 4052 570 4108 quo
597 4038 935 4115 evangelista
952 4037 1030 4090 ait
1056 4052 1070 4088 :
1097 4034 1167 4089 Et
1212 4044 1324 4089 erat
1357 4044 1509 4104 pater
1533 4038 1648 4106 ejus
1674 4043 1726 4090 et
1752 4043 1922 4089 mater

360 4131 615 4211 mirantes
644 4128 707 4181 de
734 4128 835 4190 his,
858 4120 990 4195 igua!
1019 4126 1330 4179 dicebautur
1356 4126 1420 4183 de
1455 4128 1515 4179 eo
1537 4126 1689 4194 (Luc.
1714 4141 1780 4192 ll,
1803 4124 1919 4195 33),

358 4230 411 4275 et
444 4222 563 4289 ipsa
592 4229 769 4274 mater
791 4217 1003 4273 Domini
1031 4218 1201 4272 nostri
1228 4214 1353 4272 Iesu
1375 4215 1575 4272 Christi
1606 4234 1620 4272 :
1643 4216 1776 4284 Fili,
1796 4220 1922 4288 quid

357 4309 533 4380 fecisti
553 4310 703 4364 nobis
722 4311 827 4365 sic?
842 4326 935 4381 ego
951 4319 1000 4365 et
1017 4317 1165 4379 pater
1185 4319 1305 4364 tutis
1314 4310 1543 4364 dolentes
1554 4310 1919 4381 quwrebarntts

362 4412 411 4457 te
430 4403 627 4474 (tua.
655 4403 767 4464 48).
796 4404 894 4457 Cui
923 4409 980 4457 tt
1008 4402 1123 4473 ipse
1149 4403 1290 4459 ﬁlius
1325 4404 1601 4474 respondit
1630 4421 1645 4456 :
1679 4402 1821 4469 Quid
1846 4412 1922 4458 est

2018 1886 2170 1944 cato;
2214 1878 2566 1942 rubicundus,
2617 1880 2755 1949 quia
2786 1894 2884 1935 suo
2921 1881 3180 1951 sanguine
3209 1897 3306 1938 nos
3332 1884 3586 1950 redemit;

2015 1971 2221 2026 electus
2268 1986 2335 2027 ex
2377 1971 2633 2036 millibus,
2679 1972 2804 2040 quia
2832 1986 2898 2025 ex
2927 1972 3073 2027 omni
3117 1988 3315 2042 genere
3358 1975 3590 2031 humano

2015 2077 2155 2117 unus
2181 2062 2444 2117 mediator
2468 2062 2563 2116 Dei
2585 2069 2639 2117 et
2660 2062 2959 2126 hominum,
3008 2077 3106 2132 per
3156 2078 3316 2131 quem
3359 2067 3590 2122 mundus

1984 2165 1988 2170 '
2018 2153 2414 2220 reconciliatur,
2436 2161 2742 2236 assumptus
2770 2164 2902 2209 esta
2927 2155 3057 2210 Deo.
3092 2154 3250 2210 Solus
3282 2158 3585 2214 mortalium

2017 2257 2049 2296 a
2094 2241 2205 2297 Deo
2245 2242 2313 2299 de
2360 2243 2496 2299 cmlo
2530 2243 2722 2314 dignus
2765 2243 2865 2299 fuit
2916 2246 3100 2301 audire
3144 2263 3156 2299 :
3215 2245 3316 2301 Hic
3364 2259 3437 2303 est
3491 2247 3589 2303 Fi-

2016 2330 2120 2387 lius
2170 2348 2314 2387 meus
2360 2333 2601 2400 dilectus,
2648 2335 2703 2389 in
2740 2351 2842 2406 quo
2875 2335 3001 2389 mihi
3047 2339 3337 2408 computent
3371 2337 3583 2412 (Matth.

2017 2424 2152 2485 xv",
2173 2420 2249 2492 5).
2288 2441 2307 2475 ι
2511 2420 2529 2450 ·“

2088 2510 2221 2566 Xlll.
2259 2510 2389 2579 Quis
2416 2522 2499 2569 est
2526 2523 2635 2570 tam
2680 2518 3131 2576 contentiosus‘et
3168 2529 3277 2576 tam
3326 2524 3583 2593 perﬁdus,

2017 2602 2108 2672 qui
2137 2604 2443 2660 testimonio
2484 2606 2579 2661 Dei
2618 2605 2794 2664 Patris
2832 2625 2937 2664 non
2985 2612 3172 2667 credat
3203 2614 3269 2668 de
3296 2612 3431 2669 Filio
3450 2615 3585 2670 suo?

2019 2688 2171 2756 Quod
2194 2691 2559 2747 testimonium
2586 2694 2844 2764 praefatus
2866 2697 3053 2752 doctor
3098 2698 3228 2753 dicit
3251 2713 3413 2771 super
3439 2700 3585 2755 illum
3622 2757 3627 2763 ,

2019 2780 2252 2847 venisse,
2282 2781 2377 2851 qui
2396 2783 2642 2851 mortalis
2674 2782 2777 2838 fuit
2804 2799 2821 2838 :
2850 2784 2939 2839 ubi
2981 2786 3158 2841 locum
3209 2789 3372 2845 habet
3406 2775 3585 2846 vestra

2018 2848 2446 2926 contentio-eum
2497 2848 2696 2943 negare
2739 2872 2934 2929 Filium
2983 2873 3078 2931 Dei
3135 2892 3255 2933 esse
3288 2864 3583 2951 preprium,

2019 2975 2179 3031 quem
2207 2958 2305 3015 suo
2326 2961 2634 3016 testimonio
2654 2977 2895 3018 summus
2936 2963 3098 3021 Pater
3139 2982 3293 3022 suum
3322 2985 3441 3025 esse
3460 2987 3587 3041 pro-

2017 3048 2218 3119 prium,
2243 3050 2405 3105 etiam
2431 3058 2489 3106 et
2524 3050 2779 3106 dilectum
2821 3061 3045 3109 testatus
3090 3057 3210 3110 est?
3248 3046 3438 3114 Nescio
3481 3075 3587 3130 qua

2020 3137 2262 3193 caecitate
2291 3139 2495 3195 seducti
2519 3140 2672 3205 estis,
2694 3141 2850 3209 quasi
2878 3156 2981 3197 non
3005 3144 3173 3213 possit
3193 3160 3312 3203 esse
3339 3149 3588 3218 proprius

2022 3224 2189 3281 Filius
2224 3226 2340 3291 Dei,
2396 3227 2487 3297 qui
2524 3242 2593 3285 ex
2645 3229 2862 3300 Virgine
2890 3240 3047 3288 natus
3075 3242 3177 3294 est.
3212 3235 3278 3290 Et
3323 3241 3590 3307 quomodo

2020 3323 2204 3371 sancta
2232 3315 2329 3371 Dei
2356 3316 2596 3373 Ecclesia
2618 3317 2829 3375 beatam
2858 3311 3131 3392 Virginem
3156 3328 3466 3395 genitricem
3493 3329 3591 3388 Dei

2020 3403 2293 3474 appellare
2341 3405 2497 3469 solet,
2543 3407 2648 3461 nisi
2677 3408 2802 3476 quia
2829 3409 2916 3465 ille
2958 3412 3072 3480 ipse
3099 3414 3191 3482 qui
3233 3421 3391 3473 natus
3412 3427 3589 3476 estex

2020 3491 2136 3575 ejus
2156 3506 2340 3557 carne,
2370 3494 2622 3563 proprius
2650 3503 2735 3549 est
2760 3495 2927 3552 Filius
2959 3499 3054 3553 Dei
3082 3518 3095 3551 :
3126 3510 3181 3555 et
3208 3504 3298 3572 qui
3328 3513 3485 3562 natus
3506 3517 3591 3565 est

2020 3593 2085 3668 ett
2112 3579 2412 3668 substantia
2440 3579 2533 3636 Dei
2583 3581 2782 3648 Patris,
2808 3588 3061 3656 proprius
3104 3598 3187 3645 est
3216 3591 3382 3650 Filius
3416 3578 3590 3668 Virgi-

2019 3666 2247 3742 nis?‘llt
2275 3669 2327 3722 in
2357 3676 2585 3740 utraque
2624 3675 2969 3742 generatione
3015 3679 3087 3732 sit
3131 3683 3451 3751 proprietas,
3480 3666 3586 3740 non

2020 3757 2263 3829 adoptio;
2298 3762 2518 3827 veritas,
2543 3779 2649 3819 non
2677 3767 2980 3836 appellatio.
3033 3769 3202 3823 Sicuti
3240 3773 3292 3825 in
3336 3772 3474 3829 libro
3497 3789 3587 3830 ec-

2020 3847 2443 3904 clesiasticorum
2484 3850 2802 3919 Dogmatum
2854 3852 3066 3921 legitur,
3098 3856 3188 3910 ubi
3214 3867 3338 3925 post
3362 3862 3588 3917 catholi-

2020 3951 2140 3990 cam
2170 3946 2371 3992 sanctte
2398 3937 2678 3995 Trinitatis
2697 3939 3089 3999 confessionem
3113 3946 3178 4001 de
3202 3947 3320 4003 Filii
3349 3954 3590 4021 proprie-

2020 4032 2130 4080 tate
2155 4027 2209 4081 in
2232 4034 2459 4097 utraque
2482 4037 2673 4085 natura
2687 4040 3059 4101 ’eongruenter
3092 4038 3398 4106 apostolicis
3426 4045 3588 4099 tradi-

2020 4115 2253 4173 tionibus
2298 4117 2559 4173 insertum
2606 4119 2851 4189 legiturb
2884 4136 2900 4176 :
2930 4139 2950 4172 ‹
3003 4122 3117 4179 Non
3158 4125 3321 4182 Pater
3369 4144 3585 4187 carnem

2021 4207 2329 4277 assumpsit,
2360 4223 2535 4277 neque
2580 4207 2812 4278 Spiritus
2860 4221 3097 4279 sanctus,
3128 4216 3221 4271 sed
3263 4215 3429 4272 Filius
3463 4215 3584 4274 tan-

2020 4304 2133 4352 tum
2157 4315 2169 4350 :
2194 4307 2257 4352 ut
2298 4299 2388 4366 qui
2426 4309 2545 4355 erat
2569 4302 2851 4358 divinitate
2870 4303 2963 4359 Dei
2991 4304 3183 4373 Filius,
3213 4306 3325 4378 ipse
3351 4308 3505 4364 iteret
3529 4313 3583 4366 in

2020 4388 2239 4443 homine
2271 4389 2506 4445 hominis
2533 4382 2737 4448 Filius:
2770 4408 2837 4448 ne
2875 4391 2997 4452 Filii
3045 4411 3238 4452 nomen
3257 4382 3329 4453 ad
3358 4399 3584 4456 alterum

838 4444 1296 4549 eiussu};
1312 4444 1657 4551 4355127...
1672 4444 1919 4553 ἴυζζρῖὶ
1950 4444 1999 4505 D
2022 4480 2295 4546 transiret,
2344 4480 2437 4551 qui
2462 4444 2736 4537 n.1,...
2764 4444 3586 4560 ιῖἑιίῆίῖω”ἕὶἰῖιὲὲ.““οέὶ“ἐὲξξ

358 4565 452 4618 tris
477 4564 580 4617 mei
613 4571 734 4617 sunt
761 4574 958 4633 oportet
980 4582 1065 4620 me
1109 4582 1221 4621 esse
1247 4567 1433 4637 (Ibat,
1481 4566 1612 4639 49)?
1639 4564 1711 4625 Ut
1737 4580 1917 4626 osten-
1943 4559 1949 4567 ’

358 4652 509 4708 deret
531 4651 750 4707 Patrem
778 4660 933 4708 suum
957 4669 1077 4709 esse
1102 4655 1292 4721 Deum,
1317 4657 1487 4724 magis
1506 4672 1666 4726 quam
1694 4656 1912 4728 Ioseph.

360 4736 583 4807 Tamen,
613 4750 677 4796 ut
717 4750 933 4799 sanctus
967 4743 1299 4815 Augustinus
1323 4747 1421 4811 ait,
1466 4747 1639 4817 magis
1663 4744 1915 4804 atristus

357 4840 441 4886 est
464 4831 609 4886 illius
645 4830 859 4903 loseph,
890 4845 1052 4902 quam
1102 4834 1149 4888 si
1188 4848 1313 4889 eum
1355 4834 1633 4905 adoptaret
1678 4835 1911 4901 aliunde,

360 4920 484 4989 quia
508 4920 579 4977 ds
605 4935 774 4976 uxore
798 4936 894 4977 sua
918 4929 1077 4977 natus
1105 4930 1207 4977 est.
1237 4922 1463 4993 Ideoque
1500 4923 1662 4979 velim
1694 4938 1920 4994 respon-

573 5022 647 5063 al
671 5013 843 5081 magis
869 5013 948 5068 sic
970 5011 1128 5070 Iesus
1154 5012 1415 5079 Christus,
1456 5028 1523 5070 ex
1560 5015 1778 5086 Virgine
1821 5031 1919 5070 na-

361 5105 469 5164 tus,
489 5105 574 5154 est
598 5098 693 5153 Dei
717 5098 917 5167 Patris,
940 5111 1033 5157 aut
1074 5104 1243 5173 ipsius
1265 5102 1459 5174 Ioseph
1480 5103 1655 5161 ﬁlius?
1688 5103 1923 5161 Nullate-
1962 5151 1965 5154 ι

362 5205 463 5247 nus
488 5190 717 5251 audetis,
749 5196 821 5243 ut
846 5205 988 5256 reor,
1029 5196 1409 5264 paternitatom
1430 5193 1625 5266 Joseph
1668 5195 1922 5265 praeferre

360 5281 672 5351 p'sternitati
695 5278 789 5334 Dei
804 5278 979 5335 Patris
993 5282 1157 5355 796
1178 5285 1232 5340 in
1244 5280 1458 5343 Christo
1476 5284 1624 5353 Jesu,
1646 5300 1715 5339 ne
1734 5295 1918 5356 aperta

361 5385 455 5427 vos
481 5366 768 5427 involutis
786 5370 1115 5441 blasphemis
1151 5394 1162 5429 :
1189 5376 1325 5433 dum
1359 5376 1451 5435 ubi
1481 5378 1599 5449 μ’..
1620 5378 1840 5451 ubique]
1865 5380 1918 5434 in

364 5461 562 5517 sanctis
584 5458 889 5534 Eumenis
914 5459 1000 5514 ille
1020 5461 1135 5531 ipse
1149 5464 1287 5523 Deus
1305 5466 1553 5523 Christus
1574 5467 1675 5524 sibi
1704 5465 1915 5523 Patrem

390 5708 393 5715 Ι
429 5649 456 5681 ι
485 5636 607 5693 Vid.
631 5597 795 5723 intra,
817 5613 915 5689 ini.
944 5648 1025 5701 ut,
1054 5653 1107 5691 n.
1141 5641 1163 5692 ί

598 5729 869 5787 ΡΑτιιοι..
914 5725 1014 5787 Cl.

2020 4572 2210 4639 Filius,
2254 4575 2488 4631 hominis
2532 4574 2709 4631 factus
2744 4582 2827 4632 est
2870 4576 3039 4633 Filius
3069 4596 3081 4631 :
3111 4589 3270 4637 natus
3295 4583 3583 4637 secundum

2019 4664 2300 4719 veritatem
2329 4673 2627 4721 naturate:
2673 4664 2785 4731 Deo
2834 4665 2931 4722 Dei
2975 4666 3162 4736 Filius,
3212 4678 3271 4724 ut
3294 4666 3585 4745 secundum

2018 4751 2302 4807 veritatem
2331 4760 2538 4827 natura
2564 4765 2631 4810 ex
2659 4753 2877 4809 homine
2906 4756 3140 4813 hominis
3174 4757 3340 4814 Filius
3368 4776 3383 4812 :
3408 4766 3469 4813 ut
3493 4742 3585 4816 ve;

2020 4838 2156 4893 ritas
2182 4840 2346 4910 geniti
2367 4840 2803 4913 nonadoptione,
2847 4857 2954 4899 non
2994 4845 3375 4915 appellatione;
3407 4850 3500 4905 sed
3528 4850 3582 4906 in

2023 4940 2255 5002 utraque
2277 4932 2558 4988 nativitate
2584 4931 2704 4989 Filii
2731 4949 2926 4991 nomen
2951 4936 3220 4991 nascendo
3251 4938 3495 5007 haberet,
3527 4950 3583 4996 et

2022 5028 2167 5077 esset
2192 5035 2353 5076 verus
2377 5019 2543 5088 Deus,
2569 5029 2624 5077 et
2643 5037 2804 5080 verus
2846 5025 3030 5089 homo,
3072 5038 3209 5077 unus
3251 5024 3435 5082 Filius.
3464 5027 3580 5084 Non

2021 5128 2150 5184 ergo
2174 5112 2311 5169 duos
2350 5111 2617 5181 Christus,
2646 5128 2823 5185 neque
2869 5115 3001 5169 duos
3028 5113 3184 5182 ﬁlios,
3215 5116 3308 5171 sed
3337 5117 3503 5175 Deum
3528 5134 3581 5175 et

2022 5204 2294 5260 hominem
2317 5220 2485 5261 unum
2507 5205 2729 5271 Filium;
2745 5216 2914 5275 quem
2939 5212 3223 5276 propterea
3260 5215 3316 5261 et
3334 5208 3580 5280 unigeni-

2020 5303 2132 5349 tum
2160 5294 2389 5351 dicimus
2416 5302 2719 5350 manentem
2745 5292 2799 5347 in
2831 5292 3037 5350 duabus
3080 5297 3415 5362 substantiis,-
3442 5297 3580 5354 sicut

2020 5394 2280 5441 creatura
2299 5385 2501 5440 veritas
2512 5381 2752 5448 contulit,
2771 5398 2879 5440 non
2902 5385 3139 5442 confusis
3156 5386 3382 5449 naturis,
3407 5400 3579 5455 neque

2019 5472 2295 5549 immistls,
2319 5473 2461 5528 sicut
2481 5471 2809 5529 Timothisni
2837 5473 3043 5538 volunt,
3072 5473 3165 5529 sed
3187 5474 3445 5531 societate
3461 5477 3584 5532 uni-

2087 5641 2114 5685 ὶι
2135 5637 2279 5697 inter
2300 5640 2540 5714 hppend.
2569 5642 2633 5697 ad
2662 5642 2795 5713 Opp.
2830 5640 2996 5697 sancti
3024 5610 3328 5727 Augustini.

3069 5732 3108 5793 ὅ

3391 88 3809 151 κέρων
3600 98 3615 103 -
3668 88 3679 95 ³
3780 88 4011 131 πέμ-*ζ
