  <div class='ocr_page' id='page_1' title='image "/cluster/home/n/w/nwhite01/storage/ocr_20150623/101/uva.x000834944/078.png"; bbox 0 0 4228 6276; ppageno 0'>
   <div class='ocr_carea' id='block_1_1' title="bbox 371 438 465 495">
    <p class='ocr_par' dir='ltr' id='par_1_1' title="bbox 371 438 465 495">
     <span class='ocr_line' id='line_1_1' title="bbox 371 438 465 495; baseline -0.011 -1"><span class='ocrx_word' id='word_1_1' title='bbox 371 438 465 495; x_wconf 76' lang='grc' dir='ltr'><strong>ιιι</strong></span> 
     </span>
    </p>
   </div>
   <div class='ocr_carea' id='block_1_2' title="bbox 1103 427 2830 493">
    <p class='ocr_par' dir='ltr' id='par_1_2' title="bbox 1103 427 2830 493">
     <span class='ocr_line' id='line_1_2' title="bbox 1103 427 2830 493; baseline -0.004 -1"><span class='ocrx_word' id='word_1_2' title='bbox 1103 435 1512 493; x_wconf 73' lang='lat' dir='ltr'><strong>DOCMATICA.</strong></span> <span class='ocrx_word' id='word_1_3' title='bbox 1544 467 1614 477; x_wconf 90' lang='lat'><strong>-</strong></span> <span class='ocrx_word' id='word_1_4' title='bbox 1640 435 1798 492; x_wconf 80' lang='lat' dir='ltr'><strong>ADV.</strong></span> <span class='ocrx_word' id='word_1_5' title='bbox 1836 432 2129 490; x_wconf 73' lang='lat' dir='ltr'><strong>FELICEM</strong></span> <span class='ocrx_word' id='word_1_6' title='bbox 2167 432 2344 489; x_wconf 75' lang='lat' dir='ltr'><strong>LIBRI</strong></span> <span class='ocrx_word' id='word_1_7' title='bbox 2385 433 2490 489; x_wconf 72' lang='lat' dir='ltr'><strong>VII.</strong></span> <span class='ocrx_word' id='word_1_8' title='bbox 2530 462 2598 474; x_wconf 89' lang='lat'><strong>—</strong></span> <span class='ocrx_word' id='word_1_9' title='bbox 2627 427 2750 487; x_wconf 83' lang='lat' dir='ltr'><strong>LIB.</strong></span> <span class='ocrx_word' id='word_1_10' title='bbox 2785 434 2830 486; x_wconf 75' lang='grc' dir='ltr'><strong>Υ.</strong></span> 
     </span>
    </p>
   </div>
   <div class='ocr_carea' id='block_1_3' title="bbox 3493 429 3594 488">
    <p class='ocr_par' dir='ltr' id='par_1_3' title="bbox 3493 429 3594 488">
     <span class='ocr_line' id='line_1_3' title="bbox 3493 429 3594 488; baseline 0.04 -4"><span class='ocrx_word' id='word_1_11' title='bbox 3493 429 3594 488; x_wconf 68' lang='grc' dir='ltr'><strong>1ζῆ</strong></span> 
     </span>
    </p>
   </div>
   <div class='ocr_carea' id='block_1_4' title="bbox 364 507 3591 624">
    <p class='ocr_par' dir='ltr' id='par_1_4' title="bbox 364 507 3591 624">
     <span class='ocr_line' id='line_1_4' title="bbox 364 507 3591 624; baseline -0.004 -17"><span class='ocrx_word' id='word_1_12' title='bbox 364 559 524 624; x_wconf 83' lang='lat' dir='ltr'><strong>pacto</strong></span> <span class='ocrx_word' id='word_1_13' title='bbox 545 564 645 620; x_wconf 88' lang='lat' dir='ltr'><strong>per</strong></span> <span class='ocrx_word' id='word_1_14' title='bbox 686 549 914 604; x_wconf 76' lang='lat' dir='ltr'><strong>liberum</strong></span> <span class='ocrx_word' id='word_1_15' title='bbox 959 546 1244 602; x_wconf 72' lang='lat' dir='ltr'><strong>arbitrium</strong></span> <span class='ocrx_word' id='word_1_16' title='bbox 1283 548 1640 602; x_wconf 70' lang='lat' dir='ltr'><strong>communiter</strong></span> <span class='ocrx_word' id='word_1_17' title='bbox 1682 545 1934 601; x_wconf 85' lang='lat' dir='ltr'><strong>omnibus</strong></span> <span class='ocrx_word' id='word_1_18' title='bbox 1959 543 2006 602; x_wconf 83' lang='lat' dir='ltr'><strong>A</strong></span> <span class='ocrx_word' id='word_1_19' title='bbox 2035 541 2196 596; x_wconf 80' lang='lat' dir='ltr'><strong>homo</strong></span> <span class='ocrx_word' id='word_1_20' title='bbox 2221 549 2307 596; x_wconf 87' lang='lat' dir='ltr'><strong>est</strong></span> <span class='ocrx_word' id='word_1_21' title='bbox 2345 541 2436 609; x_wconf 89' lang='lat' dir='ltr'><strong>qui</strong></span> <span class='ocrx_word' id='word_1_22' title='bbox 2461 545 2768 608; x_wconf 74' lang='lat' dir='ltr'><strong>assumptus</strong></span> <span class='ocrx_word' id='word_1_23' title='bbox 2793 545 2895 592; x_wconf 88' lang='lat' dir='ltr'><strong>est.</strong></span> <span class='ocrx_word' id='word_1_24' title='bbox 2935 555 2952 588; x_wconf 81' lang='grc' dir='ltr'><strong>ι</strong></span> <span class='ocrx_word' id='word_1_25' title='bbox 2979 536 3052 592; x_wconf 89' lang='lat' dir='ltr'><strong>De</strong></span> <span class='ocrx_word' id='word_1_26' title='bbox 3081 507 3195 606; x_wconf 15' lang='lat' dir='ltr'><strong>quo,</strong></span> <span class='ocrx_word' id='word_1_27' title='bbox 3229 543 3280 590; x_wconf 92' lang='lat' dir='ltr'><strong>et</strong></span> <span class='ocrx_word' id='word_1_28' title='bbox 3307 534 3591 606; x_wconf 76' lang='lat' dir='ltr'><strong>Apostolus</strong></span> 
     </span>
    </p>
   </div>
   <div class='ocr_carea' id='block_1_5' title="bbox 365 631 1928 700">
    <p class='ocr_par' dir='ltr' id='par_1_5' title="bbox 365 631 1928 700">
     <span class='ocr_line' id='line_1_5' title="bbox 365 631 1928 700; baseline -0.008 -1"><span class='ocrx_word' id='word_1_29' title='bbox 365 651 421 699; x_wconf 80' lang='lat' dir='ltr'><strong>et</strong></span> <span class='ocrx_word' id='word_1_30' title='bbox 439 640 754 698; x_wconf 67' lang='lat' dir='ltr'><strong>naturaliter</strong></span> <span class='ocrx_word' id='word_1_31' title='bbox 779 640 962 694; x_wconf 87' lang='lat' dir='ltr'><strong>datum</strong></span> <span class='ocrx_word' id='word_1_32' title='bbox 987 631 1231 692; x_wconf 62' lang='lat' dir='ltr'><strong>una&#39;sola</strong></span> <span class='ocrx_word' id='word_1_33' title='bbox 1270 638 1448 693; x_wconf 85' lang='lat' dir='ltr'><strong>anima</strong></span> <span class='ocrx_word' id='word_1_34' title='bbox 1497 637 1805 700; x_wconf 86' lang='lat' dir='ltr'><strong>meruisset,</strong></span> <span class='ocrx_word' id='word_1_35' title='bbox 1827 634 1928 689; x_wconf 84' lang='lat' dir='ltr'><strong>nisi</strong></span> 
     </span>
    </p>
   </div>
   <div class='ocr_carea' id='block_1_6' title="bbox 367 726 1928 800">
    <p class='ocr_par' dir='ltr' id='par_1_6' title="bbox 367 726 1928 800">
     <span class='ocr_line' id='line_1_6' title="bbox 367 726 1928 800; baseline -0.006 -12"><span class='ocrx_word' id='word_1_36' title='bbox 367 734 472 788; x_wconf 87' lang='lat' dir='ltr'><strong>hoc</strong></span> <span class='ocrx_word' id='word_1_37' title='bbox 491 729 782 800; x_wconf 75' lang='lat' dir='ltr'><strong>singularis</strong></span> <span class='ocrx_word' id='word_1_38' title='bbox 804 729 974 797; x_wconf 88' lang='lat' dir='ltr'><strong>gratia</strong></span> <span class='ocrx_word' id='word_1_39' title='bbox 995 727 1352 797; x_wconf 65' lang='lat' dir='ltr'><strong>prmstitisset,</strong></span> <span class='ocrx_word' id='word_1_40' title='bbox 1378 743 1538 796; x_wconf 89' lang='lat' dir='ltr'><strong>quam</strong></span> <span class='ocrx_word' id='word_1_41' title='bbox 1568 726 1651 780; x_wconf 76' lang='lat' dir='ltr'><strong>l’as</strong></span> <span class='ocrx_word' id='word_1_42' title='bbox 1687 732 1772 780; x_wconf 91' lang='lat' dir='ltr'><strong>est</strong></span> <span class='ocrx_word' id='word_1_43' title='bbox 1790 739 1928 794; x_wconf 67' lang='lat' dir='ltr'><strong>pra:-</strong></span> 
     </span>
    </p>
   </div>
   <div class='ocr_carea' id='block_1_7' title="bbox 368 813 1932 886">
    <p class='ocr_par' dir='ltr' id='par_1_7' title="bbox 368 813 1932 886">
     <span class='ocr_line' id='line_1_7' title="bbox 368 813 1932 886; baseline -0.005 -11"><span class='ocrx_word' id='word_1_44' title='bbox 368 820 565 880; x_wconf 86' lang='lat' dir='ltr'><strong>dicare,</strong></span> <span class='ocrx_word' id='word_1_45' title='bbox 596 818 664 872; x_wconf 90' lang='lat' dir='ltr'><strong>de</strong></span> <span class='ocrx_word' id='word_1_46' title='bbox 686 831 792 886; x_wconf 89' lang='lat' dir='ltr'><strong>qua</strong></span> <span class='ocrx_word' id='word_1_47' title='bbox 823 814 974 870; x_wconf 87' lang='lat' dir='ltr'><strong>nct‘as</strong></span> <span class='ocrx_word' id='word_1_48' title='bbox 1013 821 1096 870; x_wconf 89' lang='lat' dir='ltr'><strong>est</strong></span> <span class='ocrx_word' id='word_1_49' title='bbox 1134 814 1377 882; x_wconf 83' lang='lat' dir='ltr'><strong>judicare</strong></span> <span class='ocrx_word' id='word_1_50' title='bbox 1419 814 1587 869; x_wconf 82' lang='lat' dir='ltr'><strong>velle?</strong></span> <span class='ocrx_word' id='word_1_51' title='bbox 1635 834 1655 867; x_wconf 75' lang='grc' dir='ltr'><strong>ι</strong></span> <span class='ocrx_word' id='word_1_52' title='bbox 1708 814 1784 868; x_wconf 90' lang='lat' dir='ltr'><strong>De</strong></span> <span class='ocrx_word' id='word_1_53' title='bbox 1830 813 1932 867; x_wconf 86' lang='lat' dir='ltr'><strong>hac</strong></span> 
     </span>
    </p>
   </div>
   <div class='ocr_carea' id='block_1_8' title="bbox 366 902 1934 972">
    <p class='ocr_par' dir='ltr' id='par_1_8' title="bbox 366 902 1934 972">
     <span class='ocr_line' id='line_1_8' title="bbox 366 902 1934 972; baseline -0.006 -9"><span class='ocrx_word' id='word_1_54' title='bbox 366 909 532 963; x_wconf 82' lang='lat' dir='ltr'><strong>etiam</strong></span> <span class='ocrx_word' id='word_1_55' title='bbox 556 904 868 960; x_wconf 75' lang='lat' dir='ltr'><strong>excellentia</strong></span> <span class='ocrx_word' id='word_1_56' title='bbox 890 903 1031 958; x_wconf 89' lang='lat' dir='ltr'><strong>illius</strong></span> <span class='ocrx_word' id='word_1_57' title='bbox 1053 903 1306 968; x_wconf 87' lang='lat' dir='ltr'><strong>hominis,</strong></span> <span class='ocrx_word' id='word_1_58' title='bbox 1329 902 1509 971; x_wconf 82' lang='lat' dir='ltr'><strong>quide</strong></span> <span class='ocrx_word' id='word_1_59' title='bbox 1536 902 1754 972; x_wconf 76' lang='lat' dir='ltr'><strong>Virgine</strong></span> <span class='ocrx_word' id='word_1_60' title='bbox 1776 909 1934 956; x_wconf 84' lang='lat' dir='ltr'><strong>natus</strong></span> 
     </span>
    </p>
   </div>
   <div class='ocr_carea' id='block_1_9' title="bbox 307 988 1934 1062">
    <p class='ocr_par' dir='ltr' id='par_1_9' title="bbox 307 988 1934 1062">
     <span class='ocr_line' id='line_1_9' title="bbox 307 988 1934 1062; baseline -0.005 -10"><span class='ocrx_word' id='word_1_61' title='bbox 307 988 313 996; x_wconf 68' lang='grc'><em>’</em></span> <span class='ocrx_word' id='word_1_62' title='bbox 368 1005 471 1061; x_wconf 86' lang='lat' dir='ltr'><strong>est,</strong></span> <span class='ocrx_word' id='word_1_63' title='bbox 513 996 656 1051; x_wconf 84' lang='lat' dir='ltr'><strong>idem</strong></span> <span class='ocrx_word' id='word_1_64' title='bbox 698 993 861 1048; x_wconf 86' lang='lat' dir='ltr'><strong>Pater</strong></span> <span class='ocrx_word' id='word_1_65' title='bbox 901 993 956 1046; x_wconf 89' lang='lat' dir='ltr'><strong>in</strong></span> <span class='ocrx_word' id='word_1_66' title='bbox 993 992 1218 1062; x_wconf 86' lang='lat' dir='ltr'><strong>epistola</strong></span> <span class='ocrx_word' id='word_1_67' title='bbox 1249 992 1468 1062; x_wconf 67' lang='lat' dir='ltr'><strong>prml&#39;ata</strong></span> <span class='ocrx_word' id='word_1_68' title='bbox 1501 993 1568 1047; x_wconf 91' lang='lat' dir='ltr'><strong>ad</strong></span> <span class='ocrx_word' id='word_1_69' title='bbox 1594 991 1853 1046; x_wconf 79' lang='lat' dir='ltr'><strong>Hilarium</strong></span> <span class='ocrx_word' id='word_1_70' title='bbox 1877 997 1934 1044; x_wconf 92' lang='lat' dir='ltr'><strong>et</strong></span> 
     </span>
    </p>
   </div>
   <div class='ocr_carea' id='block_1_10' title="bbox 368 1067 1934 1160">
    <p class='ocr_par' dir='ltr' id='par_1_10' title="bbox 368 1067 1934 1160">
     <span class='ocr_line' id='line_1_10' title="bbox 368 1067 1934 1160; baseline -0.006 -15"><span class='ocrx_word' id='word_1_71' title='bbox 368 1067 689 1157; x_wconf 74' lang='lat' dir='ltr'><strong>Pmsperum</strong></span> <span class='ocrx_word' id='word_1_72' title='bbox 708 1083 1010 1149; x_wconf 76' lang='lat' dir='ltr'><strong>sublimiter</strong></span> <span class='ocrx_word' id='word_1_73' title='bbox 1028 1091 1262 1148; x_wconf 80' lang='lat' dir='ltr'><strong>enarrat,</strong></span> <span class='ocrx_word' id='word_1_74' title='bbox 1284 1084 1374 1138; x_wconf 87' lang='lat' dir='ltr'><strong>ubi</strong></span> <span class='ocrx_word' id='word_1_75' title='bbox 1397 1070 1730 1160; x_wconf 87' lang='lat' dir='ltr'><strong>abundanter</strong></span> <span class='ocrx_word' id='word_1_76' title='bbox 1754 1083 1934 1151; x_wconf 90' lang='lat' dir='ltr'><strong>dispu-</strong></span> 
     </span>
    </p>
   </div>
   <div class='ocr_carea' id='block_1_11' title="bbox 373 1163 1932 1244">
    <p class='ocr_par' dir='ltr' id='par_1_11' title="bbox 373 1163 1932 1244">
     <span class='ocr_line' id='line_1_11' title="bbox 373 1163 1932 1244; baseline -0.004 -11"><span class='ocrx_word' id='word_1_77' title='bbox 373 1186 451 1234; x_wconf 87' lang='lat' dir='ltr'><strong>tat</strong></span> <span class='ocrx_word' id='word_1_78' title='bbox 472 1185 659 1233; x_wconf 90' lang='lat' dir='ltr'><strong>contra</strong></span> <span class='ocrx_word' id='word_1_79' title='bbox 687 1174 1045 1239; x_wconf 87' lang='lat' dir='ltr'><strong>adversarios,</strong></span> <span class='ocrx_word' id='word_1_80' title='bbox 1071 1174 1164 1244; x_wconf 87' lang='lat' dir='ltr'><strong>qui</strong></span> <span class='ocrx_word' id='word_1_81' title='bbox 1182 1163 1388 1244; x_wconf 86' lang='lat' dir='ltr'><strong>seipsos</strong></span> <span class='ocrx_word' id='word_1_82' title='bbox 1407 1173 1641 1244; x_wconf 67' lang='lat' dir='ltr'><strong>aequales</strong></span> <span class='ocrx_word' id='word_1_83' title='bbox 1663 1188 1783 1229; x_wconf 88' lang='lat' dir='ltr'><strong>esse</strong></span> <span class='ocrx_word' id='word_1_84' title='bbox 1807 1189 1932 1228; x_wconf 77' lang='lat' dir='ltr'><strong>con-</strong></span> 
     </span>
    </p>
   </div>
   <div class='ocr_carea' id='block_1_12' title="bbox 373 1261 1938 1335">
    <p class='ocr_par' dir='ltr' id='par_1_12' title="bbox 373 1261 1938 1335">
     <span class='ocr_line' id='line_1_12' title="bbox 373 1261 1938 1335; baseline -0.005 -12"><span class='ocrx_word' id='word_1_85' title='bbox 373 1261 598 1324; x_wconf 84' lang='lat' dir='ltr'><strong>tendunt</strong></span> <span class='ocrx_word' id='word_1_86' title='bbox 620 1268 673 1322; x_wconf 89' lang='lat' dir='ltr'><strong>in</strong></span> <span class='ocrx_word' id='word_1_87' title='bbox 700 1265 872 1335; x_wconf 83' lang='lat' dir='ltr'><strong>gratia</strong></span> <span class='ocrx_word' id='word_1_88' title='bbox 890 1263 1351 1334; x_wconf 70' lang='lat' dir='ltr'><strong>Christopropter</strong></span> <span class='ocrx_word' id='word_1_89' title='bbox 1387 1263 1814 1319; x_wconf 70' lang='lat' dir='ltr'><strong>communionem</strong></span> <span class='ocrx_word' id='word_1_90' title='bbox 1841 1278 1938 1316; x_wconf 88' lang='lat' dir='ltr'><strong>na-</strong></span> 
     </span>
    </p>
   </div>
   <div class='ocr_carea' id='block_1_13' title="bbox 365 1350 1932 1426">
    <p class='ocr_par' dir='ltr' id='par_1_13' title="bbox 365 1350 1932 1426">
     <span class='ocr_line' id='line_1_13' title="bbox 365 1350 1932 1426; baseline -0.005 -16"><span class='ocrx_word' id='word_1_91' title='bbox 365 1365 526 1422; x_wconf 70' lang='lat' dir='ltr'><strong>turae,</strong></span> <span class='ocrx_word' id='word_1_92' title='bbox 548 1369 750 1426; x_wconf 88' lang='lat' dir='ltr'><strong>ponens</strong></span> <span class='ocrx_word' id='word_1_93' title='bbox 771 1354 949 1424; x_wconf 85' lang='lat' dir='ltr'><strong>primo</strong></span> <span class='ocrx_word' id='word_1_94' title='bbox 972 1353 1137 1406; x_wconf 75' lang='lat' dir='ltr'><strong>verba</strong></span> <span class='ocrx_word' id='word_1_95' title='bbox 1159 1351 1586 1406; x_wconf 77' lang='lat' dir='ltr'><strong>adversariorum</strong></span> <span class='ocrx_word' id='word_1_96' title='bbox 1612 1351 1714 1406; x_wconf 82' lang='lat' dir='ltr'><strong>hoc.</strong></span> <span class='ocrx_word' id='word_1_97' title='bbox 1742 1350 1932 1405; x_wconf 86' lang='lat' dir='ltr'><strong>modo:</strong></span> 
     </span>
    </p>
   </div>
   <div class='ocr_carea' id='block_1_14' title="bbox 379 1438 1934 1514">
    <p class='ocr_par' dir='ltr' id='par_1_14' title="bbox 379 1438 1934 1514">
     <span class='ocr_line' id='line_1_14' title="bbox 379 1438 1934 1514; baseline -0.001 -20"><span class='ocrx_word' id='word_1_98' title='bbox 379 1463 399 1494; x_wconf 72' lang='grc' dir='ltr'><strong>ι</strong></span> <span class='ocrx_word' id='word_1_99' title='bbox 429 1443 789 1514; x_wconf 82' lang='lat' dir='ltr'><strong>Respondeat,</strong></span> <span class='ocrx_word' id='word_1_100' title='bbox 817 1439 1012 1510; x_wconf 83' lang='lat' dir='ltr'><strong>inquit,</strong></span> <span class='ocrx_word' id='word_1_101' title='bbox 1040 1441 1199 1495; x_wconf 91' lang='lat' dir='ltr'><strong>homo</strong></span> <span class='ocrx_word' id='word_1_102' title='bbox 1222 1439 1350 1501; x_wconf 88' lang='lat' dir='ltr'><strong>Deo,</strong></span> <span class='ocrx_word' id='word_1_103' title='bbox 1381 1440 1424 1494; x_wconf 90' lang='lat' dir='ltr'><strong>si</strong></span> <span class='ocrx_word' id='word_1_104' title='bbox 1451 1439 1632 1502; x_wconf 87' lang='lat' dir='ltr'><strong>audet,</strong></span> <span class='ocrx_word' id='word_1_105' title='bbox 1675 1446 1732 1493; x_wconf 92' lang='lat' dir='ltr'><strong>et</strong></span> <span class='ocrx_word' id='word_1_106' title='bbox 1769 1438 1934 1504; x_wconf 93' lang='lat' dir='ltr'><strong>dicat,</strong></span> 
     </span>
    </p>
   </div>
   <div class='ocr_carea' id='block_1_15' title="bbox 375 1530 1940 1603">
    <p class='ocr_par' dir='ltr' id='par_1_15' title="bbox 375 1530 1940 1603">
     <span class='ocr_line' id='line_1_15' title="bbox 375 1530 1940 1603; baseline -0.004 -13"><span class='ocrx_word' id='word_1_107' title='bbox 375 1535 482 1590; x_wconf 87' lang='lat' dir='ltr'><strong>Cur</strong></span> <span class='ocrx_word' id='word_1_108' title='bbox 508 1550 614 1590; x_wconf 88' lang='lat' dir='ltr'><strong>non</strong></span> <span class='ocrx_word' id='word_1_109' title='bbox 634 1543 691 1589; x_wconf 91' lang='lat' dir='ltr'><strong>et</strong></span> <span class='ocrx_word' id='word_1_110' title='bbox 715 1534 851 1603; x_wconf 83' lang='lat' dir='ltr'><strong>ego?</strong></span> <span class='ocrx_word' id='word_1_111' title='bbox 893 1533 961 1587; x_wconf 85' lang='lat' dir='ltr'><strong>Et</strong></span> <span class='ocrx_word' id='word_1_112' title='bbox 984 1533 1028 1587; x_wconf 89' lang='lat' dir='ltr'><strong>si</strong></span> <span class='ocrx_word' id='word_1_113' title='bbox 1058 1532 1288 1586; x_wconf 82' lang='lat' dir='ltr'><strong>audierit</strong></span> <span class='ocrx_word' id='word_1_114' title='bbox 1312 1551 1325 1584; x_wconf 93' lang='lat'>:</span> <span class='ocrx_word' id='word_1_115' title='bbox 1354 1530 1398 1586; x_wconf 93' lang='grc' dir='ltr'>Ο</span> <span class='ocrx_word' id='word_1_116' title='bbox 1428 1532 1588 1585; x_wconf 88' lang='lat' dir='ltr'><strong>homo</strong></span> <span class='ocrx_word' id='word_1_117' title='bbox 1635 1540 1691 1584; x_wconf 91' lang='lat' dir='ltr'><strong>tu</strong></span> <span class='ocrx_word' id='word_1_118' title='bbox 1731 1531 1854 1599; x_wconf 85' lang='lat' dir='ltr'><strong>quis</strong></span> <span class='ocrx_word' id='word_1_119' title='bbox 1878 1545 1940 1584; x_wconf 89' lang='lat' dir='ltr'><strong>es</strong></span> 
     </span>
    </p>
   </div>
   <div class='ocr_carea' id='block_1_16' title="bbox 377 1619 1939 1692">
    <p class='ocr_par' dir='ltr' id='par_1_16' title="bbox 377 1619 1939 1692">
     <span class='ocr_line' id='line_1_16' title="bbox 377 1619 1939 1692; baseline -0.003 -15"><span class='ocrx_word' id='word_1_120' title='bbox 377 1622 811 1692; x_wconf 80' lang='lat' dir='ltr'><strong>qui-respondeas</strong></span> <span class='ocrx_word' id='word_1_121' title='bbox 837 1621 979 1676; x_wconf 86' lang='lat' dir='ltr'><strong>Deo?</strong></span> <span class='ocrx_word' id='word_1_122' title='bbox 1004 1633 1102 1676; x_wconf 89' lang='lat' dir='ltr'><strong>nec</strong></span> <span class='ocrx_word' id='word_1_123' title='bbox 1120 1621 1198 1676; x_wconf 88' lang='lat' dir='ltr'><strong>sic</strong></span> <span class='ocrx_word' id='word_1_124' title='bbox 1215 1620 1480 1684; x_wconf 89' lang='lat' dir='ltr'><strong>cohibeat,</strong></span> <span class='ocrx_word' id='word_1_125' title='bbox 1511 1620 1603 1675; x_wconf 89' lang='lat' dir='ltr'><strong>sed</strong></span> <span class='ocrx_word' id='word_1_126' title='bbox 1629 1627 1820 1688; x_wconf 88' lang='lat' dir='ltr'><strong>augeat</strong></span> <span class='ocrx_word' id='word_1_127' title='bbox 1840 1619 1939 1672; x_wconf 88' lang='lat' dir='ltr'><strong>im-</strong></span> 
     </span>
    </p>
   </div>
   <div class='ocr_carea' id='block_1_17' title="bbox 377 1708 1939 1785">
    <p class='ocr_par' dir='ltr' id='par_1_17' title="bbox 377 1708 1939 1785">
     <span class='ocr_line' id='line_1_17' title="bbox 377 1708 1939 1785; baseline -0.003 -20"><span class='ocrx_word' id='word_1_128' title='bbox 377 1711 685 1782; x_wconf 88' lang='lat' dir='ltr'><strong>pudentiam</strong></span> <span class='ocrx_word' id='word_1_129' title='bbox 710 1718 767 1765; x_wconf 89' lang='lat' dir='ltr'><strong>et</strong></span> <span class='ocrx_word' id='word_1_130' title='bbox 808 1711 951 1765; x_wconf 88' lang='lat' dir='ltr'><strong>dicat</strong></span> <span class='ocrx_word' id='word_1_131' title='bbox 980 1725 995 1764; x_wconf 88' lang='lat'><strong>:</strong></span> <span class='ocrx_word' id='word_1_132' title='bbox 1022 1709 1298 1785; x_wconf 84' lang='lat' dir='ltr'><strong>Quomodo</strong></span> <span class='ocrx_word' id='word_1_133' title='bbox 1335 1709 1513 1773; x_wconf 88' lang='lat' dir='ltr'><strong>audio,</strong></span> <span class='ocrx_word' id='word_1_134' title='bbox 1562 1708 1642 1762; x_wconf 90' lang='lat' dir='ltr'><strong>Tu</strong></span> <span class='ocrx_word' id='word_1_135' title='bbox 1676 1708 1796 1777; x_wconf 90' lang='lat' dir='ltr'><strong>quis</strong></span> <span class='ocrx_word' id='word_1_136' title='bbox 1820 1723 1880 1763; x_wconf 89' lang='lat' dir='ltr'><strong>es</strong></span> <span class='ocrx_word' id='word_1_137' title='bbox 1906 1723 1939 1761; x_wconf 93' lang='grc' dir='ltr'>ο</span> 
     </span>
    </p>
   </div>
   <div class='ocr_carea' id='block_1_18' title="bbox 384 1798 1940 1869">
    <p class='ocr_par' dir='ltr' id='par_1_18' title="bbox 384 1798 1940 1869">
     <span class='ocr_line' id='line_1_18' title="bbox 384 1798 1940 1869; baseline -0.005 -11"><span class='ocrx_word' id='word_1_138' title='bbox 384 1800 567 1866; x_wconf 71' lang='lat' dir='ltr'><strong>homo;</strong></span> <span class='ocrx_word' id='word_1_139' title='bbox 617 1817 740 1856; x_wconf 81' lang='lat' dir='ltr'><strong>cum</strong></span> <span class='ocrx_word' id='word_1_140' title='bbox 781 1799 883 1854; x_wconf 87' lang='lat' dir='ltr'><strong>sim</strong></span> <span class='ocrx_word' id='word_1_141' title='bbox 931 1800 1072 1869; x_wconf 87' lang='lat' dir='ltr'><strong>quod</strong></span> <span class='ocrx_word' id='word_1_142' title='bbox 1095 1799 1272 1865; x_wconf 82' lang='lat' dir='ltr'><strong>audio,</strong></span> <span class='ocrx_word' id='word_1_143' title='bbox 1311 1799 1366 1854; x_wconf 91' lang='lat' dir='ltr'><strong>id</strong></span> <span class='ocrx_word' id='word_1_144' title='bbox 1391 1805 1476 1854; x_wconf 87' lang='lat' dir='ltr'><strong>est</strong></span> <span class='ocrx_word' id='word_1_145' title='bbox 1501 1798 1682 1862; x_wconf 87' lang='lat' dir='ltr'><strong>homo,</strong></span> <span class='ocrx_word' id='word_1_146' title='bbox 1718 1798 1861 1867; x_wconf 83' lang='lat' dir='ltr'><strong>quod</strong></span> <span class='ocrx_word' id='word_1_147' title='bbox 1885 1803 1940 1850; x_wconf 88' lang='lat' dir='ltr'><strong>et</strong></span> 
     </span>
    </p>
   </div>
   <div class='ocr_carea' id='block_1_19' title="bbox 379 1864 2016 1962">
    <p class='ocr_par' dir='ltr' id='par_1_19' title="bbox 379 1864 2016 1962">
     <span class='ocr_line' id='line_1_19' title="bbox 379 1864 2016 1962; baseline -0.003 -16"><span class='ocrx_word' id='word_1_148' title='bbox 379 1892 466 1946; x_wconf 91' lang='lat' dir='ltr'><strong>ille</strong></span> <span class='ocrx_word' id='word_1_149' title='bbox 495 1864 559 1946; x_wconf 84' lang='lat' dir='ltr'><strong>de</strong></span> <span class='ocrx_word' id='word_1_150' title='bbox 586 1906 694 1962; x_wconf 88' lang='lat' dir='ltr'><strong>quo</strong></span> <span class='ocrx_word' id='word_1_151' title='bbox 719 1905 848 1961; x_wconf 83' lang='lat' dir='ltr'><strong>ago;</strong></span> <span class='ocrx_word' id='word_1_152' title='bbox 877 1864 974 1944; x_wconf 75' lang='lat' dir='ltr'><strong>cur</strong></span> <span class='ocrx_word' id='word_1_153' title='bbox 999 1905 1104 1944; x_wconf 89' lang='lat' dir='ltr'><strong>non</strong></span> <span class='ocrx_word' id='word_1_154' title='bbox 1127 1889 1229 1945; x_wconf 86' lang='lat' dir='ltr'><strong>sim</strong></span> <span class='ocrx_word' id='word_1_155' title='bbox 1254 1864 1397 1959; x_wconf 87' lang='lat' dir='ltr'><strong>quod</strong></span> <span class='ocrx_word' id='word_1_156' title='bbox 1420 1888 1538 1943; x_wconf 87' lang='lat' dir='ltr'><strong>ille?</strong></span> <span class='ocrx_word' id='word_1_157' title='bbox 1559 1888 1628 1942; x_wconf 85' lang='lat' dir='ltr'><strong>At</strong></span> <span class='ocrx_word' id='word_1_158' title='bbox 1645 1864 1788 1942; x_wconf 78' lang='lat' dir='ltr'><strong>enim</strong></span> <span class='ocrx_word' id='word_1_159' title='bbox 1815 1903 1940 1958; x_wconf 72' lang='lat' dir='ltr'><strong>gra~</strong></span> <span class='ocrx_word' id='word_1_160' title='bbox 1974 1864 2016 1923; x_wconf 66' lang='grc' dir='ltr'><strong><em>Β</em></strong></span> 
     </span>
    </p>
   </div>
   <div class='ocr_carea' id='block_1_20' title="bbox 380 1978 1943 2049">
    <p class='ocr_par' dir='ltr' id='par_1_20' title="bbox 380 1978 1943 2049">
     <span class='ocr_line' id='line_1_20' title="bbox 380 1978 1943 2049; baseline -0.002 -15"><span class='ocrx_word' id='word_1_161' title='bbox 380 1983 451 2036; x_wconf 75' lang='lat' dir='ltr'><strong>tia</strong></span> <span class='ocrx_word' id='word_1_162' title='bbox 475 1983 562 2036; x_wconf 87' lang='lat' dir='ltr'><strong>ille</strong></span> <span class='ocrx_word' id='word_1_163' title='bbox 586 1982 707 2037; x_wconf 88' lang='lat' dir='ltr'><strong>talis</strong></span> <span class='ocrx_word' id='word_1_164' title='bbox 728 1989 782 2036; x_wconf 91' lang='lat' dir='ltr'><strong>et</strong></span> <span class='ocrx_word' id='word_1_165' title='bbox 806 1989 984 2035; x_wconf 87' lang='lat' dir='ltr'><strong>tantus</strong></span> <span class='ocrx_word' id='word_1_166' title='bbox 1007 1988 1108 2034; x_wconf 89' lang='lat' dir='ltr'><strong>est.</strong></span> <span class='ocrx_word' id='word_1_167' title='bbox 1134 1979 1242 2034; x_wconf 87' lang='lat' dir='ltr'><strong>Cur</strong></span> <span class='ocrx_word' id='word_1_168' title='bbox 1266 1980 1483 2036; x_wconf 88' lang='lat' dir='ltr'><strong>diversa-</strong></span> <span class='ocrx_word' id='word_1_169' title='bbox 1514 1988 1599 2034; x_wconf 91' lang='lat' dir='ltr'><strong>est</strong></span> <span class='ocrx_word' id='word_1_170' title='bbox 1633 1979 1831 2049; x_wconf 89' lang='lat' dir='ltr'><strong>gratia,</strong></span> <span class='ocrx_word' id='word_1_171' title='bbox 1853 1978 1943 2032; x_wconf 88' lang='lat' dir='ltr'><strong>ubi</strong></span> 
     </span>
    </p>
   </div>
   <div class='ocr_carea' id='block_1_21' title="bbox 383 2064 1942 2138">
    <p class='ocr_par' dir='ltr' id='par_1_21' title="bbox 383 2064 1942 2138">
     <span class='ocr_line' id='line_1_21' title="bbox 383 2064 1942 2138; baseline -0.003 -12"><span class='ocrx_word' id='word_1_172' title='bbox 383 2081 576 2127; x_wconf 84' lang='lat' dir='ltr'><strong>natura</strong></span> <span class='ocrx_word' id='word_1_173' title='bbox 605 2071 927 2126; x_wconf 79' lang='lat' dir='ltr'><strong>‘communis</strong></span> <span class='ocrx_word' id='word_1_174' title='bbox 969 2070 1084 2124; x_wconf 82' lang='lat' dir='ltr'><strong>est?</strong></span> <span class='ocrx_word' id='word_1_175' title='bbox 1127 2069 1284 2124; x_wconf 83' lang='lat' dir='ltr'><strong>Certe</strong></span> <span class='ocrx_word' id='word_1_176' title='bbox 1329 2085 1436 2123; x_wconf 90' lang='lat' dir='ltr'><strong>non</strong></span> <span class='ocrx_word' id='word_1_177' title='bbox 1464 2064 1547 2124; x_wconf 88' lang='lat' dir='ltr'><strong>est</strong></span> <span class='ocrx_word' id='word_1_178' title='bbox 1589 2083 1942 2138; x_wconf 87' lang='lat' dir='ltr'><strong>personarum</strong></span> 
     </span>
    </p>
   </div>
   <div class='ocr_carea' id='block_1_22' title="bbox 381 2146 1943 2234">
    <p class='ocr_par' dir='ltr' id='par_1_22' title="bbox 381 2146 1943 2234">
     <span class='ocr_line' id='line_1_22' title="bbox 381 2146 1943 2234; baseline -0.004 -14"><span class='ocrx_word' id='word_1_179' title='bbox 381 2165 620 2234; x_wconf 83' lang='lat' dir='ltr'><strong>acceptio</strong></span> <span class='ocrx_word' id='word_1_180' title='bbox 645 2163 783 2232; x_wconf 90' lang='lat' dir='ltr'><strong>apud</strong></span> <span class='ocrx_word' id='word_1_181' title='bbox 805 2163 990 2216; x_wconf 88' lang='lat' dir='ltr'><strong>Deum.</strong></span> <span class='ocrx_word' id='word_1_182' title='bbox 1020 2146 1282 2228; x_wconf 11' lang='lat' dir='ltr'><strong>Quisvnon</strong></span> <span class='ocrx_word' id='word_1_183' title='bbox 1322 2161 1442 2216; x_wconf 86' lang='lat' dir='ltr'><strong>dico</strong></span> <span class='ocrx_word' id='word_1_184' title='bbox 1462 2160 1820 2224; x_wconf 84' lang='lat' dir='ltr'><strong>Christianus,</strong></span> <span class='ocrx_word' id='word_1_185' title='bbox 1850 2158 1943 2214; x_wconf 89' lang='lat' dir='ltr'><strong>sed</strong></span> 
     </span>
    </p>
   </div>
   <div class='ocr_carea' id='block_1_23' title="bbox 382 2249 1945 2321">
    <p class='ocr_par' dir='ltr' id='par_1_23' title="bbox 382 2249 1945 2321">
     <span class='ocr_line' id='line_1_23' title="bbox 382 2249 1945 2321; baseline -0.004 -11"><span class='ocrx_word' id='word_1_186' title='bbox 382 2257 602 2311; x_wconf 87' lang='lat' dir='ltr'><strong>insanus</strong></span> <span class='ocrx_word' id='word_1_187' title='bbox 622 2255 737 2308; x_wconf 71' lang='lat' dir='ltr'><strong>haec</strong></span> <span class='ocrx_word' id='word_1_188' title='bbox 763 2252 937 2307; x_wconf 87' lang='lat' dir='ltr'><strong>dicat?</strong></span> <span class='ocrx_word' id='word_1_189' title='bbox 982 2251 1250 2321; x_wconf 87' lang='lat' dir='ltr'><strong>Appareat</strong></span> <span class='ocrx_word' id='word_1_190' title='bbox 1289 2250 1469 2320; x_wconf 82' lang='lat' dir='ltr'><strong>itaque</strong></span> <span class='ocrx_word' id='word_1_191' title='bbox 1497 2250 1652 2304; x_wconf 82' lang='lat' dir='ltr'><strong>nobis</strong></span> <span class='ocrx_word' id='word_1_192' title='bbox 1680 2249 1732 2303; x_wconf 91' lang='lat' dir='ltr'><strong>in</strong></span> <span class='ocrx_word' id='word_1_193' title='bbox 1761 2258 1945 2304; x_wconf 88' lang='lat' dir='ltr'><strong>nostro</strong></span> 
     </span>
    </p>
   </div>
   <div class='ocr_carea' id='block_1_24' title="bbox 379 2341 1948 2416">
    <p class='ocr_par' dir='ltr' id='par_1_24' title="bbox 379 2341 1948 2416">
     <span class='ocr_line' id='line_1_24' title="bbox 379 2341 1948 2416; baseline -0.004 -17"><span class='ocrx_word' id='word_1_194' title='bbox 379 2345 556 2416; x_wconf 85' lang='lat' dir='ltr'><strong>capite</strong></span> <span class='ocrx_word' id='word_1_195' title='bbox 597 2344 708 2413; x_wconf 89' lang='lat' dir='ltr'><strong>ipse</strong></span> <span class='ocrx_word' id='word_1_196' title='bbox 761 2343 880 2397; x_wconf 78' lang='lat' dir='ltr'><strong>fons</strong></span> <span class='ocrx_word' id='word_1_197' title='bbox 923 2342 1129 2413; x_wconf 65' lang='lat' dir='ltr'><strong>gratiae,</strong></span> <span class='ocrx_word' id='word_1_198' title='bbox 1171 2341 1312 2396; x_wconf 89' lang='lat' dir='ltr'><strong>unde</strong></span> <span class='ocrx_word' id='word_1_199' title='bbox 1359 2342 1666 2413; x_wconf 81' lang='lat' dir='ltr'><strong>secundum</strong></span> <span class='ocrx_word' id='word_1_200' title='bbox 1695 2341 1948 2394; x_wconf 62' lang='lat' dir='ltr'><strong>uniuscu-</strong></span> 
     </span>
    </p>
   </div>
   <div class='ocr_carea' id='block_1_25' title="bbox 378 2421 1946 2505">
    <p class='ocr_par' dir='ltr' id='par_1_25' title="bbox 378 2421 1946 2505">
     <span class='ocr_line' id='line_1_25' title="bbox 378 2421 1946 2505; baseline -0.006 -16"><span class='ocrx_word' id='word_1_201' title='bbox 378 2421 572 2505; x_wconf 79' lang='lat' dir='ltr'><strong>jusque</strong></span> <span class='ocrx_word' id='word_1_202' title='bbox 600 2447 904 2488; x_wconf 86' lang='lat' dir='ltr'><strong>mensuram</strong></span> <span class='ocrx_word' id='word_1_203' title='bbox 931 2445 1090 2501; x_wconf 85' lang='lat' dir='ltr'><strong>super</strong></span> <span class='ocrx_word' id='word_1_204' title='bbox 1115 2438 1306 2486; x_wconf 87' lang='lat' dir='ltr'><strong>cuncta</strong></span> <span class='ocrx_word' id='word_1_205' title='bbox 1333 2428 1448 2499; x_wconf 89' lang='lat' dir='ltr'><strong>ejus</strong></span> <span class='ocrx_word' id='word_1_206' title='bbox 1487 2430 1723 2484; x_wconf 87' lang='lat' dir='ltr'><strong>membra</strong></span> <span class='ocrx_word' id='word_1_207' title='bbox 1753 2427 1946 2484; x_wconf 78' lang='lat' dir='ltr'><strong>dill‘un-</strong></span> 
     </span>
    </p>
   </div>
   <div class='ocr_carea' id='block_1_26' title="bbox 382 2510 1945 2591">
    <p class='ocr_par' dir='ltr' id='par_1_26' title="bbox 382 2510 1945 2591">
     <span class='ocr_line' id='line_1_26' title="bbox 382 2510 1945 2591; baseline -0.004 -15"><span class='ocrx_word' id='word_1_208' title='bbox 382 2522 480 2576; x_wconf 81' lang='lat' dir='ltr'><strong>u‘it.</strong></span> <span class='ocrx_word' id='word_1_209' title='bbox 511 2520 583 2591; x_wconf 77' lang='lat' dir='ltr'><strong>Ea</strong></span> <span class='ocrx_word' id='word_1_210' title='bbox 612 2521 783 2591; x_wconf 88' lang='lat' dir='ltr'><strong>gratia</strong></span> <span class='ocrx_word' id='word_1_211' title='bbox 809 2519 869 2573; x_wconf 85' lang='lat' dir='ltr'><strong>tit</strong></span> <span class='ocrx_word' id='word_1_212' title='bbox 893 2519 961 2573; x_wconf 87' lang='lat' dir='ltr'><strong>ab</strong></span> <span class='ocrx_word' id='word_1_213' title='bbox 984 2518 1138 2572; x_wconf 87' lang='lat' dir='ltr'><strong>initio</strong></span> <span class='ocrx_word' id='word_1_214' title='bbox 1163 2517 1285 2572; x_wconf 81' lang='lat' dir='ltr'><strong>ﬁdei</strong></span> <span class='ocrx_word' id='word_1_215' title='bbox 1309 2533 1420 2588; x_wconf 74' lang='lat' dir='ltr'><strong>sua:</strong></span> <span class='ocrx_word' id='word_1_216' title='bbox 1459 2518 1620 2571; x_wconf 91' lang='lat' dir='ltr'><strong>homo</strong></span> <span class='ocrx_word' id='word_1_217' title='bbox 1641 2510 1945 2586; x_wconf 73' lang='lat' dir='ltr'><strong>quicunque</strong></span> 
     </span>
    </p>
   </div>
   <div class='ocr_carea' id='block_1_27' title="bbox 383 2589 1948 2679">
    <p class='ocr_par' dir='ltr' id='par_1_27' title="bbox 383 2589 1948 2679">
     <span class='ocr_line' id='line_1_27' title="bbox 383 2589 1948 2679; baseline -0.006 -11"><span class='ocrx_word' id='word_1_218' title='bbox 383 2589 741 2675; x_wconf 79' lang='lat' dir='ltr'><strong>Christianus,</strong></span> <span class='ocrx_word' id='word_1_219' title='bbox 769 2601 872 2679; x_wconf 85' lang='lat' dir='ltr'><strong>qua</strong></span> <span class='ocrx_word' id='word_1_220' title='bbox 898 2603 1070 2678; x_wconf 80' lang='lat' dir='ltr'><strong>gratia</strong></span> <span class='ocrx_word' id='word_1_221' title='bbox 1096 2608 1256 2663; x_wconf 92' lang='lat' dir='ltr'><strong>homo</strong></span> <span class='ocrx_word' id='word_1_222' title='bbox 1284 2607 1373 2662; x_wconf 89' lang='lat' dir='ltr'><strong>ille</strong></span> <span class='ocrx_word' id='word_1_223' title='bbox 1399 2608 1466 2661; x_wconf 87' lang='lat' dir='ltr'><strong>ab</strong></span> <span class='ocrx_word' id='word_1_224' title='bbox 1487 2606 1642 2662; x_wconf 90' lang='lat' dir='ltr'><strong>initio</strong></span> <span class='ocrx_word' id='word_1_225' title='bbox 1663 2605 1834 2660; x_wconf 83' lang='lat' dir='ltr'><strong>factus</strong></span> <span class='ocrx_word' id='word_1_226' title='bbox 1862 2613 1948 2660; x_wconf 89' lang='lat' dir='ltr'><strong>est</strong></span> 
     </span>
    </p>
   </div>
   <div class='ocr_carea' id='block_1_28' title="bbox 386 2688 1948 2770">
    <p class='ocr_par' dir='ltr' id='par_1_28' title="bbox 386 2688 1948 2770">
     <span class='ocr_line' id='line_1_28' title="bbox 386 2688 1948 2770; baseline -0.006 -11"><span class='ocrx_word' id='word_1_227' title='bbox 386 2688 651 2759; x_wconf 78' lang='lat' dir='ltr'><strong>Christus.</strong></span> <span class='ocrx_word' id='word_1_228' title='bbox 682 2702 757 2756; x_wconf 90' lang='lat' dir='ltr'><strong>De</strong></span> <span class='ocrx_word' id='word_1_229' title='bbox 783 2701 898 2770; x_wconf 90' lang='lat' dir='ltr'><strong>ipso</strong></span> <span class='ocrx_word' id='word_1_230' title='bbox 925 2699 1127 2769; x_wconf 89' lang='lat' dir='ltr'><strong>Spiritu</strong></span> <span class='ocrx_word' id='word_1_231' title='bbox 1154 2704 1242 2753; x_wconf 70' lang='lat' dir='ltr'><strong>est</strong></span> <span class='ocrx_word' id='word_1_232' title='bbox 1270 2699 1360 2753; x_wconf 90' lang='lat' dir='ltr'><strong>hic</strong></span> <span class='ocrx_word' id='word_1_233' title='bbox 1387 2705 1624 2760; x_wconf 86' lang='lat' dir='ltr'><strong>renatus,</strong></span> <span class='ocrx_word' id='word_1_234' title='bbox 1647 2697 1712 2751; x_wconf 94' lang='lat' dir='ltr'><strong>de</strong></span> <span class='ocrx_word' id='word_1_235' title='bbox 1731 2711 1836 2766; x_wconf 91' lang='lat' dir='ltr'><strong>quo</strong></span> <span class='ocrx_word' id='word_1_236' title='bbox 1864 2703 1948 2749; x_wconf 91' lang='lat' dir='ltr'><strong>est</strong></span> 
     </span>
    </p>
   </div>
   <div class='ocr_carea' id='block_1_29' title="bbox 390 2784 1948 2857">
    <p class='ocr_par' dir='ltr' id='par_1_29' title="bbox 390 2784 1948 2857">
     <span class='ocr_line' id='line_1_29' title="bbox 390 2784 1948 2857; baseline -0.006 -11"><span class='ocrx_word' id='word_1_237' title='bbox 390 2793 479 2847; x_wconf 88' lang='lat' dir='ltr'><strong>ille</strong></span> <span class='ocrx_word' id='word_1_238' title='bbox 508 2800 685 2847; x_wconf 88' lang='lat' dir='ltr'><strong>natus.</strong></span> <span class='ocrx_word' id='word_1_239' title='bbox 727 2810 744 2842; x_wconf 73' lang='grc' dir='ltr'><strong>ι</strong></span> <span class='ocrx_word' id='word_1_240' title='bbox 777 2790 962 2851; x_wconf 85' lang='lat' dir='ltr'><strong>Aliter,</strong></span> <span class='ocrx_word' id='word_1_241' title='bbox 992 2797 1054 2843; x_wconf 90' lang='lat' dir='ltr'><strong>ut</strong></span> <span class='ocrx_word' id='word_1_242' title='bbox 1076 2797 1294 2844; x_wconf 66' lang='lat' dir='ltr'><strong>sanctus</strong></span> <span class='ocrx_word' id='word_1_243' title='bbox 1312 2787 1636 2857; x_wconf 79' lang='lat' dir='ltr'><strong>Augustinus</strong></span> <span class='ocrx_word' id='word_1_244' title='bbox 1653 2787 1770 2840; x_wconf 91' lang='lat' dir='ltr'><strong>vult</strong></span> <span class='ocrx_word' id='word_1_245' title='bbox 1793 2784 1948 2840; x_wconf 81' lang='lat' dir='ltr'><strong>intel-</strong></span> 
     </span>
    </p>
   </div>
   <div class='ocr_carea' id='block_1_30' title="bbox 387 2871 1946 2953">
    <p class='ocr_par' dir='ltr' id='par_1_30' title="bbox 387 2871 1946 2953">
     <span class='ocr_line' id='line_1_30' title="bbox 387 2871 1946 2953; baseline -0.004 -17"><span class='ocrx_word' id='word_1_246' title='bbox 387 2883 500 2953; x_wconf 88' lang='lat' dir='ltr'><strong>ligi,</strong></span> <span class='ocrx_word' id='word_1_247' title='bbox 528 2881 798 2952; x_wconf 86' lang='lat' dir='ltr'><strong>plenitudo</strong></span> <span class='ocrx_word' id='word_1_248' title='bbox 845 2879 1008 2934; x_wconf 82' lang='lat' dir='ltr'><strong>fontis</strong></span> <span class='ocrx_word' id='word_1_249' title='bbox 1045 2871 1243 2944; x_wconf 86' lang='lat' dir='ltr'><strong>manat,</strong></span> <span class='ocrx_word' id='word_1_250' title='bbox 1295 2878 1450 2932; x_wconf 85' lang='lat' dir='ltr'><strong>aliter</strong></span> <span class='ocrx_word' id='word_1_251' title='bbox 1495 2876 1652 2932; x_wconf 88' lang='lat' dir='ltr'><strong>rivuli</strong></span> <span class='ocrx_word' id='word_1_252' title='bbox 1695 2890 1946 2932; x_wconf 87' lang='lat' dir='ltr'><strong>mensura</strong></span> 
     </span>
    </p>
   </div>
   <div class='ocr_carea' id='block_1_31' title="bbox 388 2967 1947 3040">
    <p class='ocr_par' dir='ltr' id='par_1_31' title="bbox 388 2967 1947 3040">
     <span class='ocr_line' id='line_1_31' title="bbox 388 2967 1947 3040; baseline -0.006 -12"><span class='ocrx_word' id='word_1_253' title='bbox 388 2973 563 3028; x_wconf 87' lang='lat' dir='ltr'><strong>currit</strong></span> <span class='ocrx_word' id='word_1_254' title='bbox 587 2972 654 3026; x_wconf 92' lang='lat' dir='ltr'><strong>de</strong></span> <span class='ocrx_word' id='word_1_255' title='bbox 675 2971 840 3034; x_wconf 75' lang='lat' dir='ltr'><strong>fonte,</strong></span> <span class='ocrx_word' id='word_1_256' title='bbox 870 2970 1014 3040; x_wconf 90' lang='lat' dir='ltr'><strong>quod</strong></span> <span class='ocrx_word' id='word_1_257' title='bbox 1038 2971 1228 3024; x_wconf 85' lang='lat' dir='ltr'><strong>beatus</strong></span> <span class='ocrx_word' id='word_1_258' title='bbox 1256 2969 1490 3038; x_wconf 85' lang='lat' dir='ltr'><strong>Baptista</strong></span> <span class='ocrx_word' id='word_1_259' title='bbox 1522 2977 1748 3024; x_wconf 90' lang='lat' dir='ltr'><strong>testatur</strong></span> <span class='ocrx_word' id='word_1_260' title='bbox 1775 2986 1790 3021; x_wconf 93' lang='lat'><strong>:</strong></span> <span class='ocrx_word' id='word_1_261' title='bbox 1825 2967 1947 3020; x_wconf 83' lang='lat' dir='ltr'><strong>Non</strong></span> 
     </span>
    </p>
   </div>
   <div class='ocr_carea' id='block_1_32' title="bbox 321 3057 1942 3130">
    <p class='ocr_par' dir='ltr' id='par_1_32' title="bbox 321 3057 1942 3130">
     <span class='ocr_line' id='line_1_32' title="bbox 321 3057 1942 3130; baseline -0.003 -15"><span class='ocrx_word' id='word_1_262' title='bbox 321 3121 332 3127; x_wconf 53' lang='grc'><em>,</em></span> <span class='ocrx_word' id='word_1_263' title='bbox 388 3063 544 3126; x_wconf 81' lang='lat' dir='ltr'><strong>enim,</strong></span> <span class='ocrx_word' id='word_1_264' title='bbox 570 3061 760 3130; x_wconf 85' lang='lat' dir='ltr'><strong>inquit,</strong></span> <span class='ocrx_word' id='word_1_265' title='bbox 788 3059 855 3114; x_wconf 84' lang='lat' dir='ltr'><strong>ad</strong></span> <span class='ocrx_word' id='word_1_266' title='bbox 891 3076 1185 3114; x_wconf 79' lang='lat' dir='ltr'><strong>mensuram</strong></span> <span class='ocrx_word' id='word_1_267' title='bbox 1212 3061 1302 3118; x_wconf 83' lang='lat' dir='ltr'><strong>dat</strong></span> <span class='ocrx_word' id='word_1_268' title='bbox 1328 3060 1468 3115; x_wconf 86' lang='lat' dir='ltr'><strong>Deus</strong></span> <span class='ocrx_word' id='word_1_269' title='bbox 1492 3059 1731 3128; x_wconf 77' lang='lat' dir='ltr'><strong>spiritum</strong></span> <span class='ocrx_word' id='word_1_270' title='bbox 1758 3057 1942 3130; x_wconf 83' lang='lat' dir='ltr'><strong>(Joan.</strong></span> 
     </span>
    </p>
   </div>
   <div class='ocr_carea' id='block_1_33' title="bbox 393 3147 1950 3221">
    <p class='ocr_par' dir='ltr' id='par_1_33' title="bbox 393 3147 1950 3221">
     <span class='ocr_line' id='line_1_33' title="bbox 393 3147 1950 3221; baseline -0.003 -16"><span class='ocrx_word' id='word_1_271' title='bbox 393 3168 476 3214; x_wconf 84' lang='lat' dir='ltr'><strong>tu,</strong></span> <span class='ocrx_word' id='word_1_272' title='bbox 505 3149 574 3206; x_wconf 69' lang='grc'><strong>54</strong></span> <span class='ocrx_word' id='word_1_273' title='bbox 597 3157 648 3204; x_wconf 91' lang='lat' dir='ltr'><strong>et</strong></span> <span class='ocrx_word' id='word_1_274' title='bbox 669 3149 780 3221; x_wconf 76' lang='lat'><strong>35).</strong></span> <span class='ocrx_word' id='word_1_275' title='bbox 809 3149 966 3217; x_wconf 82' lang='lat' dir='ltr'><strong>Pater</strong></span> <span class='ocrx_word' id='word_1_276' title='bbox 988 3150 1129 3203; x_wconf 91' lang='lat' dir='ltr'><strong>cnim</strong></span> <span class='ocrx_word' id='word_1_277' title='bbox 1155 3149 1326 3219; x_wconf 80' lang='lat' dir='ltr'><strong>diligit</strong></span> <span class='ocrx_word' id='word_1_278' title='bbox 1344 3149 1556 3214; x_wconf 89' lang='lat' dir='ltr'><strong>Filium,</strong></span> <span class='ocrx_word' id='word_1_279' title='bbox 1581 3156 1634 3203; x_wconf 91' lang='lat' dir='ltr'><strong>et</strong></span> <span class='ocrx_word' id='word_1_280' title='bbox 1659 3147 1837 3202; x_wconf 82' lang='lat' dir='ltr'><strong>omnia</strong></span> <span class='ocrx_word' id='word_1_281' title='bbox 1857 3147 1950 3202; x_wconf 87' lang='lat' dir='ltr'><strong>de-</strong></span> 
     </span>
    </p>
   </div>
   <div class='ocr_carea' id='block_1_34' title="bbox 391 3236 1951 3308">
    <p class='ocr_par' dir='ltr' id='par_1_34' title="bbox 391 3236 1951 3308">
     <span class='ocr_line' id='line_1_34' title="bbox 391 3236 1951 3308; baseline 0 -17"><span class='ocrx_word' id='word_1_282' title='bbox 391 3242 470 3295; x_wconf 77' lang='lat' dir='ltr'><strong>dit</strong></span> <span class='ocrx_word' id='word_1_283' title='bbox 494 3241 545 3294; x_wconf 89' lang='lat' dir='ltr'><strong>in</strong></span> <span class='ocrx_word' id='word_1_284' title='bbox 572 3255 731 3294; x_wconf 89' lang='lat' dir='ltr'><strong>manu</strong></span> <span class='ocrx_word' id='word_1_285' title='bbox 758 3237 892 3307; x_wconf 87' lang='lat' dir='ltr'><strong>ejus.</strong></span> <span class='ocrx_word' id='word_1_286' title='bbox 937 3239 1012 3294; x_wconf 91' lang='lat' dir='ltr'><strong>De</strong></span> <span class='ocrx_word' id='word_1_287' title='bbox 1035 3239 1324 3294; x_wconf 90' lang='lat' dir='ltr'><strong>rivulorum</strong></span> <span class='ocrx_word' id='word_1_288' title='bbox 1369 3253 1618 3294; x_wconf 85' lang='lat' dir='ltr'><strong>mensura</strong></span> <span class='ocrx_word' id='word_1_289' title='bbox 1668 3236 1951 3308; x_wconf 77' lang='lat' dir='ltr'><strong>Apostolus</strong></span> 
     </span>
    </p>
   </div>
   <div class='ocr_carea' id='block_1_35' title="bbox 394 3328 1952 3406">
    <p class='ocr_par' dir='ltr' id='par_1_35' title="bbox 394 3328 1952 3406">
     <span class='ocr_line' id='line_1_35' title="bbox 394 3328 1952 3406; baseline -0.001 -24"><span class='ocrx_word' id='word_1_290' title='bbox 394 3337 619 3384; x_wconf 76' lang='lat' dir='ltr'><strong>testatur</strong></span> <span class='ocrx_word' id='word_1_291' title='bbox 643 3328 973 3399; x_wconf 70' lang='lat' dir='ltr'><strong>:‘Unicuique</strong></span> <span class='ocrx_word' id='word_1_292' title='bbox 994 3339 1223 3382; x_wconf 83' lang='lat' dir='ltr'><strong>nostrum</strong></span> <span class='ocrx_word' id='word_1_293' title='bbox 1244 3329 1369 3382; x_wconf 85' lang='lat' dir='ltr'><strong>data</strong></span> <span class='ocrx_word' id='word_1_294' title='bbox 1387 3338 1460 3382; x_wconf 85' lang='lat' dir='ltr'><strong>est</strong></span> <span class='ocrx_word' id='word_1_295' title='bbox 1480 3329 1648 3399; x_wconf 86' lang='lat' dir='ltr'><strong>gratia</strong></span> <span class='ocrx_word' id='word_1_296' title='bbox 1670 3328 1952 3406; x_wconf 82' lang='lat' dir='ltr'><strong>secundum</strong></span> 
     </span>
    </p>
   </div>
   <div class='ocr_carea' id='block_1_36' title="bbox 400 3413 1670 3484">
    <p class='ocr_par' dir='ltr' id='par_1_36' title="bbox 400 3413 1670 3484">
     <span class='ocr_line' id='line_1_36' title="bbox 400 3413 1670 3484; baseline -0.002 -16"><span class='ocrx_word' id='word_1_297' title='bbox 400 3432 693 3470; x_wconf 80' lang='lat' dir='ltr'><strong>mensuram</strong></span> <span class='ocrx_word' id='word_1_298' title='bbox 721 3415 1014 3469; x_wconf 73' lang='lat' dir='ltr'><strong>donationis</strong></span> <span class='ocrx_word' id='word_1_299' title='bbox 1041 3413 1232 3468; x_wconf 84' lang='lat' dir='ltr'><strong>Christi</strong></span> <span class='ocrx_word' id='word_1_300' title='bbox 1248 3413 1468 3484; x_wconf 46' lang='lat' dir='ltr'><strong>,(Epltes.</strong></span> <span class='ocrx_word' id='word_1_301' title='bbox 1498 3430 1570 3477; x_wconf 84' lang='lat' dir='ltr'><strong>tv,</strong></span> <span class='ocrx_word' id='word_1_302' title='bbox 1597 3415 1670 3484; x_wconf 88' lang='lat'><strong>7).</strong></span> 
     </span>
    </p>
   </div>
   <div class='ocr_carea' id='block_1_37' title="bbox 467 3488 1948 3588">
    <p class='ocr_par' dir='ltr' id='par_1_37' title="bbox 467 3488 1948 3588">
     <span class='ocr_line' id='line_1_37' title="bbox 467 3488 1948 3588; baseline -0.002 -29"><span class='ocrx_word' id='word_1_303' title='bbox 467 3506 602 3560; x_wconf 75' lang='lat' dir='ltr'><strong>XVl.</strong></span> <span class='ocrx_word' id='word_1_304' title='bbox 641 3505 707 3559; x_wconf 85' lang='lat' dir='ltr'><strong>Et</strong></span> <span class='ocrx_word' id='word_1_305' title='bbox 728 3498 850 3574; x_wconf 85' lang='lat' dir='ltr'><strong>quia</strong></span> <span class='ocrx_word' id='word_1_306' title='bbox 868 3505 1023 3573; x_wconf 84' lang='lat' dir='ltr'><strong>paulo</strong></span> <span class='ocrx_word' id='word_1_307' title='bbox 1044 3514 1168 3560; x_wconf 85' lang='lat' dir='ltr'><strong>ante</strong></span> <span class='ocrx_word' id='word_1_308' title='bbox 1193 3488 1396 3588; x_wconf 53' lang='lat' dir='ltr'><strong>[vicistis</strong></span> <span class='ocrx_word' id='word_1_309' title='bbox 1416 3506 1740 3560; x_wconf 88' lang='lat' dir='ltr'><strong>mentionem</strong></span> <span class='ocrx_word' id='word_1_310' title='bbox 1763 3504 1948 3568; x_wconf 89' lang='lat' dir='ltr'><strong>David,</strong></span> 
     </span>
    </p>
   </div>
   <div class='ocr_carea' id='block_1_38' title="bbox 394 3594 1954 3665">
    <p class='ocr_par' dir='ltr' id='par_1_38' title="bbox 394 3594 1954 3665">
     <span class='ocr_line' id='line_1_38' title="bbox 394 3594 1954 3665; baseline 0 -19"><span class='ocrx_word' id='word_1_311' title='bbox 394 3595 549 3648; x_wconf 86' lang='lat' dir='ltr'><strong>velim</strong></span> <span class='ocrx_word' id='word_1_312' title='bbox 577 3595 785 3657; x_wconf 83' lang='lat' dir='ltr'><strong>dicatis,</strong></span> <span class='ocrx_word' id='word_1_313' title='bbox 819 3595 883 3650; x_wconf 88' lang='lat' dir='ltr'><strong>de</strong></span> <span class='ocrx_word' id='word_1_314' title='bbox 905 3610 1010 3665; x_wconf 89' lang='lat' dir='ltr'><strong>quo</strong></span> <span class='ocrx_word' id='word_1_315' title='bbox 1034 3596 1429 3664; x_wconf 70' lang='lat' dir='ltr'><strong>interrogasset</strong></span> <span class='ocrx_word' id='word_1_316' title='bbox 1473 3595 1584 3663; x_wconf 90' lang='lat' dir='ltr'><strong>ipsa</strong></span> <span class='ocrx_word' id='word_1_317' title='bbox 1629 3594 1840 3649; x_wconf 82' lang='lat' dir='ltr'><strong>Veritas</strong></span> <span class='ocrx_word' id='word_1_318' title='bbox 1861 3594 1954 3648; x_wconf 81' lang='lat' dir='ltr'><strong>Ju-</strong></span> 
     </span>
    </p>
   </div>
   <div class='ocr_carea' id='block_1_39' title="bbox 398 3671 1952 3757">
    <p class='ocr_par' dir='ltr' id='par_1_39' title="bbox 398 3671 1952 3757">
     <span class='ocr_line' id='line_1_39' title="bbox 398 3671 1952 3757; baseline -0.002 -17"><span class='ocrx_word' id='word_1_319' title='bbox 398 3687 560 3751; x_wconf 51' lang='lat' dir='ltr'><strong>datos,</strong></span> <span class='ocrx_word' id='word_1_320' title='bbox 582 3686 672 3741; x_wconf 84' lang='lat' dir='ltr'><strong>ubi</strong></span> <span class='ocrx_word' id='word_1_321' title='bbox 696 3687 770 3740; x_wconf 87' lang='lat' dir='ltr'><strong>ait</strong></span> <span class='ocrx_word' id='word_1_322' title='bbox 793 3701 806 3739; x_wconf 88' lang='lat'><strong>:</strong></span> <span class='ocrx_word' id='word_1_323' title='bbox 839 3685 1003 3757; x_wconf 81' lang='lat' dir='ltr'><strong>Cujus</strong></span> <span class='ocrx_word' id='word_1_324' title='bbox 1029 3675 1200 3740; x_wconf 66' lang='lat' dir='ltr'><strong>Filius</strong></span> <span class='ocrx_word' id='word_1_325' title='bbox 1242 3696 1315 3740; x_wconf 83' lang='lat' dir='ltr'><strong>est</strong></span> <span class='ocrx_word' id='word_1_326' title='bbox 1358 3685 1591 3739; x_wconf 76' lang='lat' dir='ltr'><strong>Christus</strong></span> <span class='ocrx_word' id='word_1_327' title='bbox 1613 3687 1633 3738; x_wconf 87' lang='lat'><strong><em>?</em></strong></span> <span class='ocrx_word' id='word_1_328' title='bbox 1659 3671 1909 3739; x_wconf 76' lang='lat' dir='ltr'><strong>Dixeram</strong></span> <span class='ocrx_word' id='word_1_329' title='bbox 1933 3699 1952 3736; x_wconf 87' lang='lat'><strong>.&#39;</strong></span> 
     </span>
    </p>
   </div>
   <div class='ocr_carea' id='block_1_40' title="bbox 399 3766 1956 3845">
    <p class='ocr_par' dir='ltr' id='par_1_40' title="bbox 399 3766 1956 3845">
     <span class='ocr_line' id='line_1_40' title="bbox 399 3766 1956 3845; baseline 0.001 -19"><span class='ocrx_word' id='word_1_330' title='bbox 399 3766 828 3843; x_wconf 46' lang='lat' dir='ltr'><strong>David‘(Matth.</strong></span> <span class='ocrx_word' id='word_1_331' title='bbox 859 3790 993 3839; x_wconf 75' lang='lat' dir='ltr'><strong>xxu,</strong></span> <span class='ocrx_word' id='word_1_332' title='bbox 1022 3775 1130 3845; x_wconf 63' lang='grc' dir='ltr'><strong>Ω).</strong></span> <span class='ocrx_word' id='word_1_333' title='bbox 1177 3774 1292 3839; x_wconf 83' lang='lat' dir='ltr'><strong>Ipse</strong></span> <span class='ocrx_word' id='word_1_334' title='bbox 1333 3783 1510 3828; x_wconf 83' lang='lat' dir='ltr'><strong>autem</strong></span> <span class='ocrx_word' id='word_1_335' title='bbox 1553 3775 1829 3844; x_wconf 76' lang='lat' dir='ltr'><strong>proposuit</strong></span> <span class='ocrx_word' id='word_1_336' title='bbox 1853 3773 1956 3828; x_wconf 71' lang='lat' dir='ltr'><strong>illis</strong></span> 
     </span>
    </p>
   </div>
   <div class='ocr_carea' id='block_1_41' title="bbox 400 3853 1955 3938">
    <p class='ocr_par' dir='ltr' id='par_1_41' title="bbox 400 3853 1955 3938">
     <span class='ocr_line' id='line_1_41' title="bbox 400 3853 1955 3938; baseline 0.003 -24"><span class='ocrx_word' id='word_1_337' title='bbox 400 3864 768 3931; x_wconf 59' lang='lat' dir='ltr'><strong>quastionem,</strong></span> <span class='ocrx_word' id='word_1_338' title='bbox 815 3853 1083 3938; x_wconf 74' lang='lat' dir='ltr'><strong>quomodo</strong></span> <span class='ocrx_word' id='word_1_339' title='bbox 1122 3863 1322 3918; x_wconf 86' lang='lat' dir='ltr'><strong>dictum</strong></span> <span class='ocrx_word' id='word_1_340' title='bbox 1364 3865 1460 3928; x_wconf 89' lang='lat' dir='ltr'><strong>sit;</strong></span> <span class='ocrx_word' id='word_1_341' title='bbox 1509 3863 1651 3917; x_wconf 69' lang='lat' dir='ltr'><strong>Dixit</strong></span> <span class='ocrx_word' id='word_1_342' title='bbox 1701 3864 1955 3918; x_wconf 75' lang='lat' dir='ltr'><strong>Dominus</strong></span> 
     </span>
    </p>
   </div>
   <div class='ocr_carea' id='block_1_42' title="bbox 402 3944 1954 4021">
    <p class='ocr_par' dir='ltr' id='par_1_42' title="bbox 402 3944 1954 4021">
     <span class='ocr_line' id='line_1_42' title="bbox 402 3944 1954 4021; baseline 0.001 -17"><span class='ocrx_word' id='word_1_343' title='bbox 402 3951 623 4006; x_wconf 86' lang='lat' dir='ltr'><strong>Domino</strong></span> <span class='ocrx_word' id='word_1_344' title='bbox 650 3967 793 4018; x_wconf 88' lang='lat' dir='ltr'><strong>meo;</strong></span> <span class='ocrx_word' id='word_1_345' title='bbox 818 3954 936 4008; x_wconf 80' lang='lat' dir='ltr'><strong>sede</strong></span> <span class='ocrx_word' id='word_1_346' title='bbox 966 3971 996 4006; x_wconf 90' lang='lat' dir='ltr'><strong>a</strong></span> <span class='ocrx_word' id='word_1_347' title='bbox 1025 3944 1216 4007; x_wconf 71' lang='lat' dir='ltr'><strong>dextris</strong></span> <span class='ocrx_word' id='word_1_348' title='bbox 1245 3955 1391 4007; x_wconf 81' lang='lat' dir='ltr'><strong>meis.</strong></span> <span class='ocrx_word' id='word_1_349' title='bbox 1421 3953 1479 4008; x_wconf 88' lang='lat' dir='ltr'><strong>Si</strong></span> <span class='ocrx_word' id='word_1_350' title='bbox 1499 3953 1640 4021; x_wconf 72' lang='lat' dir='ltr'><strong>ﬁlius</strong></span> <span class='ocrx_word' id='word_1_351' title='bbox 1667 3963 1738 4006; x_wconf 84' lang='lat' dir='ltr'><strong>cst</strong></span> <span class='ocrx_word' id='word_1_352' title='bbox 1765 3954 1954 4018; x_wconf 77' lang='lat' dir='ltr'><strong>David,</strong></span> 
     </span>
    </p>
   </div>
   <div class='ocr_carea' id='block_1_43' title="bbox 399 4041 1956 4113">
    <p class='ocr_par' dir='ltr' id='par_1_43' title="bbox 399 4041 1956 4113">
     <span class='ocr_line' id='line_1_43' title="bbox 399 4041 1956 4113; baseline 0.003 -24"><span class='ocrx_word' id='word_1_353' title='bbox 399 4041 654 4107; x_wconf 77' lang='lat' dir='ltr'><strong>quomodo</strong></span> <span class='ocrx_word' id='word_1_354' title='bbox 684 4050 757 4094; x_wconf 83' lang='lat' dir='ltr'><strong>est</strong></span> <span class='ocrx_word' id='word_1_355' title='bbox 786 4041 1036 4095; x_wconf 83' lang='lat' dir='ltr'><strong>Dominus</strong></span> <span class='ocrx_word' id='word_1_356' title='bbox 1067 4042 1178 4113; x_wconf 80' lang='lat' dir='ltr'><strong>ejus</strong></span> <span class='ocrx_word' id='word_1_357' title='bbox 1210 4042 1392 4113; x_wconf 82' lang='lat' dir='ltr'><strong>(lbid.,</strong></span> <span class='ocrx_word' id='word_1_358' title='bbox 1424 4059 1550 4096; x_wconf 72' lang='lat' dir='ltr'><strong>vers.</strong></span> <span class='ocrx_word' id='word_1_359' title='bbox 1573 4043 1661 4104; x_wconf 69' lang='grc' dir='ltr'><strong>εΗ,</strong></span> <span class='ocrx_word' id='word_1_360' title='bbox 1693 4043 1817 4111; x_wconf 62' lang='lat'><strong>45)?</strong></span> <span class='ocrx_word' id='word_1_361' title='bbox 1859 4042 1956 4095; x_wconf 89' lang='lat' dir='ltr'><strong>Cui</strong></span> 
     </span>
    </p>
   </div>
   <div class='ocr_carea' id='block_1_44' title="bbox 399 4127 1957 4194">
    <p class='ocr_par' dir='ltr' id='par_1_44' title="bbox 399 4127 1957 4194">
     <span class='ocr_line' id='line_1_44' title="bbox 399 4127 1957 4194; baseline 0.001 -14"><span class='ocrx_word' id='word_1_362' title='bbox 399 4135 578 4181; x_wconf 83' lang='lat' dir='ltr'><strong>autem</strong></span> <span class='ocrx_word' id='word_1_363' title='bbox 602 4137 806 4181; x_wconf 71' lang='lat' dir='ltr'><strong>natura:</strong></span> <span class='ocrx_word' id='word_1_364' title='bbox 833 4130 1031 4182; x_wconf 81' lang='lat' dir='ltr'><strong>dictum</strong></span> <span class='ocrx_word' id='word_1_365' title='bbox 1061 4139 1164 4194; x_wconf 88' lang='lat' dir='ltr'><strong>est,</strong></span> <span class='ocrx_word' id='word_1_366' title='bbox 1189 4131 1313 4183; x_wconf 85' lang='lat' dir='ltr'><strong>sede</strong></span> <span class='ocrx_word' id='word_1_367' title='bbox 1340 4145 1370 4181; x_wconf 89' lang='lat' dir='ltr'><strong>a</strong></span> <span class='ocrx_word' id='word_1_368' title='bbox 1398 4129 1602 4182; x_wconf 73' lang='lat' dir='ltr'><strong>dextris</strong></span> <span class='ocrx_word' id='word_1_369' title='bbox 1641 4131 1794 4192; x_wconf 90' lang='lat' dir='ltr'><strong>meis,</strong></span> <span class='ocrx_word' id='word_1_370' title='bbox 1823 4127 1957 4181; x_wconf 89' lang='lat' dir='ltr'><strong>divi-</strong></span> 
     </span>
    </p>
   </div>
   <div class='ocr_carea' id='block_1_45' title="bbox 401 4217 1954 4286">
    <p class='ocr_par' dir='ltr' id='par_1_45' title="bbox 401 4217 1954 4286">
     <span class='ocr_line' id='line_1_45' title="bbox 401 4217 1954 4286; baseline 0 -14"><span class='ocrx_word' id='word_1_371' title='bbox 401 4235 483 4272; x_wconf 75' lang='lat' dir='ltr'><strong>na:</strong></span> <span class='ocrx_word' id='word_1_372' title='bbox 511 4218 879 4272; x_wconf 73' lang='lat' dir='ltr'><strong>anhumante?</strong></span> <span class='ocrx_word' id='word_1_373' title='bbox 929 4217 1183 4271; x_wconf 81' lang='lat' dir='ltr'><strong>llumana:</strong></span> <span class='ocrx_word' id='word_1_374' title='bbox 1231 4219 1454 4283; x_wconf 85' lang='lat' dir='ltr'><strong>scilicet,</strong></span> <span class='ocrx_word' id='word_1_375' title='bbox 1508 4226 1568 4271; x_wconf 89' lang='lat' dir='ltr'><strong>ut</strong></span> <span class='ocrx_word' id='word_1_376' title='bbox 1614 4218 1664 4270; x_wconf 92' lang='lat' dir='ltr'><strong>in</strong></span> <span class='ocrx_word' id='word_1_377' title='bbox 1717 4218 1954 4286; x_wconf 79' lang='lat' dir='ltr'><strong>symbolo</strong></span> 
     </span>
    </p>
   </div>
   <div class='ocr_carea' id='block_1_46' title="bbox 401 4305 1957 4375">
    <p class='ocr_par' dir='ltr' id='par_1_46' title="bbox 401 4305 1957 4375">
     <span class='ocr_line' id='line_1_46' title="bbox 401 4305 1957 4375; baseline -0.001 -14"><span class='ocrx_word' id='word_1_378' title='bbox 401 4314 646 4370; x_wconf 84' lang='lat' dir='ltr'><strong>cantatur</strong></span> <span class='ocrx_word' id='word_1_379' title='bbox 672 4323 684 4357; x_wconf 92' lang='lat'>:</span> <span class='ocrx_word' id='word_1_380' title='bbox 708 4306 798 4375; x_wconf 91' lang='lat' dir='ltr'><strong>qui</strong></span> <span class='ocrx_word' id='word_1_381' title='bbox 827 4306 1064 4361; x_wconf 85' lang='lat' dir='ltr'><strong>ascendit</strong></span> <span class='ocrx_word' id='word_1_382' title='bbox 1109 4305 1163 4360; x_wconf 91' lang='lat' dir='ltr'><strong>in</strong></span> <span class='ocrx_word' id='word_1_383' title='bbox 1213 4307 1395 4370; x_wconf 78' lang='lat' dir='ltr'><strong>cmlos,</strong></span> <span class='ocrx_word' id='word_1_384' title='bbox 1424 4317 1478 4360; x_wconf 87' lang='lat' dir='ltr'><strong>et</strong></span> <span class='ocrx_word' id='word_1_385' title='bbox 1525 4307 1673 4361; x_wconf 83' lang='lat' dir='ltr'><strong>sedet</strong></span> <span class='ocrx_word' id='word_1_386' title='bbox 1697 4323 1726 4360; x_wconf 87' lang='lat' dir='ltr'><strong>a</strong></span> <span class='ocrx_word' id='word_1_387' title='bbox 1754 4306 1957 4360; x_wconf 77' lang='lat' dir='ltr'><strong>dextris</strong></span> 
     </span>
    </p>
   </div>
   <div class='ocr_carea' id='block_1_47' title="bbox 403 4397 1953 4468">
    <p class='ocr_par' dir='ltr' id='par_1_47' title="bbox 403 4397 1953 4468">
     <span class='ocr_line' id='line_1_47' title="bbox 403 4397 1953 4468; baseline 0.001 -16"><span class='ocrx_word' id='word_1_388' title='bbox 403 4399 514 4452; x_wconf 85' lang='lat' dir='ltr'><strong>Dei.</strong></span> <span class='ocrx_word' id='word_1_389' title='bbox 553 4397 698 4454; x_wconf 88' lang='lat' dir='ltr'><strong>Unde</strong></span> <span class='ocrx_word' id='word_1_390' title='bbox 723 4405 777 4453; x_wconf 90' lang='lat' dir='ltr'><strong>et</strong></span> <span class='ocrx_word' id='word_1_391' title='bbox 805 4397 1012 4454; x_wconf 83' lang='lat' dir='ltr'><strong>Marcus</strong></span> <span class='ocrx_word' id='word_1_392' title='bbox 1053 4399 1376 4468; x_wconf 73' lang='lat' dir='ltr'><strong>evangelista</strong></span> <span class='ocrx_word' id='word_1_393' title='bbox 1436 4401 1486 4453; x_wconf 90' lang='lat' dir='ltr'><strong>in</strong></span> <span class='ocrx_word' id='word_1_394' title='bbox 1538 4398 1640 4453; x_wconf 82' lang='lat' dir='ltr'><strong>ﬁne</strong></span> <span class='ocrx_word' id='word_1_395' title='bbox 1683 4399 1953 4468; x_wconf 75' lang='lat' dir='ltr'><strong>Evangelii</strong></span> 
     </span>
    </p>
   </div>
   <div class='ocr_carea' id='block_1_48' title="bbox 404 4488 1956 4562">
    <p class='ocr_par' dir='ltr' id='par_1_48' title="bbox 404 4488 1956 4562">
     <span class='ocr_line' id='line_1_48' title="bbox 404 4488 1956 4562; baseline 0.001 -20"><span class='ocrx_word' id='word_1_396' title='bbox 404 4490 484 4542; x_wconf 86' lang='lat' dir='ltr'><strong>sui</strong></span> <span class='ocrx_word' id='word_1_397' title='bbox 513 4489 589 4542; x_wconf 81' lang='lat' dir='ltr'><strong>ait</strong></span> <span class='ocrx_word' id='word_1_398' title='bbox 619 4507 632 4541; x_wconf 87' lang='lat'><strong>:</strong></span> <span class='ocrx_word' id='word_1_399' title='bbox 656 4488 724 4541; x_wconf 84' lang='lat' dir='ltr'><strong>Et</strong></span> <span class='ocrx_word' id='word_1_400' title='bbox 749 4488 999 4544; x_wconf 79' lang='lat' dir='ltr'><strong>Dominus</strong></span> <span class='ocrx_word' id='word_1_401' title='bbox 1017 4491 1222 4560; x_wconf 79' lang='lat' dir='ltr'><strong>quidem</strong></span> <span class='ocrx_word' id='word_1_402' title='bbox 1247 4491 1386 4554; x_wconf 75' lang='lat' dir='ltr'><strong>Deus</strong></span> <span class='ocrx_word' id='word_1_403' title='bbox 1435 4490 1652 4562; x_wconf 75' lang='lat' dir='ltr'><strong>[Iesus],</strong></span> <span class='ocrx_word' id='word_1_404' title='bbox 1686 4502 1956 4562; x_wconf 75' lang='lat' dir='ltr'><strong>postquam</strong></span> 
     </span>
    </p>
   </div>
   <div class='ocr_carea' id='block_1_49' title="bbox 1973 3199 2024 3266">
    <p class='ocr_par' dir='ltr' id='par_1_49' title="bbox 1973 3199 2024 3266">
     <span class='ocr_line' id='line_1_49' title="bbox 1973 3199 2024 3266; baseline 0 0"><span class='ocrx_word' id='word_1_405' title='bbox 1973 3199 2024 3266; x_wconf 71' lang='grc' dir='ltr'><strong>Ω</strong></span> 
     </span>
    </p>
   </div>
   <div class='ocr_carea' id='block_1_50' title="bbox 2031 627 3593 699">
    <p class='ocr_par' dir='ltr' id='par_1_50' title="bbox 2031 627 3593 699">
     <span class='ocr_line' id='line_1_50' title="bbox 2031 627 3593 699; baseline 0.001 -14"><span class='ocrx_word' id='word_1_406' title='bbox 2031 632 2126 696; x_wconf 88' lang='lat' dir='ltr'><strong>ait,</strong></span> <span class='ocrx_word' id='word_1_407' title='bbox 2151 641 2201 686; x_wconf 85' lang='lat' dir='ltr'><strong>et</strong></span> <span class='ocrx_word' id='word_1_408' title='bbox 2244 642 2321 696; x_wconf 70' lang='lat' dir='ltr'><strong>est</strong></span> <span class='ocrx_word' id='word_1_409' title='bbox 2364 631 2618 686; x_wconf 76' lang='lat' dir='ltr'><strong>Dominus</strong></span> <span class='ocrx_word' id='word_1_410' title='bbox 2645 631 2877 686; x_wconf 85' lang='lat' dir='ltr'><strong>omnium</strong></span> <span class='ocrx_word' id='word_1_411' title='bbox 2901 627 3080 699; x_wconf 81' lang='lat' dir='ltr'><strong>(Rom.</strong></span> <span class='ocrx_word' id='word_1_412' title='bbox 3104 645 3158 694; x_wconf 75' lang='grc' dir='ltr'>ι,</span> <span class='ocrx_word' id='word_1_413' title='bbox 3205 628 3291 698; x_wconf 76' lang='lat' dir='ltr'><strong>l2)</strong></span> <span class='ocrx_word' id='word_1_414' title='bbox 3317 643 3330 681; x_wconf 93' lang='lat'><strong>:</strong></span> <span class='ocrx_word' id='word_1_415' title='bbox 3360 629 3481 684; x_wconf 89' lang='lat' dir='ltr'><strong>etsi</strong></span> <span class='ocrx_word' id='word_1_416' title='bbox 3509 639 3593 686; x_wconf 90' lang='lat' dir='ltr'><strong>est</strong></span> 
     </span>
    </p>
   </div>
   <div class='ocr_carea' id='block_1_51' title="bbox 1985 717 3594 788">
    <p class='ocr_par' dir='ltr' id='par_1_51' title="bbox 1985 717 3594 788">
     <span class='ocr_line' id='line_1_51' title="bbox 1985 717 3594 788; baseline 0 -12"><span class='ocrx_word' id='word_1_417' title='bbox 1985 727 1990 732; x_wconf 81' lang='lat'>&#39;</span> <span class='ocrx_word' id='word_1_418' title='bbox 2031 721 2289 776; x_wconf 85' lang='lat' dir='ltr'><strong>Dominus</strong></span> <span class='ocrx_word' id='word_1_419' title='bbox 2316 721 2578 784; x_wconf 86' lang='lat' dir='ltr'><strong>omnium,</strong></span> <span class='ocrx_word' id='word_1_420' title='bbox 2605 719 2790 788; x_wconf 87' lang='lat' dir='ltr'><strong>utique</strong></span> <span class='ocrx_word' id='word_1_421' title='bbox 2825 727 2880 773; x_wconf 88' lang='lat' dir='ltr'><strong>et</strong></span> <span class='ocrx_word' id='word_1_422' title='bbox 2906 718 3162 774; x_wconf 89' lang='lat' dir='ltr'><strong>Dominus</strong></span> <span class='ocrx_word' id='word_1_423' title='bbox 3181 726 3265 773; x_wconf 93' lang='lat' dir='ltr'><strong>est</strong></span> <span class='ocrx_word' id='word_1_424' title='bbox 3300 717 3489 785; x_wconf 91' lang='lat' dir='ltr'><strong>David,</strong></span> <span class='ocrx_word' id='word_1_425' title='bbox 3527 720 3594 775; x_wconf 82' lang='lat' dir='ltr'><strong>de</strong></span> 
     </span>
    </p>
   </div>
   <div class='ocr_carea' id='block_1_52' title="bbox 2031 805 3594 877">
    <p class='ocr_par' dir='ltr' id='par_1_52' title="bbox 2031 805 3594 877">
     <span class='ocr_line' id='line_1_52' title="bbox 2031 805 3594 877; baseline -0.004 -10"><span class='ocrx_word' id='word_1_426' title='bbox 2031 809 2186 877; x_wconf 83' lang='lat' dir='ltr'><strong>cujus</strong></span> <span class='ocrx_word' id='word_1_427' title='bbox 2210 811 2414 866; x_wconf 88' lang='lat' dir='ltr'><strong>semine</strong></span> <span class='ocrx_word' id='word_1_428' title='bbox 2437 817 2595 865; x_wconf 86' lang='lat' dir='ltr'><strong>natus</strong></span> <span class='ocrx_word' id='word_1_429' title='bbox 2618 816 2704 863; x_wconf 91' lang='lat' dir='ltr'><strong>est</strong></span> <span class='ocrx_word' id='word_1_430' title='bbox 2722 807 3028 864; x_wconf 84' lang='lat' dir='ltr'><strong>carnaliter.</strong></span> <span class='ocrx_word' id='word_1_431' title='bbox 3059 805 3172 860; x_wconf 87' lang='lat' dir='ltr'><strong>Hoc</strong></span> <span class='ocrx_word' id='word_1_432' title='bbox 3191 808 3310 862; x_wconf 87' lang='lat' dir='ltr'><strong>ideo</strong></span> <span class='ocrx_word' id='word_1_433' title='bbox 3335 814 3446 862; x_wconf 89' lang='lat' dir='ltr'><strong>tam</strong></span> <span class='ocrx_word' id='word_1_434' title='bbox 3468 807 3594 862; x_wconf 76' lang='lat' dir='ltr'><strong>sul)-</strong></span> 
     </span>
    </p>
   </div>
   <div class='ocr_carea' id='block_1_53' title="bbox 2032 895 3593 970">
    <p class='ocr_par' dir='ltr' id='par_1_53' title="bbox 2032 895 3593 970">
     <span class='ocr_line' id='line_1_53' title="bbox 2032 895 3593 970; baseline -0.001 -17"><span class='ocrx_word' id='word_1_435' title='bbox 2032 899 2197 954; x_wconf 85' lang='lat' dir='ltr'><strong>tiliter</strong></span> <span class='ocrx_word' id='word_1_436' title='bbox 2248 897 2603 967; x_wconf 76' lang='lat' dir='ltr'><strong>interrogavit</strong></span> <span class='ocrx_word' id='word_1_437' title='bbox 2651 897 2764 966; x_wconf 86' lang='lat' dir='ltr'><strong>ipse</strong></span> <span class='ocrx_word' id='word_1_438' title='bbox 2809 897 2951 950; x_wconf 82' lang='lat' dir='ltr'><strong>Deus</strong></span> <span class='ocrx_word' id='word_1_439' title='bbox 2997 895 3276 970; x_wconf 78' lang='lat' dir='ltr'><strong>Christus,</strong></span> <span class='ocrx_word' id='word_1_440' title='bbox 3327 905 3386 951; x_wconf 89' lang='lat' dir='ltr'><strong>ut</strong></span> <span class='ocrx_word' id='word_1_441' title='bbox 3436 898 3593 954; x_wconf 84' lang='lat' dir='ltr'><strong>intel-</strong></span> 
     </span>
    </p>
   </div>
   <div class='ocr_carea' id='block_1_54' title="bbox 2032 987 3593 1062">
    <p class='ocr_par' dir='ltr' id='par_1_54' title="bbox 2032 987 3593 1062">
     <span class='ocr_line' id='line_1_54' title="bbox 2032 987 3593 1062; baseline 0 -18"><span class='ocrx_word' id='word_1_442' title='bbox 2032 989 2288 1062; x_wconf 87' lang='lat' dir='ltr'><strong>ligeretur</strong></span> <span class='ocrx_word' id='word_1_443' title='bbox 2345 989 2592 1044; x_wconf 89' lang='lat' dir='ltr'><strong>eumdem</strong></span> <span class='ocrx_word' id='word_1_444' title='bbox 2652 1003 2770 1043; x_wconf 88' lang='lat' dir='ltr'><strong>esse</strong></span> <span class='ocrx_word' id='word_1_445' title='bbox 2826 987 3108 1042; x_wconf 89' lang='lat' dir='ltr'><strong>Dominum</strong></span> <span class='ocrx_word' id='word_1_446' title='bbox 3163 987 3331 1044; x_wconf 85' lang='lat' dir='ltr'><strong>David</strong></span> <span class='ocrx_word' id='word_1_447' title='bbox 3389 989 3480 1057; x_wconf 83' lang='lat' dir='ltr'><strong>qui</strong></span> <span class='ocrx_word' id='word_1_448' title='bbox 3541 997 3593 1044; x_wconf 90' lang='lat' dir='ltr'><strong>et</strong></span> 
     </span>
    </p>
   </div>
   <div class='ocr_carea' id='block_1_55' title="bbox 2033 1079 2309 1136">
    <p class='ocr_par' dir='ltr' id='par_1_55' title="bbox 2033 1079 2309 1136">
     <span class='ocr_line' id='line_1_55' title="bbox 2033 1079 2309 1136; baseline -0.007 -2"><span class='ocrx_word' id='word_1_449' title='bbox 2033 1079 2174 1135; x_wconf 87' lang='lat' dir='ltr'><strong>titius</strong></span> <span class='ocrx_word' id='word_1_450' title='bbox 2205 1086 2309 1136; x_wconf 87' lang='lat' dir='ltr'><strong>est.</strong></span> 
     </span>
    </p>
   </div>
   <div class='ocr_carea' id='block_1_56' title="bbox 2109 1169 3595 1240">
    <p class='ocr_par' dir='ltr' id='par_1_56' title="bbox 2109 1169 3595 1240">
     <span class='ocr_line' id='line_1_56' title="bbox 2109 1169 3595 1240; baseline 0.006 -16"><span class='ocrx_word' id='word_1_451' title='bbox 2109 1169 2263 1226; x_wconf 75' lang='lat' dir='ltr'><strong>XVII.</strong></span> <span class='ocrx_word' id='word_1_452' title='bbox 2302 1170 2369 1224; x_wconf 84' lang='lat' dir='ltr'><strong>Et</strong></span> <span class='ocrx_word' id='word_1_453' title='bbox 2389 1170 2436 1225; x_wconf 92' lang='lat' dir='ltr'><strong>si</strong></span> <span class='ocrx_word' id='word_1_454' title='bbox 2455 1171 2557 1224; x_wconf 89' lang='lat' dir='ltr'><strong>hoc</strong></span> <span class='ocrx_word' id='word_1_455' title='bbox 2583 1185 2772 1240; x_wconf 75' lang='lat' dir='ltr'><strong>parum</strong></span> <span class='ocrx_word' id='word_1_456' title='bbox 2798 1170 3043 1225; x_wconf 73' lang='lat' dir='ltr'><strong>videatur</strong></span> <span class='ocrx_word' id='word_1_457' title='bbox 3071 1170 3368 1228; x_wconf 74' lang='lat' dir='ltr'><strong>infidelitatt</strong></span> <span class='ocrx_word' id='word_1_458' title='bbox 3399 1183 3595 1234; x_wconf 66' lang='lat' dir='ltr'><strong>vestrm</strong></span> 
     </span>
    </p>
   </div>
   <div class='ocr_carea' id='block_1_57' title="bbox 2035 1258 3676 1332">
    <p class='ocr_par' dir='ltr' id='par_1_57' title="bbox 2035 1258 3676 1332">
     <span class='ocr_line' id='line_1_57' title="bbox 2035 1258 3676 1332; baseline 0.006 -19"><span class='ocrx_word' id='word_1_459' title='bbox 2035 1259 2171 1314; x_wconf 90' lang='lat' dir='ltr'><strong>tanti</strong></span> <span class='ocrx_word' id='word_1_460' title='bbox 2199 1258 2378 1313; x_wconf 84' lang='lat' dir='ltr'><strong>Patris</strong></span> <span class='ocrx_word' id='word_1_461' title='bbox 2405 1260 2710 1314; x_wconf 88' lang='lat' dir='ltr'><strong>testimonio</strong></span> <span class='ocrx_word' id='word_1_462' title='bbox 2749 1261 3027 1315; x_wconf 88' lang='lat' dir='ltr'><strong>Dominum</strong></span> <span class='ocrx_word' id='word_1_463' title='bbox 3057 1277 3174 1316; x_wconf 84' lang='lat' dir='ltr'><strong>esse</strong></span> <span class='ocrx_word' id='word_1_464' title='bbox 3214 1265 3303 1332; x_wconf 86' lang='lat' dir='ltr'><strong>qui</strong></span> <span class='ocrx_word' id='word_1_465' title='bbox 3334 1274 3491 1321; x_wconf 87' lang='lat' dir='ltr'><strong>natus</strong></span> <span class='ocrx_word' id='word_1_466' title='bbox 3513 1274 3594 1323; x_wconf 82' lang='lat' dir='ltr'><strong>est</strong></span> <span class='ocrx_word' id='word_1_467' title='bbox 3674 1259 3676 1261; x_wconf 7' lang='lat' dir='ltr'><strong>b</strong></span> 
     </span>
    </p>
   </div>
   <div class='ocr_carea' id='block_1_58' title="bbox 2037 1347 3592 1420">
    <p class='ocr_par' dir='ltr' id='par_1_58' title="bbox 2037 1347 3592 1420">
     <span class='ocr_line' id='line_1_58' title="bbox 2037 1347 3592 1420; baseline 0.004 -16"><span class='ocrx_word' id='word_1_468' title='bbox 2037 1351 2102 1404; x_wconf 84' lang='lat' dir='ltr'><strong>de</strong></span> <span class='ocrx_word' id='word_1_469' title='bbox 2125 1348 2326 1405; x_wconf 84' lang='lat' dir='ltr'><strong>semine</strong></span> <span class='ocrx_word' id='word_1_470' title='bbox 2353 1347 2518 1402; x_wconf 86' lang='lat' dir='ltr'><strong>David</strong></span> <span class='ocrx_word' id='word_1_471' title='bbox 2545 1347 2627 1418; x_wconf 92' lang='lat' dir='ltr'><strong>(ut</strong></span> <span class='ocrx_word' id='word_1_472' title='bbox 2667 1356 2719 1402; x_wconf 88' lang='lat' dir='ltr'><strong>te</strong></span> <span class='ocrx_word' id='word_1_473' title='bbox 2745 1364 2972 1417; x_wconf 89' lang='lat' dir='ltr'><strong>quoque,</strong></span> <span class='ocrx_word' id='word_1_474' title='bbox 3005 1365 3037 1403; x_wconf 92' lang='grc' dir='ltr'>ο</span> <span class='ocrx_word' id='word_1_475' title='bbox 3068 1350 3213 1404; x_wconf 76' lang='lat' dir='ltr'><strong>Felix</strong></span> <span class='ocrx_word' id='word_1_476' title='bbox 3258 1352 3412 1420; x_wconf 77' lang='lat' dir='ltr'><strong>hujus</strong></span> <span class='ocrx_word' id='word_1_477' title='bbox 3442 1357 3592 1410; x_wconf 67' lang='grc' dir='ltr'>ιιινκὲο</span> 
     </span>
    </p>
   </div>
   <div class='ocr_carea' id='block_1_59' title="bbox 2038 1437 3595 1508">
    <p class='ocr_par' dir='ltr' id='par_1_59' title="bbox 2038 1437 3595 1508">
     <span class='ocr_line' id='line_1_59' title="bbox 2038 1437 3595 1508; baseline 0.006 -17"><span class='ocrx_word' id='word_1_478' title='bbox 2038 1438 2162 1493; x_wconf 79' lang='lat' dir='ltr'><strong>tatis</strong></span> <span class='ocrx_word' id='word_1_479' title='bbox 2207 1446 2462 1502; x_wconf 88' lang='lat' dir='ltr'><strong>assertor,</strong></span> <span class='ocrx_word' id='word_1_480' title='bbox 2505 1437 2808 1507; x_wconf 76' lang='lat' dir='ltr'><strong>Specialitcr</strong></span> <span class='ocrx_word' id='word_1_481' title='bbox 2833 1439 3085 1508; x_wconf 73' lang='lat' dir='ltr'><strong>angelica:</strong></span> <span class='ocrx_word' id='word_1_482' title='bbox 3127 1443 3275 1495; x_wconf 86' lang='lat' dir='ltr'><strong>vocis</strong></span> <span class='ocrx_word' id='word_1_483' title='bbox 3301 1447 3595 1500; x_wconf 49' lang='lat' dir='ltr'><strong>assertione</strong></span> 
     </span>
    </p>
   </div>
   <div class='ocr_carea' id='block_1_60' title="bbox 2037 1524 3590 1597">
    <p class='ocr_par' dir='ltr' id='par_1_60' title="bbox 2037 1524 3590 1597">
     <span class='ocr_line' id='line_1_60' title="bbox 2037 1524 3590 1597; baseline 0.002 -17"><span class='ocrx_word' id='word_1_484' title='bbox 2037 1526 2317 1596; x_wconf 87' lang='lat' dir='ltr'><strong>alloquar),</strong></span> <span class='ocrx_word' id='word_1_485' title='bbox 2350 1524 2472 1579; x_wconf 91' lang='lat' dir='ltr'><strong>audi</strong></span> <span class='ocrx_word' id='word_1_486' title='bbox 2499 1526 2665 1580; x_wconf 90' lang='lat' dir='ltr'><strong>etiam</strong></span> <span class='ocrx_word' id='word_1_487' title='bbox 2690 1526 2993 1594; x_wconf 87' lang='lat' dir='ltr'><strong>loquentem</strong></span> <span class='ocrx_word' id='word_1_488' title='bbox 3037 1529 3102 1580; x_wconf 90' lang='lat' dir='ltr'><strong>ad</strong></span> <span class='ocrx_word' id='word_1_489' title='bbox 3140 1539 3379 1597; x_wconf 77' lang='lat' dir='ltr'><strong>pastores</strong></span> <span class='ocrx_word' id='word_1_490' title='bbox 3402 1534 3461 1587; x_wconf 54' lang='lat' dir='ltr'><strong>da;</strong></span> <span class='ocrx_word' id='word_1_491' title='bbox 3502 1535 3590 1590; x_wconf 72' lang='grc' dir='ltr'><strong>ἕ)ςὶ</strong></span> 
     </span>
    </p>
   </div>
   <div class='ocr_carea' id='block_1_61' title="bbox 2037 1615 3599 1692">
    <p class='ocr_par' dir='ltr' id='par_1_61' title="bbox 2037 1615 3599 1692">
     <span class='ocr_line' id='line_1_61' title="bbox 2037 1615 3599 1692; baseline 0.003 -21"><span class='ocrx_word' id='word_1_492' title='bbox 2037 1627 2158 1672; x_wconf 89' lang='lat' dir='ltr'><strong>ortu</strong></span> <span class='ocrx_word' id='word_1_493' title='bbox 2174 1618 2420 1688; x_wconf 81' lang='lat' dir='ltr'><strong>angelum</strong></span> <span class='ocrx_word' id='word_1_494' title='bbox 2439 1617 2532 1671; x_wconf 87' lang='lat' dir='ltr'><strong>Dei</strong></span> <span class='ocrx_word' id='word_1_495' title='bbox 2559 1615 2774 1671; x_wconf 83' lang='lat' dir='ltr'><strong>:-Natus</strong></span> <span class='ocrx_word' id='word_1_496' title='bbox 2793 1627 2884 1679; x_wconf 85' lang='lat' dir='ltr'><strong>cst,</strong></span> <span class='ocrx_word' id='word_1_497' title='bbox 2905 1617 3094 1686; x_wconf 86' lang='lat' dir='ltr'><strong>inquit,</strong></span> <span class='ocrx_word' id='word_1_498' title='bbox 3114 1619 3251 1673; x_wconf 72' lang='lat' dir='ltr'><strong>vobis</strong></span> <span class='ocrx_word' id='word_1_499' title='bbox 3273 1621 3434 1692; x_wconf 76' lang='lat'><strong>799</strong></span> <span class='ocrx_word' id='word_1_500' title='bbox 3448 1625 3599 1676; x_wconf 72' lang='lat' dir='ltr'><strong>hodie</strong></span> 
     </span>
    </p>
   </div>
   <div class='ocr_carea' id='block_1_62' title="bbox 2041 1707 3601 1779">
    <p class='ocr_par' dir='ltr' id='par_1_62' title="bbox 2041 1707 3601 1779">
     <span class='ocr_line' id='line_1_62' title="bbox 2041 1707 3601 1779; baseline 0.004 -17"><span class='ocrx_word' id='word_1_501' title='bbox 2041 1708 2298 1773; x_wconf 71' lang='lat' dir='ltr'><strong>Saluator,</strong></span> <span class='ocrx_word' id='word_1_502' title='bbox 2329 1709 2418 1779; x_wconf 81' lang='lat' dir='ltr'><strong>qui</strong></span> <span class='ocrx_word' id='word_1_503' title='bbox 2442 1717 2516 1762; x_wconf 82' lang='lat' dir='ltr'><strong>cst</strong></span> <span class='ocrx_word' id='word_1_504' title='bbox 2546 1707 2782 1762; x_wconf 76' lang='lat' dir='ltr'><strong>Christus</strong></span> <span class='ocrx_word' id='word_1_505' title='bbox 2806 1708 3059 1764; x_wconf 85' lang='lat' dir='ltr'><strong>Dominus</strong></span> <span class='ocrx_word' id='word_1_506' title='bbox 3109 1712 3163 1766; x_wconf 91' lang='lat' dir='ltr'><strong>in</strong></span> <span class='ocrx_word' id='word_1_507' title='bbox 3209 1713 3412 1767; x_wconf 74' lang='lat' dir='ltr'><strong>civitate</strong></span> <span class='ocrx_word' id='word_1_508' title='bbox 3437 1713 3601 1769; x_wconf 63' lang='lat' dir='ltr'><strong>David</strong></span> 
     </span>
    </p>
   </div>
   <div class='ocr_carea' id='block_1_63' title="bbox 2043 1797 3600 1870">
    <p class='ocr_par' dir='ltr' id='par_1_63' title="bbox 2043 1797 3600 1870">
     <span class='ocr_line' id='line_1_63' title="bbox 2043 1797 3600 1870; baseline 0.004 -18"><span class='ocrx_word' id='word_1_509' title='bbox 2043 1799 2195 1870; x_wconf 83' lang='lat' dir='ltr'><strong>(Luc.</strong></span> <span class='ocrx_word' id='word_1_510' title='bbox 2224 1815 2284 1863; x_wconf 87' lang='grc' dir='ltr'>ιι,</span> <span class='ocrx_word' id='word_1_511' title='bbox 2321 1799 2424 1869; x_wconf 86' lang='lat' dir='ltr'><strong>ll).</strong></span> <span class='ocrx_word' id='word_1_512' title='bbox 2474 1797 2550 1852; x_wconf 88' lang='lat' dir='ltr'><strong>Ne</strong></span> <span class='ocrx_word' id='word_1_513' title='bbox 2595 1797 2766 1852; x_wconf 86' lang='lat' dir='ltr'><strong>solum</strong></span> <span class='ocrx_word' id='word_1_514' title='bbox 2808 1799 2994 1868; x_wconf 88' lang='lat' dir='ltr'><strong>utique</strong></span> <span class='ocrx_word' id='word_1_515' title='bbox 3023 1799 3292 1856; x_wconf 83' lang='lat' dir='ltr'><strong>Clu-istum</strong></span> <span class='ocrx_word' id='word_1_516' title='bbox 3332 1802 3600 1859; x_wconf 81' lang='lat' dir='ltr'><strong>hominem</strong></span> 
     </span>
    </p>
   </div>
   <div class='ocr_carea' id='block_1_64' title="bbox 2044 1885 3599 1963">
    <p class='ocr_par' dir='ltr' id='par_1_64' title="bbox 2044 1885 3599 1963">
     <span class='ocr_line' id='line_1_64' title="bbox 2044 1885 3599 1963; baseline 0.003 -22"><span class='ocrx_word' id='word_1_517' title='bbox 2044 1885 2386 1959; x_wconf 87' lang='lat' dir='ltr'><strong>intelligeres,</strong></span> <span class='ocrx_word' id='word_1_518' title='bbox 2413 1896 2466 1942; x_wconf 91' lang='lat' dir='ltr'><strong>et</strong></span> <span class='ocrx_word' id='word_1_519' title='bbox 2489 1887 2580 1941; x_wconf 90' lang='lat' dir='ltr'><strong>Dei</strong></span> <span class='ocrx_word' id='word_1_520' title='bbox 2611 1887 2702 1941; x_wconf 86' lang='lat' dir='ltr'><strong>tibi</strong></span> <span class='ocrx_word' id='word_1_521' title='bbox 2745 1895 2801 1941; x_wconf 90' lang='lat' dir='ltr'><strong>et</strong></span> <span class='ocrx_word' id='word_1_522' title='bbox 2828 1886 3122 1944; x_wconf 87' lang='lat' dir='ltr'><strong>Salvatoris</strong></span> <span class='ocrx_word' id='word_1_523' title='bbox 3147 1906 3338 1946; x_wconf 91' lang='lat' dir='ltr'><strong>nomen</strong></span> <span class='ocrx_word' id='word_1_524' title='bbox 3369 1892 3562 1963; x_wconf 78' lang='lat' dir='ltr'><strong>adjecit</strong></span> <span class='ocrx_word' id='word_1_525' title='bbox 3588 1912 3599 1946; x_wconf 91' lang='lat'><strong>:</strong></span> 
     </span>
    </p>
   </div>
   <div class='ocr_carea' id='block_1_65' title="bbox 2044 1968 3601 2052">
    <p class='ocr_par' dir='ltr' id='par_1_65' title="bbox 2044 1968 3601 2052">
     <span class='ocr_line' id='line_1_65' title="bbox 2044 1968 3601 2052; baseline 0.005 -22"><span class='ocrx_word' id='word_1_526' title='bbox 2044 1976 2250 2032; x_wconf 79' lang='lat' dir='ltr'><strong>scilicet</strong></span> <span class='ocrx_word' id='word_1_527' title='bbox 2271 1984 2330 2031; x_wconf 91' lang='lat' dir='ltr'><strong>ut</strong></span> <span class='ocrx_word' id='word_1_528' title='bbox 2357 1992 2516 2048; x_wconf 79' lang='lat' dir='ltr'><strong>quem</strong></span> <span class='ocrx_word' id='word_1_529' title='bbox 2549 1978 2882 2033; x_wconf 90' lang='lat' dir='ltr'><strong>Salvatorem</strong></span> <span class='ocrx_word' id='word_1_530' title='bbox 2911 1994 3030 2035; x_wconf 88' lang='lat' dir='ltr'><strong>esse</strong></span> <span class='ocrx_word' id='word_1_531' title='bbox 3048 1968 3420 2052; x_wconf 78' lang='lat' dir='ltr'><strong>cognosceres,</strong></span> <span class='ocrx_word' id='word_1_532' title='bbox 3439 1983 3601 2038; x_wconf 87' lang='lat' dir='ltr'><strong>Deum</strong></span> 
     </span>
    </p>
   </div>
   <div class='ocr_carea' id='block_1_66' title="bbox 2043 2069 3605 2145">
    <p class='ocr_par' dir='ltr' id='par_1_66' title="bbox 2043 2069 3605 2145">
     <span class='ocr_line' id='line_1_66' title="bbox 2043 2069 3605 2145; baseline 0.006 -26"><span class='ocrx_word' id='word_1_533' title='bbox 2043 2080 2380 2145; x_wconf 77' lang='lat' dir='ltr'><strong>nequaquam</strong></span> <span class='ocrx_word' id='word_1_534' title='bbox 2424 2082 2542 2123; x_wconf 88' lang='lat' dir='ltr'><strong>esse</strong></span> <span class='ocrx_word' id='word_1_535' title='bbox 2584 2069 2898 2123; x_wconf 81' lang='lat' dir='ltr'><strong>dubitares:</strong></span> <span class='ocrx_word' id='word_1_536' title='bbox 2930 2077 3130 2124; x_wconf 90' lang='lat' dir='ltr'><strong>etcum</strong></span> <span class='ocrx_word' id='word_1_537' title='bbox 3174 2070 3412 2128; x_wconf 82' lang='lat' dir='ltr'><strong>salvandi</strong></span> <span class='ocrx_word' id='word_1_538' title='bbox 3436 2074 3605 2129; x_wconf 89' lang='lat' dir='ltr'><strong>virtus</strong></span> 
     </span>
    </p>
   </div>
   <div class='ocr_carea' id='block_1_67' title="bbox 2043 2157 3607 2235">
    <p class='ocr_par' dir='ltr' id='par_1_67' title="bbox 2043 2157 3607 2235">
     <span class='ocr_line' id='line_1_67' title="bbox 2043 2157 3607 2235; baseline 0.007 -26"><span class='ocrx_word' id='word_1_539' title='bbox 2043 2157 2256 2211; x_wconf 81' lang='lat' dir='ltr'><strong>nonnisi</strong></span> <span class='ocrx_word' id='word_1_540' title='bbox 2280 2157 2471 2213; x_wconf 81' lang='lat' dir='ltr'><strong>divina:</strong></span> <span class='ocrx_word' id='word_1_541' title='bbox 2497 2167 2824 2228; x_wconf 82' lang='lat' dir='ltr'><strong>competeret</strong></span> <span class='ocrx_word' id='word_1_542' title='bbox 2848 2159 3120 2230; x_wconf 85' lang='lat' dir='ltr'><strong>potestati,</strong></span> <span class='ocrx_word' id='word_1_543' title='bbox 3151 2161 3343 2218; x_wconf 78' lang='lat' dir='ltr'><strong>divina:</strong></span> <span class='ocrx_word' id='word_1_544' title='bbox 3367 2178 3487 2218; x_wconf 85' lang='lat' dir='ltr'><strong>eam</strong></span> <span class='ocrx_word' id='word_1_545' title='bbox 3514 2180 3607 2235; x_wconf 86' lang='lat' dir='ltr'><strong>po-</strong></span> 
     </span>
    </p>
   </div>
   <div class='ocr_carea' id='block_1_68' title="bbox 2046 2246 3604 2320">
    <p class='ocr_par' dir='ltr' id='par_1_68' title="bbox 2046 2246 3604 2320">
     <span class='ocr_line' id='line_1_68' title="bbox 2046 2246 3604 2320; baseline 0.007 -23"><span class='ocrx_word' id='word_1_546' title='bbox 2046 2246 2358 2301; x_wconf 73' lang='lat' dir='ltr'><strong>tentimesse</strong></span> <span class='ocrx_word' id='word_1_547' title='bbox 2383 2263 2487 2302; x_wconf 85' lang='lat' dir='ltr'><strong>non</strong></span> <span class='ocrx_word' id='word_1_548' title='bbox 2509 2249 2830 2318; x_wconf 84' lang='lat' dir='ltr'><strong>ambigeres,</strong></span> <span class='ocrx_word' id='word_1_549' title='bbox 2848 2249 2901 2302; x_wconf 90' lang='lat' dir='ltr'><strong>in</strong></span> <span class='ocrx_word' id='word_1_550' title='bbox 2924 2265 3030 2318; x_wconf 84' lang='lat' dir='ltr'><strong>quo</strong></span> <span class='ocrx_word' id='word_1_551' title='bbox 3055 2252 3346 2320; x_wconf 85' lang='lat' dir='ltr'><strong>potentiam</strong></span> <span class='ocrx_word' id='word_1_552' title='bbox 3367 2254 3604 2309; x_wconf 82' lang='lat' dir='ltr'><strong>salvandi</strong></span> 
     </span>
    </p>
   </div>
   <div class='ocr_carea' id='block_1_69' title="bbox 2045 2338 3602 2416">
    <p class='ocr_par' dir='ltr' id='par_1_69' title="bbox 2045 2338 3602 2416">
     <span class='ocr_line' id='line_1_69' title="bbox 2045 2338 3602 2416; baseline 0.005 -23"><span class='ocrx_word' id='word_1_553' title='bbox 2045 2352 2165 2394; x_wconf 87' lang='lat' dir='ltr'><strong>esse</strong></span> <span class='ocrx_word' id='word_1_554' title='bbox 2187 2338 2485 2395; x_wconf 89' lang='lat' dir='ltr'><strong>didicisses.</strong></span> <span class='ocrx_word' id='word_1_555' title='bbox 2512 2339 2616 2394; x_wconf 91' lang='lat' dir='ltr'><strong>Sed</strong></span> <span class='ocrx_word' id='word_1_556' title='bbox 2644 2349 2701 2394; x_wconf 90' lang='lat' dir='ltr'><strong>et</strong></span> <span class='ocrx_word' id='word_1_557' title='bbox 2723 2341 2825 2395; x_wconf 88' lang='lat' dir='ltr'><strong>hoc</strong></span> <span class='ocrx_word' id='word_1_558' title='bbox 2865 2341 3224 2398; x_wconf 89' lang='lat' dir='ltr'><strong>ineredulitati</strong></span> <span class='ocrx_word' id='word_1_559' title='bbox 3269 2352 3371 2400; x_wconf 74' lang='lat' dir='ltr'><strong>tum</strong></span> <span class='ocrx_word' id='word_1_560' title='bbox 3413 2360 3602 2416; x_wconf 88' lang='lat' dir='ltr'><strong>paruut</strong></span> 
     </span>
    </p>
   </div>
   <div class='ocr_carea' id='block_1_70' title="bbox 2045 2427 3612 2507">
    <p class='ocr_par' dir='ltr' id='par_1_70' title="bbox 2045 2427 3612 2507">
     <span class='ocr_line' id='line_1_70' title="bbox 2045 2427 3612 2507; baseline 0.007 -24"><span class='ocrx_word' id='word_1_561' title='bbox 2045 2427 2274 2484; x_wconf 81' lang='lat' dir='ltr'><strong>fortasse</strong></span> <span class='ocrx_word' id='word_1_562' title='bbox 2315 2430 2577 2495; x_wconf 87' lang='lat' dir='ltr'><strong>videatur,</strong></span> <span class='ocrx_word' id='word_1_563' title='bbox 2607 2431 2731 2500; x_wconf 89' lang='lat' dir='ltr'><strong>quia</strong></span> <span class='ocrx_word' id='word_1_564' title='bbox 2785 2445 2905 2486; x_wconf 89' lang='lat' dir='ltr'><strong>cum</strong></span> <span class='ocrx_word' id='word_1_565' title='bbox 2953 2433 3172 2504; x_wconf 84' lang='lat' dir='ltr'><strong>angelus</strong></span> <span class='ocrx_word' id='word_1_566' title='bbox 3199 2434 3405 2492; x_wconf 91' lang='lat' dir='ltr'><strong>Domini</strong></span> <span class='ocrx_word' id='word_1_567' title='bbox 3433 2440 3612 2507; x_wconf 83' lang='lat' dir='ltr'><strong>potius</strong></span> 
     </span>
    </p>
   </div>
   <div class='ocr_carea' id='block_1_71' title="bbox 2047 2517 3608 2593">
    <p class='ocr_par' dir='ltr' id='par_1_71' title="bbox 2047 2517 3608 2593">
     <span class='ocr_line' id='line_1_71' title="bbox 2047 2517 3608 2593; baseline 0.008 -21"><span class='ocrx_word' id='word_1_568' title='bbox 2047 2517 2404 2584; x_wconf 82' lang='lat' dir='ltr'><strong>Salvatorem,</strong></span> <span class='ocrx_word' id='word_1_569' title='bbox 2434 2535 2592 2588; x_wconf 88' lang='lat' dir='ltr'><strong>quam</strong></span> <span class='ocrx_word' id='word_1_570' title='bbox 2622 2521 2788 2575; x_wconf 91' lang='lat' dir='ltr'><strong>Deum</strong></span> <span class='ocrx_word' id='word_1_571' title='bbox 2818 2530 2912 2576; x_wconf 91' lang='lat' dir='ltr'><strong>aut</strong></span> <span class='ocrx_word' id='word_1_572' title='bbox 2945 2522 3037 2577; x_wconf 89' lang='lat' dir='ltr'><strong>Dei</strong></span> <span class='ocrx_word' id='word_1_573' title='bbox 3065 2524 3259 2580; x_wconf 81' lang='lat' dir='ltr'><strong>Filium</strong></span> <span class='ocrx_word' id='word_1_574' title='bbox 3287 2529 3608 2593; x_wconf 88' lang='lat' dir='ltr'><strong>nominaret,</strong></span> 
     </span>
    </p>
   </div>
   <div class='ocr_carea' id='block_1_72' title="bbox 2046 2596 3612 2685">
    <p class='ocr_par' dir='ltr' id='par_1_72' title="bbox 2046 2596 3612 2685">
     <span class='ocr_line' id='line_1_72' title="bbox 2046 2596 3612 2685; baseline 0.009 -25"><span class='ocrx_word' id='word_1_575' title='bbox 2046 2620 2168 2662; x_wconf 82' lang='lat' dir='ltr'><strong>cum</strong></span> <span class='ocrx_word' id='word_1_576' title='bbox 2193 2605 2380 2676; x_wconf 82' lang='lat' dir='ltr'><strong>utique</strong></span> <span class='ocrx_word' id='word_1_577' title='bbox 2418 2596 2744 2677; x_wconf 36' lang='lat' dir='ltr'><strong>impiissime&#39;</strong></span> <span class='ocrx_word' id='word_1_578' title='bbox 2775 2609 2940 2665; x_wconf 88' lang='lat' dir='ltr'><strong>Deum</strong></span> <span class='ocrx_word' id='word_1_579' title='bbox 2970 2627 3154 2683; x_wconf 81' lang='lat' dir='ltr'><strong>neges,</strong></span> <span class='ocrx_word' id='word_1_580' title='bbox 3183 2630 3341 2685; x_wconf 88' lang='lat' dir='ltr'><strong>quem</strong></span> <span class='ocrx_word' id='word_1_581' title='bbox 3371 2616 3612 2674; x_wconf 86' lang='lat' dir='ltr'><strong>Salvato-</strong></span> 
     </span>
    </p>
   </div>
   <div class='ocr_carea' id='block_1_73' title="bbox 2049 2695 3610 2783">
    <p class='ocr_par' dir='ltr' id='par_1_73' title="bbox 2049 2695 3610 2783">
     <span class='ocr_line' id='line_1_73' title="bbox 2049 2695 3610 2783; baseline 0.009 -34"><span class='ocrx_word' id='word_1_582' title='bbox 2049 2711 2162 2752; x_wconf 88' lang='lat' dir='ltr'><strong>rem</strong></span> <span class='ocrx_word' id='word_1_583' title='bbox 2187 2710 2313 2752; x_wconf 89' lang='lat' dir='ltr'><strong>esse</strong></span> <span class='ocrx_word' id='word_1_584' title='bbox 2337 2695 2557 2753; x_wconf 82' lang='lat' dir='ltr'><strong>fatearis</strong></span> <span class='ocrx_word' id='word_1_585' title='bbox 2586 2716 2600 2751; x_wconf 90' lang='lat'><strong>:</strong></span> <span class='ocrx_word' id='word_1_586' title='bbox 2632 2714 2791 2767; x_wconf 86' lang='lat' dir='ltr'><strong>quem</strong></span> <span class='ocrx_word' id='word_1_587' title='bbox 2811 2701 2996 2756; x_wconf 82' lang='lat' dir='ltr'><strong>beatus</strong></span> <span class='ocrx_word' id='word_1_588' title='bbox 3022 2703 3211 2758; x_wconf 83' lang='lat' dir='ltr'><strong>doctor</strong></span> <span class='ocrx_word' id='word_1_589' title='bbox 3229 2707 3465 2783; x_wconf 78' lang='lat' dir='ltr'><strong>gentium</strong></span> <span class='ocrx_word' id='word_1_590' title='bbox 3495 2707 3610 2762; x_wconf 87' lang='lat' dir='ltr'><strong>Sal-</strong></span> 
     </span>
    </p>
   </div>
   <div class='ocr_carea' id='block_1_74' title="bbox 2047 2775 3642 2858">
    <p class='ocr_par' dir='ltr' id='par_1_74' title="bbox 2047 2775 3642 2858">
     <span class='ocr_line' id='line_1_74' title="bbox 2047 2775 3642 2858; baseline 0.008 -18"><span class='ocrx_word' id='word_1_591' title='bbox 2047 2794 2287 2844; x_wconf 82' lang='lat' dir='ltr'><strong>vatorem</strong></span> <span class='ocrx_word' id='word_1_592' title='bbox 2315 2789 2511 2858; x_wconf 72' lang='lat' dir='ltr'><strong>smpius</strong></span> <span class='ocrx_word' id='word_1_593' title='bbox 2538 2790 2815 2845; x_wconf 85' lang='lat' dir='ltr'><strong>nominare</strong></span> <span class='ocrx_word' id='word_1_594' title='bbox 2846 2807 2950 2846; x_wconf 91' lang='lat' dir='ltr'><strong>non</strong></span> <span class='ocrx_word' id='word_1_595' title='bbox 3004 2775 3284 2858; x_wconf 73' lang='lat' dir='ltr'><strong>dubitavit,</strong></span> <span class='ocrx_word' id='word_1_596' title='bbox 3317 2775 3498 2852; x_wconf 78' lang='lat' dir='ltr'><strong>dicens</strong></span> <span class='ocrx_word' id='word_1_597' title='bbox 3543 2775 3642 2852; x_wconf 33' lang='lat' dir='ltr'><strong>ad-</strong></span> 
     </span>
    </p>
   </div>
   <div class='ocr_carea' id='block_1_75' title="bbox 2050 2874 3613 2957">
    <p class='ocr_par' dir='ltr' id='par_1_75' title="bbox 2050 2874 3613 2957">
     <span class='ocr_line' id='line_1_75' title="bbox 2050 2874 3613 2957; baseline 0.007 -27"><span class='ocrx_word' id='word_1_598' title='bbox 2050 2876 2231 2931; x_wconf 84' lang='lat' dir='ltr'><strong>Titum</strong></span> <span class='ocrx_word' id='word_1_599' title='bbox 2261 2893 2276 2930; x_wconf 91' lang='lat'><strong>:</strong></span> <span class='ocrx_word' id='word_1_600' title='bbox 2303 2877 2556 2957; x_wconf 79' lang='lat' dir='ltr'><strong>Apparuit</strong></span> <span class='ocrx_word' id='word_1_601' title='bbox 2597 2879 2733 2930; x_wconf 77' lang='lat' dir='ltr'><strong>enim</strong></span> <span class='ocrx_word' id='word_1_602' title='bbox 2778 2881 2949 2948; x_wconf 81' lang='lat' dir='ltr'><strong>gratia</strong></span> <span class='ocrx_word' id='word_1_603' title='bbox 2991 2880 3088 2934; x_wconf 85' lang='lat' dir='ltr'><strong>Dei</strong></span> <span class='ocrx_word' id='word_1_604' title='bbox 3117 2881 3403 2938; x_wconf 72' lang='lat' dir='ltr'><strong>Saluatoris</strong></span> <span class='ocrx_word' id='word_1_605' title='bbox 3449 2874 3613 2941; x_wconf 75' lang='lat' dir='ltr'><strong>nostri</strong></span> 
     </span>
    </p>
   </div>
   <div class='ocr_carea' id='block_1_76' title="bbox 2051 2963 3611 3038">
    <p class='ocr_par' dir='ltr' id='par_1_76' title="bbox 2051 2963 3611 3038">
     <span class='ocr_line' id='line_1_76' title="bbox 2051 2963 3611 3038; baseline 0.009 -22"><span class='ocrx_word' id='word_1_606' title='bbox 2051 2963 2179 3034; x_wconf 83' lang='lat' dir='ltr'><strong>(Tit.</strong></span> <span class='ocrx_word' id='word_1_607' title='bbox 2223 2980 2286 3032; x_wconf 86' lang='grc' dir='ltr'>ιι,</span> <span class='ocrx_word' id='word_1_608' title='bbox 2330 2965 2437 3035; x_wconf 83' lang='lat' dir='ltr'><strong>ll).</strong></span> <span class='ocrx_word' id='word_1_609' title='bbox 2467 2963 2606 3018; x_wconf 83' lang='lat' dir='ltr'><strong>Audi</strong></span> <span class='ocrx_word' id='word_1_610' title='bbox 2633 2981 2844 3037; x_wconf 88' lang='lat' dir='ltr'><strong>quoque</strong></span> <span class='ocrx_word' id='word_1_611' title='bbox 2881 2971 3260 3038; x_wconf 79' lang='lat' dir='ltr'><strong>archangelum</strong></span> <span class='ocrx_word' id='word_1_612' title='bbox 3306 2963 3611 3030; x_wconf 80' lang='lat' dir='ltr'><strong>Gabrielcm</strong></span> 
     </span>
    </p>
   </div>
   <div class='ocr_carea' id='block_1_77' title="bbox 2053 3052 3612 3132">
    <p class='ocr_par' dir='ltr' id='par_1_77' title="bbox 2053 3052 3612 3132">
     <span class='ocr_line' id='line_1_77' title="bbox 2053 3052 3612 3132; baseline 0.008 -26"><span class='ocrx_word' id='word_1_613' title='bbox 2053 3052 2233 3110; x_wconf 70' lang='lat' dir='ltr'><strong>Maria:</strong></span> <span class='ocrx_word' id='word_1_614' title='bbox 2253 3054 2444 3126; x_wconf 86' lang='lat' dir='ltr'><strong>virgini</strong></span> <span class='ocrx_word' id='word_1_615' title='bbox 2474 3056 2850 3124; x_wconf 64' lang='lat' dir='ltr'><strong>prmdicantrm</strong></span> <span class='ocrx_word' id='word_1_616' title='bbox 2884 3076 2896 3110; x_wconf 89' lang='lat'>:</span> <span class='ocrx_word' id='word_1_617' title='bbox 2919 3058 3161 3129; x_wconf 72' lang='lat' dir='ltr'><strong>Spiritus,</strong></span> <span class='ocrx_word' id='word_1_618' title='bbox 3187 3055 3378 3132; x_wconf 84' lang='lat' dir='ltr'><strong>inquit,</strong></span> <span class='ocrx_word' id='word_1_619' title='bbox 3401 3074 3612 3119; x_wconf 81' lang='lat' dir='ltr'><strong>sanctus</strong></span> 
     </span>
    </p>
   </div>
   <div class='ocr_carea' id='block_1_78' title="bbox 2051 3133 3609 3219">
    <p class='ocr_par' dir='ltr' id='par_1_78' title="bbox 2051 3133 3609 3219">
     <span class='ocr_line' id='line_1_78' title="bbox 2051 3133 3609 3219; baseline 0.005 -23"><span class='ocrx_word' id='word_1_620' title='bbox 2051 3146 2368 3214; x_wconf 73' lang='lat' dir='ltr'><strong>superveniet</strong></span> <span class='ocrx_word' id='word_1_621' title='bbox 2392 3146 2447 3199; x_wconf 82' lang='lat' dir='ltr'><strong>in</strong></span> <span class='ocrx_word' id='word_1_622' title='bbox 2475 3155 2543 3210; x_wconf 86' lang='lat' dir='ltr'><strong>te,</strong></span> <span class='ocrx_word' id='word_1_623' title='bbox 2569 3155 2615 3199; x_wconf 85' lang='lat' dir='ltr'><strong>et</strong></span> <span class='ocrx_word' id='word_1_624' title='bbox 2658 3148 2818 3200; x_wconf 77' lang='lat' dir='ltr'><strong>virtus</strong></span> <span class='ocrx_word' id='word_1_625' title='bbox 2846 3133 3118 3203; x_wconf 64' lang='lat' dir='ltr'><strong>Altissimi</strong></span> <span class='ocrx_word' id='word_1_626' title='bbox 3146 3150 3467 3205; x_wconf 83' lang='lat' dir='ltr'><strong>obumbrabit</strong></span> <span class='ocrx_word' id='word_1_627' title='bbox 3493 3153 3609 3219; x_wconf 82' lang='lat' dir='ltr'><strong>tibi,</strong></span> 
     </span>
    </p>
   </div>
   <div class='ocr_carea' id='block_1_79' title="bbox 2052 3235 3606 3304">
    <p class='ocr_par' dir='ltr' id='par_1_79' title="bbox 2052 3235 3606 3304">
     <span class='ocr_line' id='line_1_79' title="bbox 2052 3235 3606 3304; baseline 0.006 -17"><span class='ocrx_word' id='word_1_628' title='bbox 2052 3235 2167 3288; x_wconf 88' lang='lat' dir='ltr'><strong>ideo</strong></span> <span class='ocrx_word' id='word_1_629' title='bbox 2192 3235 2395 3304; x_wconf 84' lang='lat' dir='ltr'><strong>etquod</strong></span> <span class='ocrx_word' id='word_1_630' title='bbox 2417 3245 2656 3299; x_wconf 79' lang='lat' dir='ltr'><strong>nascetur</strong></span> <span class='ocrx_word' id='word_1_631' title='bbox 2684 3238 2739 3290; x_wconf 88' lang='lat' dir='ltr'><strong>in</strong></span> <span class='ocrx_word' id='word_1_632' title='bbox 2763 3247 2809 3291; x_wconf 86' lang='lat' dir='ltr'><strong>te</strong></span> <span class='ocrx_word' id='word_1_633' title='bbox 2843 3248 3098 3303; x_wconf 83' lang='lat' dir='ltr'><strong>sanctum,</strong></span> <span class='ocrx_word' id='word_1_634' title='bbox 3131 3241 3396 3295; x_wconf 75' lang='lat' dir='ltr'><strong>vocabitur</strong></span> <span class='ocrx_word' id='word_1_635' title='bbox 3434 3241 3606 3297; x_wconf 80' lang='lat' dir='ltr'><strong>Filius</strong></span> 
     </span>
    </p>
   </div>
   <div class='ocr_carea' id='block_1_80' title="bbox 2050 3321 3608 3396">
    <p class='ocr_par' dir='ltr' id='par_1_80' title="bbox 2050 3321 3608 3396">
     <span class='ocr_line' id='line_1_80' title="bbox 2050 3321 3608 3396; baseline 0.006 -20"><span class='ocrx_word' id='word_1_636' title='bbox 2050 3322 2150 3376; x_wconf 88' lang='lat' dir='ltr'><strong>Dei</strong></span> <span class='ocrx_word' id='word_1_637' title='bbox 2194 3321 2343 3392; x_wconf 85' lang='lat' dir='ltr'><strong>(Luc.</strong></span> <span class='ocrx_word' id='word_1_638' title='bbox 2367 3326 2426 3388; x_wconf 80' lang='grc' dir='ltr'>ἰ,</span> <span class='ocrx_word' id='word_1_639' title='bbox 2453 3325 2563 3396; x_wconf 76' lang='lat'><strong>55).</strong></span> <span class='ocrx_word' id='word_1_640' title='bbox 2610 3326 2770 3381; x_wconf 82' lang='lat' dir='ltr'><strong>Vides</strong></span> <span class='ocrx_word' id='word_1_641' title='bbox 2797 3330 3240 3396; x_wconf 84' lang='lat' dir='ltr'><strong>quemadmodum</strong></span> <span class='ocrx_word' id='word_1_642' title='bbox 3279 3333 3608 3387; x_wconf 81' lang='lat' dir='ltr'><strong>nativitatem</strong></span> 
     </span>
    </p>
   </div>
   <div class='ocr_carea' id='block_1_81' title="bbox 2053 3408 3616 3490">
    <p class='ocr_par' dir='ltr' id='par_1_81' title="bbox 2053 3408 3616 3490">
     <span class='ocr_line' id='line_1_81' title="bbox 2053 3408 3616 3490; baseline 0.008 -28"><span class='ocrx_word' id='word_1_643' title='bbox 2053 3408 2148 3462; x_wconf 87' lang='lat' dir='ltr'><strong>Dei</strong></span> <span class='ocrx_word' id='word_1_644' title='bbox 2179 3410 2512 3466; x_wconf 89' lang='lat' dir='ltr'><strong>indicaturus</strong></span> <span class='ocrx_word' id='word_1_645' title='bbox 2539 3413 2834 3468; x_wconf 86' lang='lat' dir='ltr'><strong>divinitatis</strong></span> <span class='ocrx_word' id='word_1_646' title='bbox 2859 3430 3018 3485; x_wconf 83' lang='lat' dir='ltr'><strong>Opera</strong></span> <span class='ocrx_word' id='word_1_647' title='bbox 3057 3419 3371 3488; x_wconf 68' lang='lat' dir='ltr'><strong>praemiserit</strong></span> <span class='ocrx_word' id='word_1_648' title='bbox 3401 3437 3414 3473; x_wconf 90' lang='lat'><strong>:</strong></span> <span class='ocrx_word' id='word_1_649' title='bbox 3448 3419 3616 3490; x_wconf 81' lang='lat' dir='ltr'><strong>Spiri-</strong></span> 
     </span>
    </p>
   </div>
   <div class='ocr_carea' id='block_1_82' title="bbox 2053 3501 3614 3574">
    <p class='ocr_par' dir='ltr' id='par_1_82' title="bbox 2053 3501 3614 3574">
     <span class='ocr_line' id='line_1_82' title="bbox 2053 3501 3614 3574; baseline 0.008 -22"><span class='ocrx_word' id='word_1_650' title='bbox 2053 3510 2138 3553; x_wconf 88' lang='lat' dir='ltr'><strong>tus</strong></span> <span class='ocrx_word' id='word_1_651' title='bbox 2167 3501 2309 3554; x_wconf 88' lang='lat' dir='ltr'><strong>enim</strong></span> <span class='ocrx_word' id='word_1_652' title='bbox 2340 3513 2548 3557; x_wconf 84' lang='lat' dir='ltr'><strong>sanctus</strong></span> <span class='ocrx_word' id='word_1_653' title='bbox 2571 3503 2786 3574; x_wconf 89' lang='lat' dir='ltr'><strong>(inquit)</strong></span> <span class='ocrx_word' id='word_1_654' title='bbox 2816 3507 2975 3558; x_wconf 77' lang='lat' dir='ltr'><strong>veniet</strong></span> <span class='ocrx_word' id='word_1_655' title='bbox 3017 3508 3071 3560; x_wconf 81' lang='lat' dir='ltr'><strong>in</strong></span> <span class='ocrx_word' id='word_1_656' title='bbox 3099 3517 3164 3571; x_wconf 89' lang='lat' dir='ltr'><strong>te,</strong></span> <span class='ocrx_word' id='word_1_657' title='bbox 3196 3520 3242 3561; x_wconf 85' lang='lat' dir='ltr'><strong>et</strong></span> <span class='ocrx_word' id='word_1_658' title='bbox 3271 3512 3430 3564; x_wconf 82' lang='lat' dir='ltr'><strong>virtus</strong></span> <span class='ocrx_word' id='word_1_659' title='bbox 3452 3511 3614 3566; x_wconf 79' lang='lat' dir='ltr'><strong>Altis-</strong></span> 
     </span>
    </p>
   </div>
   <div class='ocr_carea' id='block_1_83' title="bbox 2055 3590 3617 3669">
    <p class='ocr_par' dir='ltr' id='par_1_83' title="bbox 2055 3590 3617 3669">
     <span class='ocr_line' id='line_1_83' title="bbox 2055 3590 3617 3669; baseline 0.007 -25"><span class='ocrx_word' id='word_1_660' title='bbox 2055 3591 2172 3644; x_wconf 85' lang='lat' dir='ltr'><strong>simi</strong></span> <span class='ocrx_word' id='word_1_661' title='bbox 2217 3590 2537 3644; x_wconf 81' lang='lat' dir='ltr'><strong>obumbrnbit</strong></span> <span class='ocrx_word' id='word_1_662' title='bbox 2588 3593 2700 3646; x_wconf 85' lang='lat' dir='ltr'><strong>tibi.</strong></span> <span class='ocrx_word' id='word_1_663' title='bbox 2752 3594 3114 3650; x_wconf 81' lang='lat' dir='ltr'><strong>Pulcherrime</strong></span> <span class='ocrx_word' id='word_1_664' title='bbox 3154 3596 3375 3666; x_wconf 90' lang='lat' dir='ltr'><strong>loquens</strong></span> <span class='ocrx_word' id='word_1_665' title='bbox 3399 3601 3617 3669; x_wconf 83' lang='lat' dir='ltr'><strong>angelus</strong></span> 
     </span>
    </p>
   </div>
   <div class='ocr_carea' id='block_1_84' title="bbox 2024 3677 3604 3759">
    <p class='ocr_par' dir='ltr' id='par_1_84' title="bbox 2024 3677 3604 3759">
     <span class='ocr_line' id='line_1_84' title="bbox 2024 3677 3604 3759; baseline 0.008 -29"><span class='ocrx_word' id='word_1_666' title='bbox 2024 3724 2030 3729; x_wconf 41' lang='grc' dir='ltr'><em>κ</em></span> <span class='ocrx_word' id='word_1_667' title='bbox 2054 3677 2369 3734; x_wconf 75' lang='lat' dir='ltr'><strong>excellentia</strong></span> <span class='ocrx_word' id='word_1_668' title='bbox 2397 3682 2678 3736; x_wconf 82' lang='lat' dir='ltr'><strong>verborum</strong></span> <span class='ocrx_word' id='word_1_669' title='bbox 2711 3681 3039 3750; x_wconf 86' lang='lat' dir='ltr'><strong>majestatcm</strong></span> <span class='ocrx_word' id='word_1_670' title='bbox 3069 3685 3232 3739; x_wconf 84' lang='lat' dir='ltr'><strong>divini</strong></span> <span class='ocrx_word' id='word_1_671' title='bbox 3255 3688 3432 3757; x_wconf 86' lang='lat' dir='ltr'><strong>operis</strong></span> <span class='ocrx_word' id='word_1_672' title='bbox 3452 3691 3604 3759; x_wconf 74' lang='lat' dir='ltr'><strong>expli-</strong></span> 
     </span>
    </p>
   </div>
   <div class='ocr_carea' id='block_1_85' title="bbox 2054 3769 3610 3843">
    <p class='ocr_par' dir='ltr' id='par_1_85' title="bbox 2054 3769 3610 3843">
     <span class='ocr_line' id='line_1_85' title="bbox 2054 3769 3610 3843; baseline 0.005 -21"><span class='ocrx_word' id='word_1_673' title='bbox 2054 3769 2214 3822; x_wconf 87' lang='lat' dir='ltr'><strong>cavit.</strong></span> <span class='ocrx_word' id='word_1_674' title='bbox 2243 3769 2379 3836; x_wconf 85' lang='lat' dir='ltr'><strong>Quid</strong></span> <span class='ocrx_word' id='word_1_675' title='bbox 2407 3771 2548 3824; x_wconf 92' lang='lat' dir='ltr'><strong>enim</strong></span> <span class='ocrx_word' id='word_1_676' title='bbox 2579 3771 2707 3833; x_wconf 78' lang='lat' dir='ltr'><strong>tanti</strong></span> <span class='ocrx_word' id='word_1_677' title='bbox 2738 3784 3024 3842; x_wconf 82' lang='lat' dir='ltr'><strong>apparatus</strong></span> <span class='ocrx_word' id='word_1_678' title='bbox 3067 3789 3199 3843; x_wconf 84' lang='lat' dir='ltr'><strong>opus</strong></span> <span class='ocrx_word' id='word_1_679' title='bbox 3244 3786 3362 3831; x_wconf 87' lang='lat' dir='ltr'><strong>erat</strong></span> <span class='ocrx_word' id='word_1_680' title='bbox 3392 3779 3444 3830; x_wconf 91' lang='lat' dir='ltr'><strong>in</strong></span> <span class='ocrx_word' id='word_1_681' title='bbox 3472 3779 3610 3830; x_wconf 89' lang='lat' dir='ltr'><strong>nati-</strong></span> 
     </span>
    </p>
   </div>
   <div class='ocr_carea' id='block_1_86' title="bbox 2057 3859 3618 3934">
    <p class='ocr_par' dir='ltr' id='par_1_86' title="bbox 2057 3859 3618 3934">
     <span class='ocr_line' id='line_1_86' title="bbox 2057 3859 3618 3934; baseline 0.006 -25"><span class='ocrx_word' id='word_1_682' title='bbox 2057 3859 2224 3914; x_wconf 85' lang='lat' dir='ltr'><strong>vitatc</strong></span> <span class='ocrx_word' id='word_1_683' title='bbox 2276 3861 2434 3915; x_wconf 89' lang='lat' dir='ltr'><strong>unius</strong></span> <span class='ocrx_word' id='word_1_684' title='bbox 2482 3861 2745 3926; x_wconf 81' lang='lat' dir='ltr'><strong>infantuli,</strong></span> <span class='ocrx_word' id='word_1_685' title='bbox 2790 3874 2850 3917; x_wconf 90' lang='lat' dir='ltr'><strong>ut</strong></span> <span class='ocrx_word' id='word_1_686' title='bbox 2901 3875 2955 3917; x_wconf 91' lang='lat' dir='ltr'><strong>tu</strong></span> <span class='ocrx_word' id='word_1_687' title='bbox 3011 3864 3110 3927; x_wconf 91' lang='lat' dir='ltr'><strong>vis,</strong></span> <span class='ocrx_word' id='word_1_688' title='bbox 3157 3865 3425 3934; x_wconf 84' lang='lat' dir='ltr'><strong>adeptivi?</strong></span> <span class='ocrx_word' id='word_1_689' title='bbox 3457 3865 3618 3921; x_wconf 87' lang='lat' dir='ltr'><strong>Pater</strong></span> 
     </span>
    </p>
   </div>
   <div class='ocr_carea' id='block_1_87' title="bbox 2057 3947 3614 4020">
    <p class='ocr_par' dir='ltr' id='par_1_87' title="bbox 2057 3947 3614 4020">
     <span class='ocr_line' id='line_1_87' title="bbox 2057 3947 3614 4020; baseline 0.004 -18"><span class='ocrx_word' id='word_1_690' title='bbox 2057 3947 2415 4014; x_wconf 81' lang='lat' dir='ltr'><strong>obumbravit,</strong></span> <span class='ocrx_word' id='word_1_691' title='bbox 2438 3949 2668 4020; x_wconf 85' lang='lat' dir='ltr'><strong>Spiritus</strong></span> <span class='ocrx_word' id='word_1_692' title='bbox 2693 3960 2907 4005; x_wconf 89' lang='lat' dir='ltr'><strong>sanctus</strong></span> <span class='ocrx_word' id='word_1_693' title='bbox 2925 3951 3308 4020; x_wconf 62' lang='lat' dir='ltr'><strong>impraeguavit,</strong></span> <span class='ocrx_word' id='word_1_694' title='bbox 3340 3952 3506 4008; x_wconf 78' lang='lat' dir='ltr'><strong>Filius</strong></span> <span class='ocrx_word' id='word_1_695' title='bbox 3532 3955 3614 4008; x_wconf 85' lang='lat' dir='ltr'><strong>iu-</strong></span> 
     </span>
    </p>
   </div>
   <div class='ocr_carea' id='block_1_88' title="bbox 2057 4040 3616 4114">
    <p class='ocr_par' dir='ltr' id='par_1_88' title="bbox 2057 4040 3616 4114">
     <span class='ocr_line' id='line_1_88' title="bbox 2057 4040 3616 4114; baseline 0.007 -26"><span class='ocrx_word' id='word_1_696' title='bbox 2057 4046 2308 4091; x_wconf 86' lang='lat' dir='ltr'><strong>carnatus</strong></span> <span class='ocrx_word' id='word_1_697' title='bbox 2347 4046 2450 4102; x_wconf 91' lang='lat' dir='ltr'><strong>est,</strong></span> <span class='ocrx_word' id='word_1_698' title='bbox 2483 4040 2605 4093; x_wconf 89' lang='lat' dir='ltr'><strong>dum</strong></span> <span class='ocrx_word' id='word_1_699' title='bbox 2633 4040 2808 4094; x_wconf 87' lang='lat' dir='ltr'><strong>omnis</strong></span> <span class='ocrx_word' id='word_1_700' title='bbox 2854 4040 3087 4095; x_wconf 74' lang='lat' dir='ltr'><strong>cmlcstis</strong></span> <span class='ocrx_word' id='word_1_701' title='bbox 3125 4050 3441 4114; x_wconf 81' lang='lat' dir='ltr'><strong>terrenaque</strong></span> <span class='ocrx_word' id='word_1_702' title='bbox 3466 4061 3616 4101; x_wconf 77' lang='lat' dir='ltr'><strong>crea-</strong></span> 
     </span>
    </p>
   </div>
   <div class='ocr_carea' id='block_1_89' title="bbox 2057 4124 3616 4196">
    <p class='ocr_par' dir='ltr' id='par_1_89' title="bbox 2057 4124 3616 4196">
     <span class='ocr_line' id='line_1_89' title="bbox 2057 4124 3616 4196; baseline 0.01 -20"><span class='ocrx_word' id='word_1_703' title='bbox 2057 4131 2176 4177; x_wconf 87' lang='lat' dir='ltr'><strong>tura</strong></span> <span class='ocrx_word' id='word_1_704' title='bbox 2206 4125 2318 4180; x_wconf 91' lang='lat' dir='ltr'><strong>solo</strong></span> <span class='ocrx_word' id='word_1_705' title='bbox 2343 4125 2580 4196; x_wconf 67' lang='lat' dir='ltr'><strong>iubentis</strong></span> <span class='ocrx_word' id='word_1_706' title='bbox 2616 4130 2780 4184; x_wconf 89' lang='lat' dir='ltr'><strong>verbo</strong></span> <span class='ocrx_word' id='word_1_707' title='bbox 2828 4124 2985 4184; x_wconf 76' lang='lat' dir='ltr'><strong>facta</strong></span> <span class='ocrx_word' id='word_1_708' title='bbox 3015 4141 3096 4185; x_wconf 87' lang='lat' dir='ltr'><strong>est</strong></span> <span class='ocrx_word' id='word_1_709' title='bbox 3149 4151 3162 4185; x_wconf 87' lang='lat'><strong>:</strong></span> <span class='ocrx_word' id='word_1_710' title='bbox 3206 4141 3265 4186; x_wconf 93' lang='lat' dir='ltr'><strong>ut</strong></span> <span class='ocrx_word' id='word_1_711' title='bbox 3308 4134 3535 4191; x_wconf 82' lang='lat' dir='ltr'><strong>habetur</strong></span> <span class='ocrx_word' id='word_1_712' title='bbox 3562 4139 3616 4191; x_wconf 90' lang='lat' dir='ltr'><strong>in</strong></span> 
     </span>
    </p>
   </div>
   <div class='ocr_carea' id='block_1_90' title="bbox 2056 4215 3614 4292">
    <p class='ocr_par' dir='ltr' id='par_1_90' title="bbox 2056 4215 3614 4292">
     <span class='ocr_line' id='line_1_90' title="bbox 2056 4215 3614 4292; baseline 0.006 -23"><span class='ocrx_word' id='word_1_713' title='bbox 2056 4215 2262 4283; x_wconf 85' lang='lat' dir='ltr'><strong>psalmo</strong></span> <span class='ocrx_word' id='word_1_714' title='bbox 2291 4259 2304 4272; x_wconf 90' lang='lat'><strong>.</strong></span> <span class='ocrx_word' id='word_1_715' title='bbox 2353 4217 2469 4288; x_wconf 86' lang='lat' dir='ltr'><strong>Ipse</strong></span> <span class='ocrx_word' id='word_1_716' title='bbox 2499 4219 2653 4283; x_wconf 77' lang='lat' dir='ltr'><strong>dixit,</strong></span> <span class='ocrx_word' id='word_1_717' title='bbox 2697 4229 2744 4272; x_wconf 84' lang='lat' dir='ltr'><strong>et</strong></span> <span class='ocrx_word' id='word_1_718' title='bbox 2773 4219 2912 4288; x_wconf 77' lang='lat' dir='ltr'><strong>facta</strong></span> <span class='ocrx_word' id='word_1_719' title='bbox 2939 4230 3082 4285; x_wconf 85' lang='lat' dir='ltr'><strong>sunt,</strong></span> <span class='ocrx_word' id='word_1_720' title='bbox 3104 4237 3210 4292; x_wconf 78' lang='lat' dir='ltr'><strong>ipse</strong></span> <span class='ocrx_word' id='word_1_721' title='bbox 3249 4224 3532 4288; x_wconf 74' lang='lat' dir='ltr'><strong>mandarit,</strong></span> <span class='ocrx_word' id='word_1_722' title='bbox 3565 4237 3614 4278; x_wconf 84' lang='lat' dir='ltr'><strong>et</strong></span> 
     </span>
    </p>
   </div>
   <div class='ocr_carea' id='block_1_91' title="bbox 2059 4299 3617 4381">
    <p class='ocr_par' dir='ltr' id='par_1_91' title="bbox 2059 4299 3617 4381">
     <span class='ocr_line' id='line_1_91' title="bbox 2059 4299 3617 4381; baseline 0.006 -24"><span class='ocrx_word' id='word_1_723' title='bbox 2059 4299 2233 4359; x_wconf 84' lang='lat' dir='ltr'><strong>creata</strong></span> <span class='ocrx_word' id='word_1_724' title='bbox 2262 4317 2381 4360; x_wconf 85' lang='lat' dir='ltr'><strong>sunt</strong></span> <span class='ocrx_word' id='word_1_725' title='bbox 2414 4305 2585 4379; x_wconf 85' lang='lat' dir='ltr'><strong>(Psal.</strong></span> <span class='ocrx_word' id='word_1_726' title='bbox 2614 4325 2837 4375; x_wconf 65' lang='lat' dir='ltr'><strong>CXLVIII,</strong></span> <span class='ocrx_word' id='word_1_727' title='bbox 2877 4310 2951 4381; x_wconf 81' lang='grc'><strong>5).</strong></span> <span class='ocrx_word' id='word_1_728' title='bbox 3001 4310 3108 4364; x_wconf 90' lang='lat' dir='ltr'><strong>Cur</strong></span> <span class='ocrx_word' id='word_1_729' title='bbox 3135 4325 3323 4379; x_wconf 83' lang='lat' dir='ltr'><strong>parum</strong></span> <span class='ocrx_word' id='word_1_730' title='bbox 3364 4311 3464 4366; x_wconf 80' lang='lat' dir='ltr'><strong>fuit</strong></span> <span class='ocrx_word' id='word_1_731' title='bbox 3500 4311 3617 4380; x_wconf 87' lang='lat' dir='ltr'><strong>jus-</strong></span> 
     </span>
    </p>
   </div>
   <div class='ocr_carea' id='block_1_92' title="bbox 2061 4399 3616 4464">
    <p class='ocr_par' dir='ltr' id='par_1_92' title="bbox 2061 4399 3616 4464">
     <span class='ocr_line' id='line_1_92' title="bbox 2061 4399 3616 4464; baseline 0.002 -8"><span class='ocrx_word' id='word_1_732' title='bbox 2061 4403 2141 4457; x_wconf 88' lang='lat' dir='ltr'><strong>sio</strong></span> <span class='ocrx_word' id='word_1_733' title='bbox 2163 4399 2412 4460; x_wconf 89' lang='lat' dir='ltr'><strong>dicentis,</strong></span> <span class='ocrx_word' id='word_1_734' title='bbox 2438 4400 2575 4453; x_wconf 85' lang='lat' dir='ltr'><strong>sicut</strong></span> <span class='ocrx_word' id='word_1_735' title='bbox 2621 4400 2674 4454; x_wconf 92' lang='lat' dir='ltr'><strong>in</strong></span> <span class='ocrx_word' id='word_1_736' title='bbox 2713 4403 2919 4456; x_wconf 62' lang='lat' dir='ltr'><strong>caneris</strong></span> <span class='ocrx_word' id='word_1_737' title='bbox 2961 4403 3206 4458; x_wconf 77' lang='lat' dir='ltr'><strong>omnibus</strong></span> <span class='ocrx_word' id='word_1_738' title='bbox 3248 4404 3518 4464; x_wconf 83' lang='lat' dir='ltr'><strong>creaturis,</strong></span> <span class='ocrx_word' id='word_1_739' title='bbox 3549 4405 3616 4459; x_wconf 90' lang='lat' dir='ltr'><strong>ad</strong></span> 
     </span>
    </p>
   </div>
   <div class='ocr_carea' id='block_1_93' title="bbox 2061 4490 3617 4564">
    <p class='ocr_par' dir='ltr' id='par_1_93' title="bbox 2061 4490 3617 4564">
     <span class='ocr_line' id='line_1_93' title="bbox 2061 4490 3617 4564; baseline 0.003 -20"><span class='ocrx_word' id='word_1_740' title='bbox 2061 4492 2219 4545; x_wconf 90' lang='lat' dir='ltr'><strong>unius</strong></span> <span class='ocrx_word' id='word_1_741' title='bbox 2243 4490 2474 4544; x_wconf 89' lang='lat' dir='ltr'><strong>hominis</strong></span> <span class='ocrx_word' id='word_1_742' title='bbox 2501 4490 2946 4558; x_wconf 89' lang='lat' dir='ltr'><strong>procreationem,</strong></span> <span class='ocrx_word' id='word_1_743' title='bbox 2996 4493 3038 4546; x_wconf 89' lang='lat' dir='ltr'><strong>si</strong></span> <span class='ocrx_word' id='word_1_744' title='bbox 3068 4494 3429 4548; x_wconf 89' lang='lat' dir='ltr'><strong>tantummodo</strong></span> <span class='ocrx_word' id='word_1_745' title='bbox 3454 4509 3617 4564; x_wconf 82' lang='lat' dir='ltr'><strong>purus</strong></span> 
     </span>
    </p>
   </div>
   <div class='ocr_carea' id='block_1_94' title="bbox 404 4549 3621 4648">
    <p class='ocr_par' dir='ltr' id='par_1_94' title="bbox 404 4549 3621 4648">
     <span class='ocr_line' id='line_1_94' title="bbox 404 4549 3621 4648; baseline 0.003 -18"><span class='ocrx_word' id='word_1_746' title='bbox 404 4577 603 4632; x_wconf 82' lang='lat' dir='ltr'><strong>locutus</strong></span> <span class='ocrx_word' id='word_1_747' title='bbox 625 4589 716 4641; x_wconf 87' lang='lat' dir='ltr'><strong>est,</strong></span> <span class='ocrx_word' id='word_1_748' title='bbox 746 4589 1036 4648; x_wconf 83' lang='lat' dir='ltr'><strong>assumptus</strong></span> <span class='ocrx_word' id='word_1_749' title='bbox 1058 4590 1130 4633; x_wconf 88' lang='lat' dir='ltr'><strong>est</strong></span> <span class='ocrx_word' id='word_1_750' title='bbox 1157 4583 1209 4634; x_wconf 86' lang='lat' dir='ltr'><strong>in</strong></span> <span class='ocrx_word' id='word_1_751' title='bbox 1234 4581 1436 4643; x_wconf 69' lang='lat' dir='ltr'><strong>caelum,</strong></span> <span class='ocrx_word' id='word_1_752' title='bbox 1460 4592 1507 4634; x_wconf 81' lang='lat' dir='ltr'><strong>et</strong></span> <span class='ocrx_word' id='word_1_753' title='bbox 1537 4584 1666 4635; x_wconf 84' lang='lat' dir='ltr'><strong>sedit</strong></span> <span class='ocrx_word' id='word_1_754' title='bbox 1697 4600 1728 4635; x_wconf 91' lang='lat' dir='ltr'><strong>a</strong></span> <span class='ocrx_word' id='word_1_755' title='bbox 1763 4583 1955 4635; x_wconf 73' lang='lat' dir='ltr'><strong>dextris</strong></span> <span class='ocrx_word' id='word_1_756' title='bbox 1986 4549 2041 4611; x_wconf 68' lang='grc' dir='ltr'><strong>θ</strong></span> <span class='ocrx_word' id='word_1_757' title='bbox 2064 4584 2224 4636; x_wconf 91' lang='lat' dir='ltr'><strong>homo</strong></span> <span class='ocrx_word' id='word_1_758' title='bbox 2263 4589 2420 4634; x_wconf 88' lang='lat' dir='ltr'><strong>natus</strong></span> <span class='ocrx_word' id='word_1_759' title='bbox 2458 4588 2560 4644; x_wconf 90' lang='lat' dir='ltr'><strong>est,</strong></span> <span class='ocrx_word' id='word_1_760' title='bbox 2589 4589 2644 4635; x_wconf 92' lang='lat' dir='ltr'><strong>et</strong></span> <span class='ocrx_word' id='word_1_761' title='bbox 2671 4595 2775 4634; x_wconf 91' lang='lat' dir='ltr'><strong>non</strong></span> <span class='ocrx_word' id='word_1_762' title='bbox 2807 4581 2964 4648; x_wconf 87' lang='lat' dir='ltr'><strong>Deus,</strong></span> <span class='ocrx_word' id='word_1_763' title='bbox 3008 4583 3090 4635; x_wconf 89' lang='lat' dir='ltr'><strong>vel</strong></span> <span class='ocrx_word' id='word_1_764' title='bbox 3129 4585 3290 4637; x_wconf 89' lang='lat' dir='ltr'><strong>etiam</strong></span> <span class='ocrx_word' id='word_1_765' title='bbox 3329 4585 3420 4639; x_wconf 80' lang='lat' dir='ltr'><strong>Dei</strong></span> <span class='ocrx_word' id='word_1_766' title='bbox 3454 4549 3492 4638; x_wconf 63' lang='lat' dir='ltr'><strong>l7</strong></span> <span class='ocrx_word' id='word_1_767' title='bbox 3501 4584 3621 4639; x_wconf 88' lang='lat' dir='ltr'><strong>ilius</strong></span> 
     </span>
    </p>
   </div>
   <div class='ocr_carea' id='block_1_95' title="bbox 405 4667 1956 4739">
    <p class='ocr_par' dir='ltr' id='par_1_95' title="bbox 405 4667 1956 4739">
     <span class='ocr_line' id='line_1_95' title="bbox 405 4667 1956 4739; baseline 0.003 -19"><span class='ocrx_word' id='word_1_768' title='bbox 405 4667 500 4720; x_wconf 88' lang='lat' dir='ltr'><strong>Dei</strong></span> <span class='ocrx_word' id='word_1_769' title='bbox 521 4667 710 4738; x_wconf 75' lang='lat' dir='ltr'><strong>(Marc.</strong></span> <span class='ocrx_word' id='word_1_770' title='bbox 730 4684 840 4732; x_wconf 78' lang='lat' dir='ltr'><strong>xvi,</strong></span> <span class='ocrx_word' id='word_1_771' title='bbox 867 4669 974 4739; x_wconf 84' lang='lat' dir='ltr'><strong>l9).</strong></span> <span class='ocrx_word' id='word_1_772' title='bbox 1005 4669 1220 4724; x_wconf 71' lang='lat' dir='ltr'><strong>Natura:</strong></span> <span class='ocrx_word' id='word_1_773' title='bbox 1248 4673 1333 4725; x_wconf 89' lang='lat' dir='ltr'><strong>cui</strong></span> <span class='ocrx_word' id='word_1_774' title='bbox 1374 4673 1570 4725; x_wconf 86' lang='lat' dir='ltr'><strong>dictum</strong></span> <span class='ocrx_word' id='word_1_775' title='bbox 1608 4681 1706 4736; x_wconf 87' lang='lat' dir='ltr'><strong>est,</strong></span> <span class='ocrx_word' id='word_1_776' title='bbox 1738 4683 1877 4725; x_wconf 84' lang='lat' dir='ltr'><strong>terra</strong></span> <span class='ocrx_word' id='word_1_777' title='bbox 1905 4677 1956 4725; x_wconf 80' lang='lat' dir='ltr'><strong>cs</strong></span> 
     </span>
    </p>
   </div>
   <div class='ocr_carea' id='block_1_96' title="bbox 405 4749 1959 4834">
    <p class='ocr_par' dir='ltr' id='par_1_96' title="bbox 405 4749 1959 4834">
     <span class='ocr_line' id='line_1_96' title="bbox 405 4749 1959 4834; baseline 0.001 -20"><span class='ocrx_word' id='word_1_778' title='bbox 405 4771 450 4814; x_wconf 86' lang='lat' dir='ltr'><strong>et</strong></span> <span class='ocrx_word' id='word_1_779' title='bbox 474 4762 525 4813; x_wconf 86' lang='lat' dir='ltr'><strong>in</strong></span> <span class='ocrx_word' id='word_1_780' title='bbox 548 4749 743 4813; x_wconf 83' lang='lat' dir='ltr'><strong>terram</strong></span> <span class='ocrx_word' id='word_1_781' title='bbox 759 4761 855 4814; x_wconf 86' lang='lat' dir='ltr'><strong>ibis</strong></span> <span class='ocrx_word' id='word_1_782' title='bbox 884 4761 1032 4831; x_wconf 84' lang='lat' dir='ltr'><strong>(Gen.</strong></span> <span class='ocrx_word' id='word_1_783' title='bbox 1073 4779 1152 4826; x_wconf 89' lang='grc' dir='ltr'>ιιι,</span> <span class='ocrx_word' id='word_1_784' title='bbox 1182 4765 1286 4834; x_wconf 83' lang='lat' dir='ltr'><strong>l9),</strong></span> <span class='ocrx_word' id='word_1_785' title='bbox 1313 4765 1438 4818; x_wconf 86' lang='lat' dir='ltr'><strong>huic</strong></span> <span class='ocrx_word' id='word_1_786' title='bbox 1469 4765 1669 4818; x_wconf 90' lang='lat' dir='ltr'><strong>dictum</strong></span> <span class='ocrx_word' id='word_1_787' title='bbox 1709 4772 1810 4828; x_wconf 89' lang='lat' dir='ltr'><strong>est,</strong></span> <span class='ocrx_word' id='word_1_788' title='bbox 1839 4764 1959 4817; x_wconf 82' lang='lat' dir='ltr'><strong>sede</strong></span> 
     </span>
    </p>
   </div>
   <div class='ocr_carea' id='block_1_97' title="bbox 410 4848 1964 4921">
    <p class='ocr_par' dir='ltr' id='par_1_97' title="bbox 410 4848 1964 4921">
     <span class='ocr_line' id='line_1_97' title="bbox 410 4848 1964 4921; baseline 0.005 -21"><span class='ocrx_word' id='word_1_789' title='bbox 410 4867 438 4900; x_wconf 81' lang='grc' dir='ltr'><em>η</em></span> <span class='ocrx_word' id='word_1_790' title='bbox 467 4849 658 4902; x_wconf 63' lang='lat' dir='ltr'><strong>dextris</strong></span> <span class='ocrx_word' id='word_1_791' title='bbox 682 4849 806 4902; x_wconf 84' lang='lat' dir='ltr'><strong>meis</strong></span> <span class='ocrx_word' id='word_1_792' title='bbox 833 4848 1001 4918; x_wconf 84' lang='lat' dir='ltr'><strong>(Psal.</strong></span> <span class='ocrx_word' id='word_1_793' title='bbox 1023 4865 1133 4914; x_wconf 72' lang='lat' dir='ltr'><strong>cvx,</strong></span> <span class='ocrx_word' id='word_1_794' title='bbox 1165 4852 1233 4921; x_wconf 90' lang='lat' dir='ltr'><strong>l).</strong></span> <span class='ocrx_word' id='word_1_795' title='bbox 1271 4870 1288 4900; x_wconf 88' lang='grc'><em>‹</em></span> <span class='ocrx_word' id='word_1_796' title='bbox 1319 4849 1431 4904; x_wconf 79' lang='lat' dir='ltr'><strong>Hoc</strong></span> <span class='ocrx_word' id='word_1_797' title='bbox 1456 4851 1588 4904; x_wconf 75' lang='lat' dir='ltr'><strong>dixit</strong></span> <span class='ocrx_word' id='word_1_798' title='bbox 1613 4851 1879 4916; x_wconf 84' lang='lat' dir='ltr'><strong>Christus,</strong></span> <span class='ocrx_word' id='word_1_799' title='bbox 1902 4859 1964 4908; x_wconf 83' lang='lat' dir='ltr'><strong>ut</strong></span> 
     </span>
    </p>
   </div>
   <div class='ocr_carea' id='block_1_98' title="bbox 407 4936 1958 5008">
    <p class='ocr_par' dir='ltr' id='par_1_98' title="bbox 407 4936 1958 5008">
     <span class='ocr_line' id='line_1_98' title="bbox 407 4936 1958 5008; baseline 0.001 -18"><span class='ocrx_word' id='word_1_800' title='bbox 407 4936 594 4992; x_wconf 83' lang='lat' dir='ltr'><strong>beatus</strong></span> <span class='ocrx_word' id='word_1_801' title='bbox 615 4936 966 5007; x_wconf 76' lang='lat' dir='ltr'><strong>Hieronymus</strong></span> <span class='ocrx_word' id='word_1_802' title='bbox 990 4939 1234 5006; x_wconf 80' lang='lat' dir='ltr'><strong>exposuit</strong></span> <span class='ocrx_word' id='word_1_803' title='bbox 1272 4939 1322 4991; x_wconf 94' lang='lat' dir='ltr'><strong>in</strong></span> <span class='ocrx_word' id='word_1_804' title='bbox 1382 4946 1607 4992; x_wconf 87' lang='lat' dir='ltr'><strong>tractatu</strong></span> <span class='ocrx_word' id='word_1_805' title='bbox 1637 4937 1792 5005; x_wconf 76' lang='lat' dir='ltr'><strong>hujus</strong></span> <span class='ocrx_word' id='word_1_806' title='bbox 1817 4938 1958 5008; x_wconf 77' lang='lat' dir='ltr'><strong>psal-</strong></span> 
     </span>
    </p>
   </div>
   <div class='ocr_carea' id='block_1_99' title="bbox 411 5022 1964 5097">
    <p class='ocr_par' dir='ltr' id='par_1_99' title="bbox 411 5022 1964 5097">
     <span class='ocr_line' id='line_1_99' title="bbox 411 5022 1964 5097; baseline 0.002 -18"><span class='ocrx_word' id='word_1_807' title='bbox 411 5026 480 5080; x_wconf 90' lang='lat' dir='ltr'><strong>mi</strong></span> <span class='ocrx_word' id='word_1_808' title='bbox 510 5039 561 5091; x_wconf 75' lang='grc' dir='ltr'><strong>ε,</strong></span> <span class='ocrx_word' id='word_1_809' title='bbox 587 5029 655 5082; x_wconf 87' lang='lat' dir='ltr'><strong>ad</strong></span> <span class='ocrx_word' id='word_1_810' title='bbox 673 5027 988 5091; x_wconf 63' lang='lat' dir='ltr'><strong>Pharisaaos,</strong></span> <span class='ocrx_word' id='word_1_811' title='bbox 1011 5027 1098 5095; x_wconf 90' lang='lat' dir='ltr'><strong>qui</strong></span> <span class='ocrx_word' id='word_1_812' title='bbox 1129 5027 1420 5097; x_wconf 88' lang='lat' dir='ltr'><strong>simplicem</strong></span> <span class='ocrx_word' id='word_1_813' title='bbox 1450 5027 1611 5081; x_wconf 87' lang='lat' dir='ltr'><strong>lilium</strong></span> <span class='ocrx_word' id='word_1_814' title='bbox 1646 5022 1807 5082; x_wconf 79' lang='lat' dir='ltr'><strong>David</strong></span> <span class='ocrx_word' id='word_1_815' title='bbox 1835 5041 1964 5082; x_wconf 87' lang='lat' dir='ltr'><strong>con-</strong></span> 
     </span>
    </p>
   </div>
   <div class='ocr_carea' id='block_1_100' title="bbox 411 5116 1962 5188">
    <p class='ocr_par' dir='ltr' id='par_1_100' title="bbox 411 5116 1962 5188">
     <span class='ocr_line' id='line_1_100' title="bbox 411 5116 1962 5188; baseline 0.003 -21"><span class='ocrx_word' id='word_1_816' title='bbox 411 5116 692 5171; x_wconf 82' lang='lat' dir='ltr'><strong>ﬁtebantur</strong></span> <span class='ocrx_word' id='word_1_817' title='bbox 715 5118 1023 5174; x_wconf 87' lang='lat' dir='ltr'><strong>Christum:</strong></span> <span class='ocrx_word' id='word_1_818' title='bbox 1059 5119 1116 5173; x_wconf 89' lang='lat' dir='ltr'><strong>Si</strong></span> <span class='ocrx_word' id='word_1_819' title='bbox 1167 5117 1305 5186; x_wconf 76' lang='lat' dir='ltr'><strong>[ilius</strong></span> <span class='ocrx_word' id='word_1_820' title='bbox 1349 5129 1422 5171; x_wconf 88' lang='lat' dir='ltr'><strong>est</strong></span> <span class='ocrx_word' id='word_1_821' title='bbox 1472 5118 1658 5182; x_wconf 81' lang='lat' dir='ltr'><strong>Dat-id,</strong></span> <span class='ocrx_word' id='word_1_822' title='bbox 1706 5119 1962 5188; x_wconf 78' lang='lat' dir='ltr'><strong>quomodo</strong></span> 
     </span>
    </p>
   </div>
   <div class='ocr_carea' id='block_1_101' title="bbox 413 5204 1960 5278">
    <p class='ocr_par' dir='ltr' id='par_1_101' title="bbox 413 5204 1960 5278">
     <span class='ocr_line' id='line_1_101' title="bbox 413 5204 1960 5278; baseline 0.001 -19"><span class='ocrx_word' id='word_1_823' title='bbox 413 5215 552 5259; x_wconf 71' lang='lat' dir='ltr'><strong>vocat</strong></span> <span class='ocrx_word' id='word_1_824' title='bbox 577 5204 747 5272; x_wconf 78' lang='lat' dir='ltr'><strong>ﬁlium</strong></span> <span class='ocrx_word' id='word_1_825' title='bbox 780 5223 930 5260; x_wconf 84' lang='lat' dir='ltr'><strong>suum</strong></span> <span class='ocrx_word' id='word_1_826' title='bbox 961 5206 1281 5262; x_wconf 81' lang='lat' dir='ltr'><strong>Dominum?</strong></span> <span class='ocrx_word' id='word_1_827' title='bbox 1310 5229 1326 5262; x_wconf 83' lang='grc' dir='ltr'><strong>ι</strong></span> <span class='ocrx_word' id='word_1_828' title='bbox 1373 5209 1438 5264; x_wconf 87' lang='lat' dir='ltr'><strong>Et</strong></span> <span class='ocrx_word' id='word_1_829' title='bbox 1471 5209 1627 5277; x_wconf 90' lang='lat' dir='ltr'><strong>paulo</strong></span> <span class='ocrx_word' id='word_1_830' title='bbox 1654 5217 1794 5278; x_wconf 78' lang='lat' dir='ltr'><strong>post,</strong></span> <span class='ocrx_word' id='word_1_831' title='bbox 1821 5210 1960 5264; x_wconf 87' lang='lat' dir='ltr'><strong>idem</strong></span> 
     </span>
    </p>
   </div>
   <div class='ocr_carea' id='block_1_102' title="bbox 414 5291 1964 5364">
    <p class='ocr_par' dir='ltr' id='par_1_102' title="bbox 414 5291 1964 5364">
     <span class='ocr_line' id='line_1_102' title="bbox 414 5291 1964 5364; baseline 0.001 -15"><span class='ocrx_word' id='word_1_832' title='bbox 414 5294 521 5364; x_wconf 86' lang='lat' dir='ltr'><strong>ipse</strong></span> <span class='ocrx_word' id='word_1_833' title='bbox 547 5312 560 5346; x_wconf 91' lang='lat'><strong>:</strong></span> <span class='ocrx_word' id='word_1_834' title='bbox 594 5310 613 5344; x_wconf 76' lang='grc' dir='ltr'><strong>ι</strong></span> <span class='ocrx_word' id='word_1_835' title='bbox 643 5291 829 5347; x_wconf 73' lang='lat' dir='ltr'><strong>Videte</strong></span> <span class='ocrx_word' id='word_1_836' title='bbox 855 5310 983 5362; x_wconf 86' lang='lat' dir='ltr'><strong>ergo</strong></span> <span class='ocrx_word' id='word_1_837' title='bbox 1012 5297 1139 5364; x_wconf 88' lang='lat' dir='ltr'><strong>quid</strong></span> <span class='ocrx_word' id='word_1_838' title='bbox 1177 5298 1304 5353; x_wconf 88' lang='lat' dir='ltr'><strong>dicit</strong></span> <span class='ocrx_word' id='word_1_839' title='bbox 1334 5316 1345 5351; x_wconf 84' lang='lat'>;</span> <span class='ocrx_word' id='word_1_840' title='bbox 1382 5298 1522 5351; x_wconf 71' lang='lat' dir='ltr'><strong>Dixit</strong></span> <span class='ocrx_word' id='word_1_841' title='bbox 1565 5299 1812 5352; x_wconf 83' lang='lat' dir='ltr'><strong>Dominus</strong></span> <span class='ocrx_word' id='word_1_842' title='bbox 1860 5299 1964 5352; x_wconf 87' lang='lat' dir='ltr'><strong>Do-</strong></span> 
     </span>
    </p>
   </div>
   <div class='ocr_carea' id='block_1_103' title="bbox 413 5381 1968 5459">
    <p class='ocr_par' dir='ltr' id='par_1_103' title="bbox 413 5381 1968 5459">
     <span class='ocr_line' id='line_1_103' title="bbox 413 5381 1968 5459; baseline 0.002 -22"><span class='ocrx_word' id='word_1_843' title='bbox 413 5386 548 5438; x_wconf 85' lang='lat' dir='ltr'><strong>mino</strong></span> <span class='ocrx_word' id='word_1_844' title='bbox 589 5399 720 5437; x_wconf 88' lang='lat' dir='ltr'><strong>meo.</strong></span> <span class='ocrx_word' id='word_1_845' title='bbox 752 5381 887 5437; x_wconf 84' lang='lat' dir='ltr'><strong>Num</strong></span> <span class='ocrx_word' id='word_1_846' title='bbox 915 5385 1001 5439; x_wconf 90' lang='lat' dir='ltr'><strong>hic</strong></span> <span class='ocrx_word' id='word_1_847' title='bbox 1031 5384 1235 5456; x_wconf 80' lang='lat' dir='ltr'><strong>[F0rte,</strong></span> <span class='ocrx_word' id='word_1_848' title='bbox 1271 5384 1418 5459; x_wconf 85' lang='lat' dir='ltr'><strong>huic]</strong></span> <span class='ocrx_word' id='word_1_849' title='bbox 1458 5388 1542 5442; x_wconf 88' lang='lat' dir='ltr'><strong>cui</strong></span> <span class='ocrx_word' id='word_1_850' title='bbox 1578 5390 1884 5458; x_wconf 62' lang='lat' dir='ltr'><strong>praecipitur</strong></span> <span class='ocrx_word' id='word_1_851' title='bbox 1909 5397 1968 5441; x_wconf 92' lang='lat' dir='ltr'><strong>ut</strong></span> 
     </span>
    </p>
   </div>
   <div class='ocr_carea' id='block_1_104' title="bbox 415 5471 1962 5546">
    <p class='ocr_par' dir='ltr' id='par_1_104' title="bbox 415 5471 1962 5546">
     <span class='ocr_line' id='line_1_104' title="bbox 415 5471 1962 5546; baseline 0.002 -20"><span class='ocrx_word' id='word_1_852' title='bbox 415 5474 622 5528; x_wconf 77' lang='lat' dir='ltr'><strong>sedeat?</strong></span> <span class='ocrx_word' id='word_1_853' title='bbox 654 5471 794 5528; x_wconf 88' lang='lat' dir='ltr'><strong>Deus</strong></span> <span class='ocrx_word' id='word_1_854' title='bbox 820 5487 926 5525; x_wconf 89' lang='lat' dir='ltr'><strong>non</strong></span> <span class='ocrx_word' id='word_1_855' title='bbox 955 5475 1125 5536; x_wconf 82' lang='lat' dir='ltr'><strong>sedet,</strong></span> <span class='ocrx_word' id='word_1_856' title='bbox 1165 5476 1458 5546; x_wconf 85' lang='lat' dir='ltr'><strong>assumptio</strong></span> <span class='ocrx_word' id='word_1_857' title='bbox 1506 5478 1751 5546; x_wconf 88' lang='lat' dir='ltr'><strong>corporis</strong></span> <span class='ocrx_word' id='word_1_858' title='bbox 1793 5478 1962 5532; x_wconf 89' lang='lat' dir='ltr'><strong>sedet.</strong></span> 
     </span>
    </p>
   </div>
   <div class='ocr_carea' id='block_1_105' title="bbox 417 5561 1961 5640">
    <p class='ocr_par' dir='ltr' id='par_1_105' title="bbox 417 5561 1961 5640">
     <span class='ocr_line' id='line_1_105' title="bbox 417 5561 1961 5640; baseline 0.005 -25"><span class='ocrx_word' id='word_1_859' title='bbox 417 5561 545 5618; x_wconf 81' lang='lat' dir='ltr'><strong>lluic</strong></span> <span class='ocrx_word' id='word_1_860' title='bbox 591 5579 722 5633; x_wconf 85' lang='lat' dir='ltr'><strong>ergo</strong></span> <span class='ocrx_word' id='word_1_861' title='bbox 765 5563 1072 5632; x_wconf 62' lang='lat' dir='ltr'><strong>praecipitur</strong></span> <span class='ocrx_word' id='word_1_862' title='bbox 1116 5574 1172 5616; x_wconf 90' lang='lat' dir='ltr'><strong>ut</strong></span> <span class='ocrx_word' id='word_1_863' title='bbox 1215 5568 1414 5622; x_wconf 86' lang='lat' dir='ltr'><strong>sedeat.</strong></span> <span class='ocrx_word' id='word_1_864' title='bbox 1459 5569 1582 5637; x_wconf 85' lang='lat' dir='ltr'><strong>quia</strong></span> <span class='ocrx_word' id='word_1_865' title='bbox 1629 5567 1961 5640; x_wconf 84' lang='lat' dir='ltr'><strong>[Hier.,qui]</strong></span> 
     </span>
    </p>
   </div>
   <div class='ocr_carea' id='block_1_106' title="bbox 486 5692 1966 5764">
    <p class='ocr_par' dir='ltr' id='par_1_106' title="bbox 486 5692 1966 5764">
     <span class='ocr_line' id='line_1_106' title="bbox 486 5692 1966 5764; baseline 0.002 -17"><span class='ocrx_word' id='word_1_866' title='bbox 486 5701 508 5728; x_wconf 80' lang='grc'><strong><em>⁸</em></strong></span> <span class='ocrx_word' id='word_1_867' title='bbox 538 5693 595 5747; x_wconf 81' lang='lat' dir='ltr'><strong>S.</strong></span> <span class='ocrx_word' id='word_1_868' title='bbox 629 5692 879 5764; x_wconf 40' lang='lat' dir='ltr'><strong>liiernin</strong></span> <span class='ocrx_word' id='word_1_869' title='bbox 909 5693 1179 5764; x_wconf 81' lang='lat' dir='ltr'><strong>Breviario</strong></span> <span class='ocrx_word' id='word_1_870' title='bbox 1205 5696 1272 5764; x_wconf 90' lang='lat' dir='ltr'><strong>_in</strong></span> <span class='ocrx_word' id='word_1_871' title='bbox 1301 5695 1634 5757; x_wconf 86' lang='lat' dir='ltr'><strong>Psalterium,</strong></span> <span class='ocrx_word' id='word_1_872' title='bbox 1678 5698 1816 5764; x_wconf 90' lang='lat' dir='ltr'><strong>quod</strong></span> <span class='ocrx_word' id='word_1_873' title='bbox 1843 5698 1966 5750; x_wconf 84' lang='lat' dir='ltr'><strong>huic.</strong></span> 
     </span>
    </p>
   </div>
   <div class='ocr_carea' id='block_1_107' title="bbox 417 5761 1966 5827">
    <p class='ocr_par' dir='ltr' id='par_1_107' title="bbox 417 5761 1966 5827">
     <span class='ocr_line' id='line_1_107' title="bbox 417 5761 1966 5827; baseline 0.003 -13"><span class='ocrx_word' id='word_1_874' title='bbox 417 5773 600 5817; x_wconf 85' lang='lat' dir='ltr'><strong>saneto</strong></span> <span class='ocrx_word' id='word_1_875' title='bbox 627 5761 774 5816; x_wconf 85' lang='lat' dir='ltr'><strong>Patri</strong></span> <span class='ocrx_word' id='word_1_876' title='bbox 797 5761 1052 5814; x_wconf 78' lang='lat' dir='ltr'><strong>Alcutnus</strong></span> <span class='ocrx_word' id='word_1_877' title='bbox 1096 5761 1304 5827; x_wconf 81' lang='lat' dir='ltr'><strong>quidem</strong></span> <span class='ocrx_word' id='word_1_878' title='bbox 1333 5766 1600 5827; x_wconf 77' lang='lat' dir='ltr'><strong>attribuit;</strong></span> <span class='ocrx_word' id='word_1_879' title='bbox 1633 5781 1658 5816; x_wconf 73' lang='grc' dir='ltr'>τι</span> <span class='ocrx_word' id='word_1_880' title='bbox 1691 5761 1818 5817; x_wconf 74' lang='lat' dir='ltr'><strong>viris</strong></span> <span class='ocrx_word' id='word_1_881' title='bbox 1842 5782 1966 5820; x_wconf 86' lang='lat' dir='ltr'><strong>vero</strong></span> 
     </span>
    </p>
   </div>
   <div class='ocr_carea' id='block_1_108' title="bbox 205 6017 508 6056">
    <p class='ocr_par' dir='ltr' id='par_1_108' title="bbox 205 6017 508 6056">
     <span class='ocr_line' id='line_1_108' title="bbox 205 6017 508 6056; baseline 0 0"><span class='ocrx_word' id='word_1_882' title='bbox 205 6021 236 6046; x_wconf 50' lang='lat' dir='ltr'><strong>‘m</strong></span> <span class='ocrx_word' id='word_1_883' title='bbox 257 6017 266 6022; x_wconf 61' lang='lat'><em>.</em></span> <span class='ocrx_word' id='word_1_884' title='bbox 363 6049 376 6056; x_wconf 70' lang='grc' dir='ltr'><strong><em>σ</em></strong></span> <span class='ocrx_word' id='word_1_885' title='bbox 503 6049 508 6056; x_wconf 64' lang='grc' dir='ltr'>δ</span> 
     </span>
    </p>
   </div>
   <div class='ocr_carea' id='block_1_109' title="bbox 141 6055 522 6080">
    <p class='ocr_par' dir='ltr' id='par_1_109' title="bbox 141 6055 522 6080">
     <span class='ocr_line' id='line_1_109' title="bbox 141 6055 522 6080; baseline 0.003 -1"><span class='ocrx_word' id='word_1_886' title='bbox 141 6063 146 6068; x_wconf 64' lang='grc' dir='ltr'><strong>ε</strong></span> <span class='ocrx_word' id='word_1_887' title='bbox 247 6055 394 6080; x_wconf 50' lang='grc' dir='ltr'><strong>,ηιξ</strong></span> <span class='ocrx_word' id='word_1_888' title='bbox 417 6059 436 6078; x_wconf 69' lang='grc' dir='ltr'><strong><em>ο</em></strong></span> <span class='ocrx_word' id='word_1_889' title='bbox 459 6065 462 6070; x_wconf 98' lang='grc'><strong>-</strong></span> 
     </span>
    </p>
   </div>
   <div class='ocr_carea' id='block_1_110' title="bbox 181 6059 582 6125">
    <p class='ocr_par' dir='ltr' id='par_1_110' title="bbox 181 6059 582 6125">
     <span class='ocr_line' id='line_1_110' title="bbox 325 6059 522 6080; baseline 0.01 -2"><span class='ocrx_word' id='word_1_890' title='bbox 325 6059 394 6078; x_wconf 82' lang='lat'><strong>~.:-</strong></span> <span class='ocrx_word' id='word_1_891' title='bbox 417 6059 462 6078; x_wconf 69' lang='grc' dir='ltr'><strong>ο·</strong></span> 
     </span>
     <span class='ocr_line' id='line_1_111' title="bbox 181 6059 582 6125; baseline 0 0"><span class='ocrx_word' id='word_1_892' title='bbox 181 6059 582 6125; x_wconf 53' lang='grc' dir='ltr'><strong>ἀεξιζ.-</strong></span> 
     </span>
    </p>
   </div>
   <div class='ocr_carea' id='block_1_111' title="bbox 2065 4667 3619 4743">
    <p class='ocr_par' dir='ltr' id='par_1_111' title="bbox 2065 4667 3619 4743">
     <span class='ocr_line' id='line_1_112' title="bbox 2065 4667 3619 4743; baseline 0.003 -25"><span class='ocrx_word' id='word_1_893' title='bbox 2065 4667 2260 4723; x_wconf 85' lang='lat' dir='ltr'><strong>verus?</strong></span> <span class='ocrx_word' id='word_1_894' title='bbox 2288 4667 2393 4722; x_wconf 86' lang='lat' dir='ltr'><strong>Sed</strong></span> <span class='ocrx_word' id='word_1_895' title='bbox 2422 4668 2509 4722; x_wconf 89' lang='lat' dir='ltr'><strong>illa</strong></span> <span class='ocrx_word' id='word_1_896' title='bbox 2536 4670 2722 4738; x_wconf 89' lang='lat' dir='ltr'><strong>utique</strong></span> <span class='ocrx_word' id='word_1_897' title='bbox 2745 4671 2920 4724; x_wconf 88' lang='lat' dir='ltr'><strong>omnia</strong></span> <span class='ocrx_word' id='word_1_898' title='bbox 2956 4685 3116 4738; x_wconf 88' lang='lat' dir='ltr'><strong>opera</strong></span> <span class='ocrx_word' id='word_1_899' title='bbox 3144 4673 3497 4742; x_wconf 79' lang='lat' dir='ltr'><strong>angeliearutn</strong></span> <span class='ocrx_word' id='word_1_900' title='bbox 3527 4688 3619 4743; x_wconf 73' lang='lat' dir='ltr'><strong>po-</strong></span> 
     </span>
    </p>
   </div>
   <div class='ocr_carea' id='block_1_112' title="bbox 2067 4755 3620 4832">
    <p class='ocr_par' dir='ltr' id='par_1_112' title="bbox 2067 4755 3620 4832">
     <span class='ocr_line' id='line_1_113' title="bbox 2067 4755 3620 4832; baseline 0.005 -24"><span class='ocrx_word' id='word_1_901' title='bbox 2067 4762 2338 4817; x_wconf 85' lang='lat' dir='ltr'><strong>testatum,</strong></span> <span class='ocrx_word' id='word_1_902' title='bbox 2386 4755 2468 4807; x_wconf 90' lang='lat' dir='ltr'><strong>vel</strong></span> <span class='ocrx_word' id='word_1_903' title='bbox 2492 4756 2729 4809; x_wconf 87' lang='lat' dir='ltr'><strong>omnium</strong></span> <span class='ocrx_word' id='word_1_904' title='bbox 2758 4769 3125 4812; x_wconf 88' lang='lat' dir='ltr'><strong>creaturarum</strong></span> <span class='ocrx_word' id='word_1_905' title='bbox 3171 4758 3308 4815; x_wconf 83' lang='lat' dir='ltr'><strong>facta</strong></span> <span class='ocrx_word' id='word_1_906' title='bbox 3360 4771 3483 4815; x_wconf 76' lang='lat' dir='ltr'><strong>sunt</strong></span> <span class='ocrx_word' id='word_1_907' title='bbox 3525 4774 3620 4832; x_wconf 79' lang='lat' dir='ltr'><strong>per</strong></span> 
     </span>
    </p>
   </div>
   <div class='ocr_carea' id='block_1_113' title="bbox 2062 4841 3615 4918">
    <p class='ocr_par' dir='ltr' id='par_1_113' title="bbox 2062 4841 3615 4918">
     <span class='ocr_line' id='line_1_114' title="bbox 2062 4841 3615 4918; baseline 0.005 -22"><span class='ocrx_word' id='word_1_908' title='bbox 2062 4841 2357 4913; x_wconf 85' lang='lat' dir='ltr'><strong>jussionem</strong></span> <span class='ocrx_word' id='word_1_909' title='bbox 2388 4842 2482 4896; x_wconf 91' lang='lat' dir='ltr'><strong>Dei</strong></span> <span class='ocrx_word' id='word_1_910' title='bbox 2514 4861 2525 4894; x_wconf 91' lang='lat'>:</span> <span class='ocrx_word' id='word_1_911' title='bbox 2550 4841 2800 4898; x_wconf 78' lang='lat' dir='ltr'><strong>nativitas</strong></span> <span class='ocrx_word' id='word_1_912' title='bbox 2823 4855 3000 4899; x_wconf 88' lang='lat' dir='ltr'><strong>autem</strong></span> <span class='ocrx_word' id='word_1_913' title='bbox 3028 4846 3120 4900; x_wconf 91' lang='lat' dir='ltr'><strong>Dei</strong></span> <span class='ocrx_word' id='word_1_914' title='bbox 3149 4847 3266 4902; x_wconf 84' lang='lat' dir='ltr'><strong>Filii</strong></span> <span class='ocrx_word' id='word_1_915' title='bbox 3289 4850 3615 4918; x_wconf 79' lang='lat' dir='ltr'><strong>agenda-non</strong></span> 
     </span>
    </p>
   </div>
   <div class='ocr_carea' id='block_1_114' title="bbox 2065 4934 3618 5005">
    <p class='ocr_par' dir='ltr' id='par_1_114' title="bbox 2065 4934 3618 5005">
     <span class='ocr_line' id='line_1_115' title="bbox 2065 4934 3618 5005; baseline 0.005 -18"><span class='ocrx_word' id='word_1_916' title='bbox 2065 4943 2200 4996; x_wconf 86' lang='lat' dir='ltr'><strong>erat,</strong></span> <span class='ocrx_word' id='word_1_917' title='bbox 2226 4934 2325 4986; x_wconf 85' lang='lat' dir='ltr'><strong>nisi</strong></span> <span class='ocrx_word' id='word_1_918' title='bbox 2355 4949 2448 5001; x_wconf 88' lang='lat' dir='ltr'><strong>per</strong></span> <span class='ocrx_word' id='word_1_919' title='bbox 2467 4934 2753 4987; x_wconf 89' lang='lat' dir='ltr'><strong>adventum</strong></span> <span class='ocrx_word' id='word_1_920' title='bbox 2800 4943 2855 4989; x_wconf 91' lang='lat' dir='ltr'><strong>et</strong></span> <span class='ocrx_word' id='word_1_921' title='bbox 2894 4940 3255 5005; x_wconf 83' lang='lat' dir='ltr'><strong>Operationem</strong></span> <span class='ocrx_word' id='word_1_922' title='bbox 3285 4947 3478 4994; x_wconf 78' lang='lat' dir='ltr'><strong>sancta:</strong></span> <span class='ocrx_word' id='word_1_923' title='bbox 3502 4939 3618 4994; x_wconf 83' lang='lat' dir='ltr'><strong>Tri-</strong></span> 
     </span>
    </p>
   </div>
   <div class='ocr_carea' id='block_1_115' title="bbox 2069 5025 3619 5093">
    <p class='ocr_par' dir='ltr' id='par_1_115' title="bbox 2069 5025 3619 5093">
     <span class='ocr_line' id='line_1_116' title="bbox 2069 5025 3619 5093; baseline -0.001 -14"><span class='ocrx_word' id='word_1_924' title='bbox 2069 5026 2252 5080; x_wconf 79' lang='lat' dir='ltr'><strong>nitatis</strong></span> <span class='ocrx_word' id='word_1_925' title='bbox 2283 5026 2440 5093; x_wconf 81' lang='lat' dir='ltr'><strong>:quia</strong></span> <span class='ocrx_word' id='word_1_926' title='bbox 2471 5033 2518 5077; x_wconf 88' lang='lat' dir='ltr'><strong>et</strong></span> <span class='ocrx_word' id='word_1_927' title='bbox 2542 5025 2747 5092; x_wconf 85' lang='lat' dir='ltr'><strong>concipi</strong></span> <span class='ocrx_word' id='word_1_928' title='bbox 2780 5026 2919 5080; x_wconf 91' lang='lat' dir='ltr'><strong>Deus</strong></span> <span class='ocrx_word' id='word_1_929' title='bbox 2943 5029 3008 5081; x_wconf 84' lang='lat' dir='ltr'><strong>ab</strong></span> <span class='ocrx_word' id='word_1_930' title='bbox 3038 5030 3271 5091; x_wconf 88' lang='lat' dir='ltr'><strong>homine,</strong></span> <span class='ocrx_word' id='word_1_931' title='bbox 3305 5027 3403 5080; x_wconf 89' lang='lat' dir='ltr'><strong>nisi</strong></span> <span class='ocrx_word' id='word_1_932' title='bbox 3435 5043 3492 5082; x_wconf 88' lang='lat' dir='ltr'><strong>se</strong></span> <span class='ocrx_word' id='word_1_933' title='bbox 3522 5032 3619 5083; x_wconf 81' lang='lat' dir='ltr'><strong>do-</strong></span> 
     </span>
    </p>
   </div>
   <div class='ocr_carea' id='block_1_116' title="bbox 2068 5108 3647 5186">
    <p class='ocr_par' dir='ltr' id='par_1_116' title="bbox 2068 5108 3647 5186">
     <span class='ocr_line' id='line_1_117' title="bbox 2068 5108 3647 5186; baseline 0.001 -13"><span class='ocrx_word' id='word_1_934' title='bbox 2068 5127 2254 5178; x_wconf 81' lang='lat' dir='ltr'><strong>name;</strong></span> <span class='ocrx_word' id='word_1_935' title='bbox 2287 5126 2341 5171; x_wconf 89' lang='lat' dir='ltr'><strong>et</strong></span> <span class='ocrx_word' id='word_1_936' title='bbox 2367 5115 2537 5181; x_wconf 84' lang='lat' dir='ltr'><strong>nasci,</strong></span> <span class='ocrx_word' id='word_1_937' title='bbox 2587 5119 2686 5171; x_wconf 89' lang='lat' dir='ltr'><strong>nisi</strong></span> <span class='ocrx_word' id='word_1_938' title='bbox 2730 5134 2786 5173; x_wconf 88' lang='lat' dir='ltr'><strong>se</strong></span> <span class='ocrx_word' id='word_1_939' title='bbox 2842 5119 3107 5181; x_wconf 84' lang='lat' dir='ltr'><strong>illabente,</strong></span> <span class='ocrx_word' id='word_1_940' title='bbox 3159 5133 3262 5172; x_wconf 88' lang='lat' dir='ltr'><strong>non</strong></span> <span class='ocrx_word' id='word_1_941' title='bbox 3293 5127 3517 5186; x_wconf 86' lang='lat' dir='ltr'><strong>poterat.</strong></span> <span class='ocrx_word' id='word_1_942' title='bbox 3558 5108 3647 5174; x_wconf 52' lang='lat' dir='ltr'><strong>lit~</strong></span> 
     </span>
    </p>
   </div>
   <div class='ocr_carea' id='block_1_117' title="bbox 2069 5205 3623 5276">
    <p class='ocr_par' dir='ltr' id='par_1_117' title="bbox 2069 5205 3623 5276">
     <span class='ocr_line' id='line_1_118' title="bbox 2069 5205 3623 5276; baseline 0 -15"><span class='ocrx_word' id='word_1_943' title='bbox 2069 5207 2188 5261; x_wconf 83' lang='lat' dir='ltr'><strong>ideo</strong></span> <span class='ocrx_word' id='word_1_944' title='bbox 2210 5205 2558 5276; x_wconf 87' lang='lat' dir='ltr'><strong>archangelus</strong></span> <span class='ocrx_word' id='word_1_945' title='bbox 2584 5217 3020 5276; x_wconf 77' lang='lat' dir='ltr'><strong>superventuram</strong></span> <span class='ocrx_word' id='word_1_946' title='bbox 3060 5207 3261 5276; x_wconf 76' lang='lat' dir='ltr'><strong>Virgini</strong></span> <span class='ocrx_word' id='word_1_947' title='bbox 3291 5208 3546 5276; x_wconf 67' lang='lat' dir='ltr'><strong>majestate</strong></span> <span class='ocrx_word' id='word_1_948' title='bbox 3573 5226 3623 5262; x_wconf 86' lang='lat' dir='ltr'><strong>m</strong></span> 
     </span>
    </p>
   </div>
   <div class='ocr_carea' id='block_1_118' title="bbox 2073 5296 3613 5366">
    <p class='ocr_par' dir='ltr' id='par_1_118' title="bbox 2073 5296 3613 5366">
     <span class='ocr_line' id='line_1_119' title="bbox 2073 5296 3613 5366; baseline 0 -16"><span class='ocrx_word' id='word_1_949' title='bbox 2073 5311 2280 5350; x_wconf 86' lang='lat' dir='ltr'><strong>sacram</strong></span> <span class='ocrx_word' id='word_1_950' title='bbox 2308 5297 2573 5352; x_wconf 84' lang='lat' dir='ltr'><strong>indicabat</strong></span> <span class='ocrx_word' id='word_1_951' title='bbox 2596 5312 2609 5350; x_wconf 88' lang='lat'><strong>:</strong></span> <span class='ocrx_word' id='word_1_952' title='bbox 2633 5298 2874 5353; x_wconf 83' lang='lat' dir='ltr'><strong>videlicet</strong></span> <span class='ocrx_word' id='word_1_953' title='bbox 2894 5307 2952 5348; x_wconf 88' lang='lat' dir='ltr'><strong>ut</strong></span> <span class='ocrx_word' id='word_1_954' title='bbox 2978 5296 3097 5363; x_wconf 88' lang='lat' dir='ltr'><strong>quia</strong></span> <span class='ocrx_word' id='word_1_955' title='bbox 3139 5297 3220 5365; x_wconf 85' lang='lat' dir='ltr'><strong>agi</strong></span> <span class='ocrx_word' id='word_1_956' title='bbox 3249 5303 3392 5350; x_wconf 84' lang='lat' dir='ltr'><strong>tanta</strong></span> <span class='ocrx_word' id='word_1_957' title='bbox 3425 5314 3506 5351; x_wconf 83' lang='lat' dir='ltr'><strong>res</strong></span> <span class='ocrx_word' id='word_1_958' title='bbox 3532 5314 3613 5366; x_wconf 82' lang='lat' dir='ltr'><strong>pet</strong></span> 
     </span>
    </p>
   </div>
   <div class='ocr_carea' id='block_1_119' title="bbox 2075 5385 3619 5455">
    <p class='ocr_par' dir='ltr' id='par_1_119' title="bbox 2075 5385 3619 5455">
     <span class='ocr_line' id='line_1_120' title="bbox 2075 5385 3619 5455; baseline -0.003 -14"><span class='ocrx_word' id='word_1_959' title='bbox 2075 5389 2363 5444; x_wconf 83' lang='lat' dir='ltr'><strong>humanum</strong></span> <span class='ocrx_word' id='word_1_960' title='bbox 2406 5387 2642 5442; x_wconf 75' lang='lat' dir='ltr'><strong>officium</strong></span> <span class='ocrx_word' id='word_1_961' title='bbox 2689 5403 2791 5439; x_wconf 91' lang='lat' dir='ltr'><strong>non</strong></span> <span class='ocrx_word' id='word_1_962' title='bbox 2840 5385 3075 5447; x_wconf 87' lang='lat' dir='ltr'><strong>vale!:at,</strong></span> <span class='ocrx_word' id='word_1_963' title='bbox 3118 5388 3281 5455; x_wconf 80' lang='lat' dir='ltr'><strong>ipsius</strong></span> <span class='ocrx_word' id='word_1_964' title='bbox 3320 5388 3619 5440; x_wconf 72' lang='lat' dir='ltr'><strong>adfuturam</strong></span> 
     </span>
    </p>
   </div>
   <div class='ocr_carea' id='block_1_120' title="bbox 2073 5472 3620 5543">
    <p class='ocr_par' dir='ltr' id='par_1_120' title="bbox 2073 5472 3620 5543">
     <span class='ocr_line' id='line_1_121' title="bbox 2073 5472 3620 5543; baseline -0.003 -14"><span class='ocrx_word' id='word_1_965' title='bbox 2073 5479 2276 5530; x_wconf 85' lang='lat' dir='ltr'><strong>diceret</strong></span> <span class='ocrx_word' id='word_1_966' title='bbox 2303 5479 2628 5542; x_wconf 77' lang='lat' dir='ltr'><strong>majestatem</strong></span> <span class='ocrx_word' id='word_1_967' title='bbox 2675 5475 2726 5528; x_wconf 89' lang='lat' dir='ltr'><strong>in</strong></span> <span class='ocrx_word' id='word_1_968' title='bbox 2757 5479 3036 5540; x_wconf 82' lang='lat' dir='ltr'><strong>conceptu.</strong></span> <span class='ocrx_word' id='word_1_969' title='bbox 3075 5475 3167 5543; x_wconf 92' lang='lat' dir='ltr'><strong>qui</strong></span> <span class='ocrx_word' id='word_1_970' title='bbox 3191 5481 3308 5527; x_wconf 85' lang='lat' dir='ltr'><strong>erat</strong></span> <span class='ocrx_word' id='word_1_971' title='bbox 3336 5472 3541 5524; x_wconf 80' lang='lat' dir='ltr'><strong>futurus</strong></span> <span class='ocrx_word' id='word_1_972' title='bbox 3568 5473 3620 5525; x_wconf 72' lang='lat' dir='ltr'><strong>ia</strong></span> 
     </span>
    </p>
   </div>
   <div class='ocr_carea' id='block_1_121' title="bbox 2071 5560 3620 5635">
    <p class='ocr_par' dir='ltr' id='par_1_121' title="bbox 2071 5560 3620 5635">
     <span class='ocr_line' id='line_1_122' title="bbox 2071 5560 3620 5635; baseline -0.003 -17"><span class='ocrx_word' id='word_1_973' title='bbox 2071 5575 2243 5635; x_wconf 83' lang='lat' dir='ltr'><strong>partu.</strong></span> <span class='ocrx_word' id='word_1_974' title='bbox 2270 5566 2335 5618; x_wconf 79' lang='lat' dir='ltr'><strong>Et</strong></span> <span class='ocrx_word' id='word_1_975' title='bbox 2354 5566 2474 5634; x_wconf 83' lang='lat' dir='ltr'><strong>quia</strong></span> <span class='ocrx_word' id='word_1_976' title='bbox 2507 5563 2645 5619; x_wconf 86' lang='lat' dir='ltr'><strong>Deus</strong></span> <span class='ocrx_word' id='word_1_977' title='bbox 2669 5563 2976 5630; x_wconf 87' lang='lat' dir='ltr'><strong>supervenit</strong></span> <span class='ocrx_word' id='word_1_978' title='bbox 3009 5563 3062 5614; x_wconf 91' lang='lat' dir='ltr'><strong>in</strong></span> <span class='ocrx_word' id='word_1_979' title='bbox 3110 5560 3469 5628; x_wconf 77' lang='lat' dir='ltr'><strong>conceptione,</strong></span> <span class='ocrx_word' id='word_1_980' title='bbox 3503 5560 3620 5614; x_wconf 81' lang='lat' dir='ltr'><strong>ideo</strong></span> 
     </span>
    </p>
   </div>
   <div class='ocr_carea' id='block_1_122' title="bbox 2070 5693 3616 5776">
    <p class='ocr_par' dir='ltr' id='par_1_122' title="bbox 2070 5693 3616 5776">
     <span class='ocr_line' id='line_1_123' title="bbox 2070 5693 3616 5776; baseline -0.003 -28"><span class='ocrx_word' id='word_1_981' title='bbox 2070 5697 2291 5776; x_wconf 74' lang='lat' dir='ltr'><strong>eruditis</strong></span> <span class='ocrx_word' id='word_1_982' title='bbox 2313 5707 2508 5751; x_wconf 76' lang='lat' dir='ltr'><strong>nostrae</strong></span> <span class='ocrx_word' id='word_1_983' title='bbox 2538 5695 2711 5749; x_wconf 81' lang='lat' dir='ltr'><strong>:etatis</strong></span> <span class='ocrx_word' id='word_1_984' title='bbox 2728 5693 2864 5747; x_wconf 89' lang='lat' dir='ltr'><strong>inter</strong></span> <span class='ocrx_word' id='word_1_985' title='bbox 2886 5693 3152 5761; x_wconf 78' lang='lat' dir='ltr'><strong>supposita</strong></span> <span class='ocrx_word' id='word_1_986' title='bbox 3178 5693 3345 5747; x_wconf 76' lang='lat' dir='ltr'><strong>eidem</strong></span> <span class='ocrx_word' id='word_1_987' title='bbox 3371 5695 3616 5762; x_wconf 69' lang='lat' dir='ltr'><strong>opuscula</strong></span> 
     </span>
    </p>
   </div>
   <div class='ocr_carea' id='block_1_123' title="bbox 2074 5776 2329 5834">
    <p class='ocr_par' dir='ltr' id='par_1_123' title="bbox 2074 5776 2329 5834">
     <span class='ocr_line' id='line_1_124' title="bbox 2074 5776 2329 5834; baseline -0.008 -16"><span class='ocrx_word' id='word_1_988' title='bbox 2074 5783 2146 5834; x_wconf 62' lang='lat' dir='ltr'><strong>rt“)</strong></span> <span class='ocrx_word' id='word_1_989' title='bbox 2158 5776 2329 5817; x_wconf 73' lang='lat' dir='ltr'><strong>tt‘tlttt‘.</strong></span> 
     </span>
    </p>
   </div>
  </div>
