4228 6238
649 298 671 350 1
684 297 747 351 i3

1473 296 1539 354 ts.
1571 296 1633 351 r.
1675 291 1893 348 suum
1933 293 2063 348 seu
2102 288 2376 345 ALCUlNl
2411 270 2904 348 orsnuu'rsns
2942 291 3025 346 Ill.

3751 289 3852 344 ιιι

652 409 858 462 futurus
902 414 1015 459 erat
1044 405 1185 459 Deus
1224 406 1274 457 in
1297 369 1682 472 .parturitione.
1716 403 1784 457 Et
1805 402 1932 470 quid
1970 401 2036 455 de
2062 399 2193 463 Deo,
2223 398 2270 456 A
2299 412 2491 466 corpus
2535 399 2744 454 Domini
2792 398 3023 453 Thomas
3064 396 3332 467 apostolus
3384 397 3671 466 contigisse
3694 437 3708 460 ,
3758 412 3871 452 nec.

650 498 751 552 nisi
778 497 916 551 Deus
945 495 1090 549 nasci
1116 494 1319 563 potuit?
1347 492 1574 562 Spiritus
1620 501 1695 545 est
1740 490 1879 544 Deus
1908 489 2085 560 (Joan.
2121 503 2192 552 IV,

650 585 764 658 24),
795 583 1146 654 utApostolus
1171 585 1273 647 ait;
1301 583 1369 638 de
1394 597 1500 651 quo
1540 581 1748 650 spiritu,
1797 581 1932 634 utin
1958 579 2196 649 symbolo

653 675 992 738 cautitamus,
1021 687 1086 727 ex
1113 671 1278 726 Maria
1315 671 1522 738 virgine
1569 677 1724 724 natus
1766 677 1851 724 est
1887 668 2053 734 Filius
2075 667 2195 721 Dei.

650 764 866 821 Addidit
884 777 1094 832 quoque
1117 760 1377 831 qureremi
1401 758 1602 828 Virgini
1634 756 2020 828 archangelus:
2049 754 2201 808 Ideo-

651 869 750 925 que
769 852 907 925 quod
932 868 996 905 ea:
1020 860 1068 904 te
1093 858 1332 905 nascetur
1357 858 1611 913 sanctum,
1632 846 1894 901 vocabitur
1914 844 2084 899 Filius
2105 843 2201 897 Dei

655 940 808 1013 (Luc.
837 956 878 1008 ι,
905 939 1015 1012 35).
1040 939 1150 993 Hoc
1176 947 1257 992 est
1280 937 1489 992 dicere:
1520 951 1625 990 non
1653 935 1864 1005 ignores
1885 934 2026 988 hunc
2044 940 2203 986 tantas

656 1033 734 1088 rei
761 1040 1088 1103 apparatum,
1115 1037 1219 1085 hoc
1240 1030 1373 1083 tanti
1388 1027 1626 1098 mysterii
1647 1032 2033 1081 sacramentum
2055 1041 2067 1074 :
2086 1021 2204 1075 ideo

655 1122 710 1175 in
739 1129 790 1176 te
808 1121 984 1174 veniet
1004 1117 1256 1187 maiestas
1274 1117 1390 1181 Dei,
1420 1116 1543 1185 quia
1568 1128 1635 1169 ex
1679 1121 1731 1168 te
1766 1120 2015 1167 nascetur
2040 1111 2206 1165 Filius

661 1208 773 1264 Dei.
805 1208 942 1275 Quid
981 1209 1070 1262 hic
1113 1207 1254 1261 ultra
1304 1204 1500 1273 ambigi
1557 1209 1650 1256 aut
1697 1202 1822 1271 quid
1847 1200 2075 1268 amplius
2101 1198 2208 1252 dici

658 1300 864 1369 potest?
891 1299 1055 1353 Deum
1078 1298 1212 1352 dixit
1247 1303 1706 1364 superventurum,
1741 1292 1838 1345 Dei
1874 1291 2069 1345 Filium
2113 1302 2210 1340 na-

662 1390 936 1443 sciturum.
989 1387 1066 1440 Tu
1113 1400 1289 1454 quaere
1316 1399 1475 1448 nunc,
1503 1384 1548 1437 si
1587 1383 1778 1452 placet,
1817 1380 2080 1451 quomodo
2118 1386 2209 1432 aut

665 1477 756 1532 Dei
791 1476 956 1530 Filius
994 1475 1095 1528 sit?
1121 1474 1384 1542 quomodo
1404 1479 1496 1525 aut
1524 1471 1616 1525 Dei
1645 1470 1810 1525 Filius
1835 1485 1940 1523 non
1984 1470 2072 1534 sit,
2119 1469 2208 1537 qui

664 1572 818 1619 natus
870 1563 983 1618 est?
1026 1563 1110 1616 vel
1163 1562 1208 1628 si
1257 1561 1354 1615 Dei
1409 1561 1574 1614 Filius
1613 1561 1713 1626 sit,
1759 1559 2211 1633 quomodo/Deus

665 1669 768 1708 non
807 1654 915 1707 sit?

2298 486 2569 542 Christum
2596 489 2874 542 Dominum
2905 489 3070 542 Deum
3094 488 3310 546 dixisse
3335 486 3537 557 legeret
3559 487 3755 558 [Cass.,
3781 487 3859 541 le-

2297 575 2554 646 geretur].
2606 576 2710 632 Sed
2746 577 3014 631 immutari
3045 576 3185 644 quod
3214 577 3268 630 in
3293 576 3580 646 Evangelio
3606 576 3700 630 Dei
3724 576 3858 630 scri-

2297 676 2445 735 ptum
2472 675 2573 732 est,
2621 682 2954 736 nequaquam
3005 675 3198 736 potest,
3237 665 3432 720 Caium
3469 667 3605 720 enim
3646 675 3694 720 et
3721 676 3861 721 terra

2299 756 2623 822 transibunt,
2665 757 2815 810 verba
2849 771 2964 808 vero
2994 755 3090 808 Dei
3119 772 3222 808 non
3260 755 3590 824 praeteribunt
3640 754 3858 826 (Matth.

2301 860 2446 909 sxw,
2472 845 2584 914 55).
2631 844 2767 899 Ecce
2797 845 2939 898 enim
2986 845 3146 898 etiam
3175 859 3316 898 nunc
3341 844 3436 898 tibi
3463 843 3569 908 ille,
3613 845 3706 911 qui
3737 852 3862 897 tunc

2301 941 2526 986 testatus
2555 939 2637 986 est
2661 933 2892 987 Thomas
2916 933 3201 1002 apostolus,
3234 932 3428 986 clamat
3452 949 3464 984 :
3507 931 3648 985 Deus
3671 939 3755 985 est
3775 930 3862 1001 Je-

2303 1038 2394 1077 sus
2417 1037 2576 1091 quem
2605 1021 2772 1089 tetigi,
2819 1021 2958 1076 Deus
2997 1022 3148 1091 cujus
3192 1021 3432 1074 membra
3471 1020 3705 1089 palpavi,
3755 1033 3862 1072 non

2303 1124 2403 1179 ego
2447 1109 2801 1179 incorporalia
2860 1111 3046 1173 tenui,
3105 1124 3205 1164 nec
3260 1108 3615 1164 intractabilia
3666 1107 3864 1161 tentavi

2307 1198 2498 1270 [Cass.,
2531 1197 2797 1270 tractavi].
2843 1197 2956 1253 Non
2985 1197 3242 1266 Spiritum
3268 1213 3428 1252 manu
3456 1197 3678 1267 conligi,
3708 1204 3768 1250 ut
3795 1196 3863 1258 de

2305 1301 2369 1340 eo
2398 1294 2600 1340 tantum
2630 1288 2818 1341 credar
2859 1288 3077 1352 dixisse,
3123 1284 3262 1342 Deus
3287 1295 3389 1344 est.
3437 1286 3669 1356 Spiritus
3709 1285 3863 1353 juxta

2310 1376 2514 1431 Domini
2543 1379 2646 1432 mei
2685 1378 2905 1442 dictum,
2941 1395 3145 1431 carnem
3183 1388 3229 1431 et
3254 1394 3370 1431 ossa
3399 1394 3501 1430 non
3529 1377 3678 1429 habet
3712 1375 3861 1445 (Luc.

2308 1482 2453 1532 uiv,
2484 1467 2596 1538 59).
2643 1467 2752 1536 Ego
2777 1482 2971 1536 corpus
3006 1468 3217 1521 Domini
3252 1468 3356 1520 mei
3385 1467 3573 1535 tetigi:
3606 1481 3704 1536 ego
3746 1482 3865 1520 car-

2310 1572 2431 1612 nem
2467 1564 2520 1611 et
2546 1572 2666 1612 ossa
2695 1557 2903 1627 palpavi
2929 1576 2940 1610 :
2968 1572 3066 1626 ego
3094 1557 3287 1627 digitos
3313 1571 3459 1611 meos
3481 1556 3534 1609 in
3556 1556 3730 1609 locum
3761 1555 3869 1607 vul-

2310 1662 2498 1701 nerum
2522 1647 2662 1710 misi,
2705 1657 2762 1701 et
2784 1648 2849 1702 de
2884 1645 3096 1702 Christo
3122 1646 3345 1701 Domino
3373 1660 3514 1710 meo,
3558 1660 3718 1714 quem
3756 1645 3870 1714 pal-

731 1742 906 1797 XVlIl.
932 1741 988 1797 Si
1027 1756 1155 1797 vero
1179 1756 1279 1796 nec
1306 1740 1746 1810 archangelorum
1775 1740 1949 1794 credis
1975 1740 2212 1793 testimo-
2240 1721 2287 1781 Β
2310 1750 2581 1803 paveram,
2600 1737 2923 1804 proclamavi
2949 1756 2963 1802 ;
3010 1737 3261 1790 Dominus
3291 1753 3434 1790 meus
3460 1747 3507 1790 et
3537 1735 3675 1790 Deus
3701 1753 3868 1793 meus.

662 1834 776 1896 nio,
822 1833 977 1886 crede
1012 1831 1198 1885 saltem
1243 1831 1407 1898 ipsius
1451 1830 1544 1882 Dei
1587 1829 1782 1892 Patris,
1827 1827 1915 1895 qui
1957 1829 2068 1892 ait,
2123 1827 2212 1880 ubi

663 1921 1089 1990 transﬁguratus
1115 1928 1196 1973 est
1240 1918 1484 1973 Christus
1521 1918 1572 1970 in
1615 1925 1792 1972 monte
1827 1926 2030 1982 sancto,
2081 1918 2217 1972 sicut

664 2010 1043 2082 praediximus:
1092 2007 1190 2062 Hic
1213 2019 1286 2062 est
1313 2008 1482 2062 Filius
1514 2024 1676 2074 meus,
1719 2011 1774 2061 in
1793 2025 1893 2078 quo
1929 2009 2055 2060 mihi
2097 2007 2218 2061 bene

666 2100 970 2170 complacui,
1017 2100 1182 2170 ipsum
1220 2099 1394 2152 audite
1435 2097 1644 2167 (Matth.
1675 2114 1757 2161 ιιι,
1789 2097 1896 2167 17).
1944 2095 2112 2162 Quam
2140 2097 2219 2149 vi-

670 2191 871 2244 sionem
899 2191 1150 2260 praecepit
1175 2188 1433 2259 apostolis
1453 2196 1650 2252 tacere,
1672 2190 1841 2244 donec
1866 2187 2030 2242 Filius
2052 2186 2220 2241 homi~

671 2280 754 2334 uis
777 2294 806 2332 a
835 2280 1056 2333 mortuis
1083 2286 1414 2348 resurgeret;
1463 2293 1531 2332 ne
1555 2278 1680 2332 dum
1707 2277 1872 2347 gloria
1897 2277 2217 2346 praedicare-

674 2378 762 2422 tur
788 2369 1097 2439 majestatis,
1150 2369 1324 2423 crucis
1363 2368 1672 2437 mysterium
1705 2368 2063 2437 impediretur.
2114 2366 2222 2421 Cur

672 2459 834 2524 enim,
867 2459 911 2514 si
937 2459 1002 2512 de
1044 2458 1218 2512 divina
1245 2467 1434 2511 natura
1461 2458 1552 2512 Dei
1581 2457 1700 2511 Filii
1729 2457 1951 2512 dixisset
1976 2475 1987 2510 :
2031 2458 2115 2510 hic
2148 2466 2222 2510 est

676 2548 722 2601 F
726 2549 845 2603 ilius
869 2565 1010 2602 meus
1040 2547 1275 2612 dilectus,
1323 2548 1487 2602 taceri
1534 2547 1860 2617 praecipitur,
1901 2547 2026 2600 dum
2067 2545 2223 2599 toties

676 2637 918 2692 Christus
957 2653 1014 2692 se
1046 2638 1278 2692 ostendit
1312 2636 1487 2706 palam
1509 2676 1524 2700 ,
1567 2643 1624 2688 et
1656 2633 1961 2703 praedicavit
1988 2633 2080 2686 Dei
2107 2647 2224 2687 esse

673 2722 889 2791 Filium,
936 2725 1099 2780 veluti
1133 2727 1224 2780 ubi
1265 2725 1374 2778 ait:
1419 2724 1531 2794 Ego
1573 2733 1620 2777 et
1648 2721 1808 2777 Pater
1841 2739 2000 2775 unum
2046 2739 2223 2775 sumus

681 2815 855 2886 (Joan.
894 2832 950 2882 ι,
982 2815 1092 2886 50).
1138 2817 1306 2872 Item:
1341 2815 1442 2880 Qui
1471 2815 1602 2868 videt
1621 2808 1726 2878 me,
1772 2815 1906 2868 videt
1931 2823 1976 2867 et
2015 2813 2225 2866 Patrem

681 2912 855 2979 (Joan.
887 2924 996 2972 xrv,
1018 2909 1091 2977 9).
1122 2909 1251 2962 Item
1276 2925 1288 2959 :
1331 2906 1516 2960 Omnia
1546 2923 1660 2977 quae
1693 2907 1852 2960 Pater
1875 2907 2019 2975 facit,
2045 2908 2154 2960 hare
2178 2916 2223 2959 et

681 2998 851 3052 Filius
879 2997 1116 3050 similiter
1140 2997 1266 3066 facit
1308 2995 1485 3066 (Joan.
1515 3013 1565 3060 v,
1600 2997 1727 3066 I9):
1775 3004 1830 3050 et
1871 2996 2035 3049 multa
2075 2997 2220 3061 talia,

683 3094 770 3147 ubi
800 3107 856 3147 se
896 3093 950 3144 in
975 3088 1154 3142 divina
1183 3086 1477 3142 substantia
1522 3085 1737 3140 omnino
1776 3085 1923 3139 Patri
1950 3086 2223 3155 aequalem,

684 3189 738 3234 et
762 3180 934 3232 Patris
975 3193 1093 3232 esse
1127 3176 1320 3230 Filium
1344 3190 1448 3229 non
1493 3176 1674 3230 tacuit.
1723 3175 1826 3230 Sed
1870 3177 1983 3230 hac
2010 3192 2110 3230 vos
2136 3193 2228 3245 pa-

689 3277 838 3320 terna
865 3266 930 3319 ad
956 3265 1056 3319 hoc
1081 3265 1134 3317 in
1155 3265 1419 3333 baptismo
1440 3278 1598 3333 super
1617 3264 1807 3318 Filium
1833 3265 2065 3338 hominis.
2088 3265 2228 3319 facta

689 3367 788 3420 est,
833 3365 893 3409 ut
915 3363 1290 3426 agnosceretur
1313 3365 1367 3408 et
1410 3354 1719 3408 crederetur
1741 3351 1899 3408 verus
1925 3367 2042 3408 esse
2066 3354 2232 3408 Filius

690 3444 784 3498 Dei
812 3445 988 3509 homo,
1033 3443 1138 3512 qui.
1152 3458 1216 3497 ex
1249 3442 1544 3496 substantia
1567 3441 1736 3495 beatae
1765 3442 1995 3512 Virginis
2020 3450 2233 3496 creatus

694 3542 793 3589 est.
1605 3542 1609 3546 ’

765 3623 901 3679 XIX.
935 3622 1040 3680 Sed
1063 3624 1199 3680 forte
1220 3639 1351 3678 meae
1378 3623 1650 3692 parvitatis
1675 3640 1858 3679 sensus
1878 3625 1973 3681 tibi
1999 3642 2101 3680 non
2126 3627 2227 3682 sub

697 3716 825 3779 ﬁcit,
853 3723 911 3769 ut
939 3717 1003 3770 de
1033 3713 1273 3778 Christo,
1323 3713 1508 3784 quide
1545 3713 1759 3781 Virgine
1797 3724 1952 3768 natus
1974 3724 2075 3780 est,
2123 3718 2236 3770 haec

698 3805 994 3860 testimonia
1027 3803 1202 3857 Patris
1230 3802 1434 3871 prolata
1461 3802 1583 3855 sint.
1632 3803 1767 3856 Audi
1794 3804 1952 3857 etiam
1977 3805 2237 3872 quomodo

699 3893 884 3949 Patres
910 3892 1076 3944 nostri
1105 3891 1204 3942 viri
1248 3905 1374 3944 vere
1411 3891 1656 3946 catholici
1684 3895 2066 3962 responderunt
2091 3905 2238 3949 ante.

699 3981 999 4035 oessoribus
1040 3979 1160 4040 tuis,
1206 3978 1295 4047 qui
1324 3977 1592 4033 Christum
1627 3991 1725 4034 nec
1753 3983 1844 4036 Dei
1885 3983 2095 4049 Filium,
2142 4001 2240 4039 nec
2297 4005 2313 4022 ~-

704 4073 867 4126 Dcum
890 4085 1072 4123 verum
1100 4068 1378 4123 voluerunt
1399 4070 1635 4136 credere,
1681 4079 1739 4125 ut
1760 4074 1942 4127 eadem
1965 4075 2122 4128 verba
2148 4091 2241 4144 po-

703 4176 905 4223 namus,
949 4160 1249 4229 800quae
1289 4158 1533 4228 leguntur
1573 4162 1625 4214 in
1648 4161 1784 4215 libro
1821 4163 1962 4218 beati
2003 4163 2239 4220 Cassiani

706 4250 841 4318 (Lib.
873 4265 932 4302 ιιι
955 4249 1017 4300 de
1045 4246 1335 4310 Incarnat.,
1363 4261 1478 4315 cap.
1505 4246 1570 4300 15
1598 4256 1650 4301 ει
1677 4248 1762 4317 16)
1791 4264 1805 4302 :
1835 4251 1915 4303 vel
1941 4252 2018 4306 sic
2042 4253 2239 4319 divino,

709 4337 914 4410 inquit,
951 4335 1136 4390 credas
1179 4336 1480 4390 testimonio
1506 4351 1536 4388 a
1566 4336 1728 4406 signis
1771 4339 2086 4404 cwlestibus,

707 4444 862 4499 super
909 4429 1222 4497 baptismum

708 4525 865 4575 verba
895 4520 1013 4574 ﬁdei
1043 4520 1329 4574 catholicae.
1367 4539 1383 4570 ι
1420 4521 1554 4588 Quid
1579 4537 1701 4591 ergo
1725 4526 1991 4593 apostolus
2013 4529 2243 4584 Thomas

708 4612 896 4679 tetigit,
938 4625 1057 4664 cum
1082 4611 1146 4664 ad
1173 4610 1487 4680 palpandum
1514 4597 1677 4665 Deum
1707 4615 2057 4670 accessisset?
2093 4617 2245 4671 Chri-

710 4708 846 4752 stum
887 4697 1067 4765 utique
1091 4699 1290 4766 absque
1314 4699 1508 4763 dubio;
1539 4701 1664 4768 quid
1691 4709 1867 4754 autem
1891 4702 2247 4759 exclamavit?

714 4791 980 4853 Dominus,
1012 4787 1211 4854 inquit,
1241 4805 1383 4850 meus
1404 4800 1451 4841 et
1479 4788 1618 4842 Deus
1653 4807 1793 4844 meus
1820 4791 1995 4860 (Joan.
2022 4809 2108 4856 xx,
2136 4794 2245 4866 28).

714 4877 861 4929 Nunc
886 4878 929 4931 si
955 4883 1125 4945 potes,
1152 4881 1205 4929 et
1231 4873 1495 4928 Christum
1525 4893 1554 4929 a
1581 4878 1688 4933 Deo
1709 4895 1918 4948 separa,
1948 4890 2002 4934 et
2030 4883 2249 4938 immuta

715 4966 910 5018 dictum
939 4965 1059 5028 hoc,
1101 4965 1146 5017 si
1169 4963 1349 5018 vales:
1378 4962 1445 5017 da
1472 4964 1798 5022 dialecticam
1825 4969 2248 5038 disputationem,

718 5055 782 5106 da
801 5055 1128 5122 prudentiam
1158 5055 1498 5120 mundialem,
1539 5065 1593 5111 et
1617 5060 1832 5114 stultam
1862 5061 2003 5118 illam
2032 5068 2253 5120 verbosa

719 5141 999 5197 calliditate
1022 5146 1330 5212 sapientiam
1354 5161 1367 5199 :
1397 5152 1544 5199 verte
1569 5156 1752 5202 omnes
1777 5157 1880 5204 tete
1907 5152 1959 5204 in
1984 5150 2166 5219 facies,
2201 5164 2256 5209 et

721 5231 1005 5294 contrahe,
1056 5232 1310 5301 quidquid
1352 5235 1462 5289 sive
1507 5236 1715 5301 animis,
1763 5239 1874 5292 sive
1918 5250 2031 5297 arte
2072 5245 2253 5308 vales;

722 5319 976 5389 quidlibet
1001 5321 1166 5384 dicas,
1197 5321 1447 5389 quidlibet
1476 5324 1656 5391 facias,
1686 5329 1830 5382 exire
1857 5330 1981 5386 hinc
2001 5350 2258 5404 nusquam

723 5410 888 5477 vales,
925 5411 1026 5466 nisi
1050 5412 1172 5477 hoc,
1206 5411 1345 5481 quod
1393 5417 1658 5480 apostolus
1690 5421 1878 5488 tetigit,
1909 5422 2072 5479 Deum
2097 5425 2262 5480 fatea-

725 5500 818 5552 ris.
859 5499 924 5554 Et
951 5502 1183 5568 quidem,
1212 5503 1256 5558 si
1300 5519 1403 5571 quo
1432 5506 1585 5559 modo
1627 5511 1817 5576 possis,
1859 5514 2132 5569 immutare
2157 5515 2264 5570 for-

725 5602 822 5646 san
854 5590 1082 5646 historire
1109 5596 1420 5665 evangelica:
1447 5599 1866 5666 praedicationem
1891 5605 2036 5669 velis,
2073 5617 2132 5661 ut
2169 5625 2265 5665 nec

2312 1826 2428 1881 Non
2452 1827 2594 1881 enim
2624 1828 2746 1882 novi
2784 1828 2924 1882 inter
2953 1826 3226 1882 Christum
3272 1837 3328 1880 et
3368 1829 3534 1881 Deum
3579 1827 3754 1882 facere
3791 1825 3872 1880 di-

2314 1919 2583 1984 stantiam,
2628 1919 2860 1973 inserere
2901 1920 3187 1990 sacrilegas
3211 1919 3489 1986 opiniones
3514 1919 3655 1973 inter
3688 1917 3870 1973 Iesum

2313 2014 2368 2061 et
2395 2005 2560 2060 Deum
2606 2006 2743 2069 nolo,
2795 2007 3056 2062 devellere
3095 2023 3124 2060 a
3149 2008 3326 2076 seipso
3365 2005 3650 2061 Dominum
3694 2021 3871 2061 meum

2317 2094 2513 2147 nescio.
2551 2093 2658 2148 Fac
2684 2109 2803 2149 esse
2829 2111 2857 2147 a
2885 2111 2970 2150 me
2995 2097 3236 2164 quisquis
3265 2096 3472 2151 diversa
3503 2095 3688 2159 sentis,
3727 2096 3874 2166 quis-

2318 2182 2436 2249 quis
2474 2182 2681 2236 diversa
2726 2183 2992 2253 loqueris:
3045 2185 3156 2255 Ego
3198 2185 3342 2239 aliud
3392 2184 3665 2239 Christum
3711 2201 3872 2254 quam

2323 2271 2486 2324 Deum
2517 2285 2643 2352 esse
2669 2287 2772 2327 non
2797 2274 2953 2327 novi:
3002 2274 3104 2328 hoc
3128 2289 3247 2328 cum
3289 2274 3612 2343 coapostolis
3637 2275 3769 2328 meis
3798 2283 3875 2328 te-

2320 2360 2432 2424 nui,
2471 2361 2571 2413 hoc
2607 2361 2857 2416 Ecclesiis
2893 2363 3102 2427 tradidi,
3145 2362 3246 2418 hoc
3274 2365 3522 2434 gentibus
3563 2364 3870 2433 prtedicavi,

2321 2448 2420 2502 hoc
2445 2449 2604 2502 etiam
2649 2450 2742 2504 tibi
2771 2451 2942 2505 clamo
2970 2465 2983 2502 :
3031 2451 3276 2507 Christus
3319 2454 3459 2508 Deus
3497 2461 3600 2517 est,
3631 2451 3877 2507 Christus

2321 2537 2461 2592 Deus
2503 2546 2617 2607 ests
2652 2539 2808 2593 Aliud
2843 2555 2994 2594 mens
3039 2556 3167 2594 sana
3196 2556 3302 2594 non
3342 2542 3525 2606 sentit,
3574 2541 3718 2595 aliud
3746 2540 3877 2594 ﬁdes

2323 2644 2450 2682 sana
2485 2645 2590 2685 non
2620 2630 2852 2700 loquitur
2876 2648 2890 2696 ;
2923 2631 3097 2686 divelli
3125 2646 3156 2685 a
3181 2646 3238 2687 se
3264 2632 3515 2687 divinitas
3539 2647 3643 2686 non
3664 2638 3873 2700 potest:
3948 2705 3950 2707 b

2323 2727 2376 2774 et
2400 2735 2520 2774 cum
2550 2722 2731 2790 utique
2756 2723 3010 2792 quidquid
3034 2734 3114 2778 est
3138 2724 3402 2787 Christus,
3434 2725 3575 2778 Deus
3599 2724 3687 2789 sit,
3736 2723 3881 2777 inve-

2323 2811 2426 2864 niri
2469 2809 2524 2863 in
2551 2810 2660 2865 Deo
2685 2811 2827 2865 aliud
2865 2827 2966 2867 non
2993 2821 3169 2883 potest
3195 2830 3354 2884 quam
3378 2814 3538 2868 Deus.

2393 2943 2509 2997 XX.
2539 2943 2675 3010 Quid
2697 2945 2775 2997 ais
2800 2951 2854 2998 tu
2878 2961 3035 3010 nunc,
3061 2947 3350 2999 hmreticc?
3395 2945 3729 3001 sul'ﬁciuntne
3758 2948 3874 3002 haec

2250 3034 2625 3101 Gustimoma
2657 3034 2777 3087 ﬁdei
2810 3035 2969 3087 etiam
2998 3050 3218 3088 summa:
3253 3035 3569 3099 iuﬁdelitati,
3617 3051 3684 3094 an
3710 3036 3882 3090 adhuc

2327 3120 2523 3190 aliquid
2551 3120 2846 3175 addendum
2880 3123 3000 3176 est?
3041 3124 3106 3177 Et
3143 3124 3268 3193 quid
3304 3124 3387 3178 vel
3431 3133 3549 3194 post
3571 3125 3879 3194 prophetas,

2326 3209 2406 3264 vel
2432 3198 2840 3280 post'apostolos
2879 3214 2998 3267 addi
3046 3221 3251 3283 potest,
3302 3216 3403 3270 nisi
3431 3216 3586 3280 forte,
3632 3226 3690 3269 ut
3715 3215 3882 3272 ,Ιυάιεί

2325 3303 2590 3371 quondam
2615 3303 3018 3371 expostulabant
3055 3305 3262 3373 signum
3305 3307 3407 3361 sibi
3436 3308 3501 3361 de
3537 3307 3692 3373 caelo,
3722 3308 3883 3362 etiam

2328 3399 2384 3445 tu
2410 3392 2502 3446 tibi
2531 3393 2645 3447 dari
2668 3394 2938 3462 postules?
2968 3395 3076 3448 Sed
3103 3396 3302 3464 petenti
3327 3398 3421 3452 tibi
3449 3400 3569 3462 hoc,
3600 3398 3726 3453 illud
3742 3399 3886 3468 quod

2329 3497 2638 3550 responsum
2683 3492 2806 3538 tunc
2849 3483 2950 3539 illis
2978 3477 3058 3539 est
3084 3526 3097 3549 ,
3133 3499 3353 3541 necesse
3394 3495 3476 3542 est
3523 3488 3832 3558 responderi
3868 3506 3882 3542 :

2330 3570 2603 3626 Generatio
2633 3589 2789 3642 prava
2809 3583 2855 3627 et
2877 3575 3109 3630 adultera
3139 3579 3342 3647 signum
3371 3581 3576 3648 quazrit,
3604 3589 3650 3634 et
3679 3580 3884 3649 signum

2332 3679 2432 3715 non
2460 3664 2667 3716 dabitur
2698 3665 2764 3729 ei,
2814 3658 2913 3718 nisi
2951 3668 3152 3736 signum
3195 3665 3347 3722 Jona'
3385 3670 3642 3739 prophetae
3669 3669 3884 3740 (Matth.

2333 3767 2439 3815 xvi,
2469 3752 2521 3821 4)
2551 3770 2564 3817 ;
2611 3760 2665 3807 ει
2701 3768 2824 3808 vere
2848 3754 3085 3810 sufﬁcere
3109 3757 3206 3810 tibi
3253 3758 3459 3827 signum
3496 3760 3615 3822 hoc,
3661 3758 3740 3812 vel
3768 3773 3889 3812 cum

2333 3841 2527 3896 Judzeis
2564 3844 2994 3913 cruciﬁgentibus
3036 3851 3261 3913 poterat,
3312 3855 3371 3899 ut
3412 3846 3691 3901 Dominum
3720 3847 3888 3902 Deum

2333 3939 2592 3994 nostrum,
2633 3933 2796 3986 etiam
2836 3934 2936 3988 hac
2965 3949 3021 3988 re
3048 3934 3158 3988 sola
3182 3935 3400 3990 edoctus
3434 3935 3701 4002 crederes,
3731 3951 3889 4007 quem

2334 4020 2493 4072 etiam
2519 4021 2592 4072 illi
2621 4022 2709 4089 qui
2731 4024 2991 4091 persecuti
3017 4023 3240 4088 fuerant,
3273 4027 3632 4082 crediderunt.
3666 4027 3770 4084 Sed
3808 4037 3885 4082 ta-

2338 4103 2456 4159 men
2481 4107 2603 4174 quia
2633 4108 2864 4165 caelestis
2894 4111 3028 4181 signi
3066 4111 3286 4168 fecimus
3314 4115 3660 4178 mentionem,
3703 4124 3886 4170 osten-

2337 4196 2457 4249 dam
2484 4193 2578 4250 tibi
2606 4192 2668 4252 de
2694 4198 2829 4252 caelo
2874 4199 3097 4269 signum,
3149 4204 3455 4269 etquidem
3497 4204 3623 4268 tale,
3676 4205 3758 4258 cui
3793 4221 3891 4260 nec

2339 4283 2602 4338 daamones
2628 4289 2861 4353 'unquam
2884 4288 3333 4352 contradixerunt,
3366 4291 3488 4343 dum
3515 4292 3627 4359 ipsa
3654 4293 3892 4349 veritatis

1506 4356 1537 4447 ξ
1566 4356 1728 4406 ⁵¹8¹¹¹⁸
1771 4356 2086 4447 egeat)“,
2127 4356 2243 4447 qua?
2270 4371 2318 4430 D
2345 4372 2658 4425 necessitate
2687 4381 2927 4441 cogente,
2947 4374 3070 4430 licet
3098 4373 3277 4431 Jesum
3302 4356 3614 4447 corporeum
3639 4395 3755 4434 esse
3783 4397 3894 4436 cer.

1271 4428 1467 4484 Christi
1521 4442 1893 4500 apparuerunt.
1956 4434 2078 4490 Haec
2121 4428 2296 4490 sunt?

2286 4428 2296 4429 ,
2752 4428 2779 4441 υ
2915 4428 2926 4438 ,
3003 4428 3038 4430 η
3643 4428 3753 4434 --η
3786 4428 3863 4436 ν--

2339 4469 2546 4525 nerent,
2598 4461 2760 4516 Deum
2794 4472 2991 4528 tamen,
3035 4467 3177 4533 quod
3221 4476 3356 4531 erat,
3407 4483 3525 4522 esse
3568 4469 3887 4523 clamabant.

2315 4552 2475 4617 Quid
2501 4568 2627 4622 ergo
2664 4554 2739 4608 ait
2781 4556 3099 4625 evangelista
3139 4557 3203 4610 de
3226 4557 3449 4612 Domino
3490 4557 3614 4612 Jesu
3638 4558 3894 4614 Christo?

2343 4640 2665 4710 Baptizatus,
2691 4644 2876 4711 inquit,
2905 4645 3167 4711 confestim
3194 4648 3420 4699 ascendit
3441 4647 3504 4701 de
3526 4666 3678 4718 aqua,
3707 4661 3752 4703 et
3781 4667 3896 4704 ecce

2345 4731 2505 4798 aperti
2546 4740 2664 4782 sunt
2708 4733 2754 4783 ei
2798 4732 2931 4797 caeli,
2976 4743 3022 4786 et
3053 4735 3178 4788 vidit
3222 4735 3474 4806 Spiritum
3513 4739 3895 4808 descendentem

2346 4819 2476 4870 sicut
2503 4818 2786 4871 columbam
2816 4823 3088 4876 venientem
3111 4842 3263 4894 super
3295 4843 3367 4890 se,
3391 4836 3438 4880 et
3463 4808 3576 4880 ecce
3596 4816 3692 4881 vos:
3716 4830 3779 4881 de
3798 4846 3896 4884 cae-

2348 4905 2411 4959 lis
2434 4905 2640 4960 dicens:
2668 4907 2768 4959 Hic
2795 4918 2866 4962 est
2907 4909 3079 4966 Filius
3107 4929 3247 4966 meus
3277 4914 3525 4982 dilectus,
3566 4918 3621 4970 in
3635 4906 3748 4988 ἠιιο
3769 4921 3895 4972 mihi

2349 4995 2631 5063 complacui
2663 4996 2870 5066 (Matth.
2904 5015 2988 5065 ιιι,
3032 5000 3118 5064 16,
3165 5002 3271 5071 l7).
3313 5002 3448 5068 Quid
3487 5006 3553 5060 ad
3593 5008 3706 5062 haec
3733 5024 3892 5070 nunc,

2352 5081 2627 5148 l’Iaretice,
2660 5086 2778 5137 ais?
2804 5087 3000 5140 dictum
3028 5090 3268 5159 displicet
3295 5108 3361 5145 an
3386 5109 3611 5162 persona
3633 5094 3894 5150 dicentis?

2353 5185 2451 5224 nec
2475 5172 2907 5240 interpretatione
2931 5186 3075 5232 certe
3104 5180 3303 5251 indiget
3335 5183 3674 5253 intelligentia
3701 5183 3896 5238 allocu—

2357 5259 2529 5322 tionis,
2577 5277 2673 5316 nec
2707 5267 3158 5325 commendatione
3195 5272 3477 5325 verborum
3518 5273 3746 5341 dignitas
3770 5273 3899 5327 allo-

2357 5348 2583 5415 quentis.
2628 5349 2768 5406 Deus
2790 5352 2950 5406 Pate'r
2974 5365 3054 5408 est
3081 5356 3170 5424 qui
3215 5357 3367 5421 dixit,
3397 5358 3614 5413 evidens
3650 5367 3733 5415 est
3754 5359 3898 5432 quod

2358 5437 2556 5492 dictum
2597 5447 2697 5494 est.
2745 5439 2989 5520 Nunquid
3021 5454 3125 5497 tam
3170 5447 3527 5513 impudentem
3559 5456 3651 5504 aut
3682 5448 3894 5506 sacrile-

2359 5541 2474 5594 gam
2503 5525 2697 5598 [ϐασι.
2726 5537 2835 5584 tam
2861 5533 3189 5604 sacrilegam]
3211 5548 3393 5590 vocem
3420 5537 3658 5604 proferre
3677 5537 3894 5608 poteris.

2365 5622 2423 5666 ut
2451 5615 2613 5677 dicas,
2662 5618 2724 5670 de
2752 5619 3021 5688 unigenito
3057 5620 3150 5676 Dei
3189 5622 3322 5677 Filio
3356 5639 3451 5681 nec
3481 5627 3587 5682 Deo
3617 5628 3756 5681 Patri
3779 5642 3899 5683 esse
