4228 6290
432 310 567 399 ηδ’

1171 338 1579 395 DOGMATICA.
1614 369 1685 381 —-
1712 340 1869 397 ΑΜ.
1909 338 2201 398 FELICEM
2237 337 2417 393 LIBRI
2453 337 2559 393 VII.
2592 338 2807 392 -—'LIB.
2847 338 2909 393 II.

3540 338 3641 395 M6

432 456 793 517 credendum?
836 454 936 510 Hic
958 462 1031 509 est
1059 470 1208 525 ergo,
1246 456 1437 525 inquit,
1469 453 1638 509 Filius
1680 471 1824 511 meus
1848 452 1979 509 dile-
2010 454 2061 514 Δ
2085 453 2299 523 quidem
2324 466 2431 507 non
2456 466 2641 517 unum,
2672 453 2764 507 sed
2788 459 2844 507 et
2864 452 3027 505 multa
3050 461 3105 505 et
3131 451 3439 523 singularia.
3466 452 3656 513 llabes‘

432 564 560 614 ctus,
605 552 660 605 in
693 566 794 620 quo
831 550 957 603 mihi
1000 548 1308 620 complacui.
1355 547 1463 603 Sed
1501 548 1735 603 tentabis
1768 546 1993 602 forsitan

402 676 406 679 Α
432 641 629 703 dicere,
666 646 727 693 ut
753 646 839 693 est
862 638 1147 700 dementia,
1180 638 1246 692 de
1274 637 1451 691 Verbo
1471 638 1595 702 hoc,
1626 628 1731 692 non
1755 636 1820 690 de
1843 635 2011 701 Chri-q

433 739 515 784 sto
547 728 744 783 dictum
774 726 971 781 fuisse:
998 727 1093 780 Dic
1112 726 1242 779 mihi
1260 740 1388 794 ergo
1416 725 1535 793 quis
1560 732 1679 779 erat
1705 725 1797 793 qui
1821 722 1995 791 bapti-

434 818 674 882 zabatur,
704 816 939 871 Verbum
978 831 1047 870 an
1072 814 1351 870 Christus?
1380 814 1509 881 Quis
1537 814 1832 883 baptizatus
1853 820 1995 896 esset

434 908 487 960 in
510 905 758 969 Jordane,
786 920 912 959 caro
931 920 997 958 an
1023 902 1296 975 Spiritus?
1339 904 1543 975 Negare
1563 904 1745 973 utique
1770 918 1877 958 non
1901 918 1989 972 po-

435 1004 514 1049 tes
558 994 826 1048 Christum
869 992 1053 1047 fuisse.
1095 992 1266 1048 Homo
1295 1007 1421 1063 ergo
1449 992 1536 1046 ille
1577 1006 1643 1046 es
1687 992 1903 1046 homine
1930 1006 1993 1044 ac

434 1083 541 1136 Deo
569 1091 744 1147 natus,
778 1080 982 1151 Spiritu
1012 1091 1196 1136 sancto
1224 1083 1277 1136 in
1303 1082 1459 1151 801
1490 1081 1762 1150 Virginem
1783 1081 1993 1135 descen-

433 1170 610 1233 dente,
658 1178 713 1224 et
737 1171 934 1225 virtute
978 1170 1237 1224 Altissimi
1273 1165 1625 1223 obumbrante
1674 1177 1987 1236 conceptus,

434 1274 495 1312 ac
519 1259 597 1313 sic
624 1258 855 1313 hominis
897 1267 952 1313 et
982 1259 1075 1313 Dei
1102 1258 1286 1322 Filius,
1335 1258 1423 1312 ille
1446 1259 1651 1327 utique,
1692 1252 1754 1311 ut
1795 1271 1991 1327 negare

432 1365 537 1404 non
558 1357 731 1420 potes,
764 1349 1065 1419 baptizatus
1084 1357 1185 1403 est.
1215 1348 1273 1402 Si
1293 1363 1421 1419 ergo
1446 1348 1532 1403 ille
1556 1347 1857 1417 baptizatus
1884 1354 1988 1407 est.

432 1440 517 1493 ille
544 1448 598 1493 et
635 1439 977 1493 nominatus:
1029 1426 1270 1508 quiaille
1314 1438 1498 1505 utique
1526 1436 1853 1500 nominatus,
1898 1435 1988 1504 qui

430 1530 729 1598 baptizatus
755 1537 872 1584 est:
906 1529 1007 1583 Hic
1035 1516 1131 1594 est,
1158 1528 1349 1597 inquit,
1388 1526 1559 1581 Filtus
1585 1544 1726 1581 meus
1750 1526 1993 1589 dilectus,

430 1617 483 1669 in
510 1633 610 1691 quo
634 1618 761 1671 mihi
790 1618 1099 1688 oomplacui.
1164 1618 1412 1687 Nunquid
1458 1618 1562 1673 dici
1606 1616 1991 1687 signiﬁcantius

430 1714 520 1759 aut
552 1694 858 1776 expressius
882 1708 1171 1777 quidquam
1204 1709 1423 1776 potest?
1465 1706 1711 1762 Christus
1735 1707 1989 1775 'baptiza-

2090 539 2237 596 enim
2260 555 2425 594 unum
2452 540 2506 595 in
2536 540 2806 609 apertione
2846 539 2990 605 coeli,
3035 540 3178 594 aliud
3203 542 3256 594 in
3296 541 3527 611 Spiritus
3552 542 3644 599 de-

2087 628 2388 693 scensione,
2418 628 2633 682 tertium
2658 628 2713 681 in
2734 628 2907 681 Patris
2930 642 3096 693 voce;
3119 643 3237 698 qum
3264 631 3444 699 utique
3466 630 3645 687 omnia

2089 715 2363 774 Christum
2384 717 2551 772 Deum
2577 732 2695 772 esse
2718 718 3026 784 declarant;
3066 719 3186 787 quia
3217 734 3339 774 eum
3358 729 3413 774 et
3442 736 3647 776 resera-

2090 807 2167 864 tio
2191 808 2448 863 caelorum
2478 808 2644 863 Deum
2673 808 2891 874 indicat,
2941 817 2997 863 et
3035 810 3310 865 descensio
3336 826 3498 881 super
3523 826 3645 865 eum

2089 897 2260 953 sancti
2294 897 2526 967 Spiritus
2559 897 2724 951 Deum
2767 900 3045 967 approbat,
3090 908 3145 953 et
3187 899 3432 955 allocutio
3473 900 3647 955 Patris

2090 986 2257 1039 Deum
2300 999 2419 1041 esse
2450 985 2747 1043 conﬁrmat.
2794 985 2974 1056 Neque
3011 988 3152 1040 enim
3198 987 3279 1042 vel
3308 988 3500 1043 cmlum
3542 989 3646 1042 nisi

2090 1074 2295 1129 Domini
2346 1074 2428 1131 sui
2479 1075 2666 1130 honori
2712 1077 3002 1143 patuisset;
3060 1076 3143 1131 vel
3191 1059 3422 1147 spiritus
3469 1079 3647 1147 specie

2089 1167 2372 1236 corporali,
2422 1166 2525 1241 nisi
2556 1181 2716 1235 super
2745 1166 2834 1219 Dei
2884 1167 3073 1220 Filium
3102 1166 3497 1232 descendisset;
3548 1182 3647 1221 nec

2088 1256 2248 1311 Pater
2288 1256 2481 1312 Filium
2510 1257 2611 1310 nisi
2642 1272 2767 1311 vere
2804 1257 2995 1311 Filium
3020 1258 3378 1312 declarasset:
3426 1274 3646 1327 praeser-

2087 1345 2184 1400 tim
2212 1360 2332 1401 cum
2358 1345 2440 1401 his
2466 1346 2653 1401 divinae
2680 1345 2971 1400 nativitatis
3000 1345 3493 1413 signiﬁcationibus,
3526 1361 3643 1415 quae

2086 1452 2192 1492 non
2235 1438 2405 1493 solum
2444 1440 2720 1493 veritatem
2766 1437 2867 1509 pits
2913 1438 3035 1493 ﬁdei
3086 1438 3500 1502 conﬁrmarent,
3548 1438 3643 1492 sed

2086 1531 2248 1585 etiam
2272 1530 2590 1601 pravitatem
2619 1531 2794 1599 impia:
2826 1529 3091 1599 opinionis
3116 1529 3477 1585 excluderent.
3511 1528 3646 1583 luei-

2088 1620 2237 1676 i‘ahili
2271 1621 2414 1674 enim
2441 1620 2604 1675 divini
2630 1621 2764 1675 dicti
2789 1619 3201 1690 magniﬁcentia,
3249 1635 3369 1674 cum
3394 1633 3641 1688 expresse

2085 1725 2146 1765 ac
2176 1709 2535 1779 signiﬁcanter
2558 1710 2779 1769 dixisset
2817 1708 3011 1763 Pater:
3051 1708 3155 1763 Hic
3183 1718 3255 1763 est
3287 1707 3455 1763 Filius
3478 1726 3643 1772 meus,

431 1806 513 1850 tus
536 1806 635 1860 est,
660 1796 905 1853 Christus
932 1799 999 1853 de
1019 1813 1156 1866 aqua
1175 1799 1435 1861 ascendit,
1484 1797 1699 1853 Christo
1722 1799 1987 1868 baptizato
2020 1785 2063 1845 Β
2089 1798 2291 1855 addidit
2314 1799 2474 1853 etiam
2521 1792 2649 1852 illud
2694 1798 2833 1866 quod
2873 1806 3218 1852 consecutum
3264 1804 3363 1861 est,
3408 1796 3642 1859 dilectus,

428 1886 546 1940 (εωιί
575 1886 743 1955 aperti
768 1896 927 1952 sunt;
958 1887 1233 1941 descendit
1252 1902 1413 1958 super
1431 1888 1699 1944 Christum
1728 1889 1987 1957 corporali

427 1976 602 2045 specie
631 1976 863 2046 Spiritus
911 1985 1148 2044 sanctus,
1191 1978 1464 2032 Christum
1500 1979 1659 2033 Pater
1705 1979 1988 2048 appellavit

429 2064 623 2137 [Cass.,
648 2076 866 2137 propter
896 2066 1168 2122 Christum
1202 2068 1449 2123 columba
1485 2068 1758 2125 descendit
1786 2087 1797 2121 :
1827 2083 1989 2138 super

415 2158 692 2213 Christum
720 2160 772 2212 in
801 2161 1064 2230 corporali
1092 2162 1267 2231 specie
1281 2160 1513 2232 Spiritus
1538 2172 1754 2219 sanctus
1782 2162 1982 2227 astitit;

426 2248 694 2304 Christum
724 2249 884 2305 Pater
931 2251 1259 2325 appellavit].
1310 2253 1422 2309 Hoc
1468 2255 1513 2309 si
1560 2255 1626 2310 de
1651 2254 1864 2311 Christo
1907 2254 1988 2308 di-

426 2350 567 2397 ctum
596 2356 794 2413 negare
831 2359 993 2399 ausus
1021 2358 1099 2409 es,
1148 2353 1391 2414 superest
1430 2352 1488 2400 ut
1514 2360 1615 2401 nec
1658 2345 1985 2416 baptizatum

426 2433 692 2488 Christum
722 2434 900 2498 fuisse,
947 2452 1047 2491 nec
1087 2422 1343 2504 Spiritum
1372 2437 1731 2501 descendisse,
1763 2452 1861 2491 nec
1886 2437 1985 2489 Pa-

429 2531 561 2576 trem
588 2523 820 2577 locutum
847 2524 1013 2580 fuisse
1046 2526 1355 2581 contendas.
1402 2527 1505 2581 Sed
1535 2536 1686 2595 urget
1727 2536 1903 2581 tamen
1931 2531 1985 2579 et

425 2614 615 2680 premit
645 2623 695 2669 te
720 2615 832 2683 ipsa
864 2616 1083 2681 veritas,
1116 2624 1175 2670 ut
1198 2618 1360 2671 etiam
1407 2618 1450 2671 si
1476 2617 1714 2671 conﬁteri
1742 2632 1860 2671 eam
1890 2622 1983 2671 no-

426 2701 512 2765 lis,
547 2711 721 2758 tamen
743 2719 940 2775 negare
964 2720 1069 2759 non
1097 2707 1287 2774 possis.
1334 2706 1468 2773 Quid
1497 2708 1634 2763 enim
1666 2707 1737 2760 ait
1756 2722 1984 2775 evange-

426 2784 589 2845 lista?
631 2791 939 2863 Baptizatus
972 2804 1143 2850 autem
1168 2796 1433 2865 confestim
1472 2798 1700 2850 ascendit
1737 2796 1801 2851 de
1824 2814 1979 2867 aqua.

426 2882 553 2951 Quis
592 2882 892 2950 baptizatus
935 2886 1058 2939 est?
1109 2886 1354 2941 Christus
1386 2888 1585 2956 utique.
1638 2886 1707 2940 Et
1740 2904 1875 2952 ecce,
1902 2886 1981 2939 in-

425 2972 560 3039 quit,
589 2973 754 3039 apertt'
776 2984 895 3026 sunt
926 2974 1036 3027 caeli
1064 2988 1082 3025 :
1131 2974 1229 3029 Cui
1261 2976 1482 3038 scilicet,
1524 2977 1627 3029 nisi
1672 2976 1744 3029 illi
1771 2976 1859 3044 qui
1886 2976 1979 3045 ba:

426 3060 651 3129 ptizatus
685 3070 787 3127 est,
829 3061 1043 3119 Christo
1079 3064 1303 3133 utique?
1348 3064 1416 3118 Et
1454 3064 1577 3118 vidit
1605 3063 1858 3134 Spiritum
1882 3064 1992 3119 Dat.

425 3148 807 3204 descendentem
859 3152 990 3206 sicut
1044 3152 1331 3208 columbam
1375 3155 1650 3208 venientem
1703 3138 1856 3224 super
1900 3170 1973 3207 se.

426 3236 554 3303 Quis
580 3240 753 3294 vidit?
796 3241 1059 3308 Christus,
1110 3245 1334 3309 scilicet,
1386 3245 1467 3299 vel
1502 3243 1733 3301 Joannes
1782 3243 1975 3316 [Cass.,

424 3329 573 3381 verba
620 3330 702 3383 vel
750 3330 983 3389 Joannes
1031 3334 1245 3407 omitt.].
1289 3334 1460 3406 Super
1498 3350 1657 3405 quem
1686 3337 1976 3399 descendit,

426 3428 585 3483 super
610 3416 882 3474 Christum
910 3422 1136 3491 utique?
1178 3424 1245 3478 Et
1284 3440 1387 3478 vox
1432 3424 1569 3480 facta
1614 3432 1696 3479 est
1739 3425 1804 3477 de
1842 3423 1978 3478 cmlo

425 3501 621 3557 dicens.
670 3505 744 3559 De
770 3510 910 3575 quo?
948 3511 1013 3563 de
1053 3509 1263 3565 Christo
1287 3514 1526 3577 scilicet;
1571 3513 1698 3581 quid
1727 3511 1867 3565 enim
1890 3527 1974 3565 se-

424 3592 643 3660 quitur?
694 3594 795 3647 Hic
840 3606 912 3651 est
944 3597 1115 3653 Filius
1155 3618 1296 3654 meus
1339 3602 1574 3666 dilectus,
1620 3602 1675 3656 in
1708 3619 1809 3673 quo
1852 3604 1977 3658 mihi

424 3683 725 3751 complacui.
768 3684 836 3741 Ut
862 3689 1039 3743 omnia
1062 3688 1168 3753 illa,
1192 3699 1411 3761 prepter
1433 3708 1591 3761 quem
1620 3692 1759 3748 facta
1780 3702 1976 3759 essent,

424 3774 847 3843 ostenderentur,
899 3794 1001 3833 vox
1050 3791 1335 3836 consecuta
1379 3790 1464 3838 est
1500 3785 1711 3839 dicens:
1764 3781 1865 3837 Hic
1905 3792 1979 3837 est

425 3860 593 3917 Filius
632 3882 773 3920 meus
805 3867 1039 3933 dilectus,
1067 3871 1121 3922 in
1148 3887 1246 3941 quo
1275 3872 1402 3925 mihi
1429 3872 1734 3943 complacui.
1767 3870 1879 3927 Hoc
1898 3882 1980 3927 est

423 3950 599 4005 dicere
622 3969 637 4005 :
675 3955 773 4010 Hic
799 3965 883 4012 est
907 3968 1123 4028 propter
1145 3976 1303 4030 quem
1324 3969 1512 4015 cuncta
1534 3962 1647 4016 baac
1668 3961 1805 4015 facta
1832 3968 1975 4023 sunt,

424 4038 509 4094 hic
538 4048 621 4095 est
650 4044 792 4096 enim
822 4045 987 4101 Filius
1021 4063 1192 4112 meus,
1235 4057 1451 4118 propter
1480 4051 1622 4104 hunc
1662 4050 1783 4103 caali
1808 4051 1975 4117 aperti

424 4138 565 4193 sunt,
614 4139 828 4200 propter
874 4133 1013 4188 hunc
1058 4134 1287 4205 Spiritus
1333 4144 1483 4190 meus
1526 4137 1708 4201 venit,
1764 4144 1978 4206 propter

424 4221 563 4284 hunc
588 4237 689 4275 vox
718 4237 835 4277 mea
862 4221 999 4278 facta
1028 4230 1149 4288 est;
1178 4224 1266 4279 hic
1288 4231 1369 4280 est
1394 4224 1558 4291 Filius
1581 4240 1751 4280 meus.
1786 4226 1995 4281 Dicens'

423 4324 588 4379 ergo:
622 4310 719 4366 llic
745 4320 827 4367 est
850 4312 1016 4369 Filius
1051 4330 1220 4379 meus,
1244 4330 1402 4384 quem
1440 4315 1790 4384 designabat?
1827 4317 1977 4370 illum

425 4400 797 4495 utiquequem
810 4402 1052 4458 columba
1078 4405 1344 4475 tangebat.
1382 4404 1548 4472 Quem
1576 4420 1704 4495 ergo
1737 4406 1978 4461 columba
2004 4433 2057 4495 υ

426 4490 634 4556 tetigit?
678 4491 948 4557 Christum
973 4495 1198 4558 scilicet,
1243 4510 1371 4567 ergo
1414 4492 1658 4551 Christus
1700 4496 1865 4552 Filius
1891 4507 1975 4553 est

424 4576 538 4632 Dei.
570 4578 784 4648 Impleta
813 4587 916 4645 est,
957 4590 1017 4636 ut
1039 4598 1181 4646 reor,
1211 4584 1425 4653 sponsio
1452 4594 1589 4638 mea.
1639 4584 1799 4639 Vides
1822 4600 1972 4655 ergo,

425 4668 691 4733 haeretice,
730 4668 967 4738 profecto
992 4670 1201 4741 signum
1246 4672 1341 4726 tibi
1387 4672 1453 4725 de
1498 4672 1633 4727 caelo
1674 4673 1853 4727 datum
1876 4713 1891 4737 ,
1920 4680 1975 4727 et

495 4811 519 4839 ι
552 4799 664 4854 Huc
688 4814 854 4869 usque
877 4815 943 4857 ex
967 4800 1241 4859 Cassiano.

429 4934 566 4950 _

2002 3106 2051 3172 ε

2085 1887 2289 1942 scilicet
2308 1895 2382 1952 et,
2410 1888 2464 1940 in
2498 1904 2599 1957 quo
2633 1887 2758 1940 mihi
2781 1886 3087 1956 complacui.
3135 1885 3330 1957 Utique
3358 1886 3495 1940 sicut
3521 1900 3643 1939 eum

2083 1994 2180 2047 per
2202 1979 2538 2049 prophetiam
2564 1979 2731 2034 Deum
2759 1978 2947 2031 fortem
2971 1987 3026 2032 et
3052 1978 3220 2031 Deum
3256 1992 3506 2047 magnum
3526 1977 3636 2047 jam

2082 2072 2466 2141 praedicaverat
2489 2069 2623 2140 (Isa.
2642 2085 2733 2136 ,tx,
2758 2066 2838 2138 6),
2870 2068 2940 2121 ita
2966 2068 3054 2121 hic
3081 2067 3282 2129 dicens,
3313 2064 3485 2119 Filius
3504 2082 3644 2121 meus

2084 2162 2323 2226 dilectus,
2354 2163 2407 2215 in
2434 2175 2533 2231 quo
2553 2156 2857 2227 complaciti,
2887 2172 3049 2226 super
3074 2156 3271 2226 proprii
3294 2153 3413 2208 Filii
3442 2154 3525 2209 sui
3549 2170 3645 2208 no-

2083 2267 2227 2315 men,
2274 2250 2435 2305 etiam
2472 2247 2649 2303 dilecti
2692 2252 2746 2301 et
2791 2246 3090 2319 complaciti
3136 2244 3237 2299 sibi
3283 2258 3476 2299 nomen
3523 2242 3641 2297 Filii

2084 2341 2277 2411 adjecit
2302 2337 2499 2409 {Cass.,
2530 2338 2748 2404 insuper
2785 2336 2985 2406 proprii
3014 2334 3132 2389 Filii
3162 2334 3242 2389 sui
3273 2348 3462 2388 nomen
3492 2333 3633 2403 adje-

2083 2430 2173 2493 cit,
2204 2426 2334 2497 etc.]
2365 2444 2377 2478 :
2422 2434 2480 2479 ut
2504 2426 2883 2493 proprietatem
2912 2424 3119 2483 divinre,
3169 2422 3391 2486 scilicet,
3439 2429 3642 2475 natura!

2073 2520 2356 2587 hominum
2402 2515 2731 2585 signiﬁcaret
2774 2512 3038 2580 adjectio:
3088 2522 3142 2567 et
3182 2514 3233 2566 id
3275 2514 3342 2565 ad
3384 2513 3639 2565 honorem

2081 2607 2205 2661 Filii
2236 2606 2329 2660 Dci
2358 2603 2699 2674 peculiariter
2735 2594 3079 2671 pertineret,
3110 2601 3249 2669 quod
3277 2599 3402 2654 nulli
3426 2599 3641 2653 omnino

2082 2694 2280 2751 homini
2324 2692 2651 2761 contigisset.
2702 2689 2883 2759 Itaque
2926 2691 3067 2744 sicut
3094 2689 3179 2742 illa
3222 2689 3434 2758 propria
3460 2702 3521 2741 ac
3546 2702 3639 2755 pe-

2082 2782 2300 2839 culiaria
2326 2782 2380 2835 in
2404 2794 2629 2849 persona
2676 2778 2884 2831 Domini
2926 2776 3095 2832 nostri
3122 2774 3246 2829 Jesu
3292 2774 3491 2830 Christi
3520 2772 3635 2828 fue-

2082 2879 2227 2933 runt,
2269 2869 2409 2937 quod
2438 2868 2558 2921 cmli
2590 2866 2761 2936 aperti
2795 2873 2939 2929 sunt,
2976 2864 3117 2934 quod
3154 2879 3277 2919 eum
3315 2864 3455 2919 Deus
3476 2863 3637 2917 Pater

2080 2959 2283 3015 cunctis
2328 2956 2628 3011 videntibus
2651 2970 2747 3025 per
2773 2954 3143 3008 adventantem
3174 2962 3332 3023 atque
3356 2962 3639 3008 testantem

2080 3048 2379 3104 columbam
2424 3047 2573 3116 quasi
2602 3060 2762 3100 manu
2804 3044 3191 3113 quodammodo
3239 3058 3333 3096 sua
3363 3044 3551 3111 tetigit,
3584 3049 3639 3095 et

2081 3140 2233 3209 quasi
2256 3138 2420 3207 digito
2438 3138 2706 3192 indicante
2732 3135 3049 3189 monstravit
3072 3134 3287 3187 dicens:
3322 3130 3422 3185 IIic
3448 3142 3521 3186 est
3543 3129 3640 3183 Fi-

2080 3228 2181 3283 lius
2211 3227 2359 3283 ’meus
2390 3242 2407 3279 :
2445 3228 2517 3281 ita
2549 3226 2677 3280 illud
2723 3238 2932 3294 quoque
2968 3224 3241 3294 proprium
3272 3224 3322 3278 ei
3353 3239 3416 3279 ac
3460 3224 3641 3294 singu-

2079 3318 2207 3378 lare,
2241 3317 2379 3384 quod
2407 3314 2747 3383 peculiariter
2774 3312 3001 3368 dilectus
3028 3320 3082 3367 et
3104 3306 3467 3381 peculiariter’
3489 3313 3636 3367 Patri

2079 3405 2420 3474 complacitus
2449 3404 2771 3469 nominatur,
2802 3412 2860 3457 ut
2884 3404 3204 3473 peculiarem
3226 3404 3409 3471 utique
3434 3410 3637 3457 naturae

2079 3499 2519 3570 signiﬁcationem
2546 3500 2832 3569 peculiaria
2862 3500 3221 3554 additamenta
3242 3505 3632 3559 monstrarent,

2076 3597 2130 3643 et
2165 3590 2545 3658 proprietatem
2587 3584 3005 3663 unigenitiFilii
3051 3586 3212 3639 etiam
3261 3588 3635 3657 cegnominum

2077 3678 2374 3748 pr0prietas
2416 3676 2785 3740 conﬁrmaret,
2822 3690 2981 3744 quam
3020 3677 3131 3745 jam
3175 3678 3345 3733 honor
3368 3678 3635 3746 signorum

2077 3765 2485 3838 praecedentium
2521 3766 2936 3835 comprobasset.
2987 3764 3091 3821 Sed
3128 3766 3237 3833 jam
3287 3765 3445 3819 lib‘elli
3483 3766 3635 3819 istius

2078 3856 2199 3911 ﬁnis
2236 3857 2321 3909 sit.
2375 3854 2556 3923 Neque
2581 3855 2721 3909 enim
2765 3855 2866 3907 hoc
2912 3854 3110 3907 dictum
3155 3852 3247 3907 Dei
3296 3851 3489 3916 Patris,
3539 3862 3633 3907 aut

2078 3948 2259 4015 augeri
2302 3946 2545 3999 humanis
2575 3943 2942 4007 sermonibus,
2990 3950 3083 3997 aut
3127 3943 3395 4013 ezrequari
3438 3952 3630 4013 potest.

2075 4035 2237 4089 Nobis
2263 4036 2328 4089 de
2354 4034 2575 4089 Domino
2602 4043 2783 4088 nostro
2814 4033 2940 4090 Jesu
2965 4034 3181 4101 Christo
3208 4035 3345 4090 Filio
3381 4050 3477 4091 suo
3504 4037 3633 4090 satis

2074 4141 2171 4195 per
2196 4141 2254 4181 se
2298 4127 2467 4196 ipsum
2502 4124 2658 4179 Pater
2684 4124 2876 4195 [Cass.,
2923 4141 3019 4195 per
3044 4141 3101 4179 se
3129 4126 3240 4195 ipse
3273 4126 3412 4180 Deus
3452 4126 3631 4198 Pater]

2075 4217 2296 4272 idoneus
2327 4216 2474 4272 testis
2496 4223 2577 4271 est
2603 4215 2784 4270 dicens
2808 4234 2821 4269 :
2848 4214 2950 4269 Hic
2988 4226 3063 4269 est
3092 4214 3140 4268 F
3142 4216 3263 4270 ilius
3290 4232 3451 4270 meus.
3480 4216 3558 4269 Tu
3583 4218 3631 4273 si

2076 4306 2544 4361 contradicendum
2572 4306 2656 4361 his
2698 4306 2791 4360 Dei
2818 4304 2994 4360 Patris
3019 4306 3238 4362 vocibus
3262 4314 3437 4375 putas,
3483 4304 3556 4358 illi
3598 4321 3631 4360 a

2080 4403 2157 4461 te,
2195 4411 2422 4451 necesse
2463 4403 2548 4463 est
2583 4396 2905 4460 contradici,
2955 4396 3047 4465 qui
3070 4410 3192 4450 eum
3234 4394 3629 4451 evidentissima

2078 4488 2434 4543 declarations
2455 4486 2645 4541 Filium
2674 4500 2828 4540 suum
2851 4498 2969 4539 esse
2992 4487 3060 4540 ab
3084 4486 3227 4540 omni
3250 4489 3445 4544 mundo
3465 4486 3632 4542 voluit

2073 4589 2285 4644 agnosci
2316 4587 2362 4627 ι.
2399 4594 2417 4643 ρ

1562 5035 1725 5106 802
1772 5032 2003 5092 LIBER
2043 5032 2458 5095 SECUNDUS.

489 5210 530 5263 Ι.
561 5207 675 5264 Non
702 5210 861 5266 debet
903 5215 1031 5269 mihi
1054 5216 1229 5293 lector
1263 5218 1522 5289 imputare
1566 5214 1825 5270 sermonis
1867 5216 1973 5269 mei

421 5297 698 5354 confusam
734 5292 1124 5368 quodammodo
1166 5306 1578 5375 disputationem
1622 5309 1682 5359 et
1704 5303 1973 5361 inordina-

421 5398 551 5455 tam,
574 5388 702 5459 quia
723 5404 835 5444 non
858 5385 1005 5445 recto
1034 5395 1245 5447 tramite
1272 5396 1555 5461 currentis,
1594 5395 1686 5449 sed
1713 5393 1975 5450 circuloso

419 5479 758 5550 loquacitatis
780 5486 958 5535 rotatu
996 5480 1316 5550 disputantis
1340 5486 1562 5555 vestigia
1603 5484 1752 5553 sequi
1792 5497 1973 5538 neces-

421 5572 622 5629 sarium
667 5571 858 5626 habeo.
894 5570 971 5625 Et
1012 5580 1165 5641 prout
1201 5576 1333 5631 ordo
1374 5575 1717 5646 proponentis
1758 5574 1969 5639 exierit,

421 5676 601 5719 sermo
641 5658 1009 5733 respondentis
1045 5662 1413 5731 subsequatur.
1464 5665 1571 5720 Nec
1598 5666 1790 5721 mirum
1815 5664 1859 5719 si
1888 5663 1971 5719 di-

2068 5228 2225 5271 verso
2254 5211 2467 5267 tramite
2510 5223 2723 5265 curram
2761 5212 2817 5267 in
2846 5226 3109 5281 sermone,
3160 5218 3250 5288 qui
3276 5222 3423 5276 vario
3464 5238 3624 5282 sensu

2068 5305 2250 5366 etiam,
2298 5309 2353 5356 et
2393 5301 2604 5356 sibimet
2642 5302 2743 5371 ipsi
2787 5305 3072 5375 aliquantis
3115 5310 3169 5363 in
3210 5310 3341 5368 locis
3382 5315 3625 5371 dissimili

2070 5396 2244 5470 pergit
2268 5394 2363 5465 per
2386 5392 2670 5448 latissimos
2698 5404 2895 5451 sancta
2923 5398 3211 5469 Scriptura:
3232 5416 3465 5471 campos,
3515 5420 3622 5463 non

2073 5484 2344 5542 catholica
2388 5481 2509 5537 ﬁdei
2535 5496 2779 5550 quaerens
2804 5488 3120 5555 veritatem,
3165 5490 3256 5544 sed
3297 5505 3394 5544 suo
3429 5495 3620 5561 errori,

2071 5577 2195 5633 licet
2235 5574 2384 5630 valde
2422 5575 2523 5634 sibi
2565 5576 2857 5640 contraria,
2902 5576 3089 5632 nititur
3116 5577 3307 5649 [Deest,
3359 5583 3631 5652 invenire,

2072 5667 2144 5723 vel
2169 5668 2356 5740 simile]
2386 5664 2715 5731 testimonia;
2745 5666 2981 5719 omnium
3002 5666 3373 5725 htereticorum
3387 5687 3631 5743 sequens
