4228 6238
582 193 681 247 m
738 264 745 267 λ

1427 192 1486 247 Β.
1529 192 1588 246 F.
1627 191 1849 245 ALBISI
1887 191 2015 247 SEU
2054 191 2326 247 ALCUINI
2361 192 2638 249 OPERUM
2686 196 2863 251 PARS
2898 197 2983 252 lii.
3068 225 3072 229 ι

3712 193 3812 262 ita

577 305 1035 368 consuetudinem,
1080 303 1169 372 qui
1195 303 1359 358 divini
1398 303 1594 371 eloquii
1638 303 1933 357 sententias
1961 302 2029 356 ad
2057 302 2137 355 sui
2169 308 2212 360 Α
2241 310 2291 353 te
2321 314 2560 355 nascetur
2584 314 2836 366 sanctum,
2867 303 3037 358 Filius
3051 307 3147 361 Dei
3175 311 3606 385 vocabiturt‘Lue.
3634 331 3674 381 ι,
3694 314 3806 389 55).

577 396 945 465 probationem
969 394 1172 449 erroris
1194 410 1360 465 pravo
1394 408 1553 448 sensu
1583 392 1925 461 interpretari
1966 393 2142 445 nitun-

575 496 682 538 tur.

648 572 709 628 ll.
758 574 901 630 Dicis
945 575 1127 644 itaque
1174 575 1312 647 quod
1357 592 1514 629 noras
1545 574 1696 627 homo
1734 589 1918 626 not-um
1956 585 2144 626 nomen

570 664 758 716 habere
798 664 997 719 debeat.
1039 665 1153 728 Dic,
1202 681 1351 732 rogo,
1398 665 1517 734 quis
1561 665 1662 719 hoc
1704 678 1898 717 novum
1948 678 2139 717 nomen

573 750 804 820 Spiritus
832 755 1029 809 vestris
1058 756 1292 809 insonuit
1317 755 1578 807 auribus?
1609 754 1766 809 l’orte
1797 754 1935 808 Deus
1960 760 2139 806 tecum

573 842 889 911 loquebatur
933 845 987 898 in
1023 846 1250 909 turbine,
1299 847 1461 898 voluti
1496 862 1619 899 cum
1663 846 1763 899 Joh
1800 858 1955 898 servo
2000 858 2135 897 suo:

570 935 652 988 vel
680 938 838 991 etiam
868 938 923 991 in
970 938 1241 1009 Pyrenaeis
1279 937 1503 991 collibus
1550 937 1603 990 in
1648 931 1883 990 tonitruo
1924 942 1979 988 et
2007 949 2139 988 voce

572 1030 732 1094 tubae,
780 1026 1064 1084 sicut'cum
1095 1030 1291 1099 Moyse
1327 1029 1523 1083 famulo
1566 1028 1746 1102 suain
1782 1026 1910 1080 Sina
1956 1035 2137 1080 monte

568 1118 957 1172 sermocinatus
986 1127 1066 1173 est
1090 1137 1103 1174 :
1149 1119 1232 1173 vel
1269 1118 1551 1171 Dominum
1580 1132 1702 1171 cum
1726 1116 1857 1169 lsaia
1878 1116 2133 1185 propheta

569 1207 747 1261 vidisti
772 1208 824 1262 in
847 1209 982 1263 solio
1009 1209 1305 1273 sedentem,
1334 1218 1381 1263 el
1402 1210 1596 1262 missus
1610 1216 1690 1262 est
1719 1208 1986 1276 seraphim
2012 1222 2134 1261 cum

569 1299 787 1353 ardente
815 1300 1018 1354 calculo
1044 1301 1181 1355 labia
1211 1308 1299 1353 tua
1330 1301 1605 1360 mundare,
1637 1306 1694 1352 ut
1722 1299 1957 1352 inaudita
1983 1314 2012 1351 a
2037 1314 2135 1353 sa:—

568 1390 700 1445 culis
750 1392 961 1445 nomina
1009 1393 1205 1446 mundo
1252 1390 1495 1462 proferre
1538 1390 1831 1444 valuisses:
1886 1389 1968 1443 vel
2010 1404 2131 1443 cum

567 1480 819 1549 Apostolo
849 1494 1031 1552 raptus
1061 1483 1205 1539 fuisti
1231 1482 1294 1537 ad
1323 1484 1536 1537 tertium
1563 1483 1777 1544 omium,
1807 1490 1861 1537 et
1883 1481 1955 1535 ibi
1985 1482 2134 1535 audi-

566 1573 632 1625 sti
661 1571 943 1629 incflhbilia
970 1574 1129 1626 verba
1156 1591 1167 1625 :
1198 1572 1279 1626 vel
1308 1588 1428 1626 cum
1454 1573 1610 1626 beato
1638 1571 1961 1639 evangelista
1995 1570 2130 1624 vidi-

2243 389 2301 443 Si
2332 392 2496 461 igitur
2539 392 2652 462 ipse
2678 391 2910 457 Gabriel,
2959 396 3049 464 qui
3077 396 3273 451 dicitur
3300 398 3557 457 fortitudo
3585 401 3713 470 Dei,
3755 412 3811 462 te

2241 490 2484 535 orantem
2512 482 2565 536 in
2597 482 2792 551 templo
2814 484 3124 550 invenisset,
3167 502 3273 540 non
3303 504 3492 543 novem
3524 493 3801 557 mensium,

2240 572 2333 625 sed
2367 580 2617 641 perpetua
2650 573 3012 628 taciturnitate
3038 575 3369 631 incredulum
3399 579 3707 637 damnasset
3742 600 3803 638 os

2242 667 2428 713 tuum:
2460 661 2585 730 quia
2609 677 2766 730 quem
2806 663 2892 716 ille
2922 679 2951 717 a
2989 664 3099 719 Deo
3124 666 3333 737 gmi55us
3358 677 3412 722 et
3454 670 3645 725 divinte
3680 662 3808 727 con;

2239 750 2381 805 scius
2408 752 2696 807 voluntatis
2721 768 2911 822 parere
2935 755 3206 824 Virginem
3231 760 3480 826 prtedixit
3516 760 3719 827 Jesnm,
3753 764 3806 818 id

2238 846 2340 903 est,
2369 839 2721 905 Salvatorem,
2743 850 2797 894 et
2820 858 3087 912 magnum,
3122 853 3176 898 et
3197 846 3391 899 Filium
3428 848 3706 912 Altissimi,
3751 860 3805 907 et

2237 936 2505 993 sanctum,
2530 937 2584 982 et
2613 940 2959 999 regnaturum
2986 934 3037 985 in
3076 942 3335 988 mlernum
3364 926 3625 1003 ostendit,
3662 940 3805 996 hunc

2238 1024 2291 1069 tu
2324 1033 2546 1087 parvum
2572 1025 2627 1074 et
2666 1020 2995 1141 adoptivum,
3046 1029 3100 1076 et
3130 1039 3346 1078 servum
3390 1028 3803 1086 conditionalem

2238 1108 2421 1141 Inritus:
2454 1114 2557 1141 πλη
2590 1110 2744 1141 linunt:

2238 1108 2423 1162 testari
2454 1114 2558 1161 non
2590 1110 2766 1165 times.

2302 1198 2464 1267 803
2502 1197 2585 1253 ΙΙΙ.
2623 1199 2860 1273 Primum
2887 1212 3013 1273 ergo
3056 1204 3181 1260 illud
3209 1222 3238 1260 a
3274 1216 3323 1262 te
3351 1211 3588 1279 requiro,
3623 1210 3804 1265 Domi-

2235 1306 2363 1343 num
2399 1290 2579 1345 Jesum
2618 1293 2888 1359 Christum
2913 1336 2925 1358 ,
2971 1298 3059 1364 qui
3102 1314 3169 1352 ex
3199 1299 3366 1355 Maria
3411 1303 3617 1372 virgine
3646 1312 3805 1359 natus

2234 1391 2334 1446 est,
2364 1382 2593 1443 hominis
2608 1378 2816 1440 "tantum
2845 1386 3061 1453 Filium,
3087 1405 3156 1444 an
3184 1393 3348 1447 etiam
3386 1394 3478 1447 Dei
3503 1395 3695 1450 Filium
3726 1398 3804 1451 di-

2235 1473 2361 1539 cas?
2386 1472 2491 1527 Sed
2519 1474 2619 1528 hoc
2648 1475 2970 1545 superﬂuum
2994 1487 3075 1533 est
3100 1495 3129 1533 a
3161 1489 3210 1534 te
3231 1497 3473 1549 qumrere
3500 1487 3641 1554 quod
3683 1502 3803 1558 pcr-

2235 1563 2477 1630 spicuum
2503 1571 2585 1618 est
2616 1572 2665 1619 te
2692 1567 2914 1632 seruire,
2943 1575 2997 1623 et
3022 1569 3203 1623 multis
3248 1573 3443 1638 verbis,
3478 1575 3605 1631 licet
3631 1578 3804 1631 inani-

565 1664 633 1717 δεῖ
660 1672 715 1717 et
736 1663 909 1731 legisti
937 1664 1133 1717 lihrum
1160 1664 1447 1732 sigillatum
1484 1674 1686 1731 septem
1711 1662 1925 1731 sigiliis,
1970 1676 2131 1732 quem
2163 1643 2209 1705 Β
2235 1663 2335 1719 ter,
2375 1656 2696 1712 confirmare
2718 1657 2950 1714 hominis
2979 1675 3098 1714 esse
3128 1668 3334 1716 tantmn
3366 1664 3579 1732 Filium,
3619 1669 3709 1737 qui
3736 1684 3801 1722 ex

566 1770 724 1808 nemo
769 1753 939 1821 potuit
967 1754 1195 1822 aperire,
1244 1754 1347 1809 nisi
1392 1753 1475 1807 leo
1505 1754 1569 1807 de
1600 1753 1740 1807 tribu
1773 1752 1928 1816 Juda,
1977 1751 2130 1821 cujus

565 1844 813 1913 potestati
842 1843 1126 1900 infeliciter
1151 1844 1297 1898 Felix
1332 1846 1586 1916 derogare
1611 1860 1714 1900 non
1740 1847 1933 1901 metuis
1957 1848 1968 1899 !
2000 1846 2134 1901 Pro-

567 1931 647 1988 fer
680 1942 857 1987 tamen
885 1934 1037 1989 nobis
1077 1936 1206 2003 quid
1246 1942 1417 1990 tecum
1449 1936 1757 2003 loqueretur
1785 1936 1924 1989 Deus
1950 1935 2033 1988 vel
2077 1936 2129 1989 in

548 2024 797 2089 ,turhine,
825 2024 905 2079 vel
937 2026 990 2078 in
1017 2024 1284 2095 Pyrena‘is
1313 2026 1536 2080 collibus
1561 2044 1573 2079 :
1622 2026 1703 2080 vel
1731 2025 1816 2078 illa
1843 2024 2131 2079 ineffabilia

565 2114 725 2167 verba
755 2131 874 2183 qua)
912 2115 1105 2169 audisti
1148 2116 1233 2171 die
1274 2116 1461 2179 nobis,
1508 2115 1591 2169 vel
1618 2115 1685 2169 de
1731 2115 1957 2184 sigillato
1994 2116 2131 2168 libro

562 2203 784 2256 osmnde
818 2203 981 2271 nobis
1015 2203 1319 2266 testimonia
1367 2204 1489 2257 novi
1535 2203 1769 2258 nominis
1806 2205 1948 2273 quod
1994 2219 2130 2260 novo

564 2289 763 2345 homini
793 2291 1047 2351 indidisti.
1089 2292 1259 2349 Credo
1281 2294 1421 2363 quod
1452 2294 1587 2348 alius
1614 2294 1834 2363 spiritus
1860 2296 1954 2351 tibi
1984 2294 2129 2350 locu-

561 2389 652 2437 tus
673 2392 757 2438 est
793 2384 1066 2441 Christum
1104 2399 1223 2441 esse
1265 2386 1593 2459 adoptivum,
1640 2387 1777 2441 alius
1817 2386 1964 2441 Isaiae
2004 2403 2130 2457 pro-

562 2476 736 2545 phette
765 2476 1043 2544 inspiravit
1080 2478 1311 2532 dicenti:
1360 2480 1427 2532 Et
1479 2480 1743 2533 vocabitur
1786 2465 1982 2534 nomen.
2011 2483 2127 2551 ejus

564 2564 874 2618 Emmanuel
902 2563 1037 2634 (Isa.
1068 2581 1164 2630 vn,
1216 2566 1303 2635 Μ)
1328 2583 1342 2630 ;
1391 2567 1474 2621 vel
1502 2568 1663 2623 etiam
1691 2569 1833 2636 quod
1862 2569 1987 2624 alibi
2014 2570 2091 2623 ait
2110 2570 2143 2623 τ’

562 2652 629 2707 Et
683 2654 946 2707 uocabiiur
980 2671 1163 2710 nomen
1211 2656 1327 2725 ejus
1382 2656 1725 2719 admirabilis,
1775 2657 2125 2724 consiliarius,

561 2740 719 2804 Deus,
751 2742 921 2809 fortis,
951 2745 1184 2812 princeps
1212 2746 1377 2813 pacis,
1403 2755 1552 2813 pater
1578 2745 1744 2814 futuri
1773 2746 1952 2800 δίει-ιιιὶ
1990 2747 2124 2815 (lsa.

560 2845 635 2892 lx,
686 2830 761 2897 6).
809 2831 875 2884 Et
900 2831 1034 2885 alius
1060 2833 1280 2899 spiritus
1325 2834 1419 2889 tibi
1443 2834 1661 2889 dictavit
1690 2834 1965 2892 Christum
1992 2855 2130 2893 nun-

559 2922 863 2990 eupativum
889 2938 1009 2977 esse
1035 2922 1221 2989 Deum,
1252 2924 1390 2979 alius
1414 2926 1567 2979 alteri
1591 2928 1865 2995 propheta:
1890 2931 2121 2985 dicenti:

560 3010 622 3064 Si
660 3012 816 3080 a/ﬂgit
859 3012 1011 3066 homo
1046 3012 1215 3065 Deum
1256 3030 1431 3078 suum,
1478 3016 1601 3085 quia
1647 3032 1733 3069 vos
1783 3017 1997 3086 aﬁigetis
2045 3035 2125 3073 me

556 3101 813 3171 (Μαιατιι.
854 3118 937 3169 ut,
966 3093 1040 3177 8).
1086 3104 1333 3175 Nunquid
1378 3105 1483 3161 non
1513 3105 1624 3161 haec
1667 3122 1769 3161 vox
1796 3108 1994 3163 Christi
2025 3125 2124 3179 po—

558 3191 661 3245 tuit
684 3206 821 3256 esse,
848 3196 1061 3263 quando
1082 3196 1278 3251 ductus
1300 3203 1384 3251 est
1409 3196 1476 3252 ad
1502 3212 1741 3265 crucem,
1785 3200 1937 3268 quasi
1959 3200 2125 3256 dixis-

558 3291 677 3338 set:
710 3284 838 3349 Cur,
868 3301 1069 3355 quaeso,
1088 3286 1089 3289 “
1111 3288 1523 3359 Redemptorem
1563 3298 1803 3345 vestrum
1830 3308 1937 3347 non
1961 3308 2126 3362 agno-

558 3375 749 3429 scitis?
774 3374 884 3430 Cur
906 3375 1070 3431 Deum
1096 3377 1338 3433 indutum
1367 3394 1466 3449 pro
1491 3379 1642 3433 vobis
1661 3394 1821 3433 carne
1862 3384 2124 3453 nescitis?

557 3463 823 3520 Salvatori
864 3475 1039 3522 vestro
1074 3484 1259 3523 necem
1302 3470 1523 3538 paratis.
1572 3467 1860 3525 Auctorem
1889 3472 2014 3525 vita:
2057 3473 2124 3527 ad

554 3566 784 3615 mortem
824 3558 1056 3613 ducitis:
1096 3559 1237 3615 Dens
1264 3572 1440 3616 vester
1462 3577 1602 3629 sum,
1650 3575 1810 3631 quem
1846 3562 2124 3630 suspendi-

555 3650 623 3705 tis
649 3668 661 3703 :
692 3649 831 3705 Deus
860 3658 1056 3717 vester,
1082 3665 1241 3720 quem
1286 3652 1620 3721 crucifigitis.
1670 3650 2002 3722 Quis,‘rogo,
2036 3653 2123 3706 hic

551 3754 721 3803 error,
773 3749 866 3795 aut
898 3757 1016 3812 qua:
1055 3743 1261 3797 insania
1300 3745 1427 3798 est?
1475 3734 1535 3799 Si
1572 3745 1730 3814 aﬂigit
1770 3745 1923 3799 homo
1953 3743 2122 3797 Deum

553 3846 725 3893 suum,
749 3832 869 3898 quia
900 3848 985 3884 eos
1011 3833 1213 3902 aﬂigitis
1239 3851 1338 3887 me.
1387 3834 1547 3889 Vides
1572 3835 1840 3904 quomodo
1866 3851 1967 3890 vox
2008 3836 2123 3890 haec

553 3919 786 3987 ipsarum
810 3918 1216 3987 quodammodo,
1244 3941 1363 3993 qua:
1378 3936 1497 3981 acta
1525 3935 1668 3991 sunt,
1702 3942 1880 3982 rerum
1902 3943 2003 3982 vox
2026 3928 2115 3982 sit.

484 4048 485 4051 η
555 4006 798 4075 Nunquid
827 4010 1130 4077 expressius
1158 4013 1448 4081 quidquam
1476 4024 1569 4070 aut
1610 4017 1946 4072 manifestius
1961 4034 2120 4086 qua:-

552 4098 660 4152 ris?
683 4097 840 4153 Vides
866 4099 1133 4168 quomodo
1164 4101 1464 4156 testimonia
1486 4118 1640 4157 sacra
1668 4113 1851 4158 natum
1877 4107 1931 4160 in
1956 4121 2120 4161 carne

551 4188 832 4247 Dominum
858 4187 1039 4244 Jesum
1075 4186 1345 4245 Christum
1381 4191 1449 4246 ab
1472 4191 1605 4260 ipsis
1626 4193 2020 4260 quodammodo
2044 4196 2122 4249 in-

547 4279 843 4345 cunabulis,
892 4295 1060 4352 usque
1094 4280 1163 4336 ad
1200 4295 1416 4336 erucem
1461 4297 1622 4352 quam
1650 4282 1890 4351 pertulit,
1932 4297 2117 4351 prose-

547 4378 670 4434 cuta
696 4379 855 4437 sunt:
886 4387 1007 4426 cum
1038 4374 1220 4443 utique
1249 4372 1417 4439 illum,
1447 4387 1605 4444 quem
1630 4374 1797 4429 lsaias
1825 4374 2109 4428 Dominum

546 4459 600 4513 in
623 4473 785 4513 carne
810 4461 953 4515 nasci
982 4463 1325 4530 praedicavit;
1358 4465 1448 4519 hic
1467 4463 1634 4519 Deum
1665 4465 1719 4518 in
1748 4480 1908 4520 cruce
1933 4463 2110 4520 videat

546 4544 705 4615 afligi.
755 4546 823 4601 Et
844 4548 963 4602 ideo
986 4563 1016 4601 a
1040 4552 1299 4619 propheta
1326 4560 1381 4605 et
1415 4551 1522 4606 illic
1548 4553 1639 4608 ubi
1674 4560 1833 4608 natus
1857 4561 1941 4609 est
1967 4553 2110 4609 Deus

544 4640 757 4703 dicitur,
793 4647 850 4694 et
873 4639 981 4694 illic
1002 4641 1094 4694 ubi
1119 4642 1408 4696 crucifixus
1435 4653 1519 4698 est
1544 4644 1686 4699 Deus
1708 4643 2107 4699 evidentissime

543 4730 869 4785 nominatur.
918 4728 1231 4785 Certissime
1271 4730 1408 4785 alius
1448 4732 1669 4801 angelus
1699 4733 1795 4787 tibi
1822 4734 2107 4787 dormienti

542 4825 596 4878 in
641 4824 845 4880 somnis
879 4822 1161 4893 apparuit,
1207 4822 1345 4877 alius
1384 4820 1579 4892 Ioseph
1624 4824 1742 4878 viro
1792 4822 2007 4879 Mariae:
2056 4831 2109 4878 et

541 4915 683 4970 aliud
713 4915 809 4971 tibi
837 4928 1031 4976 nomen
1060 4912 1477 4977 demonstravit,
1524 4912 1667 4966 aliud
1698 4912 1772 4967 illi
1798 4929 1812 4975 ;
1844 4912 1926 4966 vel
1972 4912 2108 4966 alius

540 5022 645 5062 non
671 5004 907 5070 Gabriel,
944 5005 1037 5060 sed
1071 5006 1284 5075 ignotus
1322 5001 1547 5073 quilibet
1582 5005 1801 5060 nuntius
1840 5005 1934 5059 tibi
1975 5004 2108 5073 vigi-

540 5095 674 5163 lanti
728 5095 900 5155 astitit
955 5108 1248 5160 susurrans
1294 5092 1350 5151 in
1391 5106 1602 5155 aurem.
1660 5092 1852 5158 Hunc,
1911 5093 2103 5162 inquit,

541 5199 784 5256 puerum,
814 5183 905 5252 qui
925 5192 1081 5237 natus
1104 5191 1188 5247 est
1207 5182 1275 5251 de
1303 5181 1542 5252 Virgine,
1577 5182 1883 5252 adoptivum
1912 5196 2105 5238 vocare

520 5276 829 5328 memento.
882 5268 989 5326 Sed
1022 5264 1163 5326 alius
1200 5270 1528 5339 beatissima:
1566 5270 1774 5342 Virgini
1814 5270 2006 5335 astitit,
2050 5275 2106 5323 et

533 5367 644 5434 jam
692 5379 801 5421 non
840 5361 1127 5434 quislibet,
1178 5361 1274 5417 sed
1318 5360 1534 5420 Gabriel
1570 5363 1921 5434 archangelus
1957 5362 2103 5418 clara

536 5468 667 5511 noce
692 5454 1077 5525 pronuntians:
1122 5453 1348 5523 Spiritus
1372 5464 1579 5509 sanctus
1617 5456 1931 5523 superveniet
1960 5456 2012 5507 in
2033 5464 2101 5514 te,
2127 5467 2130 5469 λ

541 5559 583 5599 et
618 5548 774 5599 uirtus
805 5545 1047 5601 ditissimi
1069 5547 1388 5619 obumbrabit
1414 5547 1545 5602 tibi:
1572 5548 1785 5616 ideoque
1809 5556 1853 5601 et
1878 5546 2015 5617 quod
2041 5562 2104 5608 es)

2236 1745 2451 1816 Virgine
2478 1755 2636 1800 natus
2662 1756 2762 1812 est,
2790 1758 2845 1802 et
2871 1766 2977 1803 non
3022 1750 3137 1816 Dei,
3170 1753 3274 1806 nisi
3320 1770 3416 1823 per
3440 1756 3800 1825 adoptionem.

2231 1835 2341 1891 Nos
2369 1846 2570 1903 autem,
2602 1839 2654 1893 id
2679 1848 2793 1904 est,
2817 1841 3206 1897 catholicorum
3231 1847 3469 1901 omnium
3500 1848 3652 1915 fides,
3684 1865 3797 1913 nos,

2231 1925 2470 1994 inquam,
2511 1943 2697 1983 omnes
2723 1938 3007 2000 utrumque
3050 1941 3105 1986 et
3143 1934 3413 1989 credimus
3458 1938 3804 2008 etpintelligi-

2232 2029 2371 2079 mus,
2401 2024 2457 2070 et
2498 2017 2698 2072 scimus
2723 2027 2776 2073 ct
2803 2020 3142 2087 confitemur,
3179 2026 3322 2092 quod
3366 2034 3421 2081 et
3460 2028 3693 2083 hominis
3721 2038 3805 2085 est

2231 2103 2414 2169 Filius,
2439 2106 2533 2174 qui
2561 2121 2626 2161 ex
2655 2108 2869 2162 homine
2899 2120 3056 2165 natus
3084 2120 3187 2176 est,
3208 2121 3261 2167 et
3284 2114 3379 2170 Dei
3410 2116 3596 2183 Filius,
3623 2119 3712 2188 qui
3734 2135 3801 2175 ex

2232 2192 2433 2261 Spiritu
2454 2203 2642 2250 sancto
2670 2206 2958 2269 conceptus
2984 2210 3085 2255 est.
3116 2203 3194 2255 Tu
3216 2219 3346 2275 ergo
3370 2205 3453 2261 vel
3493 2214 3801 2279 utrumque,
3851 2258 3857 2267 .

2231 2280 2285 2336 id
2312 2290 2415 2345 est,
2445 2282 2539 2337 Dei
2566 2284 2760 2339 Filium
2783 2294 2943 2355 atque
2964 2297 3019 2342 et
3037 2291 3290 2357 hominis,
3317 2308 3384 2347 an
3402 2302 3607 2350 tantum
3633 2299 3803 2353 homi-

2230 2372 2314 2426 nis
2352 2387 2471 2428 esse
2510 2376 2744 2430 asseris?
2779 2376 2833 2430 Si
2861 2387 3064 2433 tantum
3092 2382 3344 2450 hominis,
3385 2388 3679 2443 reclamant
3707 2391 3801 2445 tibi

2230 2463 2476 2532 apostoli,
2503 2465 2798 2521 reclamant
2827 2471 3117 2538 propheta),
3136 2474 3393 2530 reclamat
3413 2478 3643 2547 denique
3664 2480 3798 2548 ipse,

2229 2569 2326 2622 per
2339 2569 2496 2622 quem
2516 2554 2656 2609 facta
2675 2566 2757 2611 est
2784 2562 3081 2628 conceptio,
3098 2562 3331 2631 Spiritus
3351 2576 3585 2621 sanctus.
3611 2566 3803 2623 Obrui-

2229 2649 2320 2695 tur
2363 2643 2879 2712 impudentissimum
2928 2664 2989 2702 os
3043 2659 3191 2707 tuum
3243 2656 3451 2728 cunctis
3495 2657 3798 2715 divinorum

2230 2733 2439 2802 apicum
2494 2737 2845 2804 testimoniis;
2896 2741 3143 2809 obruitur
3183 2746 3352 2799 sacris
3406 2746 3796 2816 voluminibus,

2230 2826 2431 2880 sanctis
2467 2829 2723 2894 testibus;
2779 2832 3029 2887 obruitur
3073 2834 3301 2904 denique
3343 2838 3457 2909 ipso
3502 2840 3597 2895 Dei
3625 2843 3800 2897 Evan-

2212 2915 2390 2986 gelia,
2425 2918 2578 2985 quasi
2601 2919 2777 2973 divina
2804 2937 2962 2976 manu
2991 2924 3173 2979 multis
3200 2926 3253 2980 in
3280 2927 3413 2985 locis
3440 2934 3673 2987 maxime
3696 2949 3796 3002 pa-

2153 2987 2198 3050 C
2228 3012 2380 3059 terna
2410 3020 2538 3071 voce
2560 3007 2625 3059 de
2649 3007 2820 3073 caelis,
2837 3017 2889 3063 et
2919 3010 3082 3079 ipsius
3108 3016 3412 3071 testimonio
3437 3018 3502 3073 de
3527 3035 3634 3089 quo
3655 3037 3797 3077 nunc

2224 3096 2380 3159 nobis
2408 3110 2584 3151 sermo
2618 3106 2719 3153 est.
2748 3097 2976 3156 Damnat
2996 3112 3049 3158 et
3082 3105 3196 3175 ipse
3222 3101 3574 3177 archangelus
3601 3125 3789 3166 vocem

2225 3186 2553 3265 incredulum
2578 3188 2631 3241 in
2671 3196 2742 3252 te,
2777 3191 2866 3259 qui
2887 3193 3084 3260 virtute
3108 3196 3190 3249 sui
3218 3197 3483 3252 sermonis
3519 3200 3712 3255 clausit
3740 3202 3814 3254 in~

2224 3277 2483 3355 Zacharia
2510 3294 2571 3335 os
2595 3278 2927 3336 incredulum
2962 3301 2973 3335 :
3007 3284 3175 3340 multo
3226 3288 3398 3358 magis
3424 3297 3479 3342 et
3507 3290 3560 3343 in
3602 3299 3675 3357 te,
3705 3290 3796 3361 qui

2224 3386 2324 3431 nec
2371 3368 2467 3425 Dei
2515 3369 2689 3426 Patris
2740 3372 3045 3440 testimonio
3084 3377 3149 3431 de
3192 3377 3331 3432 Filio
3383 3396 3481 3435 suo
3526 3383 3792 3448 testantis,

2223 3472 2322 3518 nec
2372 3464 2678 3533 apostolicis
2725 3466 3021 3534 doctrinis,
3062 3484 3161 3524 nec
3216 3473 3538 3542 propheticis
3591 3490 3791 3543 prtesa-

2221 3554 2361 3624 giis,
2412 3571 2511 3610 nee
2570 3556 2823 3627 angelicis
2870 3558 3121 3615 affatibus
3177 3562 3482 3618 consentire
3527 3563 3645 3627 vis,
3699 3566 3793 3619 sed

2221 3654 2343 3721 post
2367 3645 2479 3700 haec
2500 3648 2741 3701 veritatis
2762 3650 3062 3703 testimonia
3090 3665 3285 3703 novum
3316 3666 3508 3707 nomen
3532 3651 3625 3706 Dei
3654 3652 3791 3708 Filio

2224 3746 2345 3785 cum
2373 3734 2559 3801 paucis
2584 3735 2869 3802 Hispaniis,
2895 3752 3002 3790 non
3031 3738 3151 3792 dico
3174 3738 3506 3803 doctoribus,
3530 3741 3624 3795 sed
3653 3744 3793 3797 veri-

2223 3822 2352 3877 tatis
2375 3822 2763 3887 desertoribus,’
2784 3824 3057 3895 imponere
3078 3829 3377 3895 praesumis.
3403 3828 3788 3887 Convertimini

2221 3912 2537 3983 quandoque
2589 3914 2657 3968 ad
2710 3915 2930 3970 unitatis
2977 3918 3253 3981 catholica:
3302 3923 3663 3989 concordiam,
3712 3932 3788 3987 et,

2218 4006 2347 4061 dum
2374 4004 2547 4060 adhuc
2586 4004 2764 4060 lumen
2812 4007 3045 4072 habetis,
3074 4010 3295 4076 currite,
3322 4028 3390 4068 ne
3428 4029 3525 4068 vos
3553 4015 3789 4070 tenebras

2218 4097 2619 4167 apprehendant
2652 4112 2667 4149 :
2694 4103 2754 4149 ut
2796 4097 2915 4152 sitis
2944 4114 3041 4167 per
3064 4099 3215 4155 illum
3242 4101 3786 4170 adoptionefilioruni

2219 4188 2384 4257 digni,
2424 4189 2515 4256 qui
2557 4197 2639 4241 est
2678 4204 2838 4242 verus
2877 4188 3045 4241 Filius
3074 4190 3192 4254 Dei,
3231 4190 3324 4257 qui
3348 4192 3416 4243 in
3459 4191 3786 4258 plenitudine

2219 4278 2516 4334 divinitatis
2538 4285 2697 4333 natus
2724 4285 2805 4331 est
2835 4277 3103 4345 perfectus
3130 4279 3573 4347 Deus,perfectus
3586 4283 3780 4340 homo:

2218 4378 2360 4426 totus
2402 4372 2563 4436 Deus,
2595 4379 2739 4427 totus
2766 4372 2959 4435 homo;
3014 4379 3158 4426 totus
3193 4372 3360 4427 Filius
3394 4373 3507 4439 Dei,
3538 4382 3593 4429 et
3638 4382 3781 4432 totus

2213 4462 2352 4518 ﬁlius
2398 4462 2649 4518 hominis.
2691 4461 2756 4517 Et
2784 4447 2978 4518 nomen
3007 4464 3146 4531 quod
3191 4464 3410 4535 angelus
3458 4466 3781 4536 concipienti

2210 4555 2414 4625 Virgini
2442 4555 2710 4623 praedixit,
2739 4556 2793 4610 id
2837 4564 2922 4610 est
2959 4553 3152 4608 Filium
3180 4556 3299 4621 Dei,
3341 4556 3649 4611 ﬁrmissime
3685 4563 3777 4611 ἰε-
3810 4612 3813 4613 ν

2210 4652 2369 4708 nete,
2416 4644 2621 4699 credite
2678 4651 2734 4698 et
2776 4645 3085 4714 praedicate.
3140 4644 3235 4699 Dei
3284 4645 3427 4699 enim
3478 4644 3647 4699 Filius
3690 4643 3780 4699 Je-

2209 4748 2302 4788 sus
2357 4731 2605 4788 Christus
2656 4741 2766 4797 est,
2824 4733 2915 4803 qui
2972 4741 3027 4787 et
3073 4733 3141 4787 de
3194 4734 3473 4788 divinitate
3523 4734 3772 4804 genitus,

2209 4830 2263 4876 et
2309 4822 2376 4876 de
2422 4823 2698 4878 divinitate
2750 4810 3038 4891 ceneeptus
3078 4831 3180 4877 est.
3214 4822 3273 4877 Si
3316 4830 3496 4877 autem
3546 4823 3639 4881 Dei
3686 4823 3775 4879 Fi-

2209 4910 2343 4973 lius,
2389 4926 2518 4981 ergo
2555 4910 2920 4973 indubitanter
2968 4909 3110 4964 Deus
3162 4928 3173 4963 :
3223 4910 3267 4964 si
3311 4926 3439 4966 vero
3475 4912 3634 4980 Deus,
3669 4915 3775 4969 uti-

2206 5015 2311 5070 que
2356 5000 2500 5055 omni
2548 5000 2773 5056 veritate
2804 4998 3030 5069 plenus,
3084 5000 3209 5069 quia
3260 5002 3433 5071 gratia
3466 5009 3521 5058 et
3574 5004 3775 5060 veritas

2206 5106 2303 5160 per
2325 5089 2505 5146 Iesum
2534 5089 2807 5145 Christum
2836 5090 2973 5144 facta
3001 5098 3084 5143 est
3129 5089 3309 5159 (Joan.
3348 5109 3395 5158 ι,
3428 5095 3538 5165 17).
3583 5094 3775 5151 Omnis

2206 5196 2336 5253 ergo
2381 5182 2436 5237 in
2485 5194 2565 5239 eo.
2599 5180 2800 5251 gratia,
2840 5182 3016 5236 omnis
3054 5184 3283 5251 veritas,
3332 5188 3507 5247 omnis
3552 5188 3725 5243 virtus
3752 5228 3767 5251 ,

2205 5275 2383 5329 omnis
2432 5272 2726 5343 potentia,
2752 5270 2929 5328 omnis
2977 5274 3256 5340 divinitas,
3306 5279 3485 5341 omnis
3542 5278 3772 5351 denique

2207 5364 2501 5419 divinitatis
2544 5378 2607 5418 ac
2664 5362 2957 5433 majestatis
3008 5366 3175 5437 ipsius
3221 5369 3497 5440 plenitudo
3529 5384 3652 5425 cum
3703 5381 3769 5423 eo

2206 5467 2365 5524 atque
2396 5455 2447 5507 in
2477 5468 2541 5507 eo
2570 5468 2779 5520 semper
2802 5452 2920 5517 fuit,
2945 5457 3057 5510 sive
3084 5459 3135 5513 in
3175 5458 3330 5522 cmlo,
3363 5459 3478 5513 sive
3500 5459 3555 5512 in
3600 5466 3763 5519 terra,

2207 5548 2317 5606 sive
2340 5546 2391 5603 in
2417 5552 2587 5609 utero,
2618 5545 2727 5598 sive
2751 5545 2801 5598 in
2822 5556 2959 5601 ortu.
2997 5548 3140 5604 Nihil
3165 5565 3398 5620 unquam
3419 5551 3534 5606 Deo
3568 5551 3633 5606 de
3658 5549 3763 5604 Deo
