  <div class='ocr_page' id='page_1' title='image "/cluster/home/n/w/nwhite01/storage/ocr_20150623/101/uva.x000834944/082.png"; bbox 0 0 4228 6304; ppageno 0'>
   <div class='ocr_carea' id='block_1_1' title="bbox 390 385 489 441">
    <p class='ocr_par' dir='ltr' id='par_1_1' title="bbox 390 385 489 441">
     <span class='ocr_line' id='line_1_1' title="bbox 390 385 489 441; baseline 0 0"><span class='ocrx_word' id='word_1_1' title='bbox 390 385 489 441; x_wconf 74' lang='lat' dir='ltr'><strong>M9</strong></span> 
     </span>
    </p>
   </div>
   <div class='ocr_carea' id='block_1_2' title="bbox 1122 363 2848 471">
    <p class='ocr_par' dir='ltr' id='par_1_2' title="bbox 1122 363 2848 471">
     <span class='ocr_line' id='line_1_2' title="bbox 1122 363 2848 471; baseline -0.008 -37"><span class='ocrx_word' id='word_1_2' title='bbox 1122 373 1528 471; x_wconf 56' lang='lat' dir='ltr'><strong>DCCIIATICA‘.</strong></span> <span class='ocrx_word' id='word_1_3' title='bbox 1563 404 1627 414; x_wconf 88' lang='lat'><strong>—-—</strong></span> <span class='ocrx_word' id='word_1_4' title='bbox 1650 372 1806 425; x_wconf 70' lang='lat' dir='ltr'><strong>ADV.</strong></span> <span class='ocrx_word' id='word_1_5' title='bbox 1847 370 2136 426; x_wconf 71' lang='lat' dir='ltr'><strong>FELICEM</strong></span> <span class='ocrx_word' id='word_1_6' title='bbox 2180 368 2355 422; x_wconf 81' lang='lat' dir='ltr'>LIBRI</span> <span class='ocrx_word' id='word_1_7' title='bbox 2395 369 2505 435; x_wconf 60' lang='lat' dir='ltr'>VII,</span> <span class='ocrx_word' id='word_1_8' title='bbox 2529 399 2595 408; x_wconf 89' lang='lat'><strong>-—</strong></span> <span class='ocrx_word' id='word_1_9' title='bbox 2620 363 2743 421; x_wconf 87' lang='lat' dir='ltr'>LIB.</span> <span class='ocrx_word' id='word_1_10' title='bbox 2789 368 2848 421; x_wconf 88' lang='lat' dir='ltr'><strong>ll.</strong></span> 
     </span>
    </p>
   </div>
   <div class='ocr_carea' id='block_1_3' title="bbox 3503 356 3643 450">
    <p class='ocr_par' dir='ltr' id='par_1_3' title="bbox 3503 356 3643 450">
     <span class='ocr_line' id='line_1_3' title="bbox 3503 356 3643 450; baseline -0.021 -36"><span class='ocrx_word' id='word_1_11' title='bbox 3503 356 3602 414; x_wconf 74' lang='grc'><strong>150</strong></span> <span class='ocrx_word' id='word_1_12' title='bbox 3636 444 3643 450; x_wconf 53' lang='lat'><strong>_</strong></span> 
     </span>
    </p>
   </div>
   <div class='ocr_carea' id='block_1_4' title="bbox 384 478 3603 566">
    <p class='ocr_par' dir='ltr' id='par_1_4' title="bbox 384 478 3603 566">
     <span class='ocr_line' id='line_1_4' title="bbox 384 478 3603 566; baseline -0.008 -9"><span class='ocrx_word' id='word_1_13' title='bbox 384 502 583 564; x_wconf 82' lang='lat' dir='ltr'><strong>defuit;</strong></span> <span class='ocrx_word' id='word_1_14' title='bbox 635 511 845 566; x_wconf 78' lang='lat' dir='ltr'><strong>semper</strong></span> <span class='ocrx_word' id='word_1_15' title='bbox 887 494 1028 549; x_wconf 87' lang='lat' dir='ltr'><strong>enim</strong></span> <span class='ocrx_word' id='word_1_16' title='bbox 1064 507 1186 547; x_wconf 88' lang='lat' dir='ltr'><strong>cum</strong></span> <span class='ocrx_word' id='word_1_17' title='bbox 1230 492 1340 545; x_wconf 90' lang='lat' dir='ltr'><strong>Deo</strong></span> <span class='ocrx_word' id='word_1_18' title='bbox 1395 489 1595 552; x_wconf 65' lang='lat' dir='ltr'><strong>dei‘tas;</strong></span> <span class='ocrx_word' id='word_1_19' title='bbox 1618 562 1619 565; x_wconf 14' lang='grc' dir='ltr'><strong>η</strong></span> <span class='ocrx_word' id='word_1_20' title='bbox 1642 500 1853 555; x_wconf 90' lang='lat' dir='ltr'><strong>semper</strong></span> <span class='ocrx_word' id='word_1_21' title='bbox 1891 485 1944 538; x_wconf 91' lang='lat' dir='ltr'><strong>in</strong></span> <span class='ocrx_word' id='word_1_22' title='bbox 1975 493 2023 550; x_wconf 69' lang='grc' dir='ltr'>Α</span> <span class='ocrx_word' id='word_1_23' title='bbox 2049 482 2184 537; x_wconf 92' lang='lat' dir='ltr'><strong>libro</strong></span> <span class='ocrx_word' id='word_1_24' title='bbox 2210 483 2275 536; x_wconf 92' lang='lat' dir='ltr'><strong>de</strong></span> <span class='ocrx_word' id='word_1_25' title='bbox 2297 482 2565 551; x_wconf 88' lang='lat' dir='ltr'><strong>Baptismo</strong></span> <span class='ocrx_word' id='word_1_26' title='bbox 2594 482 2933 549; x_wconf 70' lang='lat' dir='ltr'><strong>parvulorum</strong></span> <span class='ocrx_word' id='word_1_27' title='bbox 2960 481 3033 533; x_wconf 90' lang='lat' dir='ltr'><strong>ait</strong></span> <span class='ocrx_word' id='word_1_28' title='bbox 3062 492 3084 519; x_wconf 75' lang='grc' dir='ltr'>α</span> <span class='ocrx_word' id='word_1_29' title='bbox 3120 497 3130 531; x_wconf 93' lang='lat'>:</span> <span class='ocrx_word' id='word_1_30' title='bbox 3169 498 3186 529; x_wconf 75' lang='grc' dir='ltr'><strong><em>ι</em></strong></span> <span class='ocrx_word' id='word_1_31' title='bbox 3224 478 3325 532; x_wconf 80' lang='lat' dir='ltr'><strong>Per</strong></span> <span class='ocrx_word' id='word_1_32' title='bbox 3349 478 3603 531; x_wconf 83' lang='lat' dir='ltr'><strong>unitatem</strong></span> 
     </span>
    </p>
   </div>
   <div class='ocr_carea' id='block_1_5' title="bbox 386 562 3602 662">
    <p class='ocr_par' dir='ltr' id='par_1_5' title="bbox 386 562 3602 662">
     <span class='ocr_line' id='line_1_5' title="bbox 386 562 3602 662; baseline -0.009 -12"><span class='ocrx_word' id='word_1_33' title='bbox 386 592 525 652; x_wconf 86' lang='lat' dir='ltr'><strong>Filio</strong></span> <span class='ocrx_word' id='word_1_34' title='bbox 547 562 843 662; x_wconf 76' lang='lat' dir='ltr'><strong>proprietas</strong></span> <span class='ocrx_word' id='word_1_35' title='bbox 868 601 881 639; x_wconf 94' lang='lat'>:</span> <span class='ocrx_word' id='word_1_36' title='bbox 910 586 1050 639; x_wconf 89' lang='lat' dir='ltr'><strong>idem</strong></span> <span class='ocrx_word' id='word_1_37' title='bbox 1086 585 1137 637; x_wconf 89' lang='lat' dir='ltr'><strong>in</strong></span> <span class='ocrx_word' id='word_1_38' title='bbox 1169 581 1402 637; x_wconf 80' lang='lat' dir='ltr'><strong>hominis</strong></span> <span class='ocrx_word' id='word_1_39' title='bbox 1439 562 1729 648; x_wconf 78' lang='lat' dir='ltr'><strong>exiguitate</strong></span> <span class='ocrx_word' id='word_1_40' title='bbox 1772 575 1860 643; x_wconf 86' lang='lat' dir='ltr'><strong>qui</strong></span> <span class='ocrx_word' id='word_1_41' title='bbox 1893 573 1944 626; x_wconf 91' lang='lat' dir='ltr'><strong>in</strong></span> <span class='ocrx_word' id='word_1_42' title='bbox 2044 589 2172 628; x_wconf 87' lang='lat' dir='ltr'><strong>vero</strong></span> <span class='ocrx_word' id='word_1_43' title='bbox 2201 586 2464 643; x_wconf 79' lang='lat' dir='ltr'><strong>persome,</strong></span> <span class='ocrx_word' id='word_1_44' title='bbox 2497 573 2620 642; x_wconf 90' lang='lat' dir='ltr'><strong>quia</strong></span> <span class='ocrx_word' id='word_1_45' title='bbox 2661 571 2842 642; x_wconf 76' lang='lat' dir='ltr'><strong>[Aug.,</strong></span> <span class='ocrx_word' id='word_1_46' title='bbox 2872 570 2999 643; x_wconf 81' lang='lat' dir='ltr'><strong>qua]</strong></span> <span class='ocrx_word' id='word_1_47' title='bbox 3041 579 3265 638; x_wconf 89' lang='lat' dir='ltr'><strong>utraque</strong></span> <span class='ocrx_word' id='word_1_48' title='bbox 3307 569 3602 624; x_wconf 85' lang='lat' dir='ltr'><strong>substantia</strong></span> 
     </span>
    </p>
   </div>
   <div class='ocr_carea' id='block_1_6' title="bbox 388 667 1945 753">
    <p class='ocr_par' dir='ltr' id='par_1_6' title="bbox 388 667 1945 753">
     <span class='ocr_line' id='line_1_6' title="bbox 388 667 1945 753; baseline -0.017 -10"><span class='ocrx_word' id='word_1_49' title='bbox 388 685 484 742; x_wconf 82' lang='lat' dir='ltr'><strong>Dei</strong></span> <span class='ocrx_word' id='word_1_50' title='bbox 514 682 808 753; x_wconf 81' lang='lat' dir='ltr'><strong>majestate.</strong></span> <span class='ocrx_word' id='word_1_51' title='bbox 841 678 909 732; x_wconf 85' lang='lat' dir='ltr'><strong>Et</strong></span> <span class='ocrx_word' id='word_1_52' title='bbox 934 677 1053 731; x_wconf 89' lang='lat' dir='ltr'><strong>ideo</strong></span> <span class='ocrx_word' id='word_1_53' title='bbox 1084 677 1217 729; x_wconf 86' lang='lat' dir='ltr'><strong>bene</strong></span> <span class='ocrx_word' id='word_1_54' title='bbox 1252 670 1554 743; x_wconf 83' lang='lat' dir='ltr'><strong>Apostolus,</strong></span> <span class='ocrx_word' id='word_1_55' title='bbox 1585 667 1785 723; x_wconf 83' lang='lat' dir='ltr'><strong>Christi</strong></span> <span class='ocrx_word' id='word_1_56' title='bbox 1821 680 1945 734; x_wconf 87' lang='lat' dir='ltr'><strong>gra-</strong></span> 
     </span>
    </p>
   </div>
   <div class='ocr_carea' id='block_1_7' title="bbox 388 757 1947 835">
    <p class='ocr_par' dir='ltr' id='par_1_7' title="bbox 388 757 1947 835">
     <span class='ocr_line' id='line_1_7' title="bbox 388 757 1947 835; baseline -0.013 -6"><span class='ocrx_word' id='word_1_57' title='bbox 388 777 519 831; x_wconf 88' lang='lat' dir='ltr'><strong>tiam</strong></span> <span class='ocrx_word' id='word_1_58' title='bbox 544 774 844 833; x_wconf 88' lang='lat' dir='ltr'><strong>nominans,</strong></span> <span class='ocrx_word' id='word_1_59' title='bbox 889 769 981 822; x_wconf 86' lang='lat' dir='ltr'><strong>Dei</strong></span> <span class='ocrx_word' id='word_1_60' title='bbox 1013 766 1237 835; x_wconf 80' lang='lat' dir='ltr'><strong>gratiam</strong></span> <span class='ocrx_word' id='word_1_61' title='bbox 1287 760 1596 823; x_wconf 85' lang='lat' dir='ltr'><strong>nominavit,</strong></span> <span class='ocrx_word' id='word_1_62' title='bbox 1641 759 1765 828; x_wconf 88' lang='lat' dir='ltr'><strong>quia</strong></span> <span class='ocrx_word' id='word_1_63' title='bbox 1793 757 1947 822; x_wconf 86' lang='lat' dir='ltr'><strong>Chri-</strong></span> 
     </span>
    </p>
   </div>
   <div class='ocr_carea' id='block_1_8' title="bbox 390 848 1947 927">
    <p class='ocr_par' dir='ltr' id='par_1_8' title="bbox 390 848 1947 927">
     <span class='ocr_line' id='line_1_8' title="bbox 390 848 1947 927; baseline -0.014 -7"><span class='ocrx_word' id='word_1_64' title='bbox 390 874 506 921; x_wconf 86' lang='lat' dir='ltr'><strong>stus</strong></span> <span class='ocrx_word' id='word_1_65' title='bbox 554 871 723 917; x_wconf 89' lang='lat' dir='ltr'><strong>totum</strong></span> <span class='ocrx_word' id='word_1_66' title='bbox 758 868 873 915; x_wconf 87' lang='lat' dir='ltr'><strong>erat</strong></span> <span class='ocrx_word' id='word_1_67' title='bbox 912 856 1246 927; x_wconf 90' lang='lat' dir='ltr'><strong>quod-Deus.</strong></span> <span class='ocrx_word' id='word_1_68' title='bbox 1299 852 1484 908; x_wconf 86' lang='lat' dir='ltr'><strong>Omnis</strong></span> <span class='ocrx_word' id='word_1_69' title='bbox 1523 852 1577 906; x_wconf 91' lang='lat' dir='ltr'><strong>in</strong></span> <span class='ocrx_word' id='word_1_70' title='bbox 1624 850 1735 919; x_wconf 78' lang='lat' dir='ltr'><strong>ipsa</strong></span> <span class='ocrx_word' id='word_1_71' title='bbox 1766 848 1947 902; x_wconf 78' lang='lat' dir='ltr'><strong>statim</strong></span> 
     </span>
    </p>
   </div>
   <div class='ocr_carea' id='block_1_9' title="bbox 393 939 1943 1019">
    <p class='ocr_par' dir='ltr' id='par_1_9' title="bbox 393 939 1943 1019">
     <span class='ocr_line' id='line_1_9' title="bbox 393 939 1943 1019; baseline -0.014 -8"><span class='ocrx_word' id='word_1_72' title='bbox 393 954 625 1012; x_wconf 78' lang='lat' dir='ltr'><strong>hominis</strong></span> <span class='ocrx_word' id='word_1_73' title='bbox 667 950 1011 1019; x_wconf 87' lang='lat' dir='ltr'><strong>conceptione</strong></span> <span class='ocrx_word' id='word_1_74' title='bbox 1063 947 1158 1001; x_wconf 86' lang='lat' dir='ltr'><strong>Dei</strong></span> <span class='ocrx_word' id='word_1_75' title='bbox 1203 946 1411 1007; x_wconf 87' lang='lat' dir='ltr'><strong>virtus,</strong></span> <span class='ocrx_word' id='word_1_76' title='bbox 1461 942 1634 997; x_wconf 89' lang='lat' dir='ltr'><strong>omnis</strong></span> <span class='ocrx_word' id='word_1_77' title='bbox 1663 939 1943 1000; x_wconf 75' lang='lat' dir='ltr'><strong>divinitas,</strong></span> 
     </span>
    </p>
   </div>
   <div class='ocr_carea' id='block_1_10' title="bbox 393 1030 1950 1108">
    <p class='ocr_par' dir='ltr' id='par_1_10' title="bbox 393 1030 1950 1108">
     <span class='ocr_line' id='line_1_10' title="bbox 393 1030 1950 1108; baseline -0.015 -2"><span class='ocrx_word' id='word_1_78' title='bbox 393 1053 567 1106; x_wconf 90' lang='lat' dir='ltr'><strong>omnis</strong></span> <span class='ocrx_word' id='word_1_79' title='bbox 607 1046 899 1103; x_wconf 79' lang='lat' dir='ltr'><strong>divinitatis</strong></span> <span class='ocrx_word' id='word_1_80' title='bbox 946 1049 1166 1096; x_wconf 78' lang='lat' dir='ltr'><strong>venerat</strong></span> <span class='ocrx_word' id='word_1_81' title='bbox 1204 1037 1497 1108; x_wconf 91' lang='lat' dir='ltr'><strong>plenitudo.</strong></span> <span class='ocrx_word' id='word_1_82' title='bbox 1528 1034 1654 1089; x_wconf 89' lang='lat' dir='ltr'><strong>Inde</strong></span> <span class='ocrx_word' id='word_1_83' title='bbox 1682 1033 1823 1087; x_wconf 90' lang='lat' dir='ltr'><strong>enim</strong></span> <span class='ocrx_word' id='word_1_84' title='bbox 1877 1030 1950 1084; x_wconf 88' lang='lat' dir='ltr'><strong>illi</strong></span> 
     </span>
    </p>
   </div>
   <div class='ocr_carea' id='block_1_11' title="bbox 395 1124 1953 1211">
    <p class='ocr_par' dir='ltr' id='par_1_11' title="bbox 395 1124 1953 1211">
     <span class='ocr_line' id='line_1_11' title="bbox 395 1124 1953 1211; baseline -0.013 -15"><span class='ocrx_word' id='word_1_85' title='bbox 395 1143 570 1197; x_wconf 91' lang='lat' dir='ltr'><strong>omnis</strong></span> <span class='ocrx_word' id='word_1_86' title='bbox 621 1136 914 1194; x_wconf 88' lang='lat' dir='ltr'><strong>divinitatis</strong></span> <span class='ocrx_word' id='word_1_87' title='bbox 961 1132 1218 1211; x_wconf 77' lang='lat' dir='ltr'><strong>perfcctio</strong></span> <span class='ocrx_word' id='word_1_88' title='bbox 1260 1131 1416 1211; x_wconf 80' lang='lat' dir='ltr'><strong>unde</strong></span> <span class='ocrx_word' id='word_1_89' title='bbox 1445 1138 1504 1182; x_wconf 85' lang='lat' dir='ltr'><strong>et</strong></span> <span class='ocrx_word' id='word_1_90' title='bbox 1538 1129 1714 1195; x_wconf 69' lang='lat' dir='ltr'><strong>origo.</strong></span> <span class='ocrx_word' id='word_1_91' title='bbox 1770 1124 1953 1193; x_wconf 84' lang='lat' dir='ltr'><strong>Neque</strong></span> 
     </span>
    </p>
   </div>
   <div class='ocr_carea' id='block_1_12' title="bbox 394 1208 1952 1302">
    <p class='ocr_par' dir='ltr' id='par_1_12' title="bbox 394 1208 1952 1302">
     <span class='ocr_line' id='line_1_12' title="bbox 394 1208 1952 1302; baseline -0.012 -13"><span class='ocrx_word' id='word_1_92' title='bbox 394 1236 535 1289; x_wconf 89' lang='lat' dir='ltr'><strong>enim</strong></span> <span class='ocrx_word' id='word_1_93' title='bbox 559 1247 791 1302; x_wconf 84' lang='lat' dir='ltr'><strong>unquam</strong></span> <span class='ocrx_word' id='word_1_94' title='bbox 834 1228 924 1284; x_wconf 86' lang='lat' dir='ltr'><strong>ille</strong></span> <span class='ocrx_word' id='word_1_95' title='bbox 949 1208 1110 1283; x_wconf 80' lang='lat' dir='ltr'><strong>humo</strong></span> <span class='ocrx_word' id='word_1_96' title='bbox 1146 1226 1261 1281; x_wconf 86' lang='lat' dir='ltr'><strong>sine</strong></span> <span class='ocrx_word' id='word_1_97' title='bbox 1288 1208 1621 1284; x_wconf 34' lang='lat' dir='ltr'><strong>Deo&#39;l‘uerat,</strong></span> <span class='ocrx_word' id='word_1_98' title='bbox 1653 1219 1743 1289; x_wconf 89' lang='lat' dir='ltr'><strong>qui</strong></span> <span class='ocrx_word' id='word_1_99' title='bbox 1768 1219 1952 1287; x_wconf 85' lang='lat' dir='ltr'><strong>utique</strong></span> 
     </span>
    </p>
   </div>
   <div class='ocr_carea' id='block_1_13' title="bbox 394 1301 1950 1392">
    <p class='ocr_par' dir='ltr' id='par_1_13' title="bbox 394 1301 1950 1392">
     <span class='ocr_line' id='line_1_13' title="bbox 394 1301 1950 1392; baseline -0.01 -13"><span class='ocrx_word' id='word_1_100' title='bbox 394 1326 496 1379; x_wconf 84' lang='lat' dir='ltr'><strong>hoc</strong></span> <span class='ocrx_word' id='word_1_101' title='bbox 525 1324 695 1392; x_wconf 88' lang='lat' dir='ltr'><strong>ipsum</strong></span> <span class='ocrx_word' id='word_1_102' title='bbox 725 1321 864 1389; x_wconf 91' lang='lat' dir='ltr'><strong>quod</strong></span> <span class='ocrx_word' id='word_1_103' title='bbox 888 1327 1004 1375; x_wconf 89' lang='lat' dir='ltr'><strong>erat</strong></span> <span class='ocrx_word' id='word_1_104' title='bbox 1024 1331 1143 1372; x_wconf 91' lang='lat' dir='ltr'><strong>esse</strong></span> <span class='ocrx_word' id='word_1_105' title='bbox 1167 1332 1195 1370; x_wconf 91' lang='lat' dir='ltr'><strong>a</strong></span> <span class='ocrx_word' id='word_1_106' title='bbox 1213 1301 1612 1392; x_wconf 6' lang='lat' dir='ltr'><strong>Deopcmperat.</strong></span> <span class='ocrx_word' id='word_1_107' title='bbox 1640 1311 1751 1365; x_wconf 83' lang='lat' dir='ltr'><strong>lloc</strong></span> <span class='ocrx_word' id='word_1_108' title='bbox 1777 1310 1950 1379; x_wconf 89' lang='lat' dir='ltr'><strong>ipsum</strong></span> 
     </span>
    </p>
   </div>
   <div class='ocr_carea' id='block_1_14' title="bbox 395 1388 1951 1483">
    <p class='ocr_par' dir='ltr' id='par_1_14' title="bbox 395 1388 1951 1483">
     <span class='ocr_line' id='line_1_14' title="bbox 395 1388 1951 1483; baseline -0.012 -14"><span class='ocrx_word' id='word_1_109' title='bbox 395 1417 570 1483; x_wconf 84' lang='lat' dir='ltr'><strong>itaque</strong></span> <span class='ocrx_word' id='word_1_110' title='bbox 595 1413 843 1481; x_wconf 89' lang='lat' dir='ltr'><strong>primum,</strong></span> <span class='ocrx_word' id='word_1_111' title='bbox 871 1410 1003 1463; x_wconf 91' lang='lat' dir='ltr'><strong>velis</strong></span> <span class='ocrx_word' id='word_1_112' title='bbox 1041 1388 1422 1482; x_wconf 29' lang='lat' dir='ltr'><strong>nolisgnegare</strong></span> <span class='ocrx_word' id='word_1_113' title='bbox 1453 1419 1557 1456; x_wconf 89' lang='lat' dir='ltr'><strong>non</strong></span> <span class='ocrx_word' id='word_1_114' title='bbox 1589 1411 1767 1470; x_wconf 85' lang='lat' dir='ltr'><strong>potes,</strong></span> <span class='ocrx_word' id='word_1_115' title='bbox 1811 1397 1951 1468; x_wconf 89' lang='lat' dir='ltr'><strong>quod</strong></span> 
     </span>
    </p>
   </div>
   <div class='ocr_carea' id='block_1_15' title="bbox 393 1490 1954 1561">
    <p class='ocr_par' dir='ltr' id='par_1_15' title="bbox 393 1490 1954 1561">
     <span class='ocr_line' id='line_1_15' title="bbox 393 1490 1954 1561; baseline -0.011 -1"><span class='ocrx_word' id='word_1_116' title='bbox 393 1506 649 1561; x_wconf 88' lang='lat' dir='ltr'><strong>Dominus</strong></span> <span class='ocrx_word' id='word_1_117' title='bbox 685 1501 839 1557; x_wconf 84' lang='lat' dir='ltr'><strong>.Iesus</strong></span> <span class='ocrx_word' id='word_1_118' title='bbox 865 1499 1110 1555; x_wconf 85' lang='lat' dir='ltr'><strong>Christus</strong></span> <span class='ocrx_word' id='word_1_119' title='bbox 1154 1495 1319 1549; x_wconf 87' lang='lat' dir='ltr'><strong>Filius</strong></span> <span class='ocrx_word' id='word_1_120' title='bbox 1365 1494 1461 1547; x_wconf 86' lang='lat' dir='ltr'><strong>Dei</strong></span> <span class='ocrx_word' id='word_1_121' title='bbox 1501 1493 1591 1556; x_wconf 88' lang='lat' dir='ltr'><strong>sit,</strong></span> <span class='ocrx_word' id='word_1_122' title='bbox 1636 1490 1954 1559; x_wconf 80' lang='lat' dir='ltr'><strong>archangelo</strong></span> 
     </span>
    </p>
   </div>
   <div class='ocr_carea' id='block_1_16' title="bbox 392 1588 1955 1664">
    <p class='ocr_par' dir='ltr' id='par_1_16' title="bbox 392 1588 1955 1664">
     <span class='ocr_line' id='line_1_16' title="bbox 392 1588 1955 1664; baseline -0.012 -14"><span class='ocrx_word' id='word_1_123' title='bbox 392 1599 577 1664; x_wconf 87' lang='lat' dir='ltr'><strong>utique</strong></span> <span class='ocrx_word' id='word_1_124' title='bbox 601 1594 864 1649; x_wconf 85' lang='lat' dir='ltr'><strong>clamante</strong></span> <span class='ocrx_word' id='word_1_125' title='bbox 892 1604 906 1643; x_wconf 88' lang='lat'><strong>:</strong></span> <span class='ocrx_word' id='word_1_126' title='bbox 934 1588 1084 1654; x_wconf 79' lang='lat' dir='ltr'><strong>Quod</strong></span> <span class='ocrx_word' id='word_1_127' title='bbox 1108 1603 1172 1641; x_wconf 79' lang='lat' dir='ltr'><strong>ea:</strong></span> <span class='ocrx_word' id='word_1_128' title='bbox 1214 1597 1261 1639; x_wconf 90' lang='lat' dir='ltr'><strong>te</strong></span> <span class='ocrx_word' id='word_1_129' title='bbox 1298 1593 1537 1641; x_wconf 72' lang='lat' dir='ltr'><strong>nascetur</strong></span> <span class='ocrx_word' id='word_1_130' title='bbox 1578 1590 1841 1641; x_wconf 84' lang='lat' dir='ltr'><strong>sanctum,</strong></span> <span class='ocrx_word' id='word_1_131' title='bbox 1872 1596 1955 1632; x_wconf 81' lang='lat' dir='ltr'><strong>ro-</strong></span> 
     </span>
    </p>
   </div>
   <div class='ocr_carea' id='block_1_17' title="bbox 395 1669 1952 1752">
    <p class='ocr_par' dir='ltr' id='par_1_17' title="bbox 395 1669 1952 1752">
     <span class='ocr_line' id='line_1_17' title="bbox 395 1669 1952 1752; baseline -0.013 -11"><span class='ocrx_word' id='word_1_132' title='bbox 395 1688 599 1742; x_wconf 85' lang='lat' dir='ltr'><strong>cabitur</strong></span> <span class='ocrx_word' id='word_1_133' title='bbox 630 1683 800 1736; x_wconf 83' lang='lat' dir='ltr'><strong>Filius</strong></span> <span class='ocrx_word' id='word_1_134' title='bbox 825 1680 923 1735; x_wconf 96' lang='lat' dir='ltr'><strong>Dei</strong></span> <span class='ocrx_word' id='word_1_135' title='bbox 953 1679 1103 1752; x_wconf 78' lang='lat' dir='ltr'><strong>(Luc.</strong></span> <span class='ocrx_word' id='word_1_136' title='bbox 1135 1694 1174 1743; x_wconf 83' lang='grc' dir='ltr'><strong>ι,</strong></span> <span class='ocrx_word' id='word_1_137' title='bbox 1224 1674 1335 1746; x_wconf 80' lang='grc'><strong>55).</strong></span> <span class='ocrx_word' id='word_1_138' title='bbox 1372 1673 1482 1728; x_wconf 81' lang='lat' dir='ltr'><strong>Hoc</strong></span> <span class='ocrx_word' id='word_1_139' title='bbox 1532 1680 1710 1725; x_wconf 90' lang='lat' dir='ltr'><strong>autem</strong></span> <span class='ocrx_word' id='word_1_140' title='bbox 1758 1669 1952 1739; x_wconf 79' lang='lat' dir='ltr'><strong>posito,</strong></span> 
     </span>
    </p>
   </div>
   <div class='ocr_carea' id='block_1_18' title="bbox 396 1758 1954 1842">
    <p class='ocr_par' dir='ltr' id='par_1_18' title="bbox 396 1758 1954 1842">
     <span class='ocr_line' id='line_1_18' title="bbox 396 1758 1954 1842; baseline -0.013 -11"><span class='ocrx_word' id='word_1_141' title='bbox 396 1776 530 1831; x_wconf 88' lang='lat' dir='ltr'><strong>scito</strong></span> <span class='ocrx_word' id='word_1_142' title='bbox 561 1782 633 1839; x_wconf 91' lang='lat' dir='ltr'><strong>te,</strong></span> <span class='ocrx_word' id='word_1_143' title='bbox 663 1770 919 1842; x_wconf 73' lang='lat' dir='ltr'><strong>quidquid</strong></span> <span class='ocrx_word' id='word_1_144' title='bbox 964 1769 1030 1823; x_wconf 90' lang='lat' dir='ltr'><strong>de</strong></span> <span class='ocrx_word' id='word_1_145' title='bbox 1075 1765 1291 1822; x_wconf 86' lang='lat' dir='ltr'><strong>Christo</strong></span> <span class='ocrx_word' id='word_1_146' title='bbox 1337 1764 1548 1833; x_wconf 88' lang='lat' dir='ltr'><strong>legeris,</strong></span> <span class='ocrx_word' id='word_1_147' title='bbox 1582 1763 1647 1817; x_wconf 89' lang='lat' dir='ltr'><strong>de</strong></span> <span class='ocrx_word' id='word_1_148' title='bbox 1696 1761 1789 1814; x_wconf 91' lang='lat' dir='ltr'><strong>Dei</strong></span> <span class='ocrx_word' id='word_1_149' title='bbox 1819 1758 1954 1812; x_wconf 86' lang='lat' dir='ltr'><strong>Filio</strong></span> 
     </span>
    </p>
   </div>
   <div class='ocr_carea' id='block_1_19' title="bbox 2046 662 3610 730">
    <p class='ocr_par' dir='ltr' id='par_1_19' title="bbox 2046 662 3610 730">
     <span class='ocr_line' id='line_1_19' title="bbox 2046 662 3610 730; baseline 0.001 -13"><span class='ocrx_word' id='word_1_150' title='bbox 2046 680 2182 717; x_wconf 88' lang='lat' dir='ltr'><strong>unus</strong></span> <span class='ocrx_word' id='word_1_151' title='bbox 2196 663 2438 717; x_wconf 89' lang='lat' dir='ltr'><strong>Christus</strong></span> <span class='ocrx_word' id='word_1_152' title='bbox 2468 672 2568 728; x_wconf 88' lang='lat' dir='ltr'><strong>est,</strong></span> <span class='ocrx_word' id='word_1_153' title='bbox 2583 672 2635 717; x_wconf 90' lang='lat' dir='ltr'><strong>et</strong></span> <span class='ocrx_word' id='word_1_154' title='bbox 2664 663 2830 717; x_wconf 91' lang='lat' dir='ltr'><strong>Filius</strong></span> <span class='ocrx_word' id='word_1_155' title='bbox 2852 663 3275 730; x_wconf 62' lang='lat' dir='ltr'><strong>Deiambulabat</strong></span> <span class='ocrx_word' id='word_1_156' title='bbox 3298 662 3351 715; x_wconf 91' lang='lat' dir='ltr'><strong>in</strong></span> <span class='ocrx_word' id='word_1_157' title='bbox 3374 668 3610 727; x_wconf 77' lang='lat' dir='ltr'><strong>terra,et</strong></span> 
     </span>
    </p>
   </div>
   <div class='ocr_carea' id='block_1_20' title="bbox 2049 750 3607 822">
    <p class='ocr_par' dir='ltr' id='par_1_20' title="bbox 2049 750 3607 822">
     <span class='ocr_line' id='line_1_20' title="bbox 2049 750 3607 822; baseline -0.001 -15"><span class='ocrx_word' id='word_1_158' title='bbox 2049 754 2189 808; x_wconf 87' lang='lat' dir='ltr'><strong>idem</strong></span> <span class='ocrx_word' id='word_1_159' title='bbox 2216 754 2327 822; x_wconf 90' lang='lat' dir='ltr'><strong>ipse</strong></span> <span class='ocrx_word' id='word_1_160' title='bbox 2358 753 2525 807; x_wconf 86' lang='lat' dir='ltr'><strong>Filius</strong></span> <span class='ocrx_word' id='word_1_161' title='bbox 2546 754 2777 808; x_wconf 90' lang='lat' dir='ltr'><strong>hominis</strong></span> <span class='ocrx_word' id='word_1_162' title='bbox 2805 754 3054 807; x_wconf 87' lang='lat' dir='ltr'><strong>manebat</strong></span> <span class='ocrx_word' id='word_1_163' title='bbox 3085 754 3138 806; x_wconf 91' lang='lat' dir='ltr'><strong>in</strong></span> <span class='ocrx_word' id='word_1_164' title='bbox 3166 752 3323 806; x_wconf 74' lang='lat' dir='ltr'><strong>cmlo.</strong></span> <span class='ocrx_word' id='word_1_165' title='bbox 3353 750 3439 804; x_wconf 84' lang='lat' dir='ltr'><strong>Fit</strong></span> <span class='ocrx_word' id='word_1_166' title='bbox 3480 763 3607 821; x_wconf 87' lang='lat' dir='ltr'><strong>ergo</strong></span> 
     </span>
    </p>
   </div>
   <div class='ocr_carea' id='block_1_21' title="bbox 2048 840 3610 913">
    <p class='ocr_par' dir='ltr' id='par_1_21' title="bbox 2048 840 3610 913">
     <span class='ocr_line' id='line_1_21' title="bbox 2048 840 3610 913; baseline 0 -17"><span class='ocrx_word' id='word_1_167' title='bbox 2048 842 2502 897; x_wconf 87' lang='lat' dir='ltr'><strong>incredibiliorum</strong></span> <span class='ocrx_word' id='word_1_168' title='bbox 2530 842 2711 913; x_wconf 76' lang='lat' dir='ltr'><strong>[Aug.,</strong></span> <span class='ocrx_word' id='word_1_169' title='bbox 2738 840 3156 911; x_wconf 67' lang='lat' dir='ltr'><strong>credibilior-um]</strong></span> <span class='ocrx_word' id='word_1_170' title='bbox 3192 841 3322 895; x_wconf 87' lang='lat' dir='ltr'><strong>ﬁdes</strong></span> <span class='ocrx_word' id='word_1_171' title='bbox 3347 854 3411 893; x_wconf 76' lang='lat' dir='ltr'><strong>ex</strong></span> <span class='ocrx_word' id='word_1_172' title='bbox 3439 841 3610 896; x_wconf 85' lang='lat' dir='ltr'><strong>incre-</strong></span> 
     </span>
    </p>
   </div>
   <div class='ocr_carea' id='block_1_22' title="bbox 2049 932 3610 1004">
    <p class='ocr_par' dir='ltr' id='par_1_22' title="bbox 2049 932 3610 1004">
     <span class='ocr_line' id='line_1_22' title="bbox 2049 932 3610 1004; baseline -0.001 -16"><span class='ocrx_word' id='word_1_173' title='bbox 2049 934 2386 988; x_wconf 89' lang='lat' dir='ltr'><strong>dibilioribus</strong></span> <span class='ocrx_word' id='word_1_174' title='bbox 2412 934 2650 987; x_wconf 84' lang='lat' dir='ltr'><strong>creditis.</strong></span> <span class='ocrx_word' id='word_1_175' title='bbox 2677 932 2734 987; x_wconf 90' lang='lat' dir='ltr'><strong>Si</strong></span> <span class='ocrx_word' id='word_1_176' title='bbox 2763 934 2904 987; x_wconf 86' lang='lat' dir='ltr'><strong>enim</strong></span> <span class='ocrx_word' id='word_1_177' title='bbox 2932 934 3110 986; x_wconf 88' lang='lat' dir='ltr'><strong>divina</strong></span> <span class='ocrx_word' id='word_1_178' title='bbox 3136 934 3431 987; x_wconf 79' lang='lat' dir='ltr'><strong>substantia</strong></span> <span class='ocrx_word' id='word_1_179' title='bbox 3455 932 3610 1004; x_wconf 86' lang='lat' dir='ltr'><strong>longe</strong></span> 
     </span>
    </p>
   </div>
   <div class='ocr_carea' id='block_1_23' title="bbox 2049 1024 3612 1096">
    <p class='ocr_par' dir='ltr' id='par_1_23' title="bbox 2049 1024 3612 1096">
     <span class='ocr_line' id='line_1_23' title="bbox 2049 1024 3612 1096; baseline -0.003 -14"><span class='ocrx_word' id='word_1_180' title='bbox 2049 1028 2354 1090; x_wconf 88' lang='lat' dir='ltr'><strong>distantior,</strong></span> <span class='ocrx_word' id='word_1_181' title='bbox 2389 1036 2549 1096; x_wconf 87' lang='lat' dir='ltr'><strong>atque</strong></span> <span class='ocrx_word' id='word_1_182' title='bbox 2575 1026 2976 1095; x_wconf 83' lang='lat' dir='ltr'><strong>incomparabili</strong></span> <span class='ocrx_word' id='word_1_183' title='bbox 2997 1026 3303 1080; x_wconf 75' lang='lat' dir='ltr'><strong>diversitate</strong></span> <span class='ocrx_word' id='word_1_184' title='bbox 3326 1024 3612 1079; x_wconf 86' lang='lat' dir='ltr'><strong>sublimior</strong></span> 
     </span>
    </p>
   </div>
   <div class='ocr_carea' id='block_1_24' title="bbox 2050 1115 3613 1187">
    <p class='ocr_par' dir='ltr' id='par_1_24' title="bbox 2050 1115 3613 1187">
     <span class='ocr_line' id='line_1_24' title="bbox 2050 1115 3613 1187; baseline -0.002 -17"><span class='ocrx_word' id='word_1_185' title='bbox 2050 1118 2223 1187; x_wconf 90' lang='lat' dir='ltr'><strong>potuit</strong></span> <span class='ocrx_word' id='word_1_186' title='bbox 2245 1124 2463 1186; x_wconf 89' lang='lat' dir='ltr'><strong>propter</strong></span> <span class='ocrx_word' id='word_1_187' title='bbox 2486 1132 2584 1170; x_wconf 89' lang='lat' dir='ltr'><strong>nos</strong></span> <span class='ocrx_word' id='word_1_188' title='bbox 2617 1117 2690 1169; x_wconf 89' lang='lat' dir='ltr'><strong>ita</strong></span> <span class='ocrx_word' id='word_1_189' title='bbox 2732 1117 3004 1185; x_wconf 87' lang='lat' dir='ltr'><strong>suscipere</strong></span> <span class='ocrx_word' id='word_1_190' title='bbox 3048 1115 3337 1169; x_wconf 88' lang='lat' dir='ltr'><strong>humanam</strong></span> <span class='ocrx_word' id='word_1_191' title='bbox 3366 1116 3613 1169; x_wconf 86' lang='lat' dir='ltr'><strong>substan-</strong></span> 
     </span>
    </p>
   </div>
   <div class='ocr_carea' id='block_1_25' title="bbox 2053 1204 3610 1277">
    <p class='ocr_par' dir='ltr' id='par_1_25' title="bbox 2053 1204 3610 1277">
     <span class='ocr_line' id='line_1_25' title="bbox 2053 1204 3610 1277; baseline -0.003 -15"><span class='ocrx_word' id='word_1_192' title='bbox 2053 1210 2204 1274; x_wconf 83' lang='lat' dir='ltr'><strong>tiam,</strong></span> <span class='ocrx_word' id='word_1_193' title='bbox 2234 1218 2291 1262; x_wconf 90' lang='lat' dir='ltr'><strong>ut</strong></span> <span class='ocrx_word' id='word_1_194' title='bbox 2318 1224 2422 1261; x_wconf 87' lang='lat' dir='ltr'><strong>una</strong></span> <span class='ocrx_word' id='word_1_195' title='bbox 2466 1222 2693 1277; x_wconf 82' lang='lat' dir='ltr'><strong>persona</strong></span> <span class='ocrx_word' id='word_1_196' title='bbox 2736 1206 2919 1272; x_wconf 84' lang='lat' dir='ltr'><strong>ﬁeret;</strong></span> <span class='ocrx_word' id='word_1_197' title='bbox 2962 1222 3024 1261; x_wconf 89' lang='lat' dir='ltr'><strong>ac</strong></span> <span class='ocrx_word' id='word_1_198' title='bbox 3049 1207 3126 1260; x_wconf 91' lang='lat' dir='ltr'><strong>sic</strong></span> <span class='ocrx_word' id='word_1_199' title='bbox 3171 1205 3337 1259; x_wconf 89' lang='lat' dir='ltr'><strong>Filius</strong></span> <span class='ocrx_word' id='word_1_200' title='bbox 3361 1204 3610 1266; x_wconf 90' lang='lat' dir='ltr'><strong>hominis,</strong></span> 
     </span>
    </p>
   </div>
   <div class='ocr_carea' id='block_1_26' title="bbox 2052 1292 3614 1365">
    <p class='ocr_par' dir='ltr' id='par_1_26' title="bbox 2052 1292 3614 1365">
     <span class='ocr_line' id='line_1_26' title="bbox 2052 1292 3614 1365; baseline -0.001 -17"><span class='ocrx_word' id='word_1_201' title='bbox 2052 1297 2141 1365; x_wconf 90' lang='lat' dir='ltr'><strong>qui</strong></span> <span class='ocrx_word' id='word_1_202' title='bbox 2191 1302 2309 1349; x_wconf 88' lang='lat' dir='ltr'><strong>crat</strong></span> <span class='ocrx_word' id='word_1_203' title='bbox 2362 1296 2415 1348; x_wconf 89' lang='lat' dir='ltr'><strong>in</strong></span> <span class='ocrx_word' id='word_1_204' title='bbox 2474 1304 2614 1348; x_wconf 89' lang='lat' dir='ltr'><strong>terra</strong></span> <span class='ocrx_word' id='word_1_205' title='bbox 2672 1310 2769 1361; x_wconf 89' lang='lat' dir='ltr'><strong>per</strong></span> <span class='ocrx_word' id='word_1_206' title='bbox 2816 1295 2993 1347; x_wconf 81' lang='lat' dir='ltr'><strong>carnis</strong></span> <span class='ocrx_word' id='word_1_207' title='bbox 3033 1293 3427 1357; x_wconf 87' lang='lat' dir='ltr'><strong>inﬁrmitatem,</strong></span> <span class='ocrx_word' id='word_1_208' title='bbox 3474 1292 3614 1347; x_wconf 88' lang='lat' dir='ltr'><strong>idem</strong></span> 
     </span>
    </p>
   </div>
   <div class='ocr_carea' id='block_1_27' title="bbox 2054 1381 3615 1455">
    <p class='ocr_par' dir='ltr' id='par_1_27' title="bbox 2054 1381 3615 1455">
     <span class='ocr_line' id='line_1_27' title="bbox 2054 1381 3615 1455; baseline -0.004 -16"><span class='ocrx_word' id='word_1_209' title='bbox 2054 1386 2167 1455; x_wconf 83' lang='lat' dir='ltr'><strong>ipse</strong></span> <span class='ocrx_word' id='word_1_210' title='bbox 2201 1395 2343 1441; x_wconf 88' lang='lat' dir='ltr'><strong>esset</strong></span> <span class='ocrx_word' id='word_1_211' title='bbox 2384 1387 2433 1439; x_wconf 89' lang='lat' dir='ltr'><strong>in</strong></span> <span class='ocrx_word' id='word_1_212' title='bbox 2481 1384 2616 1439; x_wconf 82' lang='lat' dir='ltr'><strong>coelo</strong></span> <span class='ocrx_word' id='word_1_213' title='bbox 2658 1400 2753 1454; x_wconf 83' lang='lat' dir='ltr'><strong>per</strong></span> <span class='ocrx_word' id='word_1_214' title='bbox 2778 1383 3145 1453; x_wconf 85' lang='lat' dir='ltr'><strong>participatam</strong></span> <span class='ocrx_word' id='word_1_215' title='bbox 3181 1382 3331 1437; x_wconf 90' lang='lat' dir='ltr'><strong>carni</strong></span> <span class='ocrx_word' id='word_1_216' title='bbox 3369 1381 3615 1436; x_wconf 83' lang='lat' dir='ltr'><strong>divinita—</strong></span> 
     </span>
    </p>
   </div>
   <div class='ocr_carea' id='block_1_28' title="bbox 2057 1474 2293 1528">
    <p class='ocr_par' dir='ltr' id='par_1_28' title="bbox 2057 1474 2293 1528">
     <span class='ocr_line' id='line_1_28' title="bbox 2057 1474 2293 1528; baseline -0.004 -2"><span class='ocrx_word' id='word_1_217' title='bbox 2057 1483 2162 1528; x_wconf 73' lang='lat' dir='ltr'><strong>tem</strong></span> <span class='ocrx_word' id='word_1_218' title='bbox 2195 1474 2241 1526; x_wconf 68' lang='grc' dir='ltr'><strong>δ.</strong></span> <span class='ocrx_word' id='word_1_219' title='bbox 2276 1494 2293 1525; x_wconf 74' lang='grc' dir='ltr'>ι</span> 
     </span>
    </p>
   </div>
   <div class='ocr_carea' id='block_1_29' title="bbox 2128 1577 3611 1654">
    <p class='ocr_par' dir='ltr' id='par_1_29' title="bbox 2128 1577 3611 1654">
     <span class='ocr_line' id='line_1_29' title="bbox 2128 1577 3611 1654; baseline -0.009 -14"><span class='ocrx_word' id='word_1_220' title='bbox 2128 1586 2189 1640; x_wconf 77' lang='lat' dir='ltr'><strong>V.</strong></span> <span class='ocrx_word' id='word_1_221' title='bbox 2229 1584 2533 1654; x_wconf 81' lang='lat' dir='ltr'><strong>Opposnisti</strong></span> <span class='ocrx_word' id='word_1_222' title='bbox 2586 1584 2767 1647; x_wconf 84' lang='lat' dir='ltr'><strong>etiam,</strong></span> <span class='ocrx_word' id='word_1_223' title='bbox 2796 1590 2850 1637; x_wconf 90' lang='lat' dir='ltr'><strong>et</strong></span> <span class='ocrx_word' id='word_1_224' title='bbox 2897 1596 2995 1635; x_wconf 91' lang='lat' dir='ltr'><strong>nos</strong></span> <span class='ocrx_word' id='word_1_225' title='bbox 3042 1580 3238 1635; x_wconf 81' lang='lat' dir='ltr'><strong>dixisse</strong></span> <span class='ocrx_word' id='word_1_226' title='bbox 3291 1579 3431 1632; x_wconf 91' lang='lat' dir='ltr'><strong>inter</strong></span> <span class='ocrx_word' id='word_1_227' title='bbox 3458 1577 3557 1631; x_wconf 88' lang='lat' dir='ltr'><strong>alia</strong></span> <span class='ocrx_word' id='word_1_228' title='bbox 3599 1595 3611 1627; x_wconf 89' lang='lat'><strong>:</strong></span> 
     </span>
    </p>
   </div>
   <div class='ocr_carea' id='block_1_30' title="bbox 2064 1670 3618 1753">
    <p class='ocr_par' dir='ltr' id='par_1_30' title="bbox 2064 1670 3618 1753">
     <span class='ocr_line' id='line_1_30' title="bbox 2064 1670 3618 1753; baseline -0.006 -21"><span class='ocrx_word' id='word_1_229' title='bbox 2064 1701 2079 1731; x_wconf 76' lang='grc' dir='ltr'>ι</span> <span class='ocrx_word' id='word_1_230' title='bbox 2101 1679 2234 1753; x_wconf 80' lang='lat' dir='ltr'><strong>Quid</strong></span> <span class='ocrx_word' id='word_1_231' title='bbox 2253 1687 2373 1748; x_wconf 88' lang='lat' dir='ltr'><strong>post</strong></span> <span class='ocrx_word' id='word_1_232' title='bbox 2400 1677 2506 1731; x_wconf 88' lang='lat' dir='ltr'><strong>tale</strong></span> <span class='ocrx_word' id='word_1_233' title='bbox 2543 1677 2840 1730; x_wconf 90' lang='lat' dir='ltr'><strong>tonitruum</strong></span> <span class='ocrx_word' id='word_1_234' title='bbox 2870 1673 3125 1728; x_wconf 88' lang='lat' dir='ltr'><strong>dubitatis</strong></span> <span class='ocrx_word' id='word_1_235' title='bbox 3148 1672 3409 1742; x_wconf 88' lang='lat' dir='ltr'><strong>ﬁngentes</strong></span> <span class='ocrx_word' id='word_1_236' title='bbox 3430 1670 3618 1724; x_wconf 90' lang='lat' dir='ltr'><strong>nativi-</strong></span> 
     </span>
    </p>
   </div>
   <div class='ocr_carea' id='block_1_31' title="bbox 2058 1761 3620 1836">
    <p class='ocr_par' dir='ltr' id='par_1_31' title="bbox 2058 1761 3620 1836">
     <span class='ocr_line' id='line_1_31' title="bbox 2058 1761 3620 1836; baseline -0.008 -10"><span class='ocrx_word' id='word_1_237' title='bbox 2058 1773 2152 1826; x_wconf 86' lang='lat' dir='ltr'><strong>tati</strong></span> <span class='ocrx_word' id='word_1_238' title='bbox 2186 1772 2325 1825; x_wconf 89' lang='lat' dir='ltr'><strong>illius</strong></span> <span class='ocrx_word' id='word_1_239' title='bbox 2353 1782 2550 1823; x_wconf 91' lang='lat' dir='ltr'><strong>novum</strong></span> <span class='ocrx_word' id='word_1_240' title='bbox 2580 1765 2885 1836; x_wconf 84' lang='lat' dir='ltr'><strong>adoptionis</strong></span> <span class='ocrx_word' id='word_1_241' title='bbox 2906 1763 3276 1831; x_wconf 87' lang='lat' dir='ltr'><strong>nomen,quod</strong></span> <span class='ocrx_word' id='word_1_242' title='bbox 3313 1762 3367 1815; x_wconf 90' lang='lat' dir='ltr'><strong>in</strong></span> <span class='ocrx_word' id='word_1_243' title='bbox 3392 1768 3501 1815; x_wconf 85' lang='lat' dir='ltr'><strong>tota</strong></span> <span class='ocrx_word' id='word_1_244' title='bbox 3518 1761 3620 1814; x_wconf 77' lang='lat' dir='ltr'><strong>Ve—</strong></span> 
     </span>
    </p>
   </div>
   <div class='ocr_carea' id='block_1_32' title="bbox 395 1839 3621 1937">
    <p class='ocr_par' dir='ltr' id='par_1_32' title="bbox 395 1839 3621 1937">
     <span class='ocr_line' id='line_1_32' title="bbox 395 1839 3621 1937; baseline -0.011 0"><span class='ocrx_word' id='word_1_245' title='bbox 395 1869 612 1937; x_wconf 63' lang='grc' dir='ltr'><strong>Ῑθὲθιόε</strong></span> <span class='ocrx_word' id='word_1_246' title='bbox 645 1863 902 1935; x_wconf 64' lang='lat' dir='ltr'><strong>qquum</strong></span> <span class='ocrx_word' id='word_1_247' title='bbox 942 1862 1008 1917; x_wconf 70' lang='lat' dir='ltr'><strong>de</strong></span> <span class='ocrx_word' id='word_1_248' title='bbox 1058 1854 1283 1915; x_wconf 71' lang='lat' dir='ltr'><strong>Domino</strong></span> <span class='ocrx_word' id='word_1_249' title='bbox 1322 1866 1414 1912; x_wconf 64' lang='grc' dir='ltr'><strong>θυι</strong></span> <span class='ocrx_word' id='word_1_250' title='bbox 1449 1855 1575 1910; x_wconf 70' lang='grc' dir='ltr'><strong>εἶθειι</strong></span> <span class='ocrx_word' id='word_1_251' title='bbox 1625 1853 1839 1924; x_wconf 56' lang='lat' dir='ltr'><strong>legeris,</strong></span> <span class='ocrx_word' id='word_1_252' title='bbox 1885 1849 1951 1903; x_wconf 64' lang='lat' dir='ltr'><strong>ad</strong></span> <span class='ocrx_word' id='word_1_253' title='bbox 1988 1839 2030 1898; x_wconf 72' lang='grc' dir='ltr'><strong>Β</strong></span> <span class='ocrx_word' id='word_1_254' title='bbox 2057 1862 2186 1915; x_wconf 82' lang='lat' dir='ltr'><strong>teris</strong></span> <span class='ocrx_word' id='word_1_255' title='bbox 2208 1855 2788 1927; x_wconf 72' lang='lat' dir='ltr'><strong>Novique&#39;l‘estamenti</strong></span> <span class='ocrx_word' id='word_1_256' title='bbox 2806 1854 2945 1908; x_wconf 87' lang='lat' dir='ltr'><strong>serie</strong></span> <span class='ocrx_word' id='word_1_257' title='bbox 2962 1868 3066 1907; x_wconf 91' lang='lat' dir='ltr'><strong>non</strong></span> <span class='ocrx_word' id='word_1_258' title='bbox 3091 1851 3360 1905; x_wconf 86' lang='lat' dir='ltr'><strong>invenitur</strong></span> <span class='ocrx_word' id='word_1_259' title='bbox 3385 1850 3449 1904; x_wconf 90' lang='lat' dir='ltr'><strong>de</strong></span> <span class='ocrx_word' id='word_1_260' title='bbox 3470 1848 3621 1903; x_wconf 80' lang='lat' dir='ltr'><strong>Chri-</strong></span> 
     </span>
    </p>
   </div>
   <div class='ocr_carea' id='block_1_33' title="bbox 396 1943 1951 2024">
    <p class='ocr_par' dir='ltr' id='par_1_33' title="bbox 396 1943 1951 2024">
     <span class='ocr_line' id='line_1_33' title="bbox 396 1943 1951 2024; baseline -0.011 -12"><span class='ocrx_word' id='word_1_261' title='bbox 396 1959 493 2012; x_wconf 87' lang='lat' dir='ltr'><strong>Dei</strong></span> <span class='ocrx_word' id='word_1_262' title='bbox 513 1957 704 2011; x_wconf 84' lang='lat' dir='ltr'><strong>Filium</strong></span> <span class='ocrx_word' id='word_1_263' title='bbox 730 1954 1015 2024; x_wconf 88' lang='lat' dir='ltr'><strong>pertinere.</strong></span> <span class='ocrx_word' id='word_1_264' title='bbox 1044 1951 1233 2007; x_wconf 85' lang='lat' dir='ltr'><strong>Omnia</strong></span> <span class='ocrx_word' id='word_1_265' title='bbox 1257 1950 1401 2005; x_wconf 89' lang='lat' dir='ltr'><strong>enim</strong></span> <span class='ocrx_word' id='word_1_266' title='bbox 1438 1949 1552 2002; x_wconf 75' lang='lat' dir='ltr'><strong>lucc</strong></span> <span class='ocrx_word' id='word_1_267' title='bbox 1577 1946 1718 2000; x_wconf 92' lang='lat' dir='ltr'><strong>illius</strong></span> <span class='ocrx_word' id='word_1_268' title='bbox 1739 1943 1951 1997; x_wconf 89' lang='lat' dir='ltr'><strong>nomina</strong></span> 
     </span>
    </p>
   </div>
   <div class='ocr_carea' id='block_1_34' title="bbox 396 2033 1949 2103">
    <p class='ocr_par' dir='ltr' id='par_1_34' title="bbox 396 2033 1949 2103">
     <span class='ocr_line' id='line_1_34' title="bbox 396 2033 1949 2103; baseline -0.011 0"><span class='ocrx_word' id='word_1_269' title='bbox 396 2050 493 2103; x_wconf 88' lang='lat' dir='ltr'><strong>Dei</strong></span> <span class='ocrx_word' id='word_1_270' title='bbox 520 2048 713 2101; x_wconf 89' lang='lat' dir='ltr'><strong>Filium</strong></span> <span class='ocrx_word' id='word_1_271' title='bbox 738 2045 1109 2099; x_wconf 88' lang='lat' dir='ltr'><strong>demonstrant</strong></span> <span class='ocrx_word' id='word_1_272' title='bbox 1137 2059 1151 2094; x_wconf 89' lang='lat'><strong>:</strong></span> <span class='ocrx_word' id='word_1_273' title='bbox 1175 2047 1230 2095; x_wconf 92' lang='lat' dir='ltr'><strong>et</strong></span> <span class='ocrx_word' id='word_1_274' title='bbox 1261 2040 1380 2093; x_wconf 86' lang='lat' dir='ltr'><strong>ideo</strong></span> <span class='ocrx_word' id='word_1_275' title='bbox 1405 2046 1459 2090; x_wconf 78' lang='lat' dir='ltr'><strong>tu</strong></span> <span class='ocrx_word' id='word_1_276' title='bbox 1492 2038 1544 2089; x_wconf 92' lang='lat' dir='ltr'><strong>in</strong></span> <span class='ocrx_word' id='word_1_277' title='bbox 1571 2036 1655 2089; x_wconf 90' lang='lat' dir='ltr'><strong>his</strong></span> <span class='ocrx_word' id='word_1_278' title='bbox 1682 2033 1949 2093; x_wconf 85' lang='lat' dir='ltr'><strong>omnibus,</strong></span> 
     </span>
    </p>
   </div>
   <div class='ocr_carea' id='block_1_35' title="bbox 396 2124 1950 2208">
    <p class='ocr_par' dir='ltr' id='par_1_35' title="bbox 396 2124 1950 2208">
     <span class='ocr_line' id='line_1_35' title="bbox 396 2124 1950 2208; baseline -0.012 -16"><span class='ocrx_word' id='word_1_279' title='bbox 396 2150 725 2208; x_wconf 67' lang='lat' dir='ltr'><strong>quaecunque</strong></span> <span class='ocrx_word' id='word_1_280' title='bbox 776 2133 1048 2198; x_wconf 88' lang='lat' dir='ltr'><strong>audieris,</strong></span> <span class='ocrx_word' id='word_1_281' title='bbox 1104 2146 1299 2186; x_wconf 90' lang='lat' dir='ltr'><strong>nomen</strong></span> <span class='ocrx_word' id='word_1_282' title='bbox 1344 2124 1636 2183; x_wconf 85' lang='lat' dir='ltr'><strong>divinitatis</strong></span> <span class='ocrx_word' id='word_1_283' title='bbox 1676 2137 1950 2194; x_wconf 81' lang='lat' dir='ltr'><strong>agnosces.</strong></span> 
     </span>
    </p>
   </div>
   <div class='ocr_carea' id='block_1_36' title="bbox 396 2218 1955 2297">
    <p class='ocr_par' dir='ltr' id='par_1_36' title="bbox 396 2218 1955 2297">
     <span class='ocr_line' id='line_1_36' title="bbox 396 2218 1955 2297; baseline -0.012 -12"><span class='ocrx_word' id='word_1_284' title='bbox 396 2230 587 2286; x_wconf 83' lang='lat' dir='ltr'><strong>Omnia</strong></span> <span class='ocrx_word' id='word_1_285' title='bbox 615 2230 728 2283; x_wconf 73' lang='lat' dir='ltr'><strong>haec</strong></span> <span class='ocrx_word' id='word_1_286' title='bbox 756 2226 872 2297; x_wconf 90' lang='lat' dir='ltr'><strong>ejus</strong></span> <span class='ocrx_word' id='word_1_287' title='bbox 906 2223 1160 2279; x_wconf 89' lang='lat' dir='ltr'><strong>vocabula</strong></span> <span class='ocrx_word' id='word_1_288' title='bbox 1189 2222 1383 2283; x_wconf 84' lang='lat' dir='ltr'><strong>Filium</strong></span> <span class='ocrx_word' id='word_1_289' title='bbox 1411 2219 1507 2274; x_wconf 87' lang='lat' dir='ltr'><strong>Dei</strong></span> <span class='ocrx_word' id='word_1_290' title='bbox 1533 2218 1788 2279; x_wconf 87' lang='lat' dir='ltr'><strong>clamant,</strong></span> <span class='ocrx_word' id='word_1_291' title='bbox 1834 2229 1955 2268; x_wconf 89' lang='lat' dir='ltr'><strong>cum</strong></span> 
     </span>
    </p>
   </div>
   <div class='ocr_carea' id='block_1_37' title="bbox 398 2304 1951 2377">
    <p class='ocr_par' dir='ltr' id='par_1_37' title="bbox 398 2304 1951 2377">
     <span class='ocr_line' id='line_1_37' title="bbox 398 2304 1951 2377; baseline -0.014 0"><span class='ocrx_word' id='word_1_292' title='bbox 398 2321 730 2377; x_wconf 79' lang='lat' dir='ltr'><strong>incmnibns</strong></span> <span class='ocrx_word' id='word_1_293' title='bbox 765 2318 1025 2372; x_wconf 87' lang='lat' dir='ltr'><strong>videas-te</strong></span> <span class='ocrx_word' id='word_1_294' title='bbox 1049 2313 1143 2368; x_wconf 90' lang='lat' dir='ltr'><strong>Dei</strong></span> <span class='ocrx_word' id='word_1_295' title='bbox 1170 2312 1367 2366; x_wconf 82' lang='lat' dir='ltr'><strong>Filium</strong></span> <span class='ocrx_word' id='word_1_296' title='bbox 1412 2308 1717 2375; x_wconf 82' lang='lat' dir='ltr'><strong>intelligere</strong></span> <span class='ocrx_word' id='word_1_297' title='bbox 1738 2304 1951 2358; x_wconf 87' lang='lat' dir='ltr'><strong>debere.</strong></span> 
     </span>
    </p>
   </div>
   <div class='ocr_carea' id='block_1_38' title="bbox 393 2392 1956 2478">
    <p class='ocr_par' dir='ltr' id='par_1_38' title="bbox 393 2392 1956 2478">
     <span class='ocr_line' id='line_1_38' title="bbox 393 2392 1956 2478; baseline -0.013 -14"><span class='ocrx_word' id='word_1_298' title='bbox 393 2411 809 2478; x_wconf 78' lang='lat' dir='ltr'><strong>Argumentarc,</strong></span> <span class='ocrx_word' id='word_1_299' title='bbox 831 2406 875 2462; x_wconf 92' lang='lat' dir='ltr'><strong>si</strong></span> <span class='ocrx_word' id='word_1_300' title='bbox 897 2404 1092 2475; x_wconf 87' lang='lat' dir='ltr'><strong>placet,</strong></span> <span class='ocrx_word' id='word_1_301' title='bbox 1123 2400 1389 2471; x_wconf 91' lang='lat' dir='ltr'><strong>quomodo</strong></span> <span class='ocrx_word' id='word_1_302' title='bbox 1414 2399 1582 2452; x_wconf 90' lang='lat' dir='ltr'><strong>Deum</strong></span> <span class='ocrx_word' id='word_1_303' title='bbox 1603 2396 1782 2452; x_wconf 86' lang='lat' dir='ltr'><strong>valeas</strong></span> <span class='ocrx_word' id='word_1_304' title='bbox 1810 2409 1839 2447; x_wconf 88' lang='lat' dir='ltr'><strong>a</strong></span> <span class='ocrx_word' id='word_1_305' title='bbox 1862 2392 1956 2445; x_wconf 88' lang='lat' dir='ltr'><strong>Dei</strong></span> 
     </span>
    </p>
   </div>
   <div class='ocr_carea' id='block_1_39' title="bbox 396 2484 1958 2565">
    <p class='ocr_par' dir='ltr' id='par_1_39' title="bbox 396 2484 1958 2565">
     <span class='ocr_line' id='line_1_39' title="bbox 396 2484 1958 2565; baseline -0.012 -12"><span class='ocrx_word' id='word_1_306' title='bbox 396 2499 534 2553; x_wconf 88' lang='lat' dir='ltr'><strong>Filio</strong></span> <span class='ocrx_word' id='word_1_307' title='bbox 578 2510 826 2565; x_wconf 87' lang='lat' dir='ltr'><strong>separare</strong></span> <span class='ocrx_word' id='word_1_308' title='bbox 865 2510 879 2545; x_wconf 90' lang='lat'><strong>:</strong></span> <span class='ocrx_word' id='word_1_309' title='bbox 911 2508 1009 2547; x_wconf 91' lang='lat' dir='ltr'><strong>nec</strong></span> <span class='ocrx_word' id='word_1_310' title='bbox 1032 2493 1173 2547; x_wconf 90' lang='lat' dir='ltr'><strong>enim</strong></span> <span class='ocrx_word' id='word_1_311' title='bbox 1203 2490 1362 2545; x_wconf 87' lang='lat' dir='ltr'><strong>toties</strong></span> <span class='ocrx_word' id='word_1_312' title='bbox 1399 2503 1493 2557; x_wconf 90' lang='lat' dir='ltr'><strong>per</strong></span> <span class='ocrx_word' id='word_1_313' title='bbox 1528 2499 1713 2540; x_wconf 88' lang='lat' dir='ltr'><strong>omnes</strong></span> <span class='ocrx_word' id='word_1_314' title='bbox 1736 2484 1958 2553; x_wconf 81' lang='lat' dir='ltr'><strong>paginas</strong></span> 
     </span>
    </p>
   </div>
   <div class='ocr_carea' id='block_1_40' title="bbox 396 2569 1957 2650">
    <p class='ocr_par' dir='ltr' id='par_1_40' title="bbox 396 2569 1957 2650">
     <span class='ocr_line' id='line_1_40' title="bbox 396 2569 1957 2650; baseline -0.013 -8"><span class='ocrx_word' id='word_1_315' title='bbox 396 2595 706 2642; x_wconf 88' lang='lat' dir='ltr'><strong>sanctorum</strong></span> <span class='ocrx_word' id='word_1_316' title='bbox 744 2581 1152 2650; x_wconf 82' lang='lat' dir='ltr'><strong>Evangeliorum</strong></span> <span class='ocrx_word' id='word_1_317' title='bbox 1183 2579 1276 2633; x_wconf 88' lang='lat' dir='ltr'><strong>Dei</strong></span> <span class='ocrx_word' id='word_1_318' title='bbox 1304 2576 1470 2631; x_wconf 87' lang='lat' dir='ltr'><strong>Filius</strong></span> <span class='ocrx_word' id='word_1_319' title='bbox 1505 2574 1886 2632; x_wconf 85' lang='lat' dir='ltr'><strong>nominaretur,</strong></span> <span class='ocrx_word' id='word_1_320' title='bbox 1912 2569 1957 2622; x_wconf 89' lang='lat' dir='ltr'><strong>si</strong></span> 
     </span>
    </p>
   </div>
   <div class='ocr_carea' id='block_1_41' title="bbox 395 2665 1959 2746">
    <p class='ocr_par' dir='ltr' id='par_1_41' title="bbox 395 2665 1959 2746">
     <span class='ocr_line' id='line_1_41' title="bbox 395 2665 1959 2746; baseline -0.012 -16"><span class='ocrx_word' id='word_1_321' title='bbox 395 2676 612 2746; x_wconf 88' lang='lat' dir='ltr'><strong>proprie</strong></span> <span class='ocrx_word' id='word_1_322' title='bbox 635 2690 739 2729; x_wconf 91' lang='lat' dir='ltr'><strong>non</strong></span> <span class='ocrx_word' id='word_1_323' title='bbox 781 2680 922 2727; x_wconf 88' lang='lat' dir='ltr'><strong>esset</strong></span> <span class='ocrx_word' id='word_1_324' title='bbox 944 2670 1055 2725; x_wconf 59' lang='lat' dir='ltr'><strong>&#39;Dci</strong></span> <span class='ocrx_word' id='word_1_325' title='bbox 1101 2669 1289 2732; x_wconf 86' lang='lat' dir='ltr'><strong>Filius,</strong></span> <span class='ocrx_word' id='word_1_326' title='bbox 1314 2666 1405 2737; x_wconf 91' lang='lat' dir='ltr'><strong>qui</strong></span> <span class='ocrx_word' id='word_1_327' title='bbox 1428 2681 1495 2719; x_wconf 80' lang='lat' dir='ltr'><strong>ex</strong></span> <span class='ocrx_word' id='word_1_328' title='bbox 1515 2665 1731 2734; x_wconf 76' lang='lat' dir='ltr'><strong>Virgine</strong></span> <span class='ocrx_word' id='word_1_329' title='bbox 1771 2677 1959 2716; x_wconf 84' lang='lat' dir='ltr'><strong>secun-</strong></span> 
     </span>
    </p>
   </div>
   <div class='ocr_carea' id='block_1_42' title="bbox 396 2752 1957 2825">
    <p class='ocr_par' dir='ltr' id='par_1_42' title="bbox 396 2752 1957 2825">
     <span class='ocr_line' id='line_1_42' title="bbox 396 2752 1957 2825; baseline -0.01 -4"><span class='ocrx_word' id='word_1_330' title='bbox 396 2769 525 2821; x_wconf 87' lang='lat' dir='ltr'><strong>dum</strong></span> <span class='ocrx_word' id='word_1_331' title='bbox 559 2780 773 2820; x_wconf 87' lang='lat' dir='ltr'><strong>carnem</strong></span> <span class='ocrx_word' id='word_1_332' title='bbox 818 2770 974 2816; x_wconf 87' lang='lat' dir='ltr'><strong>natus</strong></span> <span class='ocrx_word' id='word_1_333' title='bbox 1010 2767 1111 2815; x_wconf 90' lang='lat' dir='ltr'><strong>est.</strong></span> <span class='ocrx_word' id='word_1_334' title='bbox 1155 2757 1291 2825; x_wconf 85' lang='lat' dir='ltr'><strong>Quid</strong></span> <span class='ocrx_word' id='word_1_335' title='bbox 1340 2757 1482 2811; x_wconf 90' lang='lat' dir='ltr'><strong>enim</strong></span> <span class='ocrx_word' id='word_1_336' title='bbox 1515 2755 1609 2808; x_wconf 90' lang='lat' dir='ltr'><strong>tibi</strong></span> <span class='ocrx_word' id='word_1_337' title='bbox 1649 2752 1863 2817; x_wconf 82' lang='lat' dir='ltr'><strong>suﬁieit,</strong></span> <span class='ocrx_word' id='word_1_338' title='bbox 1914 2752 1957 2805; x_wconf 89' lang='lat' dir='ltr'><strong>si</strong></span> 
     </span>
    </p>
   </div>
   <div class='ocr_carea' id='block_1_43' title="bbox 398 2842 1959 2926">
    <p class='ocr_par' dir='ltr' id='par_1_43' title="bbox 398 2842 1959 2926">
     <span class='ocr_line' id='line_1_43' title="bbox 398 2842 1959 2926; baseline -0.008 -17"><span class='ocrx_word' id='word_1_339' title='bbox 398 2855 809 2926; x_wconf 85' lang='lat' dir='ltr'><strong>Evangeliorum</strong></span> <span class='ocrx_word' id='word_1_340' title='bbox 840 2851 1142 2909; x_wconf 87' lang='lat' dir='ltr'><strong>testimonia</strong></span> <span class='ocrx_word' id='word_1_341' title='bbox 1163 2848 1315 2922; x_wconf 92' lang='lat' dir='ltr'><strong>[non]</strong></span> <span class='ocrx_word' id='word_1_342' title='bbox 1344 2844 1643 2902; x_wconf 79' lang='lat' dir='ltr'><strong>suﬁiciunt?</strong></span> <span class='ocrx_word' id='word_1_343' title='bbox 1670 2842 1769 2898; x_wconf 72' lang='lat' dir='ltr'><strong>Vel</strong></span> <span class='ocrx_word' id='word_1_344' title='bbox 1809 2842 1959 2909; x_wconf 88' lang='lat' dir='ltr'><strong>cujus</strong></span> 
     </span>
    </p>
   </div>
   <div class='ocr_carea' id='block_1_44' title="bbox 397 2933 1959 3008">
    <p class='ocr_par' dir='ltr' id='par_1_44' title="bbox 397 2933 1959 3008">
     <span class='ocr_line' id='line_1_44' title="bbox 397 2933 1959 3008; baseline -0.008 -11"><span class='ocrx_word' id='word_1_345' title='bbox 397 2945 709 2999; x_wconf 89' lang='lat' dir='ltr'><strong>testimonio</strong></span> <span class='ocrx_word' id='word_1_346' title='bbox 732 2944 927 3007; x_wconf 90' lang='lat' dir='ltr'><strong>credis,</strong></span> <span class='ocrx_word' id='word_1_347' title='bbox 957 2942 1002 2995; x_wconf 91' lang='lat' dir='ltr'><strong>si</strong></span> <span class='ocrx_word' id='word_1_348' title='bbox 1040 2940 1206 3008; x_wconf 89' lang='lat' dir='ltr'><strong>ipsius</strong></span> <span class='ocrx_word' id='word_1_349' title='bbox 1231 2938 1407 2992; x_wconf 87' lang='lat' dir='ltr'><strong>Patris</strong></span> <span class='ocrx_word' id='word_1_350' title='bbox 1452 2935 1753 2992; x_wconf 89' lang='lat' dir='ltr'><strong>testimonio</strong></span> <span class='ocrx_word' id='word_1_351' title='bbox 1787 2933 1959 2986; x_wconf 88' lang='lat' dir='ltr'><strong>incre-</strong></span> 
     </span>
    </p>
   </div>
   <div class='ocr_carea' id='block_1_45' title="bbox 397 3034 683 3089">
    <p class='ocr_par' dir='ltr' id='par_1_45' title="bbox 397 3034 683 3089">
     <span class='ocr_line' id='line_1_45' title="bbox 397 3034 683 3089; baseline -0.007 0"><span class='ocrx_word' id='word_1_352' title='bbox 397 3035 560 3089; x_wconf 86' lang='lat' dir='ltr'><strong>dulus</strong></span> <span class='ocrx_word' id='word_1_353' title='bbox 587 3034 683 3089; x_wconf 88' lang='lat' dir='ltr'><strong>es?</strong></span> 
     </span>
    </p>
   </div>
   <div class='ocr_carea' id='block_1_46' title="bbox 468 3111 1958 3191">
    <p class='ocr_par' dir='ltr' id='par_1_46' title="bbox 468 3111 1958 3191">
     <span class='ocr_line' id='line_1_46' title="bbox 468 3111 1958 3191; baseline -0.008 -14"><span class='ocrx_word' id='word_1_354' title='bbox 468 3123 558 3177; x_wconf 82' lang='lat' dir='ltr'><strong>IV.</strong></span> <span class='ocrx_word' id='word_1_355' title='bbox 594 3122 809 3191; x_wconf 75' lang='lat' dir='ltr'><strong>Legitur</strong></span> <span class='ocrx_word' id='word_1_356' title='bbox 845 3134 1054 3190; x_wconf 89' lang='lat' dir='ltr'><strong>quoque</strong></span> <span class='ocrx_word' id='word_1_357' title='bbox 1092 3120 1148 3175; x_wconf 84' lang='lat' dir='ltr'><strong>in</strong></span> <span class='ocrx_word' id='word_1_358' title='bbox 1179 3120 1253 3174; x_wconf 91' lang='lat' dir='ltr'><strong>tui</strong></span> <span class='ocrx_word' id='word_1_359' title='bbox 1301 3117 1463 3173; x_wconf 88' lang='lat' dir='ltr'><strong>libelli</strong></span> <span class='ocrx_word' id='word_1_360' title='bbox 1495 3124 1682 3171; x_wconf 73' lang='lat' dir='ltr'><strong>textu:</strong></span> <span class='ocrx_word' id='word_1_361' title='bbox 1720 3132 1739 3164; x_wconf 83' lang='grc'><strong><em>‹</em></strong></span> <span class='ocrx_word' id='word_1_362' title='bbox 1772 3112 1829 3167; x_wconf 89' lang='lat' dir='ltr'><strong>In</strong></span> <span class='ocrx_word' id='word_1_363' title='bbox 1868 3111 1958 3167; x_wconf 87' lang='lat' dir='ltr'><strong>illa</strong></span> 
     </span>
    </p>
   </div>
   <div class='ocr_carea' id='block_1_47' title="bbox 395 3202 1962 3283">
    <p class='ocr_par' dir='ltr' id='par_1_47' title="bbox 395 3202 1962 3283">
     <span class='ocr_line' id='line_1_47' title="bbox 395 3202 1962 3283; baseline -0.01 -10"><span class='ocrx_word' id='word_1_364' title='bbox 395 3216 626 3278; x_wconf 87' lang='lat' dir='ltr'><strong>scilicet,</strong></span> <span class='ocrx_word' id='word_1_365' title='bbox 650 3215 705 3269; x_wconf 92' lang='lat' dir='ltr'><strong>in</strong></span> <span class='ocrx_word' id='word_1_366' title='bbox 728 3229 829 3283; x_wconf 88' lang='lat' dir='ltr'><strong>qua</strong></span> <span class='ocrx_word' id='word_1_367' title='bbox 858 3213 1010 3282; x_wconf 75' lang='lat' dir='ltr'><strong>juxta</strong></span> <span class='ocrx_word' id='word_1_368' title='bbox 1054 3212 1230 3267; x_wconf 87' lang='lat' dir='ltr'><strong>carnis</strong></span> <span class='ocrx_word' id='word_1_369' title='bbox 1254 3207 1534 3264; x_wconf 87' lang='lat' dir='ltr'><strong>materiam</strong></span> <span class='ocrx_word' id='word_1_370' title='bbox 1563 3204 1797 3261; x_wconf 81' lang='lat' dir='ltr'><strong>universi</strong></span> <span class='ocrx_word' id='word_1_371' title='bbox 1827 3202 1962 3258; x_wconf 89' lang='lat' dir='ltr'><strong>ﬁde-</strong></span> 
     </span>
    </p>
   </div>
   <div class='ocr_carea' id='block_1_48' title="bbox 393 3296 1962 3377">
    <p class='ocr_par' dir='ltr' id='par_1_48' title="bbox 393 3296 1962 3377">
     <span class='ocr_line' id='line_1_48' title="bbox 393 3296 1962 3377; baseline -0.008 -16"><span class='ocrx_word' id='word_1_372' title='bbox 393 3307 477 3363; x_wconf 86' lang='lat' dir='ltr'><strong>ies</strong></span> <span class='ocrx_word' id='word_1_373' title='bbox 495 3306 615 3377; x_wconf 85' lang='lat' dir='ltr'><strong>ejus</strong></span> <span class='ocrx_word' id='word_1_374' title='bbox 642 3306 883 3361; x_wconf 87' lang='lat' dir='ltr'><strong>membra</strong></span> <span class='ocrx_word' id='word_1_375' title='bbox 912 3305 1078 3375; x_wconf 90' lang='lat' dir='ltr'><strong>ipsius</strong></span> <span class='ocrx_word' id='word_1_376' title='bbox 1101 3309 1252 3368; x_wconf 92' lang='lat' dir='ltr'><strong>sunt;</strong></span> <span class='ocrx_word' id='word_1_377' title='bbox 1302 3317 1408 3357; x_wconf 91' lang='lat' dir='ltr'><strong>non</strong></span> <span class='ocrx_word' id='word_1_378' title='bbox 1436 3301 1489 3354; x_wconf 92' lang='lat' dir='ltr'><strong>in</strong></span> <span class='ocrx_word' id='word_1_379' title='bbox 1512 3298 1620 3360; x_wconf 88' lang='lat' dir='ltr'><strong>illa,</strong></span> <span class='ocrx_word' id='word_1_380' title='bbox 1648 3298 1751 3351; x_wconf 91' lang='lat' dir='ltr'><strong>hoc</strong></span> <span class='ocrx_word' id='word_1_381' title='bbox 1772 3303 1873 3359; x_wconf 89' lang='lat' dir='ltr'><strong>est,</strong></span> <span class='ocrx_word' id='word_1_382' title='bbox 1906 3296 1962 3349; x_wconf 88' lang='lat' dir='ltr'><strong>in</strong></span> 
     </span>
    </p>
   </div>
   <div class='ocr_carea' id='block_1_49' title="bbox 395 3386 1965 3463">
    <p class='ocr_par' dir='ltr' id='par_1_49' title="bbox 395 3386 1965 3463">
     <span class='ocr_line' id='line_1_49' title="bbox 395 3386 1965 3463; baseline -0.009 -12"><span class='ocrx_word' id='word_1_383' title='bbox 395 3396 680 3451; x_wconf 81' lang='lat' dir='ltr'><strong>divinitate</strong></span> <span class='ocrx_word' id='word_1_384' title='bbox 706 3395 841 3463; x_wconf 86' lang='lat' dir='ltr'><strong>ejus,</strong></span> <span class='ocrx_word' id='word_1_385' title='bbox 864 3395 918 3448; x_wconf 90' lang='lat' dir='ltr'><strong>in</strong></span> <span class='ocrx_word' id='word_1_386' title='bbox 945 3410 1048 3463; x_wconf 93' lang='lat' dir='ltr'><strong>qua</strong></span> <span class='ocrx_word' id='word_1_387' title='bbox 1096 3409 1201 3447; x_wconf 90' lang='lat' dir='ltr'><strong>non</strong></span> <span class='ocrx_word' id='word_1_388' title='bbox 1229 3392 1466 3445; x_wconf 90' lang='lat' dir='ltr'><strong>membra</strong></span> <span class='ocrx_word' id='word_1_389' title='bbox 1494 3389 1675 3451; x_wconf 85' lang='lat' dir='ltr'><strong>habet,</strong></span> <span class='ocrx_word' id='word_1_390' title='bbox 1712 3386 1805 3439; x_wconf 91' lang='lat' dir='ltr'><strong>sed</strong></span> <span class='ocrx_word' id='word_1_391' title='bbox 1832 3392 1965 3438; x_wconf 88' lang='lat' dir='ltr'><strong>tem-</strong></span> 
     </span>
    </p>
   </div>
   <div class='ocr_carea' id='block_1_50' title="bbox 393 3477 1964 3554">
    <p class='ocr_par' dir='ltr' id='par_1_50' title="bbox 393 3477 1964 3554">
     <span class='ocr_line' id='line_1_50' title="bbox 393 3477 1964 3554; baseline -0.008 -16"><span class='ocrx_word' id='word_1_392' title='bbox 393 3485 566 3554; x_wconf 89' lang='lat' dir='ltr'><strong>plum.</strong></span> <span class='ocrx_word' id='word_1_393' title='bbox 595 3504 613 3536; x_wconf 81' lang='grc' dir='ltr'><strong><em>ι</em></strong></span> <span class='ocrx_word' id='word_1_394' title='bbox 632 3484 906 3550; x_wconf 82' lang='lat' dir='ltr'><strong>Quomodo</strong></span> <span class='ocrx_word' id='word_1_395' title='bbox 928 3488 1102 3551; x_wconf 87' lang='lat' dir='ltr'><strong>potest</strong></span> <span class='ocrx_word' id='word_1_396' title='bbox 1128 3496 1245 3536; x_wconf 89' lang='lat' dir='ltr'><strong>esse</strong></span> <span class='ocrx_word' id='word_1_397' title='bbox 1271 3487 1331 3534; x_wconf 90' lang='lat' dir='ltr'><strong>ut</strong></span> <span class='ocrx_word' id='word_1_398' title='bbox 1360 3479 1501 3533; x_wconf 88' lang='lat' dir='ltr'><strong>Deus</strong></span> <span class='ocrx_word' id='word_1_399' title='bbox 1529 3477 1775 3533; x_wconf 89' lang='lat' dir='ltr'><strong>Christus</strong></span> <span class='ocrx_word' id='word_1_400' title='bbox 1798 3489 1964 3528; x_wconf 89' lang='lat' dir='ltr'><strong>mem-</strong></span> 
     </span>
    </p>
   </div>
   <div class='ocr_carea' id='block_1_51' title="bbox 392 3567 1963 3642">
    <p class='ocr_par' dir='ltr' id='par_1_51' title="bbox 392 3567 1963 3642">
     <span class='ocr_line' id='line_1_51' title="bbox 392 3567 1963 3642; baseline -0.008 -12"><span class='ocrx_word' id='word_1_401' title='bbox 392 3576 492 3630; x_wconf 90' lang='lat' dir='ltr'><strong>bra</strong></span> <span class='ocrx_word' id='word_1_402' title='bbox 516 3590 625 3629; x_wconf 92' lang='lat' dir='ltr'><strong>non</strong></span> <span class='ocrx_word' id='word_1_403' title='bbox 652 3575 869 3639; x_wconf 85' lang='lat' dir='ltr'><strong>habeat,</strong></span> <span class='ocrx_word' id='word_1_404' title='bbox 911 3568 1013 3628; x_wconf 74' lang='lat' dir='ltr'><strong>sed&#39;</strong></span> <span class='ocrx_word' id='word_1_405' title='bbox 1043 3572 1296 3642; x_wconf 86' lang='lat' dir='ltr'><strong>templum</strong></span> <span class='ocrx_word' id='word_1_406' title='bbox 1323 3570 1553 3626; x_wconf 83' lang='lat' dir='ltr'><strong>haheat?</strong></span> <span class='ocrx_word' id='word_1_407' title='bbox 1580 3567 1828 3637; x_wconf 84' lang='lat' dir='ltr'><strong>Nunquid</strong></span> <span class='ocrx_word' id='word_1_408' title='bbox 1858 3580 1963 3619; x_wconf 91' lang='lat' dir='ltr'><strong>non</strong></span> 
     </span>
    </p>
   </div>
   <div class='ocr_carea' id='block_1_52' title="bbox 378 3658 1963 3736">
    <p class='ocr_par' dir='ltr' id='par_1_52' title="bbox 378 3658 1963 3736">
     <span class='ocr_line' id='line_1_52' title="bbox 378 3658 1963 3736; baseline -0.008 -13"><span class='ocrx_word' id='word_1_409' title='bbox 378 3667 656 3736; x_wconf 65' lang='lat' dir='ltr'><strong>templum</strong></span> <span class='ocrx_word' id='word_1_410' title='bbox 706 3665 801 3720; x_wconf 89' lang='lat' dir='ltr'><strong>Dei</strong></span> <span class='ocrx_word' id='word_1_411' title='bbox 831 3673 912 3722; x_wconf 90' lang='lat' dir='ltr'><strong>est</strong></span> <span class='ocrx_word' id='word_1_412' title='bbox 934 3679 1128 3733; x_wconf 88' lang='lat' dir='ltr'><strong>corpus</strong></span> <span class='ocrx_word' id='word_1_413' title='bbox 1151 3664 1293 3733; x_wconf 90' lang='lat' dir='ltr'><strong>quod</strong></span> <span class='ocrx_word' id='word_1_414' title='bbox 1340 3678 1409 3718; x_wconf 78' lang='lat' dir='ltr'><strong>ex</strong></span> <span class='ocrx_word' id='word_1_415' title='bbox 1435 3662 1653 3732; x_wconf 81' lang='lat' dir='ltr'><strong>Virgine</strong></span> <span class='ocrx_word' id='word_1_416' title='bbox 1697 3658 1963 3727; x_wconf 88' lang='lat' dir='ltr'><strong>sumpsit?</strong></span> 
     </span>
    </p>
   </div>
   <div class='ocr_carea' id='block_1_53' title="bbox 394 3737 1964 3825">
    <p class='ocr_par' dir='ltr' id='par_1_53' title="bbox 394 3737 1964 3825">
     <span class='ocr_line' id='line_1_53' title="bbox 394 3737 1964 3825; baseline -0.006 -15"><span class='ocrx_word' id='word_1_417' title='bbox 394 3769 451 3811; x_wconf 91' lang='lat' dir='ltr'><strong>ut</strong></span> <span class='ocrx_word' id='word_1_418' title='bbox 480 3755 812 3825; x_wconf 84' lang='lat' dir='ltr'><strong>evangelista</strong></span> <span class='ocrx_word' id='word_1_419' title='bbox 832 3754 908 3808; x_wconf 91' lang='lat' dir='ltr'><strong>ait</strong></span> <span class='ocrx_word' id='word_1_420' title='bbox 940 3752 1092 3807; x_wconf 84' lang='lat' dir='ltr'><strong>:Hoc</strong></span> <span class='ocrx_word' id='word_1_421' title='bbox 1126 3761 1295 3807; x_wconf 85' lang='lat' dir='ltr'><strong>autem</strong></span> <span class='ocrx_word' id='word_1_422' title='bbox 1328 3737 1525 3806; x_wconf 80' lang='lat' dir='ltr'><strong>dicebat</strong></span> <span class='ocrx_word' id='word_1_423' title='bbox 1552 3751 1615 3804; x_wconf 80' lang='lat' dir='ltr'><strong>de</strong></span> <span class='ocrx_word' id='word_1_424' title='bbox 1641 3748 1805 3821; x_wconf 65' lang='grc'><strong>804</strong></span> <span class='ocrx_word' id='word_1_425' title='bbox 1838 3759 1964 3801; x_wconf 82' lang='lat' dir='ltr'><strong>tem-</strong></span> 
     </span>
    </p>
   </div>
   <div class='ocr_carea' id='block_1_54' title="bbox 390 3838 1962 3917">
    <p class='ocr_par' dir='ltr' id='par_1_54' title="bbox 390 3838 1962 3917">
     <span class='ocr_line' id='line_1_54' title="bbox 390 3838 1962 3917; baseline -0.005 -18"><span class='ocrx_word' id='word_1_426' title='bbox 390 3838 481 3917; x_wconf 73' lang='lat' dir='ltr'><strong>p&#39;lo</strong></span> <span class='ocrx_word' id='word_1_427' title='bbox 514 3848 750 3915; x_wconf 84' lang='lat' dir='ltr'><strong>corporis</strong></span> <span class='ocrx_word' id='word_1_428' title='bbox 780 3846 861 3899; x_wconf 86' lang='lat' dir='ltr'><strong>sui</strong></span> <span class='ocrx_word' id='word_1_429' title='bbox 885 3844 1061 3916; x_wconf 81' lang='lat' dir='ltr'><strong>(Joan.</strong></span> <span class='ocrx_word' id='word_1_430' title='bbox 1112 3858 1175 3909; x_wconf 82' lang='grc' dir='ltr'><strong>ιι,</strong></span> <span class='ocrx_word' id='word_1_431' title='bbox 1202 3842 1314 3912; x_wconf 72' lang='lat'><strong>2|).</strong></span> <span class='ocrx_word' id='word_1_432' title='bbox 1346 3842 1412 3896; x_wconf 91' lang='lat' dir='ltr'><strong>Et</strong></span> <span class='ocrx_word' id='word_1_433' title='bbox 1440 3842 1486 3896; x_wconf 91' lang='lat' dir='ltr'><strong>si</strong></span> <span class='ocrx_word' id='word_1_434' title='bbox 1534 3855 1731 3909; x_wconf 87' lang='lat' dir='ltr'><strong>corpus</strong></span> <span class='ocrx_word' id='word_1_435' title='bbox 1781 3839 1962 3903; x_wconf 85' lang='lat' dir='ltr'><strong>habet,</strong></span> 
     </span>
    </p>
   </div>
   <div class='ocr_carea' id='block_1_55' title="bbox 359 3930 1966 4007">
    <p class='ocr_par' dir='ltr' id='par_1_55' title="bbox 359 3930 1966 4007">
     <span class='ocr_line' id='line_1_55' title="bbox 359 3930 1966 4007; baseline -0.007 -12"><span class='ocrx_word' id='word_1_436' title='bbox 359 3992 362 3995; x_wconf 78' lang='lat'><strong>.</strong></span> <span class='ocrx_word' id='word_1_437' title='bbox 392 3939 565 3993; x_wconf 86' lang='lat' dir='ltr'><strong>habet</strong></span> <span class='ocrx_word' id='word_1_438' title='bbox 595 3940 778 4007; x_wconf 88' lang='lat' dir='ltr'><strong>utique</strong></span> <span class='ocrx_word' id='word_1_439' title='bbox 823 3947 879 3994; x_wconf 90' lang='lat' dir='ltr'><strong>et</strong></span> <span class='ocrx_word' id='word_1_440' title='bbox 922 3937 1159 3992; x_wconf 90' lang='lat' dir='ltr'><strong>membra</strong></span> <span class='ocrx_word' id='word_1_441' title='bbox 1179 3977 1193 4004; x_wconf 92' lang='lat'><strong>,</strong></span> <span class='ocrx_word' id='word_1_442' title='bbox 1218 3936 1471 4007; x_wconf 87' lang='lat' dir='ltr'><strong>Apostolo</strong></span> <span class='ocrx_word' id='word_1_443' title='bbox 1500 3942 1786 3989; x_wconf 87' lang='lat' dir='ltr'><strong>attestante</strong></span> <span class='ocrx_word' id='word_1_444' title='bbox 1813 3947 1827 3985; x_wconf 91' lang='lat'>:</span> <span class='ocrx_word' id='word_1_445' title='bbox 1868 3930 1966 3992; x_wconf 73' lang='lat' dir='ltr'><strong>Vos</strong></span> 
     </span>
    </p>
   </div>
   <div class='ocr_carea' id='block_1_56' title="bbox 390 4019 1967 4099">
    <p class='ocr_par' dir='ltr' id='par_1_56' title="bbox 390 4019 1967 4099">
     <span class='ocr_line' id='line_1_56' title="bbox 390 4019 1967 4099; baseline -0.005 -19"><span class='ocrx_word' id='word_1_446' title='bbox 390 4038 576 4080; x_wconf 85' lang='lat' dir='ltr'><strong>autem</strong></span> <span class='ocrx_word' id='word_1_447' title='bbox 599 4030 720 4082; x_wconf 84' lang='lat' dir='ltr'><strong>estis</strong></span> <span class='ocrx_word' id='word_1_448' title='bbox 750 4046 934 4099; x_wconf 85' lang='lat' dir='ltr'><strong>corpus</strong></span> <span class='ocrx_word' id='word_1_449' title='bbox 965 4026 1177 4091; x_wconf 85' lang='lat' dir='ltr'><strong>Christi,</strong></span> <span class='ocrx_word' id='word_1_450' title='bbox 1207 4036 1254 4081; x_wconf 87' lang='lat' dir='ltr'><strong>et</strong></span> <span class='ocrx_word' id='word_1_451' title='bbox 1275 4026 1504 4079; x_wconf 85' lang='lat' dir='ltr'><strong>membra</strong></span> <span class='ocrx_word' id='word_1_452' title='bbox 1540 4025 1603 4079; x_wconf 89' lang='lat' dir='ltr'><strong>de</strong></span> <span class='ocrx_word' id='word_1_453' title='bbox 1630 4023 1858 4077; x_wconf 86' lang='lat' dir='ltr'><strong>membro</strong></span> <span class='ocrx_word' id='word_1_454' title='bbox 1897 4019 1967 4089; x_wconf 92' lang='grc' dir='ltr'><strong>(Ι</strong></span> 
     </span>
    </p>
   </div>
   <div class='ocr_carea' id='block_1_57' title="bbox 391 4114 2011 4186">
    <p class='ocr_par' dir='ltr' id='par_1_57' title="bbox 391 4114 2011 4186">
     <span class='ocr_line' id='line_1_57' title="bbox 391 4114 2011 4186; baseline -0.004 -18"><span class='ocrx_word' id='word_1_455' title='bbox 391 4114 523 4168; x_wconf 86' lang='lat' dir='ltr'><strong>Cor.</strong></span> <span class='ocrx_word' id='word_1_456' title='bbox 556 4131 658 4179; x_wconf 77' lang='lat' dir='ltr'><strong>xu,</strong></span> <span class='ocrx_word' id='word_1_457' title='bbox 703 4115 819 4186; x_wconf 75' lang='lat'><strong>27).</strong></span> <span class='ocrx_word' id='word_1_458' title='bbox 868 4117 1078 4171; x_wconf 88' lang='lat' dir='ltr'><strong>Scimus</strong></span> <span class='ocrx_word' id='word_1_459' title='bbox 1115 4117 1259 4170; x_wconf 88' lang='lat' dir='ltr'><strong>enim</strong></span> <span class='ocrx_word' id='word_1_460' title='bbox 1297 4115 1530 4173; x_wconf 88' lang='lat' dir='ltr'><strong>divinam</strong></span> <span class='ocrx_word' id='word_1_461' title='bbox 1584 4120 1828 4177; x_wconf 83' lang='lat' dir='ltr'><strong>naturam</strong></span> <span class='ocrx_word' id='word_1_462' title='bbox 1874 4124 1969 4178; x_wconf 82' lang='lat' dir='ltr'><strong>per</strong></span> <span class='ocrx_word' id='word_1_463' title='bbox 2008 4150 2011 4151; x_wconf 46' lang='grc' dir='ltr'><em>ν</em></span> 
     </span>
    </p>
   </div>
   <div class='ocr_carea' id='block_1_58' title="bbox 390 4202 1966 4274">
    <p class='ocr_par' dir='ltr' id='par_1_58' title="bbox 390 4202 1966 4274">
     <span class='ocr_line' id='line_1_58' title="bbox 390 4202 1966 4274; baseline -0.003 -16"><span class='ocrx_word' id='word_1_464' title='bbox 390 4215 588 4274; x_wconf 90' lang='lat' dir='ltr'><strong>partes</strong></span> <span class='ocrx_word' id='word_1_465' title='bbox 622 4219 727 4258; x_wconf 89' lang='lat' dir='ltr'><strong>non</strong></span> <span class='ocrx_word' id='word_1_466' title='bbox 754 4219 873 4260; x_wconf 90' lang='lat' dir='ltr'><strong>esse</strong></span> <span class='ocrx_word' id='word_1_467' title='bbox 912 4206 1160 4267; x_wconf 85' lang='lat' dir='ltr'><strong>divisam,</strong></span> <span class='ocrx_word' id='word_1_468' title='bbox 1209 4205 1347 4259; x_wconf 88' lang='lat' dir='ltr'><strong>sicut</strong></span> <span class='ocrx_word' id='word_1_469' title='bbox 1374 4218 1569 4272; x_wconf 90' lang='lat' dir='ltr'><strong>corpus</strong></span> <span class='ocrx_word' id='word_1_470' title='bbox 1620 4204 1673 4255; x_wconf 92' lang='lat' dir='ltr'><strong>in</strong></span> <span class='ocrx_word' id='word_1_471' title='bbox 1727 4202 1966 4255; x_wconf 89' lang='lat' dir='ltr'><strong>membra</strong></span> 
     </span>
    </p>
   </div>
   <div class='ocr_carea' id='block_1_59' title="bbox 392 4294 1969 4366">
    <p class='ocr_par' dir='ltr' id='par_1_59' title="bbox 392 4294 1969 4366">
     <span class='ocr_line' id='line_1_59' title="bbox 392 4294 1969 4366; baseline -0.004 -14"><span class='ocrx_word' id='word_1_472' title='bbox 392 4298 671 4357; x_wconf 82' lang='lat' dir='ltr'><strong>dividitur.</strong></span> <span class='ocrx_word' id='word_1_473' title='bbox 696 4314 708 4348; x_wconf 91' lang='lat'>:</span> <span class='ocrx_word' id='word_1_474' title='bbox 738 4305 914 4350; x_wconf 87' lang='lat' dir='ltr'><strong>tamen</strong></span> <span class='ocrx_word' id='word_1_475' title='bbox 936 4298 1059 4366; x_wconf 88' lang='lat' dir='ltr'><strong>quia</strong></span> <span class='ocrx_word' id='word_1_476' title='bbox 1086 4296 1269 4356; x_wconf 81' lang='lat' dir='ltr'><strong>dixisti</strong></span> <span class='ocrx_word' id='word_1_477' title='bbox 1293 4294 1539 4350; x_wconf 88' lang='lat' dir='ltr'><strong>eamdem</strong></span> <span class='ocrx_word' id='word_1_478' title='bbox 1565 4302 1815 4351; x_wconf 88' lang='lat' dir='ltr'><strong>naturam</strong></span> <span class='ocrx_word' id='word_1_479' title='bbox 1837 4302 1969 4346; x_wconf 90' lang='lat' dir='ltr'><strong>tem-</strong></span> 
     </span>
    </p>
   </div>
   <div class='ocr_carea' id='block_1_60' title="bbox 388 4374 1972 4457">
    <p class='ocr_par' dir='ltr' id='par_1_60' title="bbox 388 4374 1972 4457">
     <span class='ocr_line' id='line_1_60' title="bbox 388 4374 1972 4457; baseline -0.003 -16"><span class='ocrx_word' id='word_1_480' title='bbox 388 4388 546 4457; x_wconf 89' lang='lat' dir='ltr'><strong>plum</strong></span> <span class='ocrx_word' id='word_1_481' title='bbox 583 4387 804 4450; x_wconf 87' lang='lat' dir='ltr'><strong>haherc,</strong></span> <span class='ocrx_word' id='word_1_482' title='bbox 836 4385 882 4439; x_wconf 92' lang='lat' dir='ltr'><strong>si</strong></span> <span class='ocrx_word' id='word_1_483' title='bbox 902 4385 1155 4455; x_wconf 90' lang='lat' dir='ltr'><strong>templum</strong></span> <span class='ocrx_word' id='word_1_484' title='bbox 1177 4386 1356 4448; x_wconf 89' lang='lat' dir='ltr'><strong>habet,</strong></span> <span class='ocrx_word' id='word_1_485' title='bbox 1386 4385 1440 4444; x_wconf 90' lang='lat' dir='ltr'><strong>id</strong></span> <span class='ocrx_word' id='word_1_486' title='bbox 1464 4390 1546 4439; x_wconf 90' lang='lat' dir='ltr'><strong>est</strong></span> <span class='ocrx_word' id='word_1_487' title='bbox 1572 4396 1787 4451; x_wconf 87' lang='lat' dir='ltr'><strong>corpus,</strong></span> <span class='ocrx_word' id='word_1_488' title='bbox 1810 4374 1972 4437; x_wconf 84' lang='lat' dir='ltr'><strong>habet</strong></span> 
     </span>
    </p>
   </div>
   <div class='ocr_carea' id='block_1_61' title="bbox 388 4474 1971 4547">
    <p class='ocr_par' dir='ltr' id='par_1_61' title="bbox 388 4474 1971 4547">
     <span class='ocr_line' id='line_1_61' title="bbox 388 4474 1971 4547; baseline -0.003 -14"><span class='ocrx_word' id='word_1_489' title='bbox 388 4480 589 4547; x_wconf 86' lang='lat' dir='ltr'><strong>utique</strong></span> <span class='ocrx_word' id='word_1_490' title='bbox 613 4484 673 4531; x_wconf 87' lang='lat' dir='ltr'><strong>et</strong></span> <span class='ocrx_word' id='word_1_491' title='bbox 699 4476 951 4540; x_wconf 78' lang='lat' dir='ltr'><strong>membra,</strong></span> <span class='ocrx_word' id='word_1_492' title='bbox 992 4478 1114 4545; x_wconf 87' lang='lat' dir='ltr'><strong>quia</strong></span> <span class='ocrx_word' id='word_1_493' title='bbox 1142 4475 1394 4544; x_wconf 68' lang='lat' dir='ltr'><strong>templum</strong></span> <span class='ocrx_word' id='word_1_494' title='bbox 1424 4474 1537 4529; x_wconf 90' lang='lat' dir='ltr'><strong>sine</strong></span> <span class='ocrx_word' id='word_1_495' title='bbox 1566 4474 1825 4528; x_wconf 88' lang='lat' dir='ltr'><strong>membris</strong></span> <span class='ocrx_word' id='word_1_496' title='bbox 1851 4488 1971 4528; x_wconf 91' lang='lat' dir='ltr'><strong>esse</strong></span> 
     </span>
    </p>
   </div>
   <div class='ocr_carea' id='block_1_62' title="bbox 390 4560 1973 4635">
    <p class='ocr_par' dir='ltr' id='par_1_62' title="bbox 390 4560 1973 4635">
     <span class='ocr_line' id='line_1_62' title="bbox 390 4560 1973 4635; baseline -0.003 -14"><span class='ocrx_word' id='word_1_497' title='bbox 390 4582 504 4621; x_wconf 90' lang='lat' dir='ltr'><strong>non</strong></span> <span class='ocrx_word' id='word_1_498' title='bbox 559 4571 764 4635; x_wconf 72' lang='lat' dir='ltr'><strong>potest.</strong></span> <span class='ocrx_word' id='word_1_499' title='bbox 811 4563 944 4629; x_wconf 84' lang='lat' dir='ltr'><strong>Nam</strong></span> <span class='ocrx_word' id='word_1_500' title='bbox 986 4560 1187 4630; x_wconf 42' lang='lat' dir='ltr'><strong>&quot;eadem</strong></span> <span class='ocrx_word' id='word_1_501' title='bbox 1232 4573 1424 4617; x_wconf 87' lang='lat' dir='ltr'><strong>natura</strong></span> <span class='ocrx_word' id='word_1_502' title='bbox 1479 4563 1810 4625; x_wconf 89' lang='lat' dir='ltr'><strong>divinitatis,</strong></span> <span class='ocrx_word' id='word_1_503' title='bbox 1854 4577 1973 4629; x_wconf 75' lang='lat' dir='ltr'><strong>qua:</strong></span> 
     </span>
    </p>
   </div>
   <div class='ocr_carea' id='block_1_63' title="bbox 390 4654 1969 4715">
    <p class='ocr_par' dir='ltr' id='par_1_63' title="bbox 390 4654 1969 4715">
     <span class='ocr_line' id='line_1_63' title="bbox 390 4654 1969 4715; baseline -0.004 -4"><span class='ocrx_word' id='word_1_504' title='bbox 390 4666 525 4711; x_wconf 85' lang='lat' dir='ltr'><strong>ante</strong></span> <span class='ocrx_word' id='word_1_505' title='bbox 561 4654 991 4710; x_wconf 83' lang='lat' dir='ltr'><strong>incarnationem</strong></span> <span class='ocrx_word' id='word_1_506' title='bbox 1040 4654 1280 4707; x_wconf 88' lang='lat' dir='ltr'><strong>membra</strong></span> <span class='ocrx_word' id='word_1_507' title='bbox 1327 4669 1431 4708; x_wconf 91' lang='lat' dir='ltr'><strong>non</strong></span> <span class='ocrx_word' id='word_1_508' title='bbox 1482 4654 1706 4714; x_wconf 90' lang='lat' dir='ltr'><strong>habuit,</strong></span> <span class='ocrx_word' id='word_1_509' title='bbox 1760 4654 1969 4715; x_wconf 88' lang='lat' dir='ltr'><strong>eadem,</strong></span> 
     </span>
    </p>
   </div>
   <div class='ocr_carea' id='block_1_64' title="bbox 392 4738 1974 4818">
    <p class='ocr_par' dir='ltr' id='par_1_64' title="bbox 392 4738 1974 4818">
     <span class='ocr_line' id='line_1_64' title="bbox 392 4738 1974 4818; baseline -0.006 -17"><span class='ocrx_word' id='word_1_510' title='bbox 392 4748 526 4801; x_wconf 90' lang='lat' dir='ltr'><strong>dum</strong></span> <span class='ocrx_word' id='word_1_511' title='bbox 564 4745 734 4799; x_wconf 79' lang='lat' dir='ltr'><strong>homo</strong></span> <span class='ocrx_word' id='word_1_512' title='bbox 766 4740 905 4796; x_wconf 83' lang='lat' dir='ltr'><strong>facta</strong></span> <span class='ocrx_word' id='word_1_513' title='bbox 948 4750 1060 4805; x_wconf 90' lang='lat' dir='ltr'><strong>est,</strong></span> <span class='ocrx_word' id='word_1_514' title='bbox 1111 4741 1349 4795; x_wconf 74' lang='lat' dir='ltr'><strong>membra</strong></span> <span class='ocrx_word' id='word_1_515' title='bbox 1399 4741 1618 4818; x_wconf 85' lang='lat' dir='ltr'><strong>habuit,</strong></span> <span class='ocrx_word' id='word_1_516' title='bbox 1679 4740 1732 4792; x_wconf 91' lang='lat' dir='ltr'><strong>in</strong></span> <span class='ocrx_word' id='word_1_517' title='bbox 1780 4738 1974 4808; x_wconf 88' lang='lat' dir='ltr'><strong>quibus</strong></span> 
     </span>
    </p>
   </div>
   <div class='ocr_carea' id='block_1_65' title="bbox 391 4820 1973 4905">
    <p class='ocr_par' dir='ltr' id='par_1_65' title="bbox 391 4820 1973 4905">
     <span class='ocr_line' id='line_1_65' title="bbox 391 4820 1973 4905; baseline -0.006 -11"><span class='ocrx_word' id='word_1_518' title='bbox 391 4838 549 4893; x_wconf 88' lang='lat' dir='ltr'><strong>cruci</strong></span> <span class='ocrx_word' id='word_1_519' title='bbox 578 4833 851 4905; x_wconf 70' lang='lat' dir='ltr'><strong>anigitur;</strong></span> <span class='ocrx_word' id='word_1_520' title='bbox 872 4847 989 4902; x_wconf 78' lang='lat' dir='ltr'><strong>qua:</strong></span> <span class='ocrx_word' id='word_1_521' title='bbox 1013 4820 1174 4887; x_wconf 72' lang='lat' dir='ltr'><strong>etiam</strong></span> <span class='ocrx_word' id='word_1_522' title='bbox 1202 4839 1255 4885; x_wconf 90' lang='lat' dir='ltr'><strong>et</strong></span> <span class='ocrx_word' id='word_1_523' title='bbox 1295 4839 1414 4899; x_wconf 89' lang='lat' dir='ltr'><strong>post</strong></span> <span class='ocrx_word' id='word_1_524' title='bbox 1442 4829 1889 4885; x_wconf 87' lang='lat' dir='ltr'><strong>resurrectionem</strong></span> <span class='ocrx_word' id='word_1_525' title='bbox 1916 4844 1973 4884; x_wconf 89' lang='lat' dir='ltr'><strong>se</strong></span> 
     </span>
    </p>
   </div>
   <div class='ocr_carea' id='block_1_66' title="bbox 393 4923 1976 4995">
    <p class='ocr_par' dir='ltr' id='par_1_66' title="bbox 393 4923 1976 4995">
     <span class='ocr_line' id='line_1_66' title="bbox 393 4923 1976 4995; baseline -0.009 -4"><span class='ocrx_word' id='word_1_526' title='bbox 393 4934 609 4990; x_wconf 84' lang='lat' dir='ltr'><strong>habere</strong></span> <span class='ocrx_word' id='word_1_527' title='bbox 635 4934 886 4993; x_wconf 85' lang='lat' dir='ltr'><strong>testatur,</strong></span> <span class='ocrx_word' id='word_1_528' title='bbox 918 4943 1039 4982; x_wconf 90' lang='lat' dir='ltr'><strong>cum</strong></span> <span class='ocrx_word' id='word_1_529' title='bbox 1076 4926 1206 4981; x_wconf 89' lang='lat' dir='ltr'><strong>dicit</strong></span> <span class='ocrx_word' id='word_1_530' title='bbox 1246 4924 1536 4995; x_wconf 90' lang='lat' dir='ltr'><strong>apostolis:</strong></span> <span class='ocrx_word' id='word_1_531' title='bbox 1572 4923 1789 4994; x_wconf 81' lang='lat' dir='ltr'><strong>Palpate</strong></span> <span class='ocrx_word' id='word_1_532' title='bbox 1825 4933 1871 4977; x_wconf 88' lang='lat' dir='ltr'><strong>et</strong></span> <span class='ocrx_word' id='word_1_533' title='bbox 1904 4925 1976 4977; x_wconf 78' lang='lat' dir='ltr'><strong>vi-</strong></span> 
     </span>
    </p>
   </div>
   <div class='ocr_carea' id='block_1_67' title="bbox 391 5015 1975 5092">
    <p class='ocr_par' dir='ltr' id='par_1_67' title="bbox 391 5015 1975 5092">
     <span class='ocr_line' id='line_1_67' title="bbox 391 5015 1975 5092; baseline -0.003 -19"><span class='ocrx_word' id='word_1_534' title='bbox 391 5022 538 5087; x_wconf 85' lang='lat' dir='ltr'><strong>dete,</strong></span> <span class='ocrx_word' id='word_1_535' title='bbox 560 5022 700 5092; x_wconf 84' lang='lat' dir='ltr'><strong>quia</strong></span> <span class='ocrx_word' id='word_1_536' title='bbox 719 5018 929 5089; x_wconf 75' lang='lat' dir='ltr'><strong>spiritus</strong></span> <span class='ocrx_word' id='word_1_537' title='bbox 948 5032 1153 5071; x_wconf 86' lang='lat' dir='ltr'><strong>carnem</strong></span> <span class='ocrx_word' id='word_1_538' title='bbox 1175 5024 1223 5070; x_wconf 86' lang='lat' dir='ltr'><strong>et</strong></span> <span class='ocrx_word' id='word_1_539' title='bbox 1252 5032 1370 5069; x_wconf 83' lang='lat' dir='ltr'><strong>ossa</strong></span> <span class='ocrx_word' id='word_1_540' title='bbox 1404 5031 1507 5068; x_wconf 86' lang='lat' dir='ltr'><strong>non</strong></span> <span class='ocrx_word' id='word_1_541' title='bbox 1535 5015 1705 5077; x_wconf 71' lang='lat' dir='ltr'><strong>habet,</strong></span> <span class='ocrx_word' id='word_1_542' title='bbox 1735 5015 1868 5067; x_wconf 87' lang='lat' dir='ltr'><strong>sicut</strong></span> <span class='ocrx_word' id='word_1_543' title='bbox 1896 5030 1975 5068; x_wconf 88' lang='lat' dir='ltr'><strong>me</strong></span> 
     </span>
    </p>
   </div>
   <div class='ocr_carea' id='block_1_68' title="bbox 393 5104 1973 5183">
    <p class='ocr_par' dir='ltr' id='par_1_68' title="bbox 393 5104 1973 5183">
     <span class='ocr_line' id='line_1_68' title="bbox 393 5104 1973 5183; baseline -0.004 -18"><span class='ocrx_word' id='word_1_544' title='bbox 393 5104 587 5166; x_wconf 76' lang='lat' dir='ltr'><strong>ridetis</strong></span> <span class='ocrx_word' id='word_1_545' title='bbox 612 5110 811 5165; x_wconf 75' lang='lat' dir='ltr'><strong>habere</strong></span> <span class='ocrx_word' id='word_1_546' title='bbox 832 5109 979 5183; x_wconf 88' lang='lat' dir='ltr'><strong>(Luc.</strong></span> <span class='ocrx_word' id='word_1_547' title='bbox 1007 5125 1155 5175; x_wconf 77' lang='lat' dir='ltr'><strong>xxiv,</strong></span> <span class='ocrx_word' id='word_1_548' title='bbox 1178 5106 1298 5179; x_wconf 76' lang='lat'><strong>39);</strong></span> <span class='ocrx_word' id='word_1_549' title='bbox 1324 5106 1608 5161; x_wconf 82' lang='lat' dir='ltr'><strong>ostendens</strong></span> <span class='ocrx_word' id='word_1_550' title='bbox 1633 5106 1713 5159; x_wconf 89' lang='lat' dir='ltr'><strong>eis</strong></span> <span class='ocrx_word' id='word_1_551' title='bbox 1735 5107 1973 5183; x_wconf 76' lang='lat' dir='ltr'><strong>membra</strong></span> 
     </span>
    </p>
   </div>
   <div class='ocr_carea' id='block_1_69' title="bbox 392 5176 1978 5269">
    <p class='ocr_par' dir='ltr' id='par_1_69' title="bbox 392 5176 1978 5269">
     <span class='ocr_line' id='line_1_69' title="bbox 392 5176 1978 5269; baseline -0.004 -14"><span class='ocrx_word' id='word_1_552' title='bbox 392 5209 450 5256; x_wconf 88' lang='lat' dir='ltr'><strong>et</strong></span> <span class='ocrx_word' id='word_1_553' title='bbox 500 5199 678 5263; x_wconf 87' lang='lat' dir='ltr'><strong>latus,</strong></span> <span class='ocrx_word' id='word_1_554' title='bbox 720 5203 783 5265; x_wconf 85' lang='lat' dir='ltr'><strong>nt</strong></span> <span class='ocrx_word' id='word_1_555' title='bbox 825 5176 1104 5255; x_wconf 75' lang='lat' dir='ltr'><strong>veritatem</strong></span> <span class='ocrx_word' id='word_1_556' title='bbox 1146 5176 1385 5269; x_wconf 85' lang='lat' dir='ltr'><strong>corporis</strong></span> <span class='ocrx_word' id='word_1_557' title='bbox 1430 5195 1821 5250; x_wconf 89' lang='lat' dir='ltr'><strong>demonstraret</strong></span> <span class='ocrx_word' id='word_1_558' title='bbox 1856 5176 1978 5264; x_wconf 79' lang='lat' dir='ltr'><strong>post</strong></span> 
     </span>
    </p>
   </div>
   <div class='ocr_carea' id='block_1_70' title="bbox 392 5287 1978 5352">
    <p class='ocr_par' dir='ltr' id='par_1_70' title="bbox 392 5287 1978 5352">
     <span class='ocr_line' id='line_1_70' title="bbox 392 5287 1978 5352; baseline -0.004 -3"><span class='ocrx_word' id='word_1_559' title='bbox 392 5288 872 5352; x_wconf 72' lang='lat' dir='ltr'><strong>resurrecﬁonem</strong></span> <span class='ocrx_word' id='word_1_560' title='bbox 897 5292 952 5345; x_wconf 91' lang='lat' dir='ltr'><strong>in</strong></span> <span class='ocrx_word' id='word_1_561' title='bbox 980 5292 1233 5352; x_wconf 85' lang='lat' dir='ltr'><strong>membris</strong></span> <span class='ocrx_word' id='word_1_562' title='bbox 1253 5287 1518 5346; x_wconf 86' lang='lat' dir='ltr'><strong>humanis.</strong></span> <span class='ocrx_word' id='word_1_563' title='bbox 1548 5287 1666 5343; x_wconf 87' lang='lat' dir='ltr'><strong>Non</strong></span> <span class='ocrx_word' id='word_1_564' title='bbox 1705 5287 1847 5342; x_wconf 89' lang='lat' dir='ltr'><strong>enim</strong></span> <span class='ocrx_word' id='word_1_565' title='bbox 1878 5290 1978 5342; x_wconf 88' lang='lat' dir='ltr'><strong>mi-</strong></span> 
     </span>
    </p>
   </div>
   <div class='ocr_carea' id='block_1_71' title="bbox 392 5378 1975 5451">
    <p class='ocr_par' dir='ltr' id='par_1_71' title="bbox 392 5378 1975 5451">
     <span class='ocr_line' id='line_1_71' title="bbox 392 5378 1975 5451; baseline -0.005 -11"><span class='ocrx_word' id='word_1_566' title='bbox 392 5384 621 5449; x_wconf 73' lang='lat' dir='ltr'><strong>mtio</strong></span> <span class='ocrx_word' id='word_1_567' title='bbox 661 5380 771 5435; x_wconf 75' lang='lat' dir='ltr'><strong>fuit</strong></span> <span class='ocrx_word' id='word_1_568' title='bbox 794 5380 1088 5437; x_wconf 79' lang='lat' dir='ltr'><strong>divinitatis</strong></span> <span class='ocrx_word' id='word_1_569' title='bbox 1114 5383 1168 5436; x_wconf 90' lang='lat' dir='ltr'><strong>in</strong></span> <span class='ocrx_word' id='word_1_570' title='bbox 1197 5382 1560 5451; x_wconf 88' lang='lat' dir='ltr'><strong>assumptione</strong></span> <span class='ocrx_word' id='word_1_571' title='bbox 1587 5378 1937 5435; x_wconf 82' lang='lat' dir='ltr'><strong>humanitatis</strong></span> <span class='ocrx_word' id='word_1_572' title='bbox 1961 5394 1975 5432; x_wconf 92' lang='lat'><strong>:</strong></span> 
     </span>
    </p>
   </div>
   <div class='ocr_carea' id='block_1_72' title="bbox 395 5468 1979 5543">
    <p class='ocr_par' dir='ltr' id='par_1_72' title="bbox 395 5468 1979 5543">
     <span class='ocr_line' id='line_1_72' title="bbox 395 5468 1979 5543; baseline -0.007 -9"><span class='ocrx_word' id='word_1_573' title='bbox 395 5475 495 5534; x_wconf 81' lang='lat' dir='ltr'><strong>sed</strong></span> <span class='ocrx_word' id='word_1_574' title='bbox 522 5470 895 5531; x_wconf 86' lang='lat' dir='ltr'><strong>humanitatis</strong></span> <span class='ocrx_word' id='word_1_575' title='bbox 914 5471 1164 5528; x_wconf 78' lang='lat' dir='ltr'><strong>exaltatio</strong></span> <span class='ocrx_word' id='word_1_576' title='bbox 1204 5473 1258 5529; x_wconf 91' lang='lat' dir='ltr'><strong>in</strong></span> <span class='ocrx_word' id='word_1_577' title='bbox 1294 5470 1698 5543; x_wconf 84' lang='lat' dir='ltr'><strong>participatione</strong></span> <span class='ocrx_word' id='word_1_578' title='bbox 1726 5468 1979 5523; x_wconf 84' lang='lat' dir='ltr'><strong>divinita-</strong></span> 
     </span>
    </p>
   </div>
   <div class='ocr_carea' id='block_1_73' title="bbox 401 5558 1979 5631">
    <p class='ocr_par' dir='ltr' id='par_1_73' title="bbox 401 5558 1979 5631">
     <span class='ocr_line' id='line_1_73' title="bbox 401 5558 1979 5631; baseline -0.009 -4"><span class='ocrx_word' id='word_1_579' title='bbox 401 5568 472 5628; x_wconf 80' lang='lat' dir='ltr'><strong>tis</strong></span> <span class='ocrx_word' id='word_1_580' title='bbox 499 5586 515 5622; x_wconf 91' lang='lat'><strong>:</strong></span> <span class='ocrx_word' id='word_1_581' title='bbox 546 5564 703 5623; x_wconf 80' lang='lat' dir='ltr'><strong>sicut</strong></span> <span class='ocrx_word' id='word_1_582' title='bbox 745 5574 888 5630; x_wconf 64' lang='lat' dir='ltr'><strong>saepe</strong></span> <span class='ocrx_word' id='word_1_583' title='bbox 915 5560 1088 5615; x_wconf 90' lang='lat' dir='ltr'><strong>dictus</strong></span> <span class='ocrx_word' id='word_1_584' title='bbox 1116 5564 1303 5619; x_wconf 89' lang='lat' dir='ltr'><strong>doctor</strong></span> <span class='ocrx_word' id='word_1_585' title='bbox 1338 5564 1530 5619; x_wconf 88' lang='lat' dir='ltr'><strong>beatus</strong></span> <span class='ocrx_word' id='word_1_586' title='bbox 1555 5558 1884 5631; x_wconf 82' lang='lat' dir='ltr'><strong>Augustinus</strong></span> <span class='ocrx_word' id='word_1_587' title='bbox 1924 5560 1979 5613; x_wconf 89' lang='lat' dir='ltr'><strong>in</strong></span> 
     </span>
    </p>
   </div>
   <div class='ocr_carea' id='block_1_74' title="bbox 470 5669 1973 5742">
    <p class='ocr_par' dir='ltr' id='par_1_74' title="bbox 470 5669 1973 5742">
     <span class='ocr_line' id='line_1_74' title="bbox 470 5669 1973 5742; baseline -0.005 -10"><span class='ocrx_word' id='word_1_588' title='bbox 470 5690 496 5720; x_wconf 72' lang='grc' dir='ltr'>ι</span> <span class='ocrx_word' id='word_1_589' title='bbox 529 5674 593 5732; x_wconf 87' lang='lat' dir='ltr'><strong>S.</strong></span> <span class='ocrx_word' id='word_1_590' title='bbox 625 5669 899 5742; x_wconf 76' lang='lat' dir='ltr'><strong>Aug._,_de</strong></span> <span class='ocrx_word' id='word_1_591' title='bbox 925 5678 1269 5742; x_wconf 77' lang='lat' dir='ltr'><strong>peccatorum</strong></span> <span class='ocrx_word' id='word_1_592' title='bbox 1304 5672 1507 5728; x_wconf 81' lang='lat' dir='ltr'><strong>Meritis</strong></span> <span class='ocrx_word' id='word_1_593' title='bbox 1536 5680 1591 5726; x_wconf 88' lang='lat' dir='ltr'><strong>et</strong></span> <span class='ocrx_word' id='word_1_594' title='bbox 1618 5670 1973 5736; x_wconf 82' lang='lat' dir='ltr'><strong>Remissione,</strong></span> 
     </span>
    </p>
   </div>
   <div class='ocr_carea' id='block_1_75' title="bbox 398 5739 1697 5839">
    <p class='ocr_par' dir='ltr' id='par_1_75' title="bbox 398 5739 1697 5839">
     <span class='ocr_line' id='line_1_75' title="bbox 398 5739 1697 5839; baseline -0.008 -34"><span class='ocrx_word' id='word_1_595' title='bbox 398 5750 496 5806; x_wconf 87' lang='lat' dir='ltr'><strong>lib.</strong></span> <span class='ocrx_word' id='word_1_596' title='bbox 529 5765 570 5813; x_wconf 82' lang='grc' dir='ltr'><strong>ι,</strong></span> <span class='ocrx_word' id='word_1_597' title='bbox 601 5739 747 5839; x_wconf 59' lang='lat' dir='ltr'><strong>cap:</strong></span> <span class='ocrx_word' id='word_1_598' title='bbox 772 5739 864 5806; x_wconf 71' lang='lat'><strong>3!,</strong></span> <span class='ocrx_word' id='word_1_599' title='bbox 907 5739 995 5795; x_wconf 81' lang='lat' dir='ltr'><strong>ubi</strong></span> <span class='ocrx_word' id='word_1_600' title='bbox 1025 5741 1143 5795; x_wconf 85' lang='lat' dir='ltr'><strong>vide</strong></span> <span class='ocrx_word' id='word_1_601' title='bbox 1174 5750 1375 5797; x_wconf 79' lang='lat' dir='ltr'><strong>textum</strong></span> <span class='ocrx_word' id='word_1_602' title='bbox 1413 5744 1697 5813; x_wconf 88' lang='lat' dir='ltr'><strong>integrum.</strong></span> 
     </span>
    </p>
   </div>
   <div class='ocr_carea' id='block_1_76' title="bbox 1989 3171 2038 3239">
    <p class='ocr_par' dir='ltr' id='par_1_76' title="bbox 1989 3171 2038 3239">
     <span class='ocr_line' id='line_1_76' title="bbox 1989 3171 2038 3239; baseline 0 0"><span class='ocrx_word' id='word_1_603' title='bbox 1989 3171 2038 3239; x_wconf 79' lang='grc' dir='ltr'><strong>ο</strong></span> 
     </span>
    </p>
   </div>
   <div class='ocr_carea' id='block_1_77' title="bbox 2053 1940 3621 2019">
    <p class='ocr_par' dir='ltr' id='par_1_77' title="bbox 2053 1940 3621 2019">
     <span class='ocr_line' id='line_1_77' title="bbox 2053 1940 3621 2019; baseline -0.006 -16"><span class='ocrx_word' id='word_1_604' title='bbox 2053 1952 2168 2004; x_wconf 84' lang='lat' dir='ltr'><strong>sto?</strong></span> <span class='ocrx_word' id='word_1_605' title='bbox 2195 1950 2276 2004; x_wconf 79' lang='lat' dir='ltr'><strong>Ad</strong></span> <span class='ocrx_word' id='word_1_606' title='bbox 2303 1964 2486 2019; x_wconf 88' lang='lat' dir='ltr'><strong>quam,</strong></span> <span class='ocrx_word' id='word_1_607' title='bbox 2516 1948 2618 2011; x_wconf 88' lang='lat' dir='ltr'><strong>ais,</strong></span> <span class='ocrx_word' id='word_1_608' title='bbox 2641 1945 2995 2016; x_wconf 87' lang='lat' dir='ltr'><strong>objectionem</strong></span> <span class='ocrx_word' id='word_1_609' title='bbox 3021 1951 3075 1997; x_wconf 89' lang='lat' dir='ltr'><strong>et</strong></span> <span class='ocrx_word' id='word_1_610' title='bbox 3098 1955 3196 2013; x_wconf 87' lang='lat' dir='ltr'><strong>ego</strong></span> <span class='ocrx_word' id='word_1_611' title='bbox 3225 1940 3377 1995; x_wconf 88' lang='lat' dir='ltr'><strong>vobis</strong></span> <span class='ocrx_word' id='word_1_612' title='bbox 3400 1954 3621 2010; x_wconf 87' lang='lat' dir='ltr'><strong>respon-</strong></span> 
     </span>
    </p>
   </div>
   <div class='ocr_carea' id='block_1_78' title="bbox 2053 2033 3624 2104">
    <p class='ocr_par' dir='ltr' id='par_1_78' title="bbox 2053 2033 3624 2104">
     <span class='ocr_line' id='line_1_78' title="bbox 2053 2033 3624 2104; baseline -0.006 -10"><span class='ocrx_word' id='word_1_613' title='bbox 2053 2042 2153 2095; x_wconf 86' lang='lat' dir='ltr'><strong>deo</strong></span> <span class='ocrx_word' id='word_1_614' title='bbox 2185 2055 2198 2092; x_wconf 91' lang='lat'>:</span> <span class='ocrx_word' id='word_1_615' title='bbox 2230 2040 2393 2094; x_wconf 81' lang='lat' dir='ltr'><strong>Recte</strong></span> <span class='ocrx_word' id='word_1_616' title='bbox 2432 2053 2603 2092; x_wconf 89' lang='lat' dir='ltr'><strong>novus</strong></span> <span class='ocrx_word' id='word_1_617' title='bbox 2632 2038 2791 2091; x_wconf 92' lang='lat' dir='ltr'><strong>homo</strong></span> <span class='ocrx_word' id='word_1_618' title='bbox 2819 2050 3015 2088; x_wconf 86' lang='lat' dir='ltr'><strong>novum</strong></span> <span class='ocrx_word' id='word_1_619' title='bbox 3065 2049 3261 2087; x_wconf 89' lang='lat' dir='ltr'><strong>nomen</strong></span> <span class='ocrx_word' id='word_1_620' title='bbox 3292 2033 3491 2087; x_wconf 90' lang='lat' dir='ltr'><strong>habere</strong></span> <span class='ocrx_word' id='word_1_621' title='bbox 3531 2046 3624 2104; x_wconf 86' lang='lat' dir='ltr'><strong>po-</strong></span> 
     </span>
    </p>
   </div>
   <div class='ocr_carea' id='block_1_79' title="bbox 2056 2112 3622 2197">
    <p class='ocr_par' dir='ltr' id='par_1_79' title="bbox 2056 2112 3622 2197">
     <span class='ocr_line' id='line_1_79' title="bbox 2056 2112 3622 2197; baseline -0.008 -12"><span class='ocrx_word' id='word_1_622' title='bbox 2056 2140 2177 2185; x_wconf 86' lang='lat' dir='ltr'><strong>test.</strong></span> <span class='ocrx_word' id='word_1_623' title='bbox 2212 2113 2237 2181; x_wconf 47' lang='grc' dir='ltr'><strong>ἰ</strong></span> <span class='ocrx_word' id='word_1_624' title='bbox 2270 2130 2453 2183; x_wconf 89' lang='lat' dir='ltr'><strong>Dicam</strong></span> <span class='ocrx_word' id='word_1_625' title='bbox 2481 2136 2535 2183; x_wconf 92' lang='lat' dir='ltr'><strong>et</strong></span> <span class='ocrx_word' id='word_1_626' title='bbox 2572 2112 2701 2197; x_wconf 63' lang='grc' dir='ltr'><strong>θεὸς</strong></span> <span class='ocrx_word' id='word_1_627' title='bbox 2745 2125 2960 2187; x_wconf 90' lang='lat' dir='ltr'><strong>mirum,</strong></span> <span class='ocrx_word' id='word_1_628' title='bbox 2998 2123 3138 2192; x_wconf 90' lang='lat' dir='ltr'><strong>quod</strong></span> <span class='ocrx_word' id='word_1_629' title='bbox 3177 2123 3278 2177; x_wconf 91' lang='lat' dir='ltr'><strong>hoc</strong></span> <span class='ocrx_word' id='word_1_630' title='bbox 3308 2136 3503 2176; x_wconf 90' lang='lat' dir='ltr'><strong>novum</strong></span> <span class='ocrx_word' id='word_1_631' title='bbox 3529 2136 3622 2173; x_wconf 83' lang='lat' dir='ltr'><strong>no-</strong></span> 
     </span>
    </p>
   </div>
   <div class='ocr_carea' id='block_1_80' title="bbox 2057 2210 3625 2273">
    <p class='ocr_par' dir='ltr' id='par_1_80' title="bbox 2057 2210 3625 2273">
     <span class='ocr_line' id='line_1_80' title="bbox 2057 2210 3625 2273; baseline -0.006 -1"><span class='ocrx_word' id='word_1_632' title='bbox 2057 2234 2176 2273; x_wconf 86' lang='lat' dir='ltr'><strong>men</strong></span> <span class='ocrx_word' id='word_1_633' title='bbox 2229 2219 2379 2272; x_wconf 69' lang='lat' dir='ltr'><strong>vobis</strong></span> <span class='ocrx_word' id='word_1_634' title='bbox 2435 2215 2803 2270; x_wconf 85' lang='lat' dir='ltr'><strong>tantummodo</strong></span> <span class='ocrx_word' id='word_1_635' title='bbox 2864 2213 2916 2266; x_wconf 91' lang='lat' dir='ltr'><strong>in</strong></span> <span class='ocrx_word' id='word_1_636' title='bbox 2965 2212 3153 2265; x_wconf 91' lang='lat' dir='ltr'><strong>ultimo</strong></span> <span class='ocrx_word' id='word_1_637' title='bbox 3207 2210 3625 2265; x_wconf 85' lang='lat' dir='ltr'><strong>Christianitatis</strong></span> 
     </span>
    </p>
   </div>
   <div class='ocr_carea' id='block_1_81' title="bbox 2058 2300 3623 2379">
    <p class='ocr_par' dir='ltr' id='par_1_81' title="bbox 2058 2300 3623 2379">
     <span class='ocr_line' id='line_1_81' title="bbox 2058 2300 3623 2379; baseline -0.008 -15"><span class='ocrx_word' id='word_1_638' title='bbox 2058 2317 2296 2379; x_wconf 89' lang='lat' dir='ltr'><strong>tempore</strong></span> <span class='ocrx_word' id='word_1_639' title='bbox 2336 2307 2567 2361; x_wconf 90' lang='lat' dir='ltr'><strong>innotuit</strong></span> <span class='ocrx_word' id='word_1_640' title='bbox 2606 2306 2672 2361; x_wconf 93' lang='lat' dir='ltr'><strong>de</strong></span> <span class='ocrx_word' id='word_1_641' title='bbox 2701 2304 2918 2359; x_wconf 85' lang='lat' dir='ltr'><strong>Christo</strong></span> <span class='ocrx_word' id='word_1_642' title='bbox 2947 2303 3051 2357; x_wconf 85' lang='lat' dir='ltr'><strong>dici</strong></span> <span class='ocrx_word' id='word_1_643' title='bbox 3085 2302 3278 2356; x_wconf 87' lang='lat' dir='ltr'><strong>debere</strong></span> <span class='ocrx_word' id='word_1_644' title='bbox 3316 2318 3328 2352; x_wconf 73' lang='grc' dir='ltr'><strong>ε</strong></span> <span class='ocrx_word' id='word_1_645' title='bbox 3364 2300 3407 2354; x_wconf 91' lang='lat' dir='ltr'><strong>si</strong></span> <span class='ocrx_word' id='word_1_646' title='bbox 3448 2309 3623 2354; x_wconf 87' lang='lat' dir='ltr'><strong>tamen</strong></span> 
     </span>
    </p>
   </div>
   <div class='ocr_carea' id='block_1_82' title="bbox 2056 2397 3623 2466">
    <p class='ocr_par' dir='ltr' id='par_1_82' title="bbox 2056 2397 3623 2466">
     <span class='ocr_line' id='line_1_82' title="bbox 2056 2397 3623 2466; baseline -0.009 -11"><span class='ocrx_word' id='word_1_647' title='bbox 2056 2405 2157 2455; x_wconf 92' lang='lat' dir='ltr'><strong>hoc</strong></span> <span class='ocrx_word' id='word_1_648' title='bbox 2186 2415 2381 2454; x_wconf 89' lang='lat' dir='ltr'><strong>nomen</strong></span> <span class='ocrx_word' id='word_1_649' title='bbox 2412 2398 2713 2466; x_wconf 89' lang='lat' dir='ltr'><strong>adoptionis</strong></span> <span class='ocrx_word' id='word_1_650' title='bbox 2757 2397 2828 2449; x_wconf 90' lang='lat' dir='ltr'><strong>ita</strong></span> <span class='ocrx_word' id='word_1_651' title='bbox 2876 2410 3072 2449; x_wconf 89' lang='lat' dir='ltr'><strong>novmn</strong></span> <span class='ocrx_word' id='word_1_652' title='bbox 3102 2402 3203 2457; x_wconf 89' lang='lat' dir='ltr'><strong>est,</strong></span> <span class='ocrx_word' id='word_1_653' title='bbox 3231 2402 3290 2446; x_wconf 91' lang='lat' dir='ltr'><strong>ut</strong></span> <span class='ocrx_word' id='word_1_654' title='bbox 3320 2400 3475 2445; x_wconf 87' lang='lat' dir='ltr'><strong>antea</strong></span> <span class='ocrx_word' id='word_1_655' title='bbox 3520 2405 3623 2443; x_wconf 89' lang='lat' dir='ltr'><strong>non</strong></span> 
     </span>
    </p>
   </div>
   <div class='ocr_carea' id='block_1_83' title="bbox 2054 2480 3621 2548">
    <p class='ocr_par' dir='ltr' id='par_1_83' title="bbox 2054 2480 3621 2548">
     <span class='ocr_line' id='line_1_83' title="bbox 2054 2480 3621 2548; baseline -0.01 -3"><span class='ocrx_word' id='word_1_656' title='bbox 2054 2498 2196 2545; x_wconf 84' lang='lat' dir='ltr'><strong>esset</strong></span> <span class='ocrx_word' id='word_1_657' title='bbox 2226 2489 2278 2542; x_wconf 93' lang='lat' dir='ltr'><strong>in</strong></span> <span class='ocrx_word' id='word_1_658' title='bbox 2304 2488 2520 2548; x_wconf 89' lang='lat' dir='ltr'><strong>mundo,</strong></span> <span class='ocrx_word' id='word_1_659' title='bbox 2546 2486 2649 2539; x_wconf 89' lang='lat' dir='ltr'><strong>nisi</strong></span> <span class='ocrx_word' id='word_1_660' title='bbox 2691 2501 2813 2540; x_wconf 91' lang='lat' dir='ltr'><strong>cum</strong></span> <span class='ocrx_word' id='word_1_661' title='bbox 2851 2484 3067 2539; x_wconf 89' lang='lat' dir='ltr'><strong>Christo</strong></span> <span class='ocrx_word' id='word_1_662' title='bbox 3094 2490 3345 2536; x_wconf 83' lang='lat' dir='ltr'><strong>nascente</strong></span> <span class='ocrx_word' id='word_1_663' title='bbox 3369 2480 3621 2535; x_wconf 80' lang='lat' dir='ltr'><strong>venisset.</strong></span> 
     </span>
    </p>
   </div>
   <div class='ocr_carea' id='block_1_84' title="bbox 2055 2572 3624 2650">
    <p class='ocr_par' dir='ltr' id='par_1_84' title="bbox 2055 2572 3624 2650">
     <span class='ocr_line' id='line_1_84' title="bbox 2055 2572 3624 2650; baseline -0.006 -14"><span class='ocrx_word' id='word_1_664' title='bbox 2055 2582 2307 2650; x_wconf 75' lang='lat' dir='ltr'><strong>Nunquid</strong></span> <span class='ocrx_word' id='word_1_665' title='bbox 2329 2596 2432 2635; x_wconf 91' lang='lat' dir='ltr'><strong>non</strong></span> <span class='ocrx_word' id='word_1_666' title='bbox 2454 2580 2561 2633; x_wconf 90' lang='lat' dir='ltr'><strong>ﬁlia</strong></span> <span class='ocrx_word' id='word_1_667' title='bbox 2588 2578 2886 2633; x_wconf 89' lang='lat' dir='ltr'><strong>Pharaonis</strong></span> <span class='ocrx_word' id='word_1_668' title='bbox 2916 2576 3130 2646; x_wconf 84' lang='lat' dir='ltr'><strong>Moysen</strong></span> <span class='ocrx_word' id='word_1_669' title='bbox 3157 2572 3429 2643; x_wconf 82' lang='lat' dir='ltr'><strong>adoptavit</strong></span> <span class='ocrx_word' id='word_1_670' title='bbox 3452 2574 3550 2627; x_wconf 89' lang='lat' dir='ltr'><strong>sibi</strong></span> <span class='ocrx_word' id='word_1_671' title='bbox 3574 2574 3624 2627; x_wconf 90' lang='lat' dir='ltr'><strong>in</strong></span> 
     </span>
    </p>
   </div>
   <div class='ocr_carea' id='block_1_85' title="bbox 2058 2655 3626 2737">
    <p class='ocr_par' dir='ltr' id='par_1_85' title="bbox 2058 2655 3626 2737">
     <span class='ocr_line' id='line_1_85' title="bbox 2058 2655 3626 2737; baseline -0.006 -10"><span class='ocrx_word' id='word_1_672' title='bbox 2058 2673 2263 2728; x_wconf 88' lang='lat' dir='ltr'><strong>ﬁlium?</strong></span> <span class='ocrx_word' id='word_1_673' title='bbox 2308 2670 2571 2725; x_wconf 88' lang='lat' dir='ltr'><strong>Similiter</strong></span> <span class='ocrx_word' id='word_1_674' title='bbox 2600 2677 2655 2723; x_wconf 91' lang='lat' dir='ltr'><strong>et</strong></span> <span class='ocrx_word' id='word_1_675' title='bbox 2682 2667 2846 2722; x_wconf 84' lang='lat' dir='ltr'><strong>Jacob</strong></span> <span class='ocrx_word' id='word_1_676' title='bbox 2896 2666 3202 2735; x_wconf 89' lang='lat' dir='ltr'><strong>patriarcha</strong></span> <span class='ocrx_word' id='word_1_677' title='bbox 3229 2655 3499 2737; x_wconf 83' lang='lat' dir='ltr'><strong>adoptavit</strong></span> <span class='ocrx_word' id='word_1_678' title='bbox 3525 2663 3626 2718; x_wconf 93' lang='lat' dir='ltr'><strong>sibi</strong></span> 
     </span>
    </p>
   </div>
   <div class='ocr_carea' id='block_1_86' title="bbox 2059 2756 3626 2832">
    <p class='ocr_par' dir='ltr' id='par_1_86' title="bbox 2059 2756 3626 2832">
     <span class='ocr_line' id='line_1_86' title="bbox 2059 2756 3626 2832; baseline -0.005 -13"><span class='ocrx_word' id='word_1_679' title='bbox 2059 2766 2115 2819; x_wconf 90' lang='lat' dir='ltr'><strong>in</strong></span> <span class='ocrx_word' id='word_1_680' title='bbox 2167 2763 2305 2819; x_wconf 91' lang='lat' dir='ltr'><strong>ﬁlios</strong></span> <span class='ocrx_word' id='word_1_681' title='bbox 2354 2762 2606 2832; x_wconf 88' lang='lat' dir='ltr'><strong>Ephraim</strong></span> <span class='ocrx_word' id='word_1_682' title='bbox 2644 2769 2699 2815; x_wconf 90' lang='lat' dir='ltr'><strong>et</strong></span> <span class='ocrx_word' id='word_1_683' title='bbox 2750 2760 2994 2814; x_wconf 80' lang='lat' dir='ltr'><strong>lllanasse</strong></span> <span class='ocrx_word' id='word_1_684' title='bbox 3039 2767 3263 2828; x_wconf 88' lang='lat' dir='ltr'><strong>nepotes</strong></span> <span class='ocrx_word' id='word_1_685' title='bbox 3301 2772 3443 2813; x_wconf 90' lang='lat' dir='ltr'><strong>suos.</strong></span> <span class='ocrx_word' id='word_1_686' title='bbox 3496 2756 3626 2811; x_wconf 87' lang='lat' dir='ltr'><strong>Pro-</strong></span> 
     </span>
    </p>
   </div>
   <div class='ocr_carea' id='block_1_87' title="bbox 2056 2847 3627 2923">
    <p class='ocr_par' dir='ltr' id='par_1_87' title="bbox 2056 2847 3627 2923">
     <span class='ocr_line' id='line_1_87' title="bbox 2056 2847 3627 2923; baseline -0.006 -15"><span class='ocrx_word' id='word_1_687' title='bbox 2056 2855 2232 2923; x_wconf 65' lang='lat' dir='ltr'><strong>phetas</strong></span> <span class='ocrx_word' id='word_1_688' title='bbox 2276 2852 2407 2905; x_wconf 90' lang='lat' dir='ltr'><strong>illud</strong></span> <span class='ocrx_word' id='word_1_689' title='bbox 2451 2850 2517 2904; x_wconf 91' lang='lat' dir='ltr'><strong>de</strong></span> <span class='ocrx_word' id='word_1_690' title='bbox 2562 2850 2775 2905; x_wconf 88' lang='lat' dir='ltr'><strong>Christo</strong></span> <span class='ocrx_word' id='word_1_691' title='bbox 2823 2864 2928 2902; x_wconf 91' lang='lat' dir='ltr'><strong>non</strong></span> <span class='ocrx_word' id='word_1_692' title='bbox 2978 2849 3358 2917; x_wconf 64' lang='lat' dir='ltr'><strong>praedixerunt,</strong></span> <span class='ocrx_word' id='word_1_693' title='bbox 3410 2862 3507 2901; x_wconf 88' lang='lat' dir='ltr'><strong>nec</strong></span> <span class='ocrx_word' id='word_1_694' title='bbox 3545 2847 3627 2900; x_wconf 75' lang='lat' dir='ltr'><strong>lex</strong></span> 
     </span>
    </p>
   </div>
   <div class='ocr_carea' id='block_1_88' title="bbox 2057 2938 3630 3013">
    <p class='ocr_par' dir='ltr' id='par_1_88' title="bbox 2057 2938 3630 3013">
     <span class='ocr_line' id='line_1_88' title="bbox 2057 2938 3630 3013; baseline -0.004 -16"><span class='ocrx_word' id='word_1_695' title='bbox 2057 2944 2112 2997; x_wconf 91' lang='lat' dir='ltr'><strong>in</strong></span> <span class='ocrx_word' id='word_1_696' title='bbox 2143 2941 2551 3013; x_wconf 89' lang='lat' dir='ltr'><strong>ﬁgurationibus</strong></span> <span class='ocrx_word' id='word_1_697' title='bbox 2602 2938 2990 2994; x_wconf 90' lang='lat' dir='ltr'><strong>sacriﬁciorum</strong></span> <span class='ocrx_word' id='word_1_698' title='bbox 3037 2939 3225 3005; x_wconf 84' lang='lat' dir='ltr'><strong>habuit</strong></span> <span class='ocrx_word' id='word_1_699' title='bbox 3257 2957 3269 2991; x_wconf 86' lang='lat'>:</span> <span class='ocrx_word' id='word_1_700' title='bbox 3296 2938 3630 3007; x_wconf 65' lang='lat' dir='ltr'><strong>evangelista:</strong></span> 
     </span>
    </p>
   </div>
   <div class='ocr_carea' id='block_1_89' title="bbox 2057 3030 3630 3101">
    <p class='ocr_par' dir='ltr' id='par_1_89' title="bbox 2057 3030 3630 3101">
     <span class='ocr_line' id='line_1_89' title="bbox 2057 3030 3630 3101; baseline -0.003 -13"><span class='ocrx_word' id='word_1_701' title='bbox 2057 3048 2164 3088; x_wconf 91' lang='lat' dir='ltr'><strong>non</strong></span> <span class='ocrx_word' id='word_1_702' title='bbox 2193 3032 2562 3101; x_wconf 88' lang='lat' dir='ltr'><strong>scripserunt,</strong></span> <span class='ocrx_word' id='word_1_703' title='bbox 2613 3030 2838 3100; x_wconf 90' lang='lat' dir='ltr'><strong>apostoli</strong></span> <span class='ocrx_word' id='word_1_704' title='bbox 2881 3045 2987 3084; x_wconf 90' lang='lat' dir='ltr'><strong>non</strong></span> <span class='ocrx_word' id='word_1_705' title='bbox 3035 3030 3477 3099; x_wconf 74' lang='lat' dir='ltr'><strong>prmdicaverunt,</strong></span> <span class='ocrx_word' id='word_1_706' title='bbox 3512 3044 3630 3083; x_wconf 89' lang='lat' dir='ltr'><strong>suc-</strong></span> 
     </span>
    </p>
   </div>
   <div class='ocr_carea' id='block_1_90' title="bbox 2066 3121 3629 3191">
    <p class='ocr_par' dir='ltr' id='par_1_90' title="bbox 2066 3121 3629 3191">
     <span class='ocr_line' id='line_1_90' title="bbox 2066 3121 3629 3191; baseline -0.007 -10"><span class='ocrx_word' id='word_1_707' title='bbox 2066 3140 2308 3181; x_wconf 85' lang='lat' dir='ltr'><strong>cessores</strong></span> <span class='ocrx_word' id='word_1_708' title='bbox 2341 3125 2557 3179; x_wconf 90' lang='lat' dir='ltr'><strong>illorum</strong></span> <span class='ocrx_word' id='word_1_709' title='bbox 2584 3138 2771 3179; x_wconf 90' lang='lat' dir='ltr'><strong>omnes</strong></span> <span class='ocrx_word' id='word_1_710' title='bbox 2810 3122 3213 3191; x_wconf 88' lang='lat' dir='ltr'><strong>ignoraverunt,</strong></span> <span class='ocrx_word' id='word_1_711' title='bbox 3242 3122 3344 3176; x_wconf 91' lang='lat' dir='ltr'><strong>nisi</strong></span> <span class='ocrx_word' id='word_1_712' title='bbox 3388 3136 3482 3176; x_wconf 90' lang='lat' dir='ltr'><strong>vos</strong></span> <span class='ocrx_word' id='word_1_713' title='bbox 3510 3121 3629 3174; x_wconf 90' lang='lat' dir='ltr'><strong>soli.</strong></span> 
     </span>
    </p>
   </div>
   <div class='ocr_carea' id='block_1_91' title="bbox 2068 3211 3632 3289">
    <p class='ocr_par' dir='ltr' id='par_1_91' title="bbox 2068 3211 3632 3289">
     <span class='ocr_line' id='line_1_91' title="bbox 2068 3211 3632 3289; baseline -0.004 -17"><span class='ocrx_word' id='word_1_714' title='bbox 2068 3218 2300 3287; x_wconf 89' lang='lat' dir='ltr'><strong>Spiritus</strong></span> <span class='ocrx_word' id='word_1_715' title='bbox 2353 3231 2564 3289; x_wconf 87' lang='lat' dir='ltr'><strong>quoque</strong></span> <span class='ocrx_word' id='word_1_716' title='bbox 2630 3222 2846 3269; x_wconf 89' lang='lat' dir='ltr'><strong>sanctus</strong></span> <span class='ocrx_word' id='word_1_717' title='bbox 2910 3228 3006 3282; x_wconf 88' lang='lat' dir='ltr'><strong>per</strong></span> <span class='ocrx_word' id='word_1_718' title='bbox 3060 3228 3120 3266; x_wconf 82' lang='lat' dir='ltr'><strong>os</strong></span> <span class='ocrx_word' id='word_1_719' title='bbox 3168 3212 3316 3267; x_wconf 84' lang='lat' dir='ltr'><strong>Isaiae</strong></span> <span class='ocrx_word' id='word_1_720' title='bbox 3362 3211 3632 3280; x_wconf 86' lang='lat' dir='ltr'><strong>prophetae</strong></span> 
     </span>
    </p>
   </div>
   <div class='ocr_carea' id='block_1_92' title="bbox 2063 3302 3629 3384">
    <p class='ocr_par' dir='ltr' id='par_1_92' title="bbox 2063 3302 3629 3384">
     <span class='ocr_line' id='line_1_92' title="bbox 2063 3302 3629 3384; baseline -0.005 -21"><span class='ocrx_word' id='word_1_721' title='bbox 2063 3308 2313 3379; x_wconf 68' lang='lat' dir='ltr'><strong>praedixit</strong></span> <span class='ocrx_word' id='word_1_722' title='bbox 2338 3323 2431 3361; x_wconf 84' lang='lat' dir='ltr'><strong>sex</strong></span> <span class='ocrx_word' id='word_1_723' title='bbox 2468 3306 2683 3384; x_wconf 82' lang='lat' dir='ltr'><strong>nomina</strong></span> <span class='ocrx_word' id='word_1_724' title='bbox 2722 3305 2789 3360; x_wconf 91' lang='lat' dir='ltr'><strong>de</strong></span> <span class='ocrx_word' id='word_1_725' title='bbox 2818 3305 2933 3373; x_wconf 93' lang='lat' dir='ltr'><strong>ipso</strong></span> <span class='ocrx_word' id='word_1_726' title='bbox 2969 3322 2981 3356; x_wconf 91' lang='lat'>:</span> <span class='ocrx_word' id='word_1_727' title='bbox 3030 3302 3096 3357; x_wconf 86' lang='lat' dir='ltr'><strong>Et</strong></span> <span class='ocrx_word' id='word_1_728' title='bbox 3124 3302 3409 3367; x_wconf 77' lang='lat' dir='ltr'><strong>vocabitur,</strong></span> <span class='ocrx_word' id='word_1_729' title='bbox 3440 3303 3629 3371; x_wconf 91' lang='lat' dir='ltr'><strong>inquit,</strong></span> 
     </span>
    </p>
   </div>
   <div class='ocr_carea' id='block_1_93' title="bbox 2065 3394 3629 3469">
    <p class='ocr_par' dir='ltr' id='par_1_93' title="bbox 2065 3394 3629 3469">
     <span class='ocr_line' id='line_1_93' title="bbox 2065 3394 3629 3469; baseline -0.006 -15"><span class='ocrx_word' id='word_1_730' title='bbox 2065 3418 2251 3455; x_wconf 86' lang='lat' dir='ltr'><strong>nomen</strong></span> <span class='ocrx_word' id='word_1_731' title='bbox 2291 3401 2405 3469; x_wconf 85' lang='lat' dir='ltr'><strong>ejus</strong></span> <span class='ocrx_word' id='word_1_732' title='bbox 2434 3397 2792 3461; x_wconf 80' lang='lat' dir='ltr'><strong>Admirabilis,</strong></span> <span class='ocrx_word' id='word_1_733' title='bbox 2842 3396 3205 3460; x_wconf 77' lang='lat' dir='ltr'><strong>consiliarius,</strong></span> <span class='ocrx_word' id='word_1_734' title='bbox 3236 3394 3408 3457; x_wconf 87' lang='lat' dir='ltr'><strong>Deus,</strong></span> <span class='ocrx_word' id='word_1_735' title='bbox 3456 3394 3629 3462; x_wconf 80' lang='lat' dir='ltr'><strong>fortis,</strong></span> 
     </span>
    </p>
   </div>
   <div class='ocr_carea' id='block_1_94' title="bbox 2066 3482 3628 3559">
    <p class='ocr_par' dir='ltr' id='par_1_94' title="bbox 2066 3482 3628 3559">
     <span class='ocr_line' id='line_1_94' title="bbox 2066 3482 3628 3559; baseline -0.006 -15"><span class='ocrx_word' id='word_1_736' title='bbox 2066 3492 2227 3544; x_wconf 88' lang='lat' dir='ltr'><strong>Pater</strong></span> <span class='ocrx_word' id='word_1_737' title='bbox 2255 3491 2421 3559; x_wconf 84' lang='lat' dir='ltr'><strong>futuri</strong></span> <span class='ocrx_word' id='word_1_738' title='bbox 2447 3488 2893 3557; x_wconf 68' lang='lat' dir='ltr'><strong>saculi,princeps</strong></span> <span class='ocrx_word' id='word_1_739' title='bbox 2922 3487 3064 3556; x_wconf 82' lang='lat' dir='ltr'><strong>pacis</strong></span> <span class='ocrx_word' id='word_1_740' title='bbox 3096 3486 3229 3556; x_wconf 81' lang='lat' dir='ltr'><strong>(Isa.</strong></span> <span class='ocrx_word' id='word_1_741' title='bbox 3261 3500 3337 3547; x_wconf 73' lang='grc' dir='ltr'><strong>ιχ,</strong></span> <span class='ocrx_word' id='word_1_742' title='bbox 3362 3483 3438 3553; x_wconf 86' lang='grc'><strong>6).</strong></span> <span class='ocrx_word' id='word_1_743' title='bbox 3482 3482 3628 3537; x_wconf 88' lang='lat' dir='ltr'><strong>Unde</strong></span> 
     </span>
    </p>
   </div>
   <div class='ocr_carea' id='block_1_95' title="bbox 2064 3562 3634 3648">
    <p class='ocr_par' dir='ltr' id='par_1_95' title="bbox 2064 3562 3634 3648">
     <span class='ocr_line' id='line_1_95' title="bbox 2064 3562 3634 3648; baseline -0.006 -13"><span class='ocrx_word' id='word_1_744' title='bbox 2064 3591 2119 3635; x_wconf 89' lang='lat' dir='ltr'><strong>et</strong></span> <span class='ocrx_word' id='word_1_745' title='bbox 2145 3581 2333 3635; x_wconf 87' lang='lat' dir='ltr'><strong>beatus</strong></span> <span class='ocrx_word' id='word_1_746' title='bbox 2364 3578 2720 3648; x_wconf 83' lang='lat' dir='ltr'><strong>Hieronymus</strong></span> <span class='ocrx_word' id='word_1_747' title='bbox 2766 3576 2819 3630; x_wconf 88' lang='lat' dir='ltr'><strong>in</strong></span> <span class='ocrx_word' id='word_1_748' title='bbox 2854 3576 3186 3646; x_wconf 83' lang='lat' dir='ltr'><strong>expositione</strong></span> <span class='ocrx_word' id='word_1_749' title='bbox 3216 3573 3373 3641; x_wconf 90' lang='lat' dir='ltr'><strong>hujus</strong></span> <span class='ocrx_word' id='word_1_750' title='bbox 3404 3562 3634 3644; x_wconf 80' lang='lat' dir='ltr'><strong>prophe-</strong></span> 
     </span>
    </p>
   </div>
   <div class='ocr_carea' id='block_1_96' title="bbox 2065 3665 3717 3734">
    <p class='ocr_par' dir='ltr' id='par_1_96' title="bbox 2065 3665 3717 3734">
     <span class='ocr_line' id='line_1_96' title="bbox 2065 3665 3717 3734; baseline -0.006 -9"><span class='ocrx_word' id='word_1_751' title='bbox 2065 3671 2154 3725; x_wconf 69' lang='lat' dir='ltr'><strong>tia:</strong></span> <span class='ocrx_word' id='word_1_752' title='bbox 2182 3670 2361 3725; x_wconf 80' lang='lat' dir='ltr'><strong>dixit:</strong></span> <span class='ocrx_word' id='word_1_753' title='bbox 2399 3687 2417 3721; x_wconf 75' lang='grc' dir='ltr'>ι</span> <span class='ocrx_word' id='word_1_754' title='bbox 2468 3667 2538 3723; x_wconf 84' lang='lat' dir='ltr'><strong>Et</strong></span> <span class='ocrx_word' id='word_1_755' title='bbox 2566 3668 2692 3722; x_wconf 90' lang='lat' dir='ltr'><strong>licet</strong></span> <span class='ocrx_word' id='word_1_756' title='bbox 2738 3680 2804 3720; x_wconf 82' lang='lat' dir='ltr'><strong>ex</strong></span> <span class='ocrx_word' id='word_1_757' title='bbox 2856 3678 2958 3728; x_wconf 90' lang='lat' dir='ltr'><strong>eo,</strong></span> <span class='ocrx_word' id='word_1_758' title='bbox 3006 3665 3146 3734; x_wconf 88' lang='lat' dir='ltr'><strong>quod</strong></span> <span class='ocrx_word' id='word_1_759' title='bbox 3190 3680 3351 3731; x_wconf 90' lang='lat' dir='ltr'><strong>supra</strong></span> <span class='ocrx_word' id='word_1_760' title='bbox 3404 3665 3629 3725; x_wconf 80' lang='lat' dir='ltr'><strong>dixerat,</strong></span> <span class='ocrx_word' id='word_1_761' title='bbox 3714 3692 3717 3693; x_wconf 53' lang='grc' dir='ltr'><em>ν</em></span> 
     </span>
    </p>
   </div>
   <div class='ocr_carea' id='block_1_97' title="bbox 2065 3753 3636 3826">
    <p class='ocr_par' dir='ltr' id='par_1_97' title="bbox 2065 3753 3636 3826">
     <span class='ocr_line' id='line_1_97' title="bbox 2065 3753 3636 3826; baseline -0.005 -8"><span class='ocrx_word' id='word_1_762' title='bbox 2065 3761 2401 3826; x_wconf 85' lang='lat' dir='ltr'><strong>Emmanuel,</strong></span> <span class='ocrx_word' id='word_1_763' title='bbox 2431 3762 2485 3817; x_wconf 92' lang='lat' dir='ltr'><strong>id</strong></span> <span class='ocrx_word' id='word_1_764' title='bbox 2510 3768 2593 3816; x_wconf 88' lang='lat' dir='ltr'><strong>est</strong></span> <span class='ocrx_word' id='word_1_765' title='bbox 2632 3753 2911 3815; x_wconf 90' lang='lat' dir='ltr'><strong>nobiscum</strong></span> <span class='ocrx_word' id='word_1_766' title='bbox 2958 3757 3119 3820; x_wconf 88' lang='lat' dir='ltr'><strong>Deus,</strong></span> <span class='ocrx_word' id='word_1_767' title='bbox 3148 3756 3314 3811; x_wconf 88' lang='lat' dir='ltr'><strong>Deum</strong></span> <span class='ocrx_word' id='word_1_768' title='bbox 3342 3756 3488 3809; x_wconf 90' lang='lat' dir='ltr'><strong>illum</strong></span> <span class='ocrx_word' id='word_1_769' title='bbox 3515 3770 3636 3810; x_wconf 87' lang='lat' dir='ltr'><strong>esse</strong></span> 
     </span>
    </p>
   </div>
   <div class='ocr_carea' id='block_1_98' title="bbox 2066 3848 3634 3931">
    <p class='ocr_par' dir='ltr' id='par_1_98' title="bbox 2066 3848 3634 3931">
     <span class='ocr_line' id='line_1_98' title="bbox 2066 3848 3634 3931; baseline -0.008 -21"><span class='ocrx_word' id='word_1_770' title='bbox 2066 3862 2463 3931; x_wconf 84' lang='lat' dir='ltr'><strong>monstraretur</strong></span> <span class='ocrx_word' id='word_1_771' title='bbox 2478 3852 2677 3926; x_wconf 81' lang='lat' dir='ltr'><strong>[Hier.,</strong></span> <span class='ocrx_word' id='word_1_772' title='bbox 2715 3848 3116 3919; x_wconf 89' lang='lat' dir='ltr'><strong>monstraverit]</strong></span> <span class='ocrx_word' id='word_1_773' title='bbox 3139 3888 3152 3911; x_wconf 95' lang='lat'><strong>,</strong></span> <span class='ocrx_word' id='word_1_774' title='bbox 3179 3857 3357 3901; x_wconf 90' lang='lat' dir='ltr'><strong>tamen</strong></span> <span class='ocrx_word' id='word_1_775' title='bbox 3381 3862 3525 3913; x_wconf 10' lang='lat' dir='ltr'><strong>nunc,</strong></span> <span class='ocrx_word' id='word_1_776' title='bbox 3551 3848 3634 3900; x_wconf 76' lang='lat' dir='ltr'><strong>di-</strong></span> 
     </span>
    </p>
   </div>
   <div class='ocr_carea' id='block_1_99' title="bbox 2067 3934 3631 4015">
    <p class='ocr_par' dir='ltr' id='par_1_99' title="bbox 2067 3934 3631 4015">
     <span class='ocr_line' id='line_1_99' title="bbox 2067 3934 3631 4015; baseline -0.008 -12"><span class='ocrx_word' id='word_1_777' title='bbox 2067 3949 2141 4003; x_wconf 89' lang='lat' dir='ltr'><strong>cit</strong></span> <span class='ocrx_word' id='word_1_778' title='bbox 2186 3947 2385 4002; x_wconf 79' lang='lat' dir='ltr'><strong>factum</strong></span> <span class='ocrx_word' id='word_1_779' title='bbox 2413 3944 2699 4015; x_wconf 81' lang='lat' dir='ltr'><strong>[Quercet.,</strong></span> <span class='ocrx_word' id='word_1_780' title='bbox 2729 3943 2896 3995; x_wconf 90' lang='lat' dir='ltr'><strong>Deum</strong></span> <span class='ocrx_word' id='word_1_781' title='bbox 2937 3939 3139 3993; x_wconf 82' lang='lat' dir='ltr'><strong>factum</strong></span> <span class='ocrx_word' id='word_1_782' title='bbox 3192 3953 3355 4003; x_wconf 90' lang='lat' dir='ltr'><strong>nunc,</strong></span> <span class='ocrx_word' id='word_1_783' title='bbox 3398 3934 3631 4010; x_wconf 74' lang='lat' dir='ltr'><strong>errones]</strong></span> 
     </span>
    </p>
   </div>
   <div class='ocr_carea' id='block_1_100' title="bbox 2069 4014 3637 4104">
    <p class='ocr_par' dir='ltr' id='par_1_100' title="bbox 2069 4014 3637 4104">
     <span class='ocr_line' id='line_1_100' title="bbox 2069 4014 3637 4104; baseline -0.003 -14"><span class='ocrx_word' id='word_1_784' title='bbox 2069 4039 2210 4090; x_wconf 91' lang='lat' dir='ltr'><strong>illius</strong></span> <span class='ocrx_word' id='word_1_785' title='bbox 2249 4014 2609 4104; x_wconf 85' lang='lat' dir='ltr'><strong>principatum</strong></span> <span class='ocrx_word' id='word_1_786' title='bbox 2657 4046 2818 4101; x_wconf 89' lang='lat' dir='ltr'><strong>super</strong></span> <span class='ocrx_word' id='word_1_787' title='bbox 2875 4014 3157 4085; x_wconf 85' lang='lat' dir='ltr'><strong>humerum</strong></span> <span class='ocrx_word' id='word_1_788' title='bbox 3200 4028 3333 4098; x_wconf 86' lang='lat' dir='ltr'><strong>ejus,</strong></span> <span class='ocrx_word' id='word_1_789' title='bbox 3382 4029 3468 4085; x_wconf 88' lang='lat' dir='ltr'><strong>vel</strong></span> <span class='ocrx_word' id='word_1_790' title='bbox 3494 4027 3637 4099; x_wconf 89' lang='lat' dir='ltr'><strong>quod</strong></span> 
     </span>
    </p>
   </div>
   <div class='ocr_carea' id='block_1_101' title="bbox 2067 4120 3635 4191">
    <p class='ocr_par' dir='ltr' id='par_1_101' title="bbox 2067 4120 3635 4191">
     <span class='ocr_line' id='line_1_101' title="bbox 2067 4120 3635 4191; baseline -0.003 -13"><span class='ocrx_word' id='word_1_791' title='bbox 2067 4140 2283 4179; x_wconf 90' lang='lat' dir='ltr'><strong>crucem</strong></span> <span class='ocrx_word' id='word_1_792' title='bbox 2338 4139 2489 4178; x_wconf 89' lang='lat' dir='ltr'><strong>suam</strong></span> <span class='ocrx_word' id='word_1_793' title='bbox 2546 4123 2659 4190; x_wconf 88' lang='lat' dir='ltr'><strong>ipse</strong></span> <span class='ocrx_word' id='word_1_794' title='bbox 2704 4130 3034 4191; x_wconf 87' lang='lat' dir='ltr'><strong>portaverat,</strong></span> <span class='ocrx_word' id='word_1_795' title='bbox 3083 4120 3167 4176; x_wconf 88' lang='lat' dir='ltr'><strong>vel</strong></span> <span class='ocrx_word' id='word_1_796' title='bbox 3205 4136 3303 4190; x_wconf 90' lang='lat' dir='ltr'><strong>per</strong></span> <span class='ocrx_word' id='word_1_797' title='bbox 3352 4122 3635 4175; x_wconf 88' lang='lat' dir='ltr'><strong>humerum</strong></span> 
     </span>
    </p>
   </div>
   <div class='ocr_carea' id='block_1_102' title="bbox 2067 4209 3637 4269">
    <p class='ocr_par' dir='ltr' id='par_1_102' title="bbox 2067 4209 3637 4269">
     <span class='ocr_line' id='line_1_102' title="bbox 2067 4209 3637 4269; baseline -0.003 0"><span class='ocrx_word' id='word_1_798' title='bbox 2067 4216 2355 4269; x_wconf 74' lang='lat' dir='ltr'><strong>ostendens</strong></span> <span class='ocrx_word' id='word_1_799' title='bbox 2406 4212 2775 4267; x_wconf 85' lang='lat' dir='ltr'><strong>fortitudinem</strong></span> <span class='ocrx_word' id='word_1_800' title='bbox 2820 4212 3051 4266; x_wconf 89' lang='lat' dir='ltr'><strong>brachii.</strong></span> <span class='ocrx_word' id='word_1_801' title='bbox 3115 4231 3133 4262; x_wconf 78' lang='grc' dir='ltr'><strong>ι</strong></span> <span class='ocrx_word' id='word_1_802' title='bbox 3193 4209 3299 4263; x_wconf 86' lang='lat' dir='ltr'><strong>Sed</strong></span> <span class='ocrx_word' id='word_1_803' title='bbox 3344 4217 3400 4263; x_wconf 90' lang='lat' dir='ltr'><strong>et</strong></span> <span class='ocrx_word' id='word_1_804' title='bbox 3448 4211 3637 4265; x_wconf 85' lang='lat' dir='ltr'><strong>beatus</strong></span> 
     </span>
    </p>
   </div>
   <div class='ocr_carea' id='block_1_103' title="bbox 2069 4297 3637 4371">
    <p class='ocr_par' dir='ltr' id='par_1_103' title="bbox 2069 4297 3637 4371">
     <span class='ocr_line' id='line_1_103' title="bbox 2069 4297 3637 4371; baseline -0.005 -12"><span class='ocrx_word' id='word_1_805' title='bbox 2069 4304 2357 4360; x_wconf 87' lang='lat' dir='ltr'><strong>Cassianus</strong></span> <span class='ocrx_word' id='word_1_806' title='bbox 2383 4311 2572 4358; x_wconf 89' lang='lat' dir='ltr'><strong>contra</strong></span> <span class='ocrx_word' id='word_1_807' title='bbox 2602 4301 2881 4357; x_wconf 71' lang='lat' dir='ltr'><strong>htereticas</strong></span> <span class='ocrx_word' id='word_1_808' title='bbox 2921 4301 3212 4370; x_wconf 90' lang='lat' dir='ltr'><strong>pravitates</strong></span> <span class='ocrx_word' id='word_1_809' title='bbox 3239 4297 3478 4367; x_wconf 89' lang='lat' dir='ltr'><strong>ejusdem</strong></span> <span class='ocrx_word' id='word_1_810' title='bbox 3512 4314 3637 4371; x_wconf 85' lang='lat' dir='ltr'><strong>pro-</strong></span> 
     </span>
    </p>
   </div>
   <div class='ocr_carea' id='block_1_104' title="bbox 2068 4386 3632 4465">
    <p class='ocr_par' dir='ltr' id='par_1_104' title="bbox 2068 4386 3632 4465">
     <span class='ocr_line' id='line_1_104' title="bbox 2068 4386 3632 4465; baseline -0.006 -16"><span class='ocrx_word' id='word_1_811' title='bbox 2068 4396 2264 4465; x_wconf 79' lang='lat' dir='ltr'><strong>phetia:</strong></span> <span class='ocrx_word' id='word_1_812' title='bbox 2310 4395 2383 4449; x_wconf 86' lang='lat' dir='ltr'><strong>ita</strong></span> <span class='ocrx_word' id='word_1_813' title='bbox 2428 4393 2677 4462; x_wconf 81' lang='lat' dir='ltr'><strong>exposuit</strong></span> <span class='ocrx_word' id='word_1_814' title='bbox 2721 4406 2939 4446; x_wconf 88' lang='lat' dir='ltr'><strong>sensum</strong></span> <span class='ocrx_word' id='word_1_815' title='bbox 2983 4390 3122 4460; x_wconf 87' lang='lat' dir='ltr'><strong>(Lib.</strong></span> <span class='ocrx_word' id='word_1_816' title='bbox 3153 4406 3190 4443; x_wconf 84' lang='grc' dir='ltr'>ιι</span> <span class='ocrx_word' id='word_1_817' title='bbox 3236 4389 3299 4442; x_wconf 83' lang='lat' dir='ltr'><strong>de</strong></span> <span class='ocrx_word' id='word_1_818' title='bbox 3339 4386 3632 4451; x_wconf 77' lang='lat' dir='ltr'><strong>Incarnat.,</strong></span> 
     </span>
    </p>
   </div>
   <div class='ocr_carea' id='block_1_105' title="bbox 2074 4475 3639 4558">
    <p class='ocr_par' dir='ltr' id='par_1_105' title="bbox 2074 4475 3639 4558">
     <span class='ocr_line' id='line_1_105' title="bbox 2074 4475 3639 4558; baseline -0.008 -15"><span class='ocrx_word' id='word_1_819' title='bbox 2074 4505 2194 4558; x_wconf 91' lang='lat' dir='ltr'><strong>cap.</strong></span> <span class='ocrx_word' id='word_1_820' title='bbox 2237 4485 2337 4556; x_wconf 77' lang='lat'><strong>5):</strong></span> <span class='ocrx_word' id='word_1_821' title='bbox 2380 4502 2398 4533; x_wconf 77' lang='grc' dir='ltr'>ι</span> <span class='ocrx_word' id='word_1_822' title='bbox 2449 4482 2758 4537; x_wconf 61' lang='grc' dir='ltr'><strong>Ρηνὶἀειιε</strong></span> <span class='ocrx_word' id='word_1_823' title='bbox 2802 4481 3004 4547; x_wconf 88' lang='lat' dir='ltr'><strong>absque</strong></span> <span class='ocrx_word' id='word_1_824' title='bbox 3053 4479 3216 4533; x_wconf 89' lang='lat' dir='ltr'><strong>dubio</strong></span> <span class='ocrx_word' id='word_1_825' title='bbox 3262 4478 3471 4533; x_wconf 89' lang='lat' dir='ltr'><strong>divinus</strong></span> <span class='ocrx_word' id='word_1_826' title='bbox 3518 4475 3639 4546; x_wconf 79' lang='lat' dir='ltr'><strong>Spi-</strong></span> 
     </span>
    </p>
   </div>
   <div class='ocr_carea' id='block_1_106' title="bbox 2077 4567 3639 4638">
    <p class='ocr_par' dir='ltr' id='par_1_106' title="bbox 2077 4567 3639 4638">
     <span class='ocr_line' id='line_1_106' title="bbox 2077 4567 3639 4638; baseline -0.007 -8"><span class='ocrx_word' id='word_1_827' title='bbox 2077 4578 2213 4630; x_wconf 89' lang='lat' dir='ltr'><strong>ritus</strong></span> <span class='ocrx_word' id='word_1_828' title='bbox 2254 4575 2392 4629; x_wconf 88' lang='lat' dir='ltr'><strong>hanc</strong></span> <span class='ocrx_word' id='word_1_829' title='bbox 2436 4569 2919 4638; x_wconf 87' lang='lat' dir='ltr'><strong>blasphemantium</strong></span> <span class='ocrx_word' id='word_1_830' title='bbox 2970 4567 3342 4622; x_wconf 63' lang='lat' dir='ltr'><strong>haereticorum</strong></span> <span class='ocrx_word' id='word_1_831' title='bbox 3378 4568 3639 4637; x_wconf 82' lang='lat' dir='ltr'><strong>perversi-</strong></span> 
     </span>
    </p>
   </div>
   <div class='ocr_carea' id='block_1_107' title="bbox 2079 4656 3639 4725">
    <p class='ocr_par' dir='ltr' id='par_1_107' title="bbox 2079 4656 3639 4725">
     <span class='ocr_line' id='line_1_107' title="bbox 2079 4656 3639 4725; baseline -0.006 -7"><span class='ocrx_word' id='word_1_832' title='bbox 2079 4673 2259 4725; x_wconf 91' lang='lat' dir='ltr'><strong>tatem,</strong></span> <span class='ocrx_word' id='word_1_833' title='bbox 2289 4662 2372 4715; x_wconf 92' lang='lat' dir='ltr'><strong>his</strong></span> <span class='ocrx_word' id='word_1_834' title='bbox 2407 4659 2553 4713; x_wconf 91' lang='lat' dir='ltr'><strong>omni</strong></span> <span class='ocrx_word' id='word_1_835' title='bbox 2592 4658 2790 4712; x_wconf 89' lang='lat' dir='ltr'><strong>mundo</strong></span> <span class='ocrx_word' id='word_1_836' title='bbox 2820 4656 3011 4721; x_wconf 91' lang='lat' dir='ltr'><strong>Deum,</strong></span> <span class='ocrx_word' id='word_1_837' title='bbox 3056 4658 3148 4725; x_wconf 90' lang='lat' dir='ltr'><strong>qui</strong></span> <span class='ocrx_word' id='word_1_838' title='bbox 3188 4658 3523 4720; x_wconf 88' lang='lat' dir='ltr'><strong>nascebatur,</strong></span> <span class='ocrx_word' id='word_1_839' title='bbox 3554 4668 3639 4710; x_wconf 83' lang='lat' dir='ltr'><strong>re-</strong></span> 
     </span>
    </p>
   </div>
   <div class='ocr_carea' id='block_1_108' title="bbox 2079 4746 3636 4820">
    <p class='ocr_par' dir='ltr' id='par_1_108' title="bbox 2079 4746 3636 4820">
     <span class='ocr_line' id='line_1_108' title="bbox 2079 4746 3636 4820; baseline -0.004 -14"><span class='ocrx_word' id='word_1_840' title='bbox 2079 4768 2197 4806; x_wconf 89' lang='lat' dir='ltr'><strong>rum</strong></span> <span class='ocrx_word' id='word_1_841' title='bbox 2241 4752 2474 4820; x_wconf 89' lang='lat' dir='ltr'><strong>ipsarum</strong></span> <span class='ocrx_word' id='word_1_842' title='bbox 2518 4746 2791 4803; x_wconf 89' lang='lat' dir='ltr'><strong>vocabulis</strong></span> <span class='ocrx_word' id='word_1_843' title='bbox 2829 4748 3261 4802; x_wconf 86' lang='lat' dir='ltr'><strong>demonstravit:</strong></span> <span class='ocrx_word' id='word_1_844' title='bbox 3292 4756 3352 4802; x_wconf 91' lang='lat' dir='ltr'><strong>ut</strong></span> <span class='ocrx_word' id='word_1_845' title='bbox 3386 4749 3544 4802; x_wconf 84' lang='lat' dir='ltr'><strong>etiam</strong></span> <span class='ocrx_word' id='word_1_846' title='bbox 3592 4748 3636 4801; x_wconf 84' lang='lat' dir='ltr'><strong>si</strong></span> 
     </span>
    </p>
   </div>
   <div class='ocr_carea' id='block_1_109' title="bbox 2079 4838 3636 4909">
    <p class='ocr_par' dir='ltr' id='par_1_109' title="bbox 2079 4838 3636 4909">
     <span class='ocr_line' id='line_1_109' title="bbox 2079 4838 3636 4909; baseline -0.004 -12"><span class='ocrx_word' id='word_1_847' title='bbox 2079 4841 2451 4909; x_wconf 85' lang='lat' dir='ltr'><strong>hlasphemare</strong></span> <span class='ocrx_word' id='word_1_848' title='bbox 2470 4838 2757 4893; x_wconf 65' lang='lat' dir='ltr'><strong>haereticus</strong></span> <span class='ocrx_word' id='word_1_849' title='bbox 2782 4846 3065 4907; x_wconf 61' lang='lat' dir='ltr'><strong>quaereret,</strong></span> <span class='ocrx_word' id='word_1_850' title='bbox 3098 4838 3438 4909; x_wconf 68' lang='lat' dir='ltr'><strong>blasphemia:</strong></span> <span class='ocrx_word' id='word_1_851' title='bbox 3462 4845 3636 4891; x_wconf 83' lang='lat' dir='ltr'><strong>tamen</strong></span> 
     </span>
    </p>
   </div>
   <div class='ocr_carea' id='block_1_110' title="bbox 2080 4925 3636 5012">
    <p class='ocr_par' dir='ltr' id='par_1_110' title="bbox 2080 4925 3636 5012">
     <span class='ocr_line' id='line_1_110' title="bbox 2080 4925 3636 5012; baseline -0.003 -25"><span class='ocrx_word' id='word_1_852' title='bbox 2080 4932 2254 4987; x_wconf 89' lang='lat' dir='ltr'><strong>locum</strong></span> <span class='ocrx_word' id='word_1_853' title='bbox 2280 4931 2492 5001; x_wconf 90' lang='lat' dir='ltr'><strong>penitus</strong></span> <span class='ocrx_word' id='word_1_854' title='bbox 2540 4928 2780 4983; x_wconf 89' lang='lat' dir='ltr'><strong>invenire</strong></span> <span class='ocrx_word' id='word_1_855' title='bbox 2816 4936 3168 4997; x_wconf 72' lang='lat' dir='ltr'><strong>nonposset.</strong></span> <span class='ocrx_word' id='word_1_856' title='bbox 3205 4925 3396 4990; x_wconf 81' lang='lat' dir='ltr'><strong>Filius,</strong></span> <span class='ocrx_word' id='word_1_857' title='bbox 3441 4926 3636 5012; x_wconf 84' lang='lat' dir='ltr'><strong>inquit,</strong></span> 
     </span>
    </p>
   </div>
   <div class='ocr_carea' id='block_1_111' title="bbox 2076 5018 3638 5091">
    <p class='ocr_par' dir='ltr' id='par_1_111' title="bbox 2076 5018 3638 5091">
     <span class='ocr_line' id='line_1_111' title="bbox 2076 5018 3638 5091; baseline -0.004 -12"><span class='ocrx_word' id='word_1_858' title='bbox 2076 5035 2229 5079; x_wconf 76' lang='lat' dir='ltr'><strong>natus</strong></span> <span class='ocrx_word' id='word_1_859' title='bbox 2250 5032 2324 5078; x_wconf 84' lang='lat' dir='ltr'><strong>est</strong></span> <span class='ocrx_word' id='word_1_860' title='bbox 2350 5022 2514 5084; x_wconf 87' lang='lat' dir='ltr'><strong>nobis,</strong></span> <span class='ocrx_word' id='word_1_861' title='bbox 2538 5020 2784 5091; x_wconf 82' lang='lat' dir='ltr'><strong>parvulus</strong></span> <span class='ocrx_word' id='word_1_862' title='bbox 2808 5019 2964 5073; x_wconf 87' lang='lat' dir='ltr'><strong>datus</strong></span> <span class='ocrx_word' id='word_1_863' title='bbox 2985 5029 3060 5074; x_wconf 88' lang='lat' dir='ltr'><strong>est</strong></span> <span class='ocrx_word' id='word_1_864' title='bbox 3088 5019 3233 5073; x_wconf 84' lang='lat' dir='ltr'><strong>nobis</strong></span> <span class='ocrx_word' id='word_1_865' title='bbox 3265 5034 3281 5070; x_wconf 87' lang='lat'><strong><em>:</em></strong></span> <span class='ocrx_word' id='word_1_866' title='bbox 3308 5018 3458 5086; x_wconf 81' lang='lat' dir='ltr'><strong>cujus</strong></span> <span class='ocrx_word' id='word_1_867' title='bbox 3496 5020 3638 5088; x_wconf 85' lang='lat' dir='ltr'><strong>prin-</strong></span> 
     </span>
    </p>
   </div>
   <div class='ocr_carea' id='block_1_112' title="bbox 2076 5106 3638 5185">
    <p class='ocr_par' dir='ltr' id='par_1_112' title="bbox 2076 5106 3638 5185">
     <span class='ocr_line' id='line_1_112' title="bbox 2076 5106 3638 5185; baseline -0.004 -16"><span class='ocrx_word' id='word_1_868' title='bbox 2076 5117 2274 5185; x_wconf 86' lang='lat' dir='ltr'><strong>cipatus</strong></span> <span class='ocrx_word' id='word_1_869' title='bbox 2302 5128 2454 5184; x_wconf 86' lang='lat' dir='ltr'><strong>super</strong></span> <span class='ocrx_word' id='word_1_870' title='bbox 2480 5112 2752 5165; x_wconf 75' lang='lat' dir='ltr'><strong>humerum</strong></span> <span class='ocrx_word' id='word_1_871' title='bbox 2773 5111 2887 5180; x_wconf 83' lang='lat' dir='ltr'><strong>ejus</strong></span> <span class='ocrx_word' id='word_1_872' title='bbox 2911 5123 2929 5161; x_wconf 88' lang='lat'><strong><em>:</em></strong></span> <span class='ocrx_word' id='word_1_873' title='bbox 2959 5119 3008 5164; x_wconf 80' lang='lat' dir='ltr'><strong>et</strong></span> <span class='ocrx_word' id='word_1_874' title='bbox 3030 5108 3293 5165; x_wconf 79' lang='lat' dir='ltr'><strong>vocabitur</strong></span> <span class='ocrx_word' id='word_1_875' title='bbox 3318 5123 3502 5161; x_wconf 83' lang='lat' dir='ltr'><strong>nomen</strong></span> <span class='ocrx_word' id='word_1_876' title='bbox 3524 5106 3638 5178; x_wconf 80' lang='lat' dir='ltr'><strong>ejus</strong></span> 
     </span>
    </p>
   </div>
   <div class='ocr_carea' id='block_1_113' title="bbox 2078 5198 3639 5270">
    <p class='ocr_par' dir='ltr' id='par_1_113' title="bbox 2078 5198 3639 5270">
     <span class='ocr_line' id='line_1_113' title="bbox 2078 5198 3639 5270; baseline -0.001 -12"><span class='ocrx_word' id='word_1_877' title='bbox 2078 5203 2435 5266; x_wconf 87' lang='lat' dir='ltr'><strong>Admirabilis,</strong></span> <span class='ocrx_word' id='word_1_878' title='bbox 2468 5200 2820 5265; x_wconf 82' lang='lat' dir='ltr'><strong>consiliarius,</strong></span> <span class='ocrx_word' id='word_1_879' title='bbox 2855 5201 3015 5262; x_wconf 75' lang='lat' dir='ltr'><strong>Deus,</strong></span> <span class='ocrx_word' id='word_1_880' title='bbox 3052 5200 3230 5267; x_wconf 76' lang='lat' dir='ltr'><strong>fortis,</strong></span> <span class='ocrx_word' id='word_1_881' title='bbox 3285 5198 3447 5254; x_wconf 77' lang='lat' dir='ltr'><strong>Pater</strong></span> <span class='ocrx_word' id='word_1_882' title='bbox 3469 5200 3639 5270; x_wconf 78' lang='lat' dir='ltr'><strong>futuri</strong></span> 
     </span>
    </p>
   </div>
   <div class='ocr_carea' id='block_1_114' title="bbox 2078 5291 3638 5365">
    <p class='ocr_par' dir='ltr' id='par_1_114' title="bbox 2078 5291 3638 5365">
     <span class='ocr_line' id='line_1_114' title="bbox 2078 5291 3638 5365; baseline -0.003 -13"><span class='ocrx_word' id='word_1_883' title='bbox 2078 5294 2275 5360; x_wconf 63' lang='lat' dir='ltr'><strong>siccati,</strong></span> <span class='ocrx_word' id='word_1_884' title='bbox 2314 5296 2549 5365; x_wconf 83' lang='lat' dir='ltr'><strong>princeps</strong></span> <span class='ocrx_word' id='word_1_885' title='bbox 2577 5294 2721 5361; x_wconf 85' lang='lat' dir='ltr'><strong>pacis</strong></span> <span class='ocrx_word' id='word_1_886' title='bbox 2767 5291 2900 5358; x_wconf 85' lang='lat' dir='ltr'><strong>(lsa.</strong></span> <span class='ocrx_word' id='word_1_887' title='bbox 2936 5308 3008 5354; x_wconf 79' lang='lat' dir='ltr'><strong>Ix,</strong></span> <span class='ocrx_word' id='word_1_888' title='bbox 3059 5291 3135 5362; x_wconf 87' lang='lat'><strong>6).</strong></span> <span class='ocrx_word' id='word_1_889' title='bbox 3181 5292 3467 5350; x_wconf 86' lang='lat' dir='ltr'><strong>Parvulum</strong></span> <span class='ocrx_word' id='word_1_890' title='bbox 3496 5293 3638 5348; x_wconf 89' lang='lat' dir='ltr'><strong>hunc</strong></span> 
     </span>
    </p>
   </div>
   <div class='ocr_carea' id='block_1_115' title="bbox 2085 5381 3637 5454">
    <p class='ocr_par' dir='ltr' id='par_1_115' title="bbox 2085 5381 3637 5454">
     <span class='ocr_line' id='line_1_115' title="bbox 2085 5381 3637 5454; baseline 0 -17"><span class='ocrx_word' id='word_1_891' title='bbox 2085 5384 2177 5454; x_wconf 89' lang='lat' dir='ltr'><strong>qui</strong></span> <span class='ocrx_word' id='word_1_892' title='bbox 2207 5393 2363 5438; x_wconf 91' lang='lat' dir='ltr'><strong>natus</strong></span> <span class='ocrx_word' id='word_1_893' title='bbox 2389 5390 2487 5446; x_wconf 90' lang='lat' dir='ltr'><strong>est,</strong></span> <span class='ocrx_word' id='word_1_894' title='bbox 2516 5390 2570 5434; x_wconf 90' lang='lat' dir='ltr'><strong>et</strong></span> <span class='ocrx_word' id='word_1_895' title='bbox 2602 5381 2895 5449; x_wconf 83' lang='lat' dir='ltr'><strong>principem</strong></span> <span class='ocrx_word' id='word_1_896' title='bbox 2923 5382 3071 5451; x_wconf 87' lang='lat' dir='ltr'><strong>pacis</strong></span> <span class='ocrx_word' id='word_1_897' title='bbox 3099 5397 3219 5437; x_wconf 89' lang='lat' dir='ltr'><strong>esse</strong></span> <span class='ocrx_word' id='word_1_898' title='bbox 3253 5383 3451 5448; x_wconf 88' lang='lat' dir='ltr'><strong>docuit,</strong></span> <span class='ocrx_word' id='word_1_899' title='bbox 3481 5390 3536 5436; x_wconf 85' lang='lat' dir='ltr'><strong>et</strong></span> <span class='ocrx_word' id='word_1_900' title='bbox 3557 5381 3637 5437; x_wconf 60' lang='lat' dir='ltr'><strong>luo</strong></span> 
     </span>
    </p>
   </div>
   <div class='ocr_carea' id='block_1_116' title="bbox 2090 5470 3639 5541">
    <p class='ocr_par' dir='ltr' id='par_1_116' title="bbox 2090 5470 3639 5541">
     <span class='ocr_line' id='line_1_116' title="bbox 2090 5470 3639 5541; baseline -0.003 -12"><span class='ocrx_word' id='word_1_901' title='bbox 2090 5476 2191 5529; x_wconf 89' lang='lat' dir='ltr'><strong>turi</strong></span> <span class='ocrx_word' id='word_1_902' title='bbox 2216 5474 2392 5530; x_wconf 74' lang='lat' dir='ltr'><strong>szeculi</strong></span> <span class='ocrx_word' id='word_1_903' title='bbox 2407 5473 2641 5536; x_wconf 76' lang='lat' dir='ltr'><strong>Patrem,</strong></span> <span class='ocrx_word' id='word_1_904' title='bbox 2663 5480 2719 5533; x_wconf 84' lang='lat' dir='ltr'><strong>et</strong></span> <span class='ocrx_word' id='word_1_905' title='bbox 2735 5470 2902 5527; x_wconf 89' lang='lat' dir='ltr'><strong>Deum</strong></span> <span class='ocrx_word' id='word_1_906' title='bbox 2923 5471 3135 5528; x_wconf 81' lang='lat' dir='ltr'><strong>fortem.</strong></span> <span class='ocrx_word' id='word_1_907' title='bbox 3157 5472 3286 5539; x_wconf 78' lang='lat' dir='ltr'><strong>Quis</strong></span> <span class='ocrx_word' id='word_1_908' title='bbox 3298 5482 3519 5541; x_wconf 78' lang='lat' dir='ltr'><strong>estergo</strong></span> <span class='ocrx_word' id='word_1_909' title='bbox 3539 5480 3639 5526; x_wconf 79' lang='lat' dir='ltr'><strong>ter-</strong></span> 
     </span>
    </p>
   </div>
   <div class='ocr_carea' id='block_1_117' title="bbox 2085 5560 3637 5636">
    <p class='ocr_par' dir='ltr' id='par_1_117' title="bbox 2085 5560 3637 5636">
     <span class='ocr_line' id='line_1_117' title="bbox 2085 5560 3637 5636; baseline 0 -17"><span class='ocrx_word' id='word_1_910' title='bbox 2085 5564 2387 5636; x_wconf 83' lang='lat' dir='ltr'><strong>giversandi</strong></span> <span class='ocrx_word' id='word_1_911' title='bbox 2406 5562 2583 5618; x_wconf 85' lang='lat' dir='ltr'><strong>locus?</strong></span> <span class='ocrx_word' id='word_1_912' title='bbox 2604 5560 2853 5630; x_wconf 87' lang='lat' dir='ltr'><strong>Separari</strong></span> <span class='ocrx_word' id='word_1_913' title='bbox 2882 5562 3230 5633; x_wconf 86' lang='lat' dir='ltr'><strong>parvulushic</strong></span> <span class='ocrx_word' id='word_1_914' title='bbox 3246 5563 3335 5632; x_wconf 88' lang='lat' dir='ltr'><strong>qui</strong></span> <span class='ocrx_word' id='word_1_915' title='bbox 3358 5573 3513 5618; x_wconf 87' lang='lat' dir='ltr'><strong>natus</strong></span> <span class='ocrx_word' id='word_1_916' title='bbox 3535 5575 3637 5630; x_wconf 83' lang='lat' dir='ltr'><strong>est,</strong></span> 
     </span>
    </p>
   </div>
   <div class='ocr_carea' id='block_1_118' title="bbox 2157 5674 2686 5734">
    <p class='ocr_par' dir='ltr' id='par_1_118' title="bbox 2157 5674 2686 5734">
     <span class='ocr_line' id='line_1_118' title="bbox 2157 5674 2686 5734; baseline -0.013 0"><span class='ocrx_word' id='word_1_917' title='bbox 2157 5680 2183 5719; x_wconf 73' lang='grc' dir='ltr'>δ</span> <span class='ocrx_word' id='word_1_918' title='bbox 2214 5677 2414 5734; x_wconf 79' lang='lat' dir='ltr'><strong>Textus</strong></span> <span class='ocrx_word' id='word_1_919' title='bbox 2451 5674 2686 5730; x_wconf 86' lang='lat' dir='ltr'><strong>mutilus.</strong></span> 
     </span>
    </p>
   </div>
  </div>
