4228 6246
624 341 717 397 151
794 384 795 387 η

1450 341 1508 395 s.
1548 340 1610 394 ρ.
1651 339 1874 393 ALBlNl
1910 338 2038 394 seu
2077 336 2351 394 ALCUINI
2389 336 2668 396 orsnun
2698 336 2876 404 psus
2917 335 3003 391 Ill.

3687 339 3691 343 ’
3739 336 3843 391 152

622 470 654 509 a
690 454 815 517 Deo,
832 451 923 524 qui
956 452 1013 509 in
1037 466 1103 508 eo
1141 459 1298 507 natus
1329 460 1445 516 est,
1477 467 1582 506 non
1617 458 1813 520 potest.
1841 450 1993 509 Hunc
2017 448 2181 511 enim,
2213 451 2261 510 Α
2288 448 2376 503 hic
2402 449 2467 504 de
2487 448 2791 503 nominibus
2818 444 3027 502 Domini
3055 449 3222 502 nostri
3250 449 3431 504 deest:
3460 457 3515 504 et
3562 432 3728 504 Deum
3755 449 3843 505 hic

622 558 782 612 quem
813 547 997 596 natum
1035 538 1193 605 dixit,
1223 538 1439 594 Patrem
1464 537 1628 593 futuri
1660 537 1839 593 saeculi
1868 534 2183 600 nominavit,

623 635 792 691 Deum
812 632 1005 689 fortem
1031 647 1149 689 esse
1168 630 1431 702 praedixit.
1470 653 1487 685 ι
1533 633 1609 687 De
1633 648 1739 701 quo
1784 640 1838 686 et
1874 632 1927 691 in
1950 630 2189 701 superio-

623 725 772 781 ribus
796 725 937 779 idem
958 725 1217 793 propheta
1243 724 1318 778 ait
1343 741 1356 777 :
1384 723 1518 778 Ecce
1543 724 1685 793 uirgo
1715 722 1989 791 concipiet,
2018 729 2067 773 et
2095 736 2189 789 pa-

623 820 720 871 riet
744 816 961 882 Filium,
988 826 1035 869 et
1067 816 1330 869 vocabitur
1354 832 1538 869 nomen
1558 815 1673 885 ejus
1714 812 2025 868 Emmanuel
2050 811 2196 887 (Isa.

631 921 721 969 vn,
756 906 863 978 14).
901 905 1239 975 Evangelista
1281 905 1563 960 Matthseus
1613 906 1716 959 hoc
1763 916 2039 971 exponens
2072 900 2184 955 ait:

624 993 777 1059 Quod
810 994 1181 1062 interpretatur
1222 992 1485 1045 nobiscum
1532 990 1672 1044 Deus
1726 989 1940 1060 (Matth.
1983 1004 2024 1052 ι,
2071 987 2184 1058 9.5).

627 1083 755 1139 Nam
784 1092 839 1139 et
869 1083 1088 1154 angelus
1114 1081 1330 1138 Gabriel
1364 1098 1394 1137 a
1435 1081 1544 1136 Deo
1593 1082 1790 1135 missus
1818 1081 1885 1134 ad
1915 1079 2185 1150 Virginem

625 1175 759 1229 dixit
788 1194 800 1227 :
829 1174 962 1229 Ecce
987 1175 1125 1228 enim
1155 1174 1411 1242 concipies
1433 1181 1481 1227 ct
1503 1172 1671 1240 paries
1698 1170 1860 1240 805
1891 1168 2109 1233 Filium,
2140 1177 2187 1221 et

625 1266 833 1342 vocabis
872 1282 1057 1319 nomen
1107 1267 1222 1336 ejus
1251 1264 1471 1319 Iesum:
1507 1263 1589 1316 hic
1631 1278 1765 1317 enim
1815 1262 1913 1316 erit
1943 1277 2185 1331 magnus,

622 1365 671 1409 et
694 1354 862 1409 Filius
888 1354 1139 1411 Altissimi
1163 1354 1427 1409 vocabitur
1450 1352 1599 1423 (Luc.
1629 1369 1669 1415 l,
1694 1352 1808 1421 5i).
1856 1352 1931 1405 De
1953 1364 2059 1419 quo
2092 1364 2188 1404 no-

622 1445 767 1503 mine
796 1455 852 1501 el
876 1446 1161 1515 Apostolus
1189 1445 1266 1499 ait
1299 1462 1313 1499 :
1347 1443 1412 1498 Et
1438 1443 1581 1498 dedit
1624 1444 1702 1497 illi
1733 1458 1917 1496 nomen
1942 1441 2079 1511 quod
2112 1449 2185 1502 est

620 1534 778 1606 super
828 1553 977 1590 omne
1018 1552 1226 1602 nomen,
1255 1544 1309 1589 ut
1359 1537 1415 1587 in
1467 1535 1673 1589 nomine
1708 1532 1835 1586 Iesu
1880 1548 2029 1585 omne
2054 1545 2187 1600 genu

623 1626 875 1697 ﬂectatur,
918 1624 1230 1689 caelestium,
1279 1624 1619 1683 terrestrium,
1660 1629 1707 1673 et
1751 1620 2188 1689 infernorum:et

624 1716 790 1771 omnis
841 1714 1021 1783 lingua
1055 1713 1362 1781 conﬁteatur
1403 1712 1526 1778 quia
1568 1710 1722 1764 Iesus
1753 1718 1825 1763 est
1862 1708 2098 1763 Christus
2133 1708 2188 1761 in

625 1806 793 1876 gloria
836 1804 933 1859 Dei
964 1800 1141 1859 Patris
1181 1802 1433 1874 (Philipp.
1490 1818 1552 1865 il,
1579 1802 1632 1865 9,
1665 1800 1768 1862 ΑΟ,
1816 1800 1923 1869 11).
1965 1799 2042 1852 De
2082 1812 2188 1866 quo

624 1904 839 1954 sanctus
888 1894 1108 1948 Proclus
1151 1891 1774 1961 ConstantinOpolitanus
1812 1888 2091 1957 episcopus
2132 1886 2188 1945 in

622 1980 846 2056 cpistola
887 1984 953 2037 ad
997 1982 1282 2037 Armenios
1333 1981 1449 2037 ait;
1481 2000 1499 2033 ε
1538 1980 1594 2034 Si
1639 1980 1775 2033 alter
1814 1976 2189 2033 estrChristus

628 2083 825 2144 prmter
848 2072 1016 2128 Deum
1047 2086 1254 2139 verum,
1283 2087 1503 2128 necesse
1528 2080 1610 2127 est
1636 2078 1695 2126 ut
1728 2085 1897 2140 purus
1932 2070 2093 2124 homo
2120 2068 2190 2122 sit

627 2163 909 2221 Christus:
941 2173 995 2219 et
1019 2164 1287 2235 quomodo
1328 2178 1451 2218 eum
1498 2161 1639 2216 ultra
1683 2168 1889 2214 natura:
1937 2157 2190 2212 meritum

624 2253 923 2309 cmlestium
976 2259 1299 2309 venerantur
1340 2252 1631 2315 exercitus,
1683 2251 1859 2320 eique,
1897 2248 1987 2317 qui
2016 2247 2192 2301 minor

622 2356 724 2413 est,
755 2362 890 2414 genu
917 2345 1169 2402 ﬂectunt?
1202 2367 1220 2398 ι
1256 2346 1384 2412 Qua:
1430 2352 1514 2401 est
1537 2345 1652 2401 haec
1696 2343 1862 2413 gloria
1891 2340 2090 2407 Patris,
2137 2340 2191 2393 in

624 2453 727 2513 qua
763 2447 845 2494 est
879 2436 1143 2502 Christus,
1171 2436 1215 2489 si
1240 2450 1347 2491 non
1371 2443 1453 2490 est
1472 2450 1632 2499 verus
1659 2433 1828 2487 Filius
1854 2432 1950 2513 Dei
1989 2430 2188 2493 Patris,

624 2510 718 2587 sed
766 2529 1074 2597 adoptivus,
1130 2528 1270 2584 sicut
1318 2541 1505 2582 omnes
1564 2525 1703 2580 nos?
1743 2523 1810 2578 Et
1854 2510 1900 2577 si
1952 2523 2025 2575 ita
2072 2528 2188 2584 est,

626 2638 731 2677 non
784 2631 866 2677 est
908 2636 1101 2676 nomen
1136 2621 1277 2674 illius
1314 2634 1475 2688 super
1524 2631 1685 2688 omne
1714 2630 1929 2679 nomen,
1974 2613 2068 2668 sed
2111 2613 2191 2667 in-

628 2719 712 2764 ter
744 2711 920 2765 omnia
961 2712 1198 2775 nomina,
1245 2707 1297 2760 id
1333 2685 1435 2770 est,
1468 2685 1745 2775 adoptivus
1782 2722 1793 2756 :
1836 2702 1961 2772 quia
1987 2700 2194 2770 adopti—

628 2814 729 2855 vus
776 2798 1059 2854 commune
1093 2804 1176 2852 est
1216 2811 1409 2850 nomen
1453 2794 1693 2850 omnium
1745 2799 2070 2847 sanctorum.
2117 2790 2193 2844 De

633 2890 846 2946 nomine
874 2896 1053 2944 autem
1081 2884 1202 2955 Iesu
1237 2888 1429 2958 legitur
1456 2888 1508 2941 in
1538 2886 1760 2957 Actibus
1794 2884 2154 2954 apostolorum
2178 2898 2191 2936 :

634 2981 699 3041 Et
731 2981 975 3053 baptisati
1002 2989 1119 3036 sunt
1160 2979 1216 3035 in
1255 2980 1457 3056 nomine
1484 2977 1610 3034 Iesu
1640 2976 1775 3051 (Art.
1807 2992 1896 3031 nx
1916 3015 1931 3041 ,
1971 2974 2047 3045 5).
2082 2973 2197 3032 Uti—

631 3086 736 3144 que
761 3086 953 3140 nomen
994 3071 1139 3135 illud,
1169 3071 1309 3140 quod
1335 3079 1418 3125 est
1446 3067 1620 3133 Iesus,
1663 3067 1730 3121 ab
1773 3064 1961 3139 angelo
1989 3061 2194 3134 Virgini

630 3163 1044 3236 prrenuntiatum
1089 3170 1210 3228 est,
1264 3169 1324 3215 ut
1379 3161 1467 3215 ille
1510 3160 1602 3230 qui
1652 3172 1719 3213 ex
1756 3172 1821 3213 ea
1862 3162 2173 3209 nasceretur

626 3254 902 3311 vocandus
951 3260 1095 3308 esset
1134 3250 1309 3306 Iesus.
1363 3250 1421 3304 Si
1463 3247 1619 3303 Iesus
1667 3262 1772 3300 non
1825 3250 1971 3298 esset
2016 3242 2194 3297 Deus.

630 3344 897 3413 quomodo
948 3342 1203 3411 baptizati
1252 3348 1375 3395 sunt
1420 3340 1473 3393 in
1522 3337 1736 3393 nomine
1782 3334 1943 3389 Iesu?
1971 3331 2049 3403 De
2094 3346 2199 3399 quo

632 3432 793 3486 etiam
820 3430 1033 3485 nomine
1051 3432 1239 3485 beatus
1261 3429 1550 3485 Cassianus
1572 3425 1730 3480 Pater
1756 3426 1832 3479 ita
1851 3423 1993 3478 aitin
2022 3422 2200 3491 dispu-

634 3522 832 3576 tatione
868 3522 1074 3586 eadem,
1108 3520 1163 3574 in
1211 3536 1314 3591 qua
1360 3535 1523 3590 supra
1560 3533 1573 3571 :
1627 3536 1645 3568 ‹
1685 3516 1934 3586 Nunquid
1988 3511 2198 3570 causari

635 3611 834 3678 aliquid
856 3611 1008 3679 quasi
1036 3611 1103 3666 de
1146 3610 1491 3681 ambiguitate
1517 3609 1794 3663 nominum
1820 3614 1991 3676 potes,
2035 3612 2095 3658 ut
2123 3604 2201 3659 di-

634 3714 727 3755 cas
754 3698 896 3753 aliud
916 3713 1035 3753 esse
1059 3699 1353 3761 Christum,
1369 3699 1513 3753 aliud
1541 3695 2151 3761 Deum,utSalvatorem
2169 3708 2199 3746 a

635 3786 915 3856 majestate
939 3785 1170 3840 nominis
1194 3785 1276 3839 sui
1296 3784 1583 3848 distrahas,
1614 3796 1669 3837 et
1688 3785 1853 3837 Deum
1876 3797 1907 3835 a
1924 3780 2202 3853 divinitate

638 3876 923 3938 secernas?
960 3874 1099 3929 Ecce
1128 3873 1216 3929 hic
1257 3888 1352 3929 vas
1376 3871 1597 3947 ’[Cass.,
1642 3869 1745 3940 vir]
1770 3869 1865 3924 Dei
1893 3883 1961 3921 ex
1986 3868 2097 3921 Deo
2126 3867 2203 3920 lo—

636 3969 843 4035 quitur,
864 3975 920 4021 et
938 3964 1250 4036 apparuisse
1285 3979 1350 4019 ex
1382 3962 1548 4017 Maria
1588 3959 1816 4030 gratiam
1865 3955 2204 4011 Deicviden-

640 4056 844 4114 tissime
896 4052 1276 4123 prasdicatione
1322 4059 1569 4110 testatur.
1596 4049 1673 4104 Ac
1714 4064 1782 4103 ne
1828 4047 1967 4101 forte
1995 4059 2098 4098 non
2136 4058 2203 4097 ex

640 4143 807 4197 Maria
843 4144 1008 4198 Deum
1039 4143 1352 4213 apparuisse
1374 4143 1579 4197 diceres
1604 4140 1822 4213 [nomen
1853 4138 2036 4193 statim
2057 4132 2203 4190 addi-

640 4232 716 4286 dit
744 4232 1058 4304 Salvatoris]
1081 4273 1095 4298 ,
1130 4234 1333 4288 scilicet
1360 4242 1419 4287 ut
1443 4232 1610 4286 Deum
1634 4245 1753 4289 esse
1790 4234 1976 4285 natum
2003 4241 2069 4281 ex
2096 4224 2205 4279 Ma-

643 4322 720 4378 ria
752 4323 917 4377 Deum
945 4322 1213 4388 crederes,
1242 4337 1402 4391 quem
1432 4320 1766 4375 Salvatorem
1790 4326 1975 4377 navum
2006 4310 2205 4385 negare

644 4428 748 4477 non
789 4427 996 4482 posses,
1034 4418 1403 4480 exspectantes,
1453 4408 1627 4477 inquit
1658 4404 1849 4462 beatus
1898 4403 2202 4473 Apostolus,

644 4501 847 4553 beatam
874 4515 1015 4569 spem
1041 4509 1089 4553 et
1123 4498 1395 4553 adventum
1423 4495 1602 4567 gloriae
1632 4494 1806 4565 magni
1832 4492 1927 4546 Dei
1946 4500 1993 4546 et
2023 4489 2208 4545 Salua-

642 4587 769 4640 toris
814 4587 975 4647 nostri
999 4584 1130 4641 Iesu
1156 4585 1349 4641 Christi
1378 4584 1504 4657 (Tit.
1539 4602 1598 4650 ll,
1644 4582 1753 4656 15).
1778 4582 1924 4644 Vidit
1966 4578 2207 4652 profecto

644 4678 731 4731 ille
754 4678 945 4732 divinae
970 4678 1240 4749 sapientis:
1274 4680 1460 4734 doctor
1484 4678 1551 4732 ad
1572 4676 1858 4732 insidiosas
1889 4670 2208 4729 calliditates

642 4765 919 4830 diabolica:
936 4767 1194 4835 captionis
1212 4767 1506 4836 simplicem
1536 4764 1903 4831 tantummodo
1928 4777 2033 4817 non
2064 4759 2208 4817 sulti-

642 4870 768 4917 ccre
815 4853 1137 4918 doctrinam,
1189 4854 1290 4908 nisi
1320 4864 1561 4913 sanctam
1610 4853 1732 4909 ﬁdei
1776 4851 2205 4923 praedicationem

644 4947 939 5003 munimine
963 4944 1225 5001 cautionis
1262 4953 1540 4999 armasset.
1572 4945 1639 4997 Et
1666 4945 1786 4998 ideo
1813 4956 1936 5001 cum
1961 4940 2206 5009 superius

644 5056 838 5099 nomen
878 5042 970 5096 Dei
1015 5038 1311 5095 Salvatoris
1355 5037 1653 5106 posuisset,
1710 5036 1799 5092 hic
1830 5032 2032 5101 addidit
2080 5030 2205 5085 Iesu

642 5133 862 5189 Christi.
893 5132 1041 5189 Licet
1071 5129 1269 5205 [Cass.,
1301 5125 1539 5196 Scilicet]
1569 5140 1635 5179 ne
1688 5126 1754 5177 ad
1799 5121 2205 5192 signiﬁcandum

642 5221 923 5279 Dominum
951 5222 1133 5277 Iesum
1172 5220 1443 5276 Christum
1474 5214 1715 5269 sullicere
1745 5212 1840 5267 tibi
1866 5210 2088 5266 forsitan
2115 5225 2208 5265 no-

643 5326 766 5367 men
794 5310 966 5365 solum
994 5327 1098 5365 non
1129 5312 1377 5365 crederes
1417 5304 1733 5368 Salvatoris,
1755 5311 1810 5357 et
1834 5316 1939 5356 non
1961 5300 2207 5355 eumdem

642 5400 826 5458 Iesum
847 5401 1116 5456 Christum
1136 5402 1301 5454 Deum
1329 5416 1447 5455 esse
1467 5398 1807 5467 intelligeres,
1838 5407 1994 5461 quem
2025 5390 2204 5446 Salva-

2287 542 2343 589 et
2369 534 2721 601 Salvatorem,
2743 544 2799 590 et
2820 534 3003 593 Iesum
3025 534 3298 591 Christum
3327 537 3474 593 vides
3500 556 3513 591 :
3544 538 3639 593 sed
3662 539 3842 593 omnia

2288 625 2404 685 haec
2425 625 2636 692 videns,
2676 627 2853 682 omnia
2873 640 3009 682 esse
3058 627 3113 681 in
3161 627 3271 683 Deo
3305 629 3585 699 perspicis.
3634 628 3843 685 Audisti

2286 719 2429 776 enim
2476 716 2662 779 Deum,
2720 717 2813 773 sed
2858 715 3191 773 Salvatorem
3218 737 3231 771 :
3263 719 3457 773 audisti
3506 719 3692 785 Deum,
3746 719 3843 777 sed

2287 803 2467 861 Iesum
2491 822 2505 859 :
2529 805 2725 865 audisti
2767 805 2934 864 Deum
2975 821 3127 870 esse,
3156 808 3251 862 sed
3273 805 3563 861 Christum.
3592 806 3844 878 Separari

2287 898 2391 953 hoc
2418 897 2789 967 appellationis
2817 898 3129 954 diversitate
3156 914 3260 954 non
3288 900 3450 966 valet,
3479 903 3621 971 quod
3653 902 3844 959 divini-

2289 994 2371 1044 tas
2397 988 2603 1043 unitate
2634 989 2926 1060 conjunxit.
2956 988 3063 1045 Sed
3091 990 3234 1054 licet,
3262 991 3517 1060 quidquid
3545 993 3610 1047 de
3649 993 3732 1048 his
3760 1008 3847 1049 re-

2287 1075 2561 1145 quisieris,
2604 1077 2744 1132 idem
2777 1077 3015 1133 invenies
3057 1077 3351 1139 {Salvator
3384 1080 3524 1135 Deus
3551 1088 3657 1146 est,
3687 1081 3846 1138 Iesus

2288 1163 2429 1218 Deus
2452 1172 2549 1227 est,
2579 1163 2825 1220 Christus
2864 1165 3004 1224 Deus
3043 1175 3145 1222 est.
3191 1167 3360 1223 Omne
3388 1168 3489 1223 hoc
3522 1172 3665 1238 quod
3693 1171 3848 1225 audis

2288 1254 2492 1324 plurale
2532 1269 2563 1309 e
2595 1263 2616 1308 t
2654 1255 3063 1325 nuncupatione,
3091 1257 3185 1311 sed
3213 1273 3375 1311 unum
3418 1266 3503 1312 est
3540 1266 3840 1328 potestate:

2287 1346 2423 1413 Quia
2452 1362 2574 1402 cum
2619 1355 2674 1402 et
2721 1346 2969 1403 Salvator
3004 1348 3143 1406 Deus
3188 1352 3277 1415 sit,
3308 1361 3363 1406 et
3412 1351 3568 1407 Iesus
3600 1353 3759 1419 Deus,
3790 1364 3846 1410 et

2284 1435 2535 1507 Christus
2575 1434 2737 1501 Deus,
2778 1436 3075 1508 intelligere
3109 1447 3351 1509 apertum
3379 1449 3462 1494 est
3488 1442 3628 1510 quod
3665 1444 3846 1498 omnia

2288 1525 2403 1579 haec
2431 1523 2829 1595 distinguuntur
2852 1527 3228 1596 appellatione,
3272 1530 3366 1584 sed
3411 1530 3693 1599 majestate
3715 1533 3841 1603 jun—

2288 1621 2503 1683 guntur.
2534 1614 2751 1669 Etcum
2793 1616 3193 1672 evidentissime
3225 1618 3410 1674 audias
3448 1622 3591 1690 quod
3630 1639 3766 1677 unus
3792 1623 3848 1680 in

2288 1704 2511 1775 singulis
2530 1713 2866 1775 nuncupatur
2894 1705 3067 1773 Deus,
3095 1707 3392 1779 intelligere
3431 1712 3616 1782 utique
3660 1721 3847 1782 aperte

2216 1781 2263 1841 B
2290 1799 2446 1862 potes
2492 1793 2633 1863 quod
2677 1796 2860 1850 estin
2886 1796 3296 1857 omnibusunus
3334 1800 3494 1855 Deus.
3530 1781 3667 1868 Quid
3695 1781 3847 1856 dubi-

2287 1881 2433 1945 tatis,
2462 1895 2496 1933 o
2525 1882 2649 1937 novi
2696 1884 2962 1948 doctores,
3006 1885 3174 1940 Deum
3215 1887 3391 1942 dicere
3412 1905 3598 1944 verum
3643 1899 3698 1945 et
3721 1907 3848 1962 pro-

2285 1972 2461 2042 primn
2510 1972 2701 2029 Filium
2744 1974 2861 2039 Dei,
2899 1975 2989 2045 qui
3026 1985 3183 2031 natus
3228 1989 3311 2032 est
3353 1993 3419 2032 ex
3459 1980 3693 2050 Virgine,
3721 1981 3849 2035 dum

2288 2061 2391 2115 lixa
2442 2063 2650 2121 ratione
2689 2064 2961 2120 catholica
3008 2064 3129 2122 fidei
3174 2075 3386 2123 constat
3430 2070 3677 2124 eumdem
3732 2085 3851 2126 esse

2289 2152 2458 2207 Deum
2483 2167 2644 2223 quem
2678 2162 2734 2209 et
2752 2152 2933 2209 Iesum
2953 2195 2969 2219 ,
2999 2156 3245 2213 eumdem
3266 2173 3384 2221 esse
3416 2158 3582 2213 Deum
3611 2175 3769 2230 quem
3797 2171 3854 2215 et

2287 2242 2581 2323 Christum,
2620 2244 2866 2299 eumdem
2896 2258 3013 2300 esse
3040 2244 3206 2300 Deum
3248 2249 3342 2316 qui
3382 2264 3571 2318 passus
3619 2257 3705 2304 est
3751 2264 3851 2318 pro

2289 2334 2472 2390 mundi
2501 2332 2694 2389 salute.
2729 2354 2746 2386 ι

2360 2424 2445 2479 Vl.
2470 2421 2541 2477 At
2560 2423 2604 2477 si
2632 2423 2812 2479 mundi
2837 2424 3144 2479 doctoribus
3171 2426 3383 2481 caneris
3409 2427 3561 2481 vobis
3585 2441 3690 2480 non
3723 2424 3854 2480 libet
3910 2448 3916 2453 ·

2290 2512 2529 2577 credere,
2584 2513 2780 2569 vestris
2831 2513 3018 2568 saltem
3067 2512 3393 2568 doctissimis
3442 2513 3571 2567 viris
3624 2514 3848 2568 credite.

2289 2601 2770 2671 Cecinitjuvencus
2806 2603 3104 2673 presbyter,
3119 2608 3181 2657 et
3205 2603 3545 2663 doctissimus
3586 2602 3854 2673 Hispania:

2290 2690 2642 2746 scholasticus
2665 2691 2720 2745 in
2744 2691 2986 2746 "carmine
3027 2690 3332 2761 evangelico
3357 2690 3518 2762 (Hist.
3548 2707 3726 2761 evang.
3758 2690 3849 2746 lib.

2292 2785 2721 2864 1)hoemodo:.

2415 2906 2532 2956 Nam
2558 2910 2639 2956 tua
2662 2906 2942 2967 concipiant
2958 2905 3146 2967 ctelesti
3166 2909 3350 2955 viscera
3368 2906 3505 2965 jussu

2415 2968 2611 3028 Natum,
2634 2980 2779 3031 quem
2807 2964 3017 3029 regnare
3049 2966 3182 3018 Deus
3199 2980 3289 3029 per
3309 2964 3499 3028 singula
3525 2964 3603 3025 [Ρ.
3653 2977 3741 3022 per
3760 2975 3856 3012 ιτε-

3280 3086 3287 3087 ,
3489 3002 3633 3087 [culaj
3662 3034 3853 3087 cuncta,

2596 3026 2605 3028 ’
2652 3026 2665 3031 ’
2868 3026 2889 3029 ⁷
3200 3026 3215 3029 “
3392 3026 3409 3028 ⁷
3489 3026 3633 3087 [cula]
3662 3034 3853 3087 cuncta,

2419 3089 2478 3139 Et
2502 3091 2741 3150 preprlam
2768 3088 2902 3136 credi
2924 3087 3141 3150 sobolem
3166 3086 3463 3150 gaudetque,
3481 3088 3763 3150 iubetque;

2418 3146 2560 3199 Hunc
2584 3146 2753 3210 [Huic]
2797 3150 2879 3197 ubi
2902 3149 2994 3197 sub
3017 3146 3413 3210 lucem’dedtgris.
3436 3146 3716 3210 sit_nomin_e
3746 3146 3859 3210 [no-

3277 3242 3282 3247 .
3308 3203 3463 3269 [mea]
3487 3208 3631 3257 Iesus
3656 3203 3857 3268 [Iesus].

2365 3313 2530 3386 803
2592 3312 2797 3367 Floruit
2842 3312 2927 3367 vir
2978 3313 3082 3367 iste
3129 3311 3458 3381 temporibus
3516 3310 3855 3367 Constantini

2298 3403 2573 3475 principis.
2621 3402 2822 3459 Videtis
2861 3402 3077 3472 quidem
3124 3401 3260 3465 Ista;
3309 3401 3535 3455 necdum
3578 3399 3680 3455 ista
3709 3400 3861 3452 .adn-

2298 3496 2493 3565 ptionis
2519 3493 2600 3549 vel
2643 3491 3054 3562 nuncupationis
3106 3490 3327 3545 hmresis
3368 3491 3420 3544 in
3458 3488 3711 3557 Hispania
3742 3486 3859 3540 fuit.

2298 3588 2405 3640 Aut
2441 3587 2621 3652 istum,
2670 3584 2761 3654 qui
2792 3583 2931 3654 apud
2971 3596 3068 3636 vos
3124 3580 3465 3636 doctissimus
3515 3583 3692 3632 exstat
3743 3590 3862 3630 ma-

2300 3676 2482 3746 gister,
2508 3674 2816 3729 haereticum
2833 3672 3086 3741 iudicate,
3112 3672 3204 3740 qui
3236 3671 3365 3725 dicit
3388 3672 3529 3723 hunc
3553 3669 3716 3722 Deum
3742 3680 3863 3720 esse

2301 3772 2354 3819 et
2381 3764 2656 3835 proprium
2700 3762 2893 3817 Filium
2930 3761 3049 3826 Dei,
3078 3759 3169 3829 qui
3196 3772 3261 3812 ex
3291 3758 3509 3827 Virgine
3557 3762 3714 3809 natus
3742 3762 3860 3819 est;

2302 3860 2395 3905 aut
2440 3852 2485 3905 si
2541 3852 2689 3905 illum
2742 3851 2981 3919 recipere
3026 3848 3220 3911 vultis,
3266 3852 3492 3899 vestram
3544 3843 3864 3897 sententiam

2303 3924 2572 4004 damnate,
2593 3938 2677 3993 vel
2714 3939 2886 4009 magis
2922 3936 3174 4006 corrigite
3201 3948 3265 3992 ex
3292 3932 3405 4001 ejus
3427 3944 3605 3993 sensn,
3635 3946 3864 3985 consen-

2303 4039 2461 4085 tanea
2504 4030 2595 4099 qui
2634 4028 2839 4099 profert
2875 4027 3179 4083 testimonia
3229 4026 3431 4081 sanctis
3474 4022 3722 4085 Patribus
3772 4021 3864 4090 qui

2304 4122 2530 4178 diversis
2584 4122 2765 4177 mundi
2811 4120 3141 4190 temporibus
3176 4134 3273 4189 per
3319 4116 3522 4179 singula
3572 4114 3867 4169 lloruerunt

2304 4215 2440 4270 loca.
3887 4251 3894 4259 .

2377 4302 2483 4359 VII.
2530 4302 2636 4361 Sed
2675 4311 2731 4357 et
2770 4302 3097 4357 clarissimus
3138 4296 3403 4365 Hispaniae
3444 4293 3633 4347 doctor
3674 4289 3865 4342 beatus

2304 4395 2539 4449 Isidorus
2561 4375 2837 4447 nobiscum
2859 4390 3072 4443 videtur
3084 4386 3406 4445 consentire,
3434 4397 3537 4436 non
3564 4378 3863 4444 vobiscum,

2237 4455 2285 4517 ο
2309 4483 2398 4553 qui
2442 4495 2505 4535 ea
2552 4478 2768 4534 nomina
2808 4476 2874 4531 de
2915 4475 3130 4531 Christo
3156 4472 3357 4541 ubique
3395 4470 3447 4523 in
3492 4469 3605 4526 suis
3648 4460 3864 4532 litteris,

2309 4580 2567 4647 quantum
2615 4571 2681 4626 ad
2714 4586 2811 4626 nos
2854 4584 2947 4625 sua
2987 4569 3128 4624 dicta
3163 4572 3442 4627 venerunt,
3498 4562 3707 4632 posuit,
3747 4575 3869 4630 qua

2308 4683 2408 4722 nos
2430 4663 2703 4721 credimus
2727 4670 2783 4719 et
2808 4660 3145 4724 conﬁtemur,
3175 4659 3289 4712 sive
3334 4655 3547 4727 propria
3586 4653 3728 4717 sint,
3772 4666 3867 4705 seu
3900 4726 3905 4731 Ι

2309 4756 2706 4829 signiﬁeativa:
2754 4769 2854 4810 nec
2898 4766 3123 4820 usquam
3168 4749 3316 4803 illum
3363 4746 3541 4801 inveni
3592 4742 3868 4829 Christum

2310 4827 2616 4913 adoptivum
2668 4845 2857 4909 lilium,
2905 4841 2988 4896 vel
3031 4841 3197 4895 Deum
3242 4834 3656 4915 nuncupativum
3697 4827 3870 4882 nomi-

2310 4952 2461 4992 nare.
2488 4933 2737 5003 Nunquid
2763 4934 2927 5004 igitur
2948 4943 3045 4985 vos
3076 4928 3343 5004 doctiores
3370 4924 3460 4977 illo
3485 4920 3616 4977 estis
3637 4959 3651 4983 ,
3692 4916 3777 4972 vel
3812 4917 3866 4972 in

2311 5026 2605 5097 Seripturis
2629 5025 2843 5085 divinis,
2892 5020 2976 5077 vel
3005 5021 3060 5074 in
3088 5015 3433 5074 sacularibus
3454 5011 3774 5082 disciplinis,
3799 5018 3871 5065 ut

2312 5119 2461 5173 vobis
2486 5124 2594 5171 tam
2630 5115 2816 5185 paucis
2840 5119 2895 5167 et
2919 5119 3031 5165 tam
3058 5120 3181 5163 sevo
3218 5104 3617 5175 erumpentibus
3648 5098 3868 5160 credere

2314 5208 2501 5262 debeat
2530 5202 2793 5260 mundus?

2384 5296 2511 5353 Vlll.
2538 5292 2677 5348 Dicit
2714 5288 2971 5358 Origenes
2994 5285 3059 5341 de
3084 5284 3359 5341 divinitate
3386 5283 3563 5339 carnis
3587 5282 3784 5339 Christi
3813 5280 3865 5333 in

2304 5384 2528 5453 ,homilia
2568 5379 2751 5449 quinta
2776 5384 2831 5431 et
2852 5377 2904 5429 in
2935 5375 3125 5431 Isaiam
3164 5375 3479 5444 prophetam
3508 5389 3522 5428 :
3568 5392 3587 5424 ι
3626 5369 3755 5436 Quis
3778 5384 3867 5423 ea:-

643 5504 817 5553 torem
863 5493 1029 5547 Deum
1074 5504 1192 5547 esse
1218 5490 1576 5558 cegnovisses.
1611 5461 1749 5553 duit]
1785 5498 1915 5551 ergo
1941 5481 2053 5535 ait?
2103 5480 2213 5533 Ea:-
2311 5488 2522 5543 surgere
2551 5468 2675 5558 facit
2702 5469 2763 5519 de
2809 5464 3254 5558 Oriente‘justum.
3299 5462 3504 5558 Vocavil
3545 5461 3759 5558 curn-et!
3780 5473 3869 5529 per

640 5551 947 5655 spectantes,
993 5582 1184 5651 inquit,
1232 5551 1431 5633 beatam
1455 5593 1594 5646 spem
1630 5551 1677 5630 et
1723 5572 1992 5651 aduentum
2030 5567 2210 5639 glorias
2313 5562 2402 5615 des
2428 5576 2548 5615 suos
2569 5557 2701 5629 (lsa.
2733 5572 2841 5619 xu,
2888 5552 2980 5623 2)?
3013 5554 3173 5609 Pater
3208 5556 3421 5612 vocavit
3464 5569 3587 5613 eum
3632 5551 3861 5655 Filium:

1000 5638 1361 5731 «tt-Saluatoris
1411 5638 1572 5724 nostri
1624 5668 1749 5723 Iesu
1792 5638 2211 5720 vCIu‘istisNihil
2316 5654 2445 5719 imo,
2471 5660 2529 5707 ut
2557 5663 2676 5705 vere
2728 5648 2987 5711 dicamus,
3028 5646 3169 5701 Deus
3224 5649 3495 5706 hominem
3545 5643 3754 5702 vocavit
3778 5638 3865 5710 juo
