  <div class='ocr_page' id='page_1' title='image "/cluster/home/n/w/nwhite01/storage/ocr_20150623/101/uva.x000834944/084.png"; bbox 0 0 4228 6248; ppageno 0'>
   <div class='ocr_carea' id='block_1_1' title="bbox 431 309 530 365">
    <p class='ocr_par' dir='ltr' id='par_1_1' title="bbox 431 309 530 365">
     <span class='ocr_line' id='line_1_1' title="bbox 431 309 530 365; baseline 0.03 -3"><span class='ocrx_word' id='word_1_1' title='bbox 431 309 530 365; x_wconf 74' lang='grc'><strong>153</strong></span> 
     </span>
    </p>
   </div>
   <div class='ocr_carea' id='block_1_2' title="bbox 1150 310 2900 370">
    <p class='ocr_par' dir='ltr' id='par_1_2' title="bbox 1150 310 2900 370">
     <span class='ocr_line' id='line_1_2' title="bbox 1150 310 2900 370; baseline 0.001 -5"><span class='ocrx_word' id='word_1_2' title='bbox 1150 310 1558 367; x_wconf 71' lang='grc' dir='ltr'><strong>ΟΟΟΜΑΤΙΟΛ.</strong></span> <span class='ocrx_word' id='word_1_3' title='bbox 1584 340 1651 349; x_wconf 89' lang='lat'><strong>—-</strong></span> <span class='ocrx_word' id='word_1_4' title='bbox 1683 310 1836 363; x_wconf 66' lang='lat' dir='ltr'><strong>ADV.</strong></span> <span class='ocrx_word' id='word_1_5' title='bbox 1880 310 2167 364; x_wconf 74' lang='lat' dir='ltr'><strong>FELICEM</strong></span> <span class='ocrx_word' id='word_1_6' title='bbox 2206 312 2381 367; x_wconf 78' lang='lat' dir='ltr'><strong>LIBRI</strong></span> <span class='ocrx_word' id='word_1_7' title='bbox 2422 315 2529 370; x_wconf 63' lang='grc' dir='ltr'><strong>ΥΠ.</strong></span> <span class='ocrx_word' id='word_1_8' title='bbox 2572 346 2640 357; x_wconf 88' lang='grc'><strong><em>-</em></strong></span> <span class='ocrx_word' id='word_1_9' title='bbox 2673 313 2798 367; x_wconf 73' lang='lat' dir='ltr'><strong>LIB.</strong></span> <span class='ocrx_word' id='word_1_10' title='bbox 2838 314 2900 367; x_wconf 86' lang='lat' dir='ltr'><strong>ll.</strong></span> 
     </span>
    </p>
   </div>
   <div class='ocr_carea' id='block_1_3' title="bbox 3450 316 3637 386">
    <p class='ocr_par' dir='ltr' id='par_1_3' title="bbox 3450 316 3637 386">
     <span class='ocr_line' id='line_1_3' title="bbox 3450 316 3637 386; baseline 0.027 -20"><span class='ocrx_word' id='word_1_11' title='bbox 3450 361 3454 366; x_wconf 89' lang='lat'><strong>.</strong></span> <span class='ocrx_word' id='word_1_12' title='bbox 3529 316 3637 386; x_wconf 69' lang='lat' dir='ltr'><strong>ist</strong></span> 
     </span>
    </p>
   </div>
   <div class='ocr_carea' id='block_1_4' title="bbox 429 420 3634 492">
    <p class='ocr_par' dir='ltr' id='par_1_4' title="bbox 429 420 3634 492">
     <span class='ocr_line' id='line_1_4' title="bbox 429 420 3634 492; baseline -0.002 -16"><span class='ocrx_word' id='word_1_13' title='bbox 429 431 593 487; x_wconf 91' lang='lat' dir='ltr'><strong>stum,</strong></span> <span class='ocrx_word' id='word_1_14' title='bbox 628 422 709 476; x_wconf 99' lang='lat' dir='ltr'><strong>vel</strong></span> <span class='ocrx_word' id='word_1_15' title='bbox 737 421 1021 492; x_wconf 75' lang='lat' dir='ltr'><strong>justitiam,</strong></span> <span class='ocrx_word' id='word_1_16' title='bbox 1062 421 1127 475; x_wconf 87' lang='lat' dir='ltr'><strong>ad</strong></span> <span class='ocrx_word' id='word_1_17' title='bbox 1170 422 1332 489; x_wconf 82' lang='lat' dir='ltr'><strong>pedes</strong></span> <span class='ocrx_word' id='word_1_18' title='bbox 1360 436 1503 483; x_wconf 91' lang='lat' dir='ltr'><strong>suos,</strong></span> <span class='ocrx_word' id='word_1_19' title='bbox 1529 420 1580 473; x_wconf 98' lang='lat' dir='ltr'><strong>id</strong></span> <span class='ocrx_word' id='word_1_20' title='bbox 1607 428 1709 484; x_wconf 89' lang='lat' dir='ltr'><strong>est,</strong></span> <span class='ocrx_word' id='word_1_21' title='bbox 1742 421 1983 474; x_wconf 50' lang='lat' dir='ltr'><strong>incarna-</strong></span> <span class='ocrx_word' id='word_1_22' title='bbox 2009 425 2053 478; x_wconf 73' lang='grc' dir='ltr'><strong>Δ</strong></span> <span class='ocrx_word' id='word_1_23' title='bbox 2085 429 2307 475; x_wconf 85' lang='lat' dir='ltr'><strong>testatus</strong></span> <span class='ocrx_word' id='word_1_24' title='bbox 2330 430 2429 485; x_wconf 83' lang='lat' dir='ltr'><strong>est,</strong></span> <span class='ocrx_word' id='word_1_25' title='bbox 2472 424 2585 479; x_wconf 74' lang='lat' dir='ltr'><strong>haec</strong></span> <span class='ocrx_word' id='word_1_26' title='bbox 2630 424 2813 477; x_wconf 86' lang='lat' dir='ltr'><strong>missio</strong></span> <span class='ocrx_word' id='word_1_27' title='bbox 2866 424 2983 478; x_wconf 85' lang='lat' dir='ltr'><strong>Filii</strong></span> <span class='ocrx_word' id='word_1_28' title='bbox 3032 425 3123 480; x_wconf 80' lang='lat' dir='ltr'><strong>Dei</strong></span> <span class='ocrx_word' id='word_1_29' title='bbox 3158 426 3451 480; x_wconf 68' lang='lat' dir='ltr'><strong>ineat-natio</strong></span> <span class='ocrx_word' id='word_1_30' title='bbox 3491 426 3634 484; x_wconf 62' lang='lat' dir='ltr'><strong>illius</strong></span> 
     </span>
    </p>
   </div>
   <div class='ocr_carea' id='block_1_5' title="bbox 427 504 1980 577">
    <p class='ocr_par' dir='ltr' id='par_1_5' title="bbox 427 504 1980 577">
     <span class='ocr_line' id='line_1_5' title="bbox 427 504 1980 577; baseline -0.003 -13"><span class='ocrx_word' id='word_1_31' title='bbox 427 504 628 567; x_wconf 85' lang='lat' dir='ltr'><strong>tienem</strong></span> <span class='ocrx_word' id='word_1_32' title='bbox 654 509 773 565; x_wconf 84' lang='lat' dir='ltr'><strong>Filii</strong></span> <span class='ocrx_word' id='word_1_33' title='bbox 817 511 922 565; x_wconf 91' lang='lat' dir='ltr'><strong>sui.</strong></span> <span class='ocrx_word' id='word_1_34' title='bbox 959 511 1080 564; x_wconf 85' lang='lat' dir='ltr'><strong>Ideo</strong></span> <span class='ocrx_word' id='word_1_35' title='bbox 1122 518 1177 564; x_wconf 92' lang='lat' dir='ltr'><strong>et</strong></span> <span class='ocrx_word' id='word_1_36' title='bbox 1201 510 1429 563; x_wconf 87' lang='lat' dir='ltr'><strong>adorent</strong></span> <span class='ocrx_word' id='word_1_37' title='bbox 1466 508 1753 563; x_wconf 85' lang='lat' dir='ltr'><strong>scabellum</strong></span> <span class='ocrx_word' id='word_1_38' title='bbox 1788 508 1980 577; x_wconf 90' lang='lat' dir='ltr'><strong>pedum</strong></span> 
     </span>
    </p>
   </div>
   <div class='ocr_carea' id='block_1_6' title="bbox 430 596 1997 670">
    <p class='ocr_par' dir='ltr' id='par_1_6' title="bbox 430 596 1997 670">
     <span class='ocr_line' id='line_1_6' title="bbox 430 596 1997 670; baseline -0.003 -16"><span class='ocrx_word' id='word_1_39' title='bbox 430 601 567 670; x_wconf 83' lang='lat' dir='ltr'><strong>ejus,</strong></span> <span class='ocrx_word' id='word_1_40' title='bbox 592 600 718 669; x_wconf 86' lang='lat' dir='ltr'><strong>quia</strong></span> <span class='ocrx_word' id='word_1_41' title='bbox 762 608 980 654; x_wconf 88' lang='lat' dir='ltr'><strong>sanctus</strong></span> <span class='ocrx_word' id='word_1_42' title='bbox 1021 608 1104 652; x_wconf 92' lang='lat' dir='ltr'><strong>est</strong></span> <span class='ocrx_word' id='word_1_43' title='bbox 1142 597 1347 670; x_wconf 87' lang='lat' dir='ltr'><strong>[0rig.,</strong></span> <span class='ocrx_word' id='word_1_44' title='bbox 1394 606 1637 652; x_wconf 88' lang='lat' dir='ltr'><strong>sanctum</strong></span> <span class='ocrx_word' id='word_1_45' title='bbox 1676 596 1799 667; x_wconf 92' lang='lat' dir='ltr'><strong>est].</strong></span> <span class='ocrx_word' id='word_1_46' title='bbox 1844 596 1997 651; x_wconf 90' lang='lat' dir='ltr'><strong>Caro.</strong></span> 
     </span>
    </p>
   </div>
   <div class='ocr_carea' id='block_1_7' title="bbox 347 686 1766 755">
    <p class='ocr_par' dir='ltr' id='par_1_7' title="bbox 347 686 1766 755">
     <span class='ocr_line' id='line_1_7' title="bbox 347 686 1766 755; baseline -0.002 -15"><span class='ocrx_word' id='word_1_47' title='bbox 347 747 354 753; x_wconf 47' lang='grc'><em>,</em></span> <span class='ocrx_word' id='word_1_48' title='bbox 430 695 608 741; x_wconf 89' lang='lat' dir='ltr'><strong>autem</strong></span> <span class='ocrx_word' id='word_1_49' title='bbox 637 688 846 742; x_wconf 88' lang='lat' dir='ltr'><strong>Domini</strong></span> <span class='ocrx_word' id='word_1_50' title='bbox 871 688 1128 741; x_wconf 81' lang='lat' dir='ltr'><strong>honorem</strong></span> <span class='ocrx_word' id='word_1_51' title='bbox 1165 686 1377 740; x_wconf 89' lang='lat' dir='ltr'><strong>deitatis</strong></span> <span class='ocrx_word' id='word_1_52' title='bbox 1406 686 1713 755; x_wconf 76' lang='lat' dir='ltr'><strong>assumpsit.</strong></span> <span class='ocrx_word' id='word_1_53' title='bbox 1749 705 1766 736; x_wconf 75' lang='grc' dir='ltr'>ι</span> 
     </span>
    </p>
   </div>
   <div class='ocr_carea' id='block_1_8' title="bbox 497 774 1981 845">
    <p class='ocr_par' dir='ltr' id='par_1_8' title="bbox 497 774 1981 845">
     <span class='ocr_line' id='line_1_8' title="bbox 497 774 1981 845; baseline -0.003 -13"><span class='ocrx_word' id='word_1_54' title='bbox 497 776 590 832; x_wconf 63' lang='grc' dir='ltr'><strong>ιχ.</strong></span> <span class='ocrx_word' id='word_1_55' title='bbox 622 777 679 831; x_wconf 91' lang='lat' dir='ltr'><strong>ln</strong></span> <span class='ocrx_word' id='word_1_56' title='bbox 707 778 843 833; x_wconf 89' lang='lat' dir='ltr'><strong>libro</strong></span> <span class='ocrx_word' id='word_1_57' title='bbox 866 778 1027 833; x_wconf 86' lang='lat' dir='ltr'><strong>etiam</strong></span> <span class='ocrx_word' id='word_1_58' title='bbox 1054 784 1243 845; x_wconf 89' lang='lat' dir='ltr'><strong>quarto</strong></span> <span class='ocrx_word' id='word_1_59' title='bbox 1266 776 1331 831; x_wconf 91' lang='lat' dir='ltr'><strong>de</strong></span> <span class='ocrx_word' id='word_1_60' title='bbox 1351 775 1721 830; x_wconf 87' lang='lat' dir='ltr'><strong>lncarnatione</strong></span> <span class='ocrx_word' id='word_1_61' title='bbox 1759 774 1981 839; x_wconf 77' lang='lat' dir='ltr'><strong>Christi,</strong></span> 
     </span>
    </p>
   </div>
   <div class='ocr_carea' id='block_1_9' title="bbox 426 864 1983 937">
    <p class='ocr_par' dir='ltr' id='par_1_9' title="bbox 426 864 1983 937">
     <span class='ocr_line' id='line_1_9' title="bbox 426 864 1983 937; baseline -0.004 -15"><span class='ocrx_word' id='word_1_62' title='bbox 426 882 586 937; x_wconf 82' lang='lat' dir='ltr'><strong>quem</strong></span> <span class='ocrx_word' id='word_1_63' title='bbox 611 907 626 932; x_wconf 93' lang='lat'><strong>,</strong></span> <span class='ocrx_word' id='word_1_64' title='bbox 676 870 961 923; x_wconf 76' lang='lat' dir='ltr'><strong>mandante</strong></span> <span class='ocrx_word' id='word_1_65' title='bbox 1009 866 1185 920; x_wconf 88' lang='lat' dir='ltr'><strong>Leone</strong></span> <span class='ocrx_word' id='word_1_66' title='bbox 1226 880 1399 935; x_wconf 88' lang='lat' dir='ltr'><strong>papa,</strong></span> <span class='ocrx_word' id='word_1_67' title='bbox 1462 864 1749 920; x_wconf 83' lang='lat' dir='ltr'><strong>Cassianus</strong></span> <span class='ocrx_word' id='word_1_68' title='bbox 1797 871 1983 918; x_wconf 91' lang='lat' dir='ltr'><strong>contra</strong></span> 
     </span>
    </p>
   </div>
   <div class='ocr_carea' id='block_1_10' title="bbox 429 954 1980 1026">
    <p class='ocr_par' dir='ltr' id='par_1_10' title="bbox 429 954 1980 1026">
     <span class='ocr_line' id='line_1_10' title="bbox 429 954 1980 1026; baseline -0.004 -15"><span class='ocrx_word' id='word_1_69' title='bbox 429 957 730 1013; x_wconf 81' lang='lat' dir='ltr'><strong>Nestorium</strong></span> <span class='ocrx_word' id='word_1_70' title='bbox 755 958 942 1024; x_wconf 88' lang='lat' dir='ltr'><strong>edidit,</strong></span> <span class='ocrx_word' id='word_1_71' title='bbox 969 958 1226 1013; x_wconf 82' lang='lat' dir='ltr'><strong>habemus</strong></span> <span class='ocrx_word' id='word_1_72' title='bbox 1253 958 1328 1012; x_wconf 91' lang='lat' dir='ltr'><strong>ita</strong></span> <span class='ocrx_word' id='word_1_73' title='bbox 1353 958 1609 1026; x_wconf 87' lang='lat' dir='ltr'><strong>scriptum</strong></span> <span class='ocrx_word' id='word_1_74' title='bbox 1641 954 1778 1026; x_wconf 87' lang='lat' dir='ltr'><strong>(Lib.</strong></span> <span class='ocrx_word' id='word_1_75' title='bbox 1823 970 1876 1007; x_wconf 91' lang='lat' dir='ltr'><strong>lV</strong></span> <span class='ocrx_word' id='word_1_76' title='bbox 1915 954 1980 1006; x_wconf 87' lang='lat' dir='ltr'><strong>de</strong></span> 
     </span>
    </p>
   </div>
   <div class='ocr_carea' id='block_1_11' title="bbox 430 1044 1985 1117">
    <p class='ocr_par' dir='ltr' id='par_1_11' title="bbox 430 1044 1985 1117">
     <span class='ocr_line' id='line_1_11' title="bbox 430 1044 1985 1117; baseline -0.003 -16"><span class='ocrx_word' id='word_1_77' title='bbox 430 1046 668 1112; x_wconf 83' lang='lat' dir='ltr'><strong>Incarn.,</strong></span> <span class='ocrx_word' id='word_1_78' title='bbox 692 1063 741 1103; x_wconf 80' lang='lat' dir='ltr'><strong>c.</strong></span> <span class='ocrx_word' id='word_1_79' title='bbox 774 1048 842 1117; x_wconf 80' lang='lat'><strong>5)</strong></span> <span class='ocrx_word' id='word_1_80' title='bbox 873 1065 887 1101; x_wconf 92' lang='lat'><strong>:</strong></span> <span class='ocrx_word' id='word_1_81' title='bbox 918 1067 936 1097; x_wconf 73' lang='grc' dir='ltr'>ι</span> <span class='ocrx_word' id='word_1_82' title='bbox 976 1046 1078 1112; x_wconf 86' lang='lat' dir='ltr'><strong>Qui</strong></span> <span class='ocrx_word' id='word_1_83' title='bbox 1114 1046 1391 1101; x_wconf 77' lang='lat' dir='ltr'><strong>crediderit</strong></span> <span class='ocrx_word' id='word_1_84' title='bbox 1435 1046 1678 1117; x_wconf 84' lang='lat' dir='ltr'><strong>quoniam</strong></span> <span class='ocrx_word' id='word_1_85' title='bbox 1705 1044 1859 1097; x_wconf 87' lang='lat' dir='ltr'><strong>.lesus</strong></span> <span class='ocrx_word' id='word_1_86' title='bbox 1911 1052 1985 1096; x_wconf 85' lang='lat' dir='ltr'><strong>est</strong></span> 
     </span>
    </p>
   </div>
   <div class='ocr_carea' id='block_1_12' title="bbox 430 1131 1983 1202">
    <p class='ocr_par' dir='ltr' id='par_1_12' title="bbox 430 1131 1983 1202">
     <span class='ocr_line' id='line_1_12' title="bbox 430 1131 1983 1202; baseline -0.003 -12"><span class='ocrx_word' id='word_1_87' title='bbox 430 1135 602 1192; x_wconf 84' lang='lat' dir='ltr'><strong>Filius</strong></span> <span class='ocrx_word' id='word_1_88' title='bbox 630 1136 748 1202; x_wconf 90' lang='lat' dir='ltr'><strong>Dei,</strong></span> <span class='ocrx_word' id='word_1_89' title='bbox 781 1136 917 1190; x_wconf 87' lang='lat' dir='ltr'><strong>Deus</strong></span> <span class='ocrx_word' id='word_1_90' title='bbox 942 1136 996 1188; x_wconf 89' lang='lat' dir='ltr'><strong>in</strong></span> <span class='ocrx_word' id='word_1_91' title='bbox 1022 1134 1111 1189; x_wconf 91' lang='lat' dir='ltr'><strong>illo</strong></span> <span class='ocrx_word' id='word_1_92' title='bbox 1142 1144 1311 1192; x_wconf 82' lang='lat' dir='ltr'><strong>manet</strong></span> <span class='ocrx_word' id='word_1_93' title='bbox 1330 1174 1345 1199; x_wconf 97' lang='lat'><strong>,</strong></span> <span class='ocrx_word' id='word_1_94' title='bbox 1392 1146 1439 1187; x_wconf 84' lang='lat' dir='ltr'><strong>et</strong></span> <span class='ocrx_word' id='word_1_95' title='bbox 1466 1133 1693 1186; x_wconf 76' lang='lat' dir='ltr'><strong>cltaritas</strong></span> <span class='ocrx_word' id='word_1_96' title='bbox 1718 1131 1814 1185; x_wconf 88' lang='lat' dir='ltr'><strong>Dei</strong></span> <span class='ocrx_word' id='word_1_97' title='bbox 1842 1133 1896 1185; x_wconf 92' lang='lat' dir='ltr'><strong>in</strong></span> <span class='ocrx_word' id='word_1_98' title='bbox 1925 1148 1983 1185; x_wconf 92' lang='lat' dir='ltr'><strong>eo</strong></span> 
     </span>
    </p>
   </div>
   <div class='ocr_carea' id='block_1_13' title="bbox 426 1218 1981 1297">
    <p class='ocr_par' dir='ltr' id='par_1_13' title="bbox 426 1218 1981 1297">
     <span class='ocr_line' id='line_1_13' title="bbox 426 1218 1981 1297; baseline -0.003 -17"><span class='ocrx_word' id='word_1_99' title='bbox 426 1226 652 1297; x_wconf 78' lang='lat' dir='ltr'><strong>perfecta</strong></span> <span class='ocrx_word' id='word_1_100' title='bbox 673 1235 745 1279; x_wconf 88' lang='lat' dir='ltr'><strong>est</strong></span> <span class='ocrx_word' id='word_1_101' title='bbox 773 1224 823 1296; x_wconf 87' lang='lat' dir='ltr'><strong>(I</strong></span> <span class='ocrx_word' id='word_1_102' title='bbox 847 1223 1006 1278; x_wconf 77' lang='lat' dir='ltr'><strong>Joan.</strong></span> <span class='ocrx_word' id='word_1_103' title='bbox 1025 1239 1098 1288; x_wconf 85' lang='lat' dir='ltr'><strong>IV,</strong></span> <span class='ocrx_word' id='word_1_104' title='bbox 1136 1221 1256 1293; x_wconf 71' lang='lat'><strong>12);</strong></span> <span class='ocrx_word' id='word_1_105' title='bbox 1292 1222 1438 1275; x_wconf 91' lang='lat' dir='ltr'><strong>illum</strong></span> <span class='ocrx_word' id='word_1_106' title='bbox 1462 1236 1588 1275; x_wconf 91' lang='lat' dir='ltr'><strong>vero</strong></span> <span class='ocrx_word' id='word_1_107' title='bbox 1612 1218 1806 1292; x_wconf 83' lang='lat' dir='ltr'><strong>[Cass.,</strong></span> <span class='ocrx_word' id='word_1_108' title='bbox 1837 1219 1981 1275; x_wconf 90' lang='lat' dir='ltr'><strong>illum</strong></span> 
     </span>
    </p>
   </div>
   <div class='ocr_carea' id='block_1_14' title="bbox 428 1315 1985 1391">
    <p class='ocr_par' dir='ltr' id='par_1_14' title="bbox 428 1315 1985 1391">
     <span class='ocr_line' id='line_1_14' title="bbox 428 1315 1985 1391; baseline -0.005 -17"><span class='ocrx_word' id='word_1_109' title='bbox 428 1319 576 1391; x_wconf 90' lang='lat' dir='ltr'><strong>vere]</strong></span> <span class='ocrx_word' id='word_1_110' title='bbox 608 1321 864 1389; x_wconf 65' lang='lat' dir='ltr'><strong>praedicat</strong></span> <span class='ocrx_word' id='word_1_111' title='bbox 900 1319 1140 1387; x_wconf 80' lang='lat' dir='ltr'><strong>credere,</strong></span> <span class='ocrx_word' id='word_1_112' title='bbox 1163 1317 1310 1371; x_wconf 90' lang='lat' dir='ltr'><strong>illum</strong></span> <span class='ocrx_word' id='word_1_113' title='bbox 1339 1316 1551 1385; x_wconf 90' lang='lat' dir='ltr'><strong>plenum</strong></span> <span class='ocrx_word' id='word_1_114' title='bbox 1586 1316 1763 1370; x_wconf 88' lang='lat' dir='ltr'><strong>divina</strong></span> <span class='ocrx_word' id='word_1_115' title='bbox 1792 1315 1985 1368; x_wconf 86' lang='lat' dir='ltr'><strong>asserit</strong></span> 
     </span>
    </p>
   </div>
   <div class='ocr_carea' id='block_1_15' title="bbox 431 1392 1984 1480">
    <p class='ocr_par' dir='ltr' id='par_1_15' title="bbox 431 1392 1984 1480">
     <span class='ocr_line' id='line_1_15' title="bbox 431 1392 1984 1480; baseline -0.006 -13"><span class='ocrx_word' id='word_1_116' title='bbox 431 1412 715 1475; x_wconf 88' lang='lat' dir='ltr'><strong>charitate,</strong></span> <span class='ocrx_word' id='word_1_117' title='bbox 743 1411 833 1480; x_wconf 88' lang='lat' dir='ltr'><strong>qui</strong></span> <span class='ocrx_word' id='word_1_118' title='bbox 860 1408 1047 1476; x_wconf 22' lang='lat' dir='ltr'><strong>Iesum,</strong></span> <span class='ocrx_word' id='word_1_119' title='bbox 1080 1392 1272 1463; x_wconf 64' lang='lat' dir='ltr'><strong>enim</strong></span> <span class='ocrx_word' id='word_1_120' title='bbox 1313 1408 1403 1462; x_wconf 91' lang='lat' dir='ltr'><strong>Dei</strong></span> <span class='ocrx_word' id='word_1_121' title='bbox 1435 1407 1605 1462; x_wconf 90' lang='lat' dir='ltr'><strong>credit</strong></span> <span class='ocrx_word' id='word_1_122' title='bbox 1633 1425 1644 1459; x_wconf 78' lang='grc' dir='ltr'>ε</span> <span class='ocrx_word' id='word_1_123' title='bbox 1670 1406 1865 1460; x_wconf 89' lang='lat' dir='ltr'><strong>Filium</strong></span> <span class='ocrx_word' id='word_1_124' title='bbox 1892 1413 1984 1458; x_wconf 86' lang='lat' dir='ltr'><strong>au—</strong></span> 
     </span>
    </p>
   </div>
   <div class='ocr_carea' id='block_1_16' title="bbox 433 1494 1986 1562">
    <p class='ocr_par' dir='ltr' id='par_1_16' title="bbox 433 1494 1986 1562">
     <span class='ocr_line' id='line_1_16' title="bbox 433 1494 1986 1562; baseline -0.005 -9"><span class='ocrx_word' id='word_1_125' title='bbox 433 1508 539 1554; x_wconf 92' lang='lat' dir='ltr'><strong>tem</strong></span> <span class='ocrx_word' id='word_1_126' title='bbox 566 1499 683 1562; x_wconf 88' lang='lat' dir='ltr'><strong>Dei,</strong></span> <span class='ocrx_word' id='word_1_127' title='bbox 706 1499 937 1553; x_wconf 91' lang='lat' dir='ltr'><strong>Verbum</strong></span> <span class='ocrx_word' id='word_1_128' title='bbox 953 1497 1049 1552; x_wconf 90' lang='lat' dir='ltr'><strong>Dei</strong></span> <span class='ocrx_word' id='word_1_129' title='bbox 1070 1512 1187 1551; x_wconf 88' lang='lat' dir='ltr'><strong>esse</strong></span> <span class='ocrx_word' id='word_1_130' title='bbox 1209 1503 1437 1549; x_wconf 80' lang='lat' dir='ltr'><strong>testatur</strong></span> <span class='ocrx_word' id='word_1_131' title='bbox 1461 1512 1472 1547; x_wconf 87' lang='lat'><strong>:</strong></span> <span class='ocrx_word' id='word_1_132' title='bbox 1499 1510 1562 1548; x_wconf 89' lang='lat' dir='ltr'><strong>ac</strong></span> <span class='ocrx_word' id='word_1_133' title='bbox 1580 1509 1675 1562; x_wconf 90' lang='lat' dir='ltr'><strong>per</strong></span> <span class='ocrx_word' id='word_1_134' title='bbox 1696 1494 1795 1547; x_wconf 93' lang='lat' dir='ltr'><strong>hoc</strong></span> <span class='ocrx_word' id='word_1_135' title='bbox 1823 1507 1986 1546; x_wconf 90' lang='lat' dir='ltr'><strong>unum</strong></span> 
     </span>
    </p>
   </div>
   <div class='ocr_carea' id='block_1_17' title="bbox 430 1582 1986 1655">
    <p class='ocr_par' dir='ltr' id='par_1_17' title="bbox 430 1582 1986 1655">
     <span class='ocr_line' id='line_1_17' title="bbox 430 1582 1986 1655; baseline -0.004 -14"><span class='ocrx_word' id='word_1_136' title='bbox 430 1596 593 1655; x_wconf 87' lang='lat' dir='ltr'><strong>atque</strong></span> <span class='ocrx_word' id='word_1_137' title='bbox 616 1585 756 1641; x_wconf 91' lang='lat' dir='ltr'><strong>idem</strong></span> <span class='ocrx_word' id='word_1_138' title='bbox 784 1587 996 1655; x_wconf 87' lang='lat' dir='ltr'><strong>penitus</strong></span> <span class='ocrx_word' id='word_1_139' title='bbox 1020 1586 1132 1640; x_wconf 82' lang='lat' dir='ltr'><strong>vult</strong></span> <span class='ocrx_word' id='word_1_140' title='bbox 1152 1585 1368 1654; x_wconf 83' lang='lat' dir='ltr'><strong>intelligi</strong></span> <span class='ocrx_word' id='word_1_141' title='bbox 1401 1583 1726 1655; x_wconf 80' lang='lat' dir='ltr'><strong>nnigenitum</strong></span> <span class='ocrx_word' id='word_1_142' title='bbox 1755 1582 1986 1637; x_wconf 82' lang='lat' dir='ltr'><strong>Verbum</strong></span> 
     </span>
    </p>
   </div>
   <div class='ocr_carea' id='block_1_18' title="bbox 430 1652 1986 1741">
    <p class='ocr_par' dir='ltr' id='par_1_18' title="bbox 430 1652 1986 1741">
     <span class='ocr_line' id='line_1_18' title="bbox 430 1652 1986 1741; baseline -0.005 -9"><span class='ocrx_word' id='word_1_143' title='bbox 430 1652 547 1741; x_wconf 81' lang='lat' dir='ltr'><strong>Dei,</strong></span> <span class='ocrx_word' id='word_1_144' title='bbox 574 1684 630 1731; x_wconf 91' lang='lat' dir='ltr'><strong>et</strong></span> <span class='ocrx_word' id='word_1_145' title='bbox 672 1652 855 1729; x_wconf 67' lang='lat' dir='ltr'><strong>Iesum</strong></span> <span class='ocrx_word' id='word_1_146' title='bbox 884 1675 1153 1730; x_wconf 87' lang='lat' dir='ltr'><strong>Christum</strong></span> <span class='ocrx_word' id='word_1_147' title='bbox 1184 1652 1376 1727; x_wconf 81' lang='lat' dir='ltr'><strong>Filium</strong></span> <span class='ocrx_word' id='word_1_148' title='bbox 1406 1673 1518 1726; x_wconf 77' lang='lat' dir='ltr'><strong>Dei.</strong></span> <span class='ocrx_word' id='word_1_149' title='bbox 1564 1691 1582 1723; x_wconf 71' lang='grc' dir='ltr'><strong>ι</strong></span> <span class='ocrx_word' id='word_1_150' title='bbox 1616 1652 1798 1725; x_wconf 74' lang='lat' dir='ltr'><strong>Nonne</strong></span> <span class='ocrx_word' id='word_1_151' title='bbox 1828 1670 1986 1739; x_wconf 87' lang='lat' dir='ltr'><strong>hujus</strong></span> 
     </span>
    </p>
   </div>
   <div class='ocr_carea' id='block_1_19' title="bbox 432 1742 2060 1834">
    <p class='ocr_par' dir='ltr' id='par_1_19' title="bbox 432 1742 2060 1834">
     <span class='ocr_line' id='line_1_19' title="bbox 432 1742 2060 1834; baseline -0.006 -14"><span class='ocrx_word' id='word_1_152' title='bbox 432 1766 710 1821; x_wconf 87' lang='lat' dir='ltr'><strong>charitatis</strong></span> <span class='ocrx_word' id='word_1_153' title='bbox 734 1764 1118 1834; x_wconf 85' lang='lat' dir='ltr'><strong>plenitudinem</strong></span> <span class='ocrx_word' id='word_1_154' title='bbox 1163 1772 1405 1825; x_wconf 83' lang='lat' dir='ltr'><strong>evacuat,</strong></span> <span class='ocrx_word' id='word_1_155' title='bbox 1429 1763 1516 1830; x_wconf 88' lang='lat' dir='ltr'><strong>qui</strong></span> <span class='ocrx_word' id='word_1_156' title='bbox 1548 1777 1651 1814; x_wconf 92' lang='lat' dir='ltr'><strong>non</strong></span> <span class='ocrx_word' id='word_1_157' title='bbox 1698 1759 1984 1814; x_wconf 75' lang='lat' dir='ltr'><strong>crediderit</strong></span> <span class='ocrx_word' id='word_1_158' title='bbox 2018 1742 2060 1801; x_wconf 74' lang='grc' dir='ltr'><strong>Β</strong></span> 
     </span>
    </p>
   </div>
   <div class='ocr_carea' id='block_1_20' title="bbox 430 1853 1985 1919">
    <p class='ocr_par' dir='ltr' id='par_1_20' title="bbox 430 1853 1985 1919">
     <span class='ocr_line' id='line_1_20' title="bbox 430 1853 1985 1919; baseline -0.006 -9"><span class='ocrx_word' id='word_1_159' title='bbox 430 1855 611 1911; x_wconf 77' lang='lat' dir='ltr'><strong>JeSum</strong></span> <span class='ocrx_word' id='word_1_160' title='bbox 646 1855 841 1909; x_wconf 87' lang='lat' dir='ltr'><strong>Filium</strong></span> <span class='ocrx_word' id='word_1_161' title='bbox 868 1854 961 1907; x_wconf 90' lang='lat' dir='ltr'><strong>Dei</strong></span> <span class='ocrx_word' id='word_1_162' title='bbox 984 1868 1103 1907; x_wconf 89' lang='lat' dir='ltr'><strong>esse</strong></span> <span class='ocrx_word' id='word_1_163' title='bbox 1128 1867 1341 1916; x_wconf 89' lang='lat' dir='ltr'><strong>verum;</strong></span> <span class='ocrx_word' id='word_1_164' title='bbox 1395 1853 1517 1919; x_wconf 85' lang='lat' dir='ltr'><strong>quia</strong></span> <span class='ocrx_word' id='word_1_165' title='bbox 1570 1858 1751 1905; x_wconf 91' lang='lat' dir='ltr'><strong>tantus</strong></span> <span class='ocrx_word' id='word_1_166' title='bbox 1780 1856 1985 1917; x_wconf 85' lang='lat' dir='ltr'><strong>aposto—</strong></span> 
     </span>
    </p>
   </div>
   <div class='ocr_carea' id='block_1_21' title="bbox 433 1939 1985 2016">
    <p class='ocr_par' dir='ltr' id='par_1_21' title="bbox 433 1939 1985 2016">
     <span class='ocr_line' id='line_1_21' title="bbox 433 1939 1985 2016; baseline -0.006 -15"><span class='ocrx_word' id='word_1_167' title='bbox 433 1948 515 2003; x_wconf 88' lang='lat' dir='ltr'><strong>lus</strong></span> <span class='ocrx_word' id='word_1_168' title='bbox 536 1943 596 2001; x_wconf 84' lang='lat' dir='ltr'><strong>et</strong></span> <span class='ocrx_word' id='word_1_169' title='bbox 617 1944 941 2016; x_wconf 78' lang='lat' dir='ltr'><strong>evangelista</strong></span> <span class='ocrx_word' id='word_1_170' title='bbox 967 1943 1065 2008; x_wconf 89' lang='lat' dir='ltr'><strong>ait,</strong></span> <span class='ocrx_word' id='word_1_171' title='bbox 1098 1941 1263 2005; x_wconf 91' lang='lat' dir='ltr'><strong>illum,</strong></span> <span class='ocrx_word' id='word_1_172' title='bbox 1295 1942 1384 2009; x_wconf 89' lang='lat' dir='ltr'><strong>qui</strong></span> <span class='ocrx_word' id='word_1_173' title='bbox 1408 1939 1691 1995; x_wconf 83' lang='lat' dir='ltr'><strong>crediderit</strong></span> <span class='ocrx_word' id='word_1_174' title='bbox 1710 1946 1765 1992; x_wconf 91' lang='lat' dir='ltr'><strong>et</strong></span> <span class='ocrx_word' id='word_1_175' title='bbox 1788 1952 1985 2007; x_wconf 89' lang='lat' dir='ltr'><strong>cogno-</strong></span> 
     </span>
    </p>
   </div>
   <div class='ocr_carea' id='block_1_22' title="bbox 434 2030 1989 2099">
    <p class='ocr_par' dir='ltr' id='par_1_22' title="bbox 434 2030 1989 2099">
     <span class='ocr_line' id='line_1_22' title="bbox 434 2030 1989 2099; baseline -0.005 -9"><span class='ocrx_word' id='word_1_176' title='bbox 434 2038 571 2093; x_wconf 83' lang='lat' dir='ltr'><strong>verit</strong></span> <span class='ocrx_word' id='word_1_177' title='bbox 616 2036 807 2090; x_wconf 86' lang='lat' dir='ltr'><strong>Filium</strong></span> <span class='ocrx_word' id='word_1_178' title='bbox 858 2034 952 2087; x_wconf 91' lang='lat' dir='ltr'><strong>Dei</strong></span> <span class='ocrx_word' id='word_1_179' title='bbox 994 2048 1179 2087; x_wconf 89' lang='lat' dir='ltr'><strong>verum</strong></span> <span class='ocrx_word' id='word_1_180' title='bbox 1216 2047 1357 2095; x_wconf 92' lang='lat' dir='ltr'><strong>esse,</strong></span> <span class='ocrx_word' id='word_1_181' title='bbox 1405 2032 1493 2099; x_wconf 92' lang='lat' dir='ltr'><strong>qui</strong></span> <span class='ocrx_word' id='word_1_182' title='bbox 1554 2030 1700 2084; x_wconf 87' lang='lat' dir='ltr'><strong>venit</strong></span> <span class='ocrx_word' id='word_1_183' title='bbox 1747 2030 1800 2082; x_wconf 92' lang='lat' dir='ltr'><strong>in</strong></span> <span class='ocrx_word' id='word_1_184' title='bbox 1848 2030 1989 2083; x_wconf 90' lang='lat' dir='ltr'><strong>hunc</strong></span> 
     </span>
    </p>
   </div>
   <div class='ocr_carea' id='block_1_23' title="bbox 434 2118 1988 2194">
    <p class='ocr_par' dir='ltr' id='par_1_23' title="bbox 434 2118 1988 2194">
     <span class='ocr_line' id='line_1_23' title="bbox 434 2118 1988 2194; baseline -0.008 -10"><span class='ocrx_word' id='word_1_185' title='bbox 434 2128 689 2184; x_wconf 90' lang='lat' dir='ltr'><strong>mundum</strong></span> <span class='ocrx_word' id='word_1_186' title='bbox 716 2138 741 2167; x_wconf 73' lang='grc' dir='ltr'>α</span> <span class='ocrx_word' id='word_1_187' title='bbox 773 2143 786 2178; x_wconf 90' lang='lat'><strong>:</strong></span> <span class='ocrx_word' id='word_1_188' title='bbox 818 2125 897 2179; x_wconf 91' lang='lat' dir='ltr'><strong>De</strong></span> <span class='ocrx_word' id='word_1_189' title='bbox 920 2139 1025 2194; x_wconf 91' lang='lat' dir='ltr'><strong>quo</strong></span> <span class='ocrx_word' id='word_1_190' title='bbox 1052 2131 1105 2179; x_wconf 92' lang='lat' dir='ltr'><strong>et</strong></span> <span class='ocrx_word' id='word_1_191' title='bbox 1132 2123 1376 2193; x_wconf 87' lang='lat' dir='ltr'><strong>egregius</strong></span> <span class='ocrx_word' id='word_1_192' title='bbox 1411 2121 1730 2191; x_wconf 58' lang='lat' dir='ltr'><strong>praedicator</strong></span> <span class='ocrx_word' id='word_1_193' title='bbox 1751 2121 1828 2173; x_wconf 88' lang='lat' dir='ltr'><strong>ait</strong></span> <span class='ocrx_word' id='word_1_194' title='bbox 1853 2138 1865 2173; x_wconf 90' lang='lat'><strong>:</strong></span> <span class='ocrx_word' id='word_1_195' title='bbox 1890 2118 1988 2172; x_wconf 85' lang='lat' dir='ltr'><strong>Fi-</strong></span> 
     </span>
    </p>
   </div>
   <div class='ocr_carea' id='block_1_24' title="bbox 433 2202 1990 2283">
    <p class='ocr_par' dir='ltr' id='par_1_24' title="bbox 433 2202 1990 2283">
     <span class='ocr_line' id='line_1_24' title="bbox 433 2202 1990 2283; baseline -0.007 -10"><span class='ocrx_word' id='word_1_196' title='bbox 433 2218 561 2273; x_wconf 80' lang='lat' dir='ltr'><strong>delis</strong></span> <span class='ocrx_word' id='word_1_197' title='bbox 588 2233 756 2271; x_wconf 83' lang='lat' dir='ltr'><strong>sermo</strong></span> <span class='ocrx_word' id='word_1_198' title='bbox 784 2224 877 2279; x_wconf 85' lang='lat' dir='ltr'><strong>est,</strong></span> <span class='ocrx_word' id='word_1_199' title='bbox 908 2224 955 2270; x_wconf 92' lang='lat' dir='ltr'><strong>et</strong></span> <span class='ocrx_word' id='word_1_200' title='bbox 983 2215 1123 2270; x_wconf 87' lang='lat' dir='ltr'><strong>omni</strong></span> <span class='ocrx_word' id='word_1_201' title='bbox 1152 2202 1442 2283; x_wconf 86' lang='lat' dir='ltr'><strong>acceptione</strong></span> <span class='ocrx_word' id='word_1_202' title='bbox 1475 2213 1684 2281; x_wconf 82' lang='lat' dir='ltr'><strong>dignus,</strong></span> <span class='ocrx_word' id='word_1_203' title='bbox 1728 2211 1850 2281; x_wconf 88' lang='lat' dir='ltr'><strong>quia</strong></span> <span class='ocrx_word' id='word_1_204' title='bbox 1900 2209 1990 2263; x_wconf 78' lang='lat' dir='ltr'><strong>Je-</strong></span> 
     </span>
    </p>
   </div>
   <div class='ocr_carea' id='block_1_25' title="bbox 434 2298 1990 2372">
    <p class='ocr_par' dir='ltr' id='par_1_25' title="bbox 434 2298 1990 2372">
     <span class='ocr_line' id='line_1_25' title="bbox 434 2298 1990 2372; baseline -0.007 -8"><span class='ocrx_word' id='word_1_205' title='bbox 434 2326 521 2364; x_wconf 83' lang='lat' dir='ltr'><strong>sus</strong></span> <span class='ocrx_word' id='word_1_206' title='bbox 544 2308 779 2364; x_wconf 81' lang='lat' dir='ltr'><strong>Christus</strong></span> <span class='ocrx_word' id='word_1_207' title='bbox 803 2308 932 2361; x_wconf 85' lang='lat' dir='ltr'><strong>venit</strong></span> <span class='ocrx_word' id='word_1_208' title='bbox 960 2308 1017 2361; x_wconf 87' lang='lat' dir='ltr'><strong>in</strong></span> <span class='ocrx_word' id='word_1_209' title='bbox 1057 2307 1193 2359; x_wconf 81' lang='lat' dir='ltr'><strong>hunc</strong></span> <span class='ocrx_word' id='word_1_210' title='bbox 1219 2304 1469 2358; x_wconf 82' lang='lat' dir='ltr'><strong>mundum</strong></span> <span class='ocrx_word' id='word_1_211' title='bbox 1501 2310 1789 2372; x_wconf 87' lang='lat' dir='ltr'><strong>peccatores</strong></span> <span class='ocrx_word' id='word_1_212' title='bbox 1822 2298 1990 2353; x_wconf 86' lang='lat' dir='ltr'><strong>salvos</strong></span> 
     </span>
    </p>
   </div>
   <div class='ocr_carea' id='block_1_26' title="bbox 440 2388 1995 2471">
    <p class='ocr_par' dir='ltr' id='par_1_26' title="bbox 440 2388 1995 2471">
     <span class='ocr_line' id='line_1_26' title="bbox 440 2388 1995 2471; baseline -0.007 -17"><span class='ocrx_word' id='word_1_213' title='bbox 440 2401 611 2469; x_wconf 75' lang='lat' dir='ltr'><strong>facere</strong></span> <span class='ocrx_word' id='word_1_214' title='bbox 643 2398 694 2471; x_wconf 91' lang='lat' dir='ltr'><strong>(I</strong></span> <span class='ocrx_word' id='word_1_215' title='bbox 727 2397 859 2452; x_wconf 79' lang='lat' dir='ltr'><strong>Tim.</strong></span> <span class='ocrx_word' id='word_1_216' title='bbox 885 2413 926 2462; x_wconf 83' lang='grc' dir='ltr'><strong>ι,</strong></span> <span class='ocrx_word' id='word_1_217' title='bbox 968 2396 1075 2467; x_wconf 79' lang='grc'><strong>15).</strong></span> <span class='ocrx_word' id='word_1_218' title='bbox 1118 2395 1193 2449; x_wconf 88' lang='lat' dir='ltr'><strong>De</strong></span> <span class='ocrx_word' id='word_1_219' title='bbox 1224 2410 1330 2464; x_wconf 90' lang='lat' dir='ltr'><strong>quo</strong></span> <span class='ocrx_word' id='word_1_220' title='bbox 1352 2400 1408 2448; x_wconf 92' lang='lat' dir='ltr'><strong>et</strong></span> <span class='ocrx_word' id='word_1_221' title='bbox 1433 2394 1487 2447; x_wconf 91' lang='lat' dir='ltr'><strong>in</strong></span> <span class='ocrx_word' id='word_1_222' title='bbox 1511 2389 1746 2460; x_wconf 86' lang='lat' dir='ltr'><strong>Epistola</strong></span> <span class='ocrx_word' id='word_1_223' title='bbox 1785 2390 1852 2444; x_wconf 91' lang='lat' dir='ltr'><strong>ad</strong></span> <span class='ocrx_word' id='word_1_224' title='bbox 1890 2388 1995 2443; x_wconf 79' lang='lat' dir='ltr'><strong>He-</strong></span> 
     </span>
    </p>
   </div>
   <div class='ocr_carea' id='block_1_27' title="bbox 437 2481 1991 2553">
    <p class='ocr_par' dir='ltr' id='par_1_27' title="bbox 437 2481 1991 2553">
     <span class='ocr_line' id='line_1_27' title="bbox 437 2481 1991 2553; baseline -0.01 -8"><span class='ocrx_word' id='word_1_225' title='bbox 437 2492 607 2545; x_wconf 75' lang='lat' dir='ltr'><strong>brzeos</strong></span> <span class='ocrx_word' id='word_1_226' title='bbox 633 2489 709 2542; x_wconf 90' lang='lat' dir='ltr'><strong>ait</strong></span> <span class='ocrx_word' id='word_1_227' title='bbox 752 2505 765 2540; x_wconf 92' lang='lat'><strong>:</strong></span> <span class='ocrx_word' id='word_1_228' title='bbox 812 2485 978 2541; x_wconf 85' lang='lat' dir='ltr'><strong>Tanto</strong></span> <span class='ocrx_word' id='word_1_229' title='bbox 1023 2482 1206 2538; x_wconf 85' lang='lat' dir='ltr'><strong>melior</strong></span> <span class='ocrx_word' id='word_1_230' title='bbox 1258 2482 1454 2553; x_wconf 81' lang='lat' dir='ltr'><strong>angelis</strong></span> <span class='ocrx_word' id='word_1_231' title='bbox 1501 2481 1749 2550; x_wconf 72' lang='lat' dir='ltr'><strong>eﬁ&#39;ectus,</strong></span> <span class='ocrx_word' id='word_1_232' title='bbox 1798 2487 1991 2549; x_wconf 88' lang='lat' dir='ltr'><strong>quanto</strong></span> 
     </span>
    </p>
   </div>
   <div class='ocr_carea' id='block_1_28' title="bbox 435 2570 1989 2649">
    <p class='ocr_par' dir='ltr' id='par_1_28' title="bbox 435 2570 1989 2649">
     <span class='ocr_line' id='line_1_28' title="bbox 435 2570 1989 2649; baseline -0.007 -14"><span class='ocrx_word' id='word_1_233' title='bbox 435 2581 755 2649; x_wconf 69' lang='lat' dir='ltr'><strong>differentias</strong></span> <span class='ocrx_word' id='word_1_234' title='bbox 775 2593 883 2648; x_wconf 72' lang='lat' dir='ltr'><strong>pro:</strong></span> <span class='ocrx_word' id='word_1_235' title='bbox 902 2576 1006 2630; x_wconf 85' lang='lat' dir='ltr'><strong>illis</strong></span> <span class='ocrx_word' id='word_1_236' title='bbox 1035 2592 1220 2630; x_wconf 83' lang='lat' dir='ltr'><strong>nomen</strong></span> <span class='ocrx_word' id='word_1_237' title='bbox 1245 2575 1565 2629; x_wconf 72' lang='lat' dir='ltr'><strong>hmreditavit</strong></span> <span class='ocrx_word' id='word_1_238' title='bbox 1595 2572 1780 2644; x_wconf 80' lang='lat' dir='ltr'><strong>(Hebr.</strong></span> <span class='ocrx_word' id='word_1_239' title='bbox 1820 2588 1836 2625; x_wconf 88' lang='grc' dir='ltr'>ι</span> <span class='ocrx_word' id='word_1_240' title='bbox 1862 2611 1877 2635; x_wconf 84' lang='grc'><em>,</em></span> <span class='ocrx_word' id='word_1_241' title='bbox 1912 2570 1989 2642; x_wconf 69' lang='grc'><strong>4).</strong></span> 
     </span>
    </p>
   </div>
   <div class='ocr_carea' id='block_1_29' title="bbox 438 2659 1994 2738">
    <p class='ocr_par' dir='ltr' id='par_1_29' title="bbox 438 2659 1994 2738">
     <span class='ocr_line' id='line_1_29' title="bbox 438 2659 1994 2738; baseline -0.006 -15"><span class='ocrx_word' id='word_1_242' title='bbox 438 2669 820 2738; x_wconf 77' lang='lat' dir='ltr'><strong>Argumentum</strong></span> <span class='ocrx_word' id='word_1_243' title='bbox 832 2679 961 2719; x_wconf 89' lang='lat' dir='ltr'><strong>vero</strong></span> <span class='ocrx_word' id='word_1_244' title='bbox 976 2662 1306 2726; x_wconf 73' lang='lat' dir='ltr'><strong>excellentiae</strong></span> <span class='ocrx_word' id='word_1_245' title='bbox 1328 2676 1395 2715; x_wconf 75' lang='lat' dir='ltr'><strong>ex</strong></span> <span class='ocrx_word' id='word_1_246' title='bbox 1414 2661 1647 2715; x_wconf 91' lang='lat' dir='ltr'><strong>nominis</strong></span> <span class='ocrx_word' id='word_1_247' title='bbox 1666 2659 1994 2728; x_wconf 83' lang='lat' dir='ltr'><strong>proprietate</strong></span> 
     </span>
    </p>
   </div>
   <div class='ocr_carea' id='block_1_30' title="bbox 439 2742 1993 2825">
    <p class='ocr_par' dir='ltr' id='par_1_30' title="bbox 439 2742 1993 2825">
     <span class='ocr_line' id='line_1_30' title="bbox 439 2742 1993 2825; baseline -0.006 -11"><span class='ocrx_word' id='word_1_248' title='bbox 439 2742 649 2814; x_wconf 79' lang='lat' dir='ltr'><strong>induxit</strong></span> <span class='ocrx_word' id='word_1_249' title='bbox 677 2776 690 2811; x_wconf 76' lang='grc' dir='ltr'>ε</span> <span class='ocrx_word' id='word_1_250' title='bbox 716 2758 770 2813; x_wconf 91' lang='lat' dir='ltr'><strong>in</strong></span> <span class='ocrx_word' id='word_1_251' title='bbox 796 2757 901 2812; x_wconf 91' lang='lat' dir='ltr'><strong>hoc</strong></span> <span class='ocrx_word' id='word_1_252' title='bbox 931 2755 1075 2811; x_wconf 90' lang='lat' dir='ltr'><strong>enim</strong></span> <span class='ocrx_word' id='word_1_253' title='bbox 1099 2754 1243 2825; x_wconf 89' lang='lat' dir='ltr'><strong>quod</strong></span> <span class='ocrx_word' id='word_1_254' title='bbox 1271 2753 1445 2809; x_wconf 82' lang='lat' dir='ltr'><strong>dixit:</strong></span> <span class='ocrx_word' id='word_1_255' title='bbox 1482 2751 1645 2806; x_wconf 86' lang='lat' dir='ltr'><strong>Tanto</strong></span> <span class='ocrx_word' id='word_1_256' title='bbox 1678 2750 1860 2805; x_wconf 90' lang='lat' dir='ltr'><strong>melior</strong></span> <span class='ocrx_word' id='word_1_257' title='bbox 1898 2768 1993 2805; x_wconf 87' lang='lat' dir='ltr'><strong>an-</strong></span> 
     </span>
    </p>
   </div>
   <div class='ocr_carea' id='block_1_31' title="bbox 437 2843 1996 2921">
    <p class='ocr_par' dir='ltr' id='par_1_31' title="bbox 437 2843 1996 2921">
     <span class='ocr_line' id='line_1_31' title="bbox 437 2843 1996 2921; baseline -0.005 -17"><span class='ocrx_word' id='word_1_258' title='bbox 437 2850 563 2921; x_wconf 76' lang='lat' dir='ltr'><strong>gelis</strong></span> <span class='ocrx_word' id='word_1_259' title='bbox 600 2850 833 2919; x_wconf 58' lang='lat' dir='ltr'><strong>eiectus,</strong></span> <span class='ocrx_word' id='word_1_260' title='bbox 862 2847 1084 2903; x_wconf 89' lang='lat' dir='ltr'><strong>dubium</strong></span> <span class='ocrx_word' id='word_1_261' title='bbox 1121 2860 1227 2900; x_wconf 89' lang='lat' dir='ltr'><strong>non</strong></span> <span class='ocrx_word' id='word_1_262' title='bbox 1255 2854 1338 2902; x_wconf 84' lang='lat' dir='ltr'><strong>est</strong></span> <span class='ocrx_word' id='word_1_263' title='bbox 1366 2845 1432 2899; x_wconf 92' lang='lat' dir='ltr'><strong>de</strong></span> <span class='ocrx_word' id='word_1_264' title='bbox 1468 2843 1682 2898; x_wconf 85' lang='lat' dir='ltr'><strong>homine</strong></span> <span class='ocrx_word' id='word_1_265' title='bbox 1722 2849 1996 2909; x_wconf 90' lang='lat' dir='ltr'><strong>assumpto</strong></span> 
     </span>
    </p>
   </div>
   <div class='ocr_carea' id='block_1_32' title="bbox 444 2934 1998 3006">
    <p class='ocr_par' dir='ltr' id='par_1_32' title="bbox 444 2934 1998 3006">
     <span class='ocr_line' id='line_1_32' title="bbox 444 2934 1998 3006; baseline -0.006 -14"><span class='ocrx_word' id='word_1_266' title='bbox 444 2938 675 3006; x_wconf 88' lang='lat' dir='ltr'><strong>dici,qui</strong></span> <span class='ocrx_word' id='word_1_267' title='bbox 696 2944 843 2992; x_wconf 87' lang='lat' dir='ltr'><strong>tanto</strong></span> <span class='ocrx_word' id='word_1_268' title='bbox 863 2934 1051 2991; x_wconf 81' lang='lat' dir='ltr'><strong>melior</strong></span> <span class='ocrx_word' id='word_1_269' title='bbox 1073 2934 1141 2988; x_wconf 90' lang='lat' dir='ltr'><strong>ab</strong></span> <span class='ocrx_word' id='word_1_270' title='bbox 1167 2934 1373 3003; x_wconf 82' lang='lat' dir='ltr'><strong>angelis</strong></span> <span class='ocrx_word' id='word_1_271' title='bbox 1395 2941 1497 2999; x_wconf 88' lang='lat' dir='ltr'><strong>est,</strong></span> <span class='ocrx_word' id='word_1_272' title='bbox 1513 2940 1712 3001; x_wconf 88' lang='lat' dir='ltr'><strong>quanto</strong></span> <span class='ocrx_word' id='word_1_273' title='bbox 1737 2940 1998 3000; x_wconf 55' lang='lat' dir='ltr'><strong>praestan-</strong></span> 
     </span>
    </p>
   </div>
   <div class='ocr_carea' id='block_1_33' title="bbox 441 3022 1996 3098">
    <p class='ocr_par' dir='ltr' id='par_1_33' title="bbox 441 3022 1996 3098">
     <span class='ocr_line' id='line_1_33' title="bbox 441 3022 1996 3098; baseline -0.006 -12"><span class='ocrx_word' id='word_1_274' title='bbox 441 3030 544 3086; x_wconf 77' lang='lat' dir='ltr'><strong>tior</strong></span> <span class='ocrx_word' id='word_1_275' title='bbox 566 3028 710 3084; x_wconf 84' lang='lat' dir='ltr'><strong>illius</strong></span> <span class='ocrx_word' id='word_1_276' title='bbox 728 3028 999 3098; x_wconf 89' lang='lat' dir='ltr'><strong>proprius,</strong></span> <span class='ocrx_word' id='word_1_277' title='bbox 1028 3041 1057 3079; x_wconf 87' lang='lat' dir='ltr'><strong>a</strong></span> <span class='ocrx_word' id='word_1_278' title='bbox 1088 3026 1335 3080; x_wconf 90' lang='lat' dir='ltr'><strong>ministro</strong></span> <span class='ocrx_word' id='word_1_279' title='bbox 1373 3025 1659 3079; x_wconf 83' lang='lat' dir='ltr'><strong>serviente.</strong></span> <span class='ocrx_word' id='word_1_280' title='bbox 1689 3022 1996 3090; x_wconf 85' lang='lat' dir='ltr'><strong>Proprietas</strong></span> 
     </span>
    </p>
   </div>
   <div class='ocr_carea' id='block_1_34' title="bbox 441 3081 2069 3191">
    <p class='ocr_par' dir='ltr' id='par_1_34' title="bbox 441 3081 2069 3191">
     <span class='ocr_line' id='line_1_34' title="bbox 441 3081 2069 3191; baseline -0.004 -16"><span class='ocrx_word' id='word_1_281' title='bbox 441 3130 617 3191; x_wconf 80' lang='lat' dir='ltr'><strong>itaque</strong></span> <span class='ocrx_word' id='word_1_282' title='bbox 662 3081 758 3175; x_wconf 68' lang='lat' dir='ltr'><strong>ﬁlii</strong></span> <span class='ocrx_word' id='word_1_283' title='bbox 806 3081 859 3175; x_wconf 71' lang='lat' dir='ltr'><strong>in</strong></span> <span class='ocrx_word' id='word_1_284' title='bbox 884 3081 1199 3175; x_wconf 69' lang='lat' dir='ltr'><strong>hmreditate</strong></span> <span class='ocrx_word' id='word_1_285' title='bbox 1242 3125 1461 3191; x_wconf 85' lang='lat' dir='ltr'><strong>paterna</strong></span> <span class='ocrx_word' id='word_1_286' title='bbox 1509 3081 1809 3187; x_wconf 46' lang='lat' dir='ltr'><strong>prmiertur.</strong></span> <span class='ocrx_word' id='word_1_287' title='bbox 1834 3117 1994 3170; x_wconf 82' lang='lat' dir='ltr'><strong>mini-</strong></span> <span class='ocrx_word' id='word_1_288' title='bbox 2023 3081 2069 3144; x_wconf 62' lang='grc' dir='ltr'><em>ε</em></span> 
     </span>
    </p>
   </div>
   <div class='ocr_carea' id='block_1_35' title="bbox 442 3208 1096 3277">
    <p class='ocr_par' dir='ltr' id='par_1_35' title="bbox 442 3208 1096 3277">
     <span class='ocr_line' id='line_1_35' title="bbox 442 3208 1096 3277; baseline -0.005 -15"><span class='ocrx_word' id='word_1_289' title='bbox 442 3208 732 3262; x_wconf 87' lang='lat' dir='ltr'><strong>strantium</strong></span> <span class='ocrx_word' id='word_1_290' title='bbox 760 3208 1096 3277; x_wconf 77' lang='lat' dir='ltr'><strong>subjectioni.</strong></span> 
     </span>
    </p>
   </div>
   <div class='ocr_carea' id='block_1_36' title="bbox 510 3296 1999 3369">
    <p class='ocr_par' dir='ltr' id='par_1_36' title="bbox 510 3296 1999 3369">
     <span class='ocr_line' id='line_1_36' title="bbox 510 3296 1999 3369; baseline -0.002 -17"><span class='ocrx_word' id='word_1_291' title='bbox 510 3297 576 3352; x_wconf 79' lang='grc' dir='ltr'><strong>Χ.</strong></span> <span class='ocrx_word' id='word_1_292' title='bbox 612 3298 743 3353; x_wconf 85' lang='lat' dir='ltr'><strong>Item</strong></span> <span class='ocrx_word' id='word_1_293' title='bbox 772 3300 963 3354; x_wconf 87' lang='lat' dir='ltr'><strong>beatus</strong></span> <span class='ocrx_word' id='word_1_294' title='bbox 988 3298 1318 3369; x_wconf 77' lang='lat' dir='ltr'><strong>Augustinus</strong></span> <span class='ocrx_word' id='word_1_295' title='bbox 1343 3298 1397 3352; x_wconf 90' lang='lat' dir='ltr'><strong>in</strong></span> <span class='ocrx_word' id='word_1_296' title='bbox 1442 3297 1580 3351; x_wconf 90' lang='lat' dir='ltr'><strong>libro</strong></span> <span class='ocrx_word' id='word_1_297' title='bbox 1605 3303 1789 3351; x_wconf 89' lang='lat' dir='ltr'><strong>contra</strong></span> <span class='ocrx_word' id='word_1_298' title='bbox 1830 3296 1999 3349; x_wconf 82' lang='lat' dir='ltr'><strong>Maxi-</strong></span> 
     </span>
    </p>
   </div>
   <div class='ocr_carea' id='block_1_37' title="bbox 444 3384 1992 3454">
    <p class='ocr_par' dir='ltr' id='par_1_37' title="bbox 444 3384 1992 3454">
     <span class='ocr_line' id='line_1_37' title="bbox 444 3384 1992 3454; baseline -0.001 -16"><span class='ocrx_word' id='word_1_299' title='bbox 444 3386 643 3439; x_wconf 90' lang='lat' dir='ltr'><strong>minum</strong></span> <span class='ocrx_word' id='word_1_300' title='bbox 666 3386 976 3440; x_wconf 71' lang='lat' dir='ltr'><strong>hmreticum</strong></span> <span class='ocrx_word' id='word_1_301' title='bbox 1002 3386 1030 3425; x_wconf 73' lang='grc' dir='ltr'>δ</span> <span class='ocrx_word' id='word_1_302' title='bbox 1063 3403 1077 3438; x_wconf 90' lang='lat'><strong>:</strong></span> <span class='ocrx_word' id='word_1_303' title='bbox 1115 3404 1135 3435; x_wconf 74' lang='grc' dir='ltr'>ι</span> <span class='ocrx_word' id='word_1_304' title='bbox 1170 3386 1282 3449; x_wconf 92' lang='lat' dir='ltr'><strong>Vis,</strong></span> <span class='ocrx_word' id='word_1_305' title='bbox 1330 3386 1542 3454; x_wconf 88' lang='lat' dir='ltr'><strong>inquit,</strong></span> <span class='ocrx_word' id='word_1_306' title='bbox 1590 3384 1802 3452; x_wconf 89' lang='lat' dir='ltr'><strong>plenius</strong></span> <span class='ocrx_word' id='word_1_307' title='bbox 1832 3384 1992 3446; x_wconf 90' lang='lat' dir='ltr'><strong>seire,</strong></span> 
     </span>
    </p>
   </div>
   <div class='ocr_carea' id='block_1_38' title="bbox 444 3472 2001 3543">
    <p class='ocr_par' dir='ltr' id='par_1_38' title="bbox 444 3472 2001 3543">
     <span class='ocr_line' id='line_1_38' title="bbox 444 3472 2001 3543; baseline -0.002 -16"><span class='ocrx_word' id='word_1_308' title='bbox 444 3475 686 3543; x_wconf 88' lang='lat' dir='ltr'><strong>quamvis</strong></span> <span class='ocrx_word' id='word_1_309' title='bbox 715 3473 960 3528; x_wconf 88' lang='lat' dir='ltr'><strong>Christus</strong></span> <span class='ocrx_word' id='word_1_310' title='bbox 980 3473 1271 3528; x_wconf 89' lang='lat' dir='ltr'><strong>secundum</strong></span> <span class='ocrx_word' id='word_1_311' title='bbox 1296 3487 1512 3528; x_wconf 84' lang='lat' dir='ltr'><strong>carnem</strong></span> <span class='ocrx_word' id='word_1_312' title='bbox 1546 3486 1671 3524; x_wconf 86' lang='lat' dir='ltr'><strong>vere</strong></span> <span class='ocrx_word' id='word_1_313' title='bbox 1694 3487 1759 3525; x_wconf 83' lang='lat' dir='ltr'><strong>ex</strong></span> <span class='ocrx_word' id='word_1_314' title='bbox 1785 3472 2001 3525; x_wconf 91' lang='lat' dir='ltr'><strong>homine</strong></span> 
     </span>
    </p>
   </div>
   <div class='ocr_carea' id='block_1_39' title="bbox 446 3558 1999 3632">
    <p class='ocr_par' dir='ltr' id='par_1_39' title="bbox 446 3558 1999 3632">
     <span class='ocr_line' id='line_1_39' title="bbox 446 3558 1999 3632; baseline -0.004 -12"><span class='ocrx_word' id='word_1_315' title='bbox 446 3567 605 3621; x_wconf 86' lang='lat' dir='ltr'><strong>homo</strong></span> <span class='ocrx_word' id='word_1_316' title='bbox 631 3572 787 3617; x_wconf 89' lang='lat' dir='ltr'><strong>natus</strong></span> <span class='ocrx_word' id='word_1_317' title='bbox 815 3563 914 3628; x_wconf 75' lang='lat' dir='ltr'><strong>sit&#39;,</strong></span> <span class='ocrx_word' id='word_1_318' title='bbox 948 3572 1124 3617; x_wconf 90' lang='lat' dir='ltr'><strong>tamen</strong></span> <span class='ocrx_word' id='word_1_319' title='bbox 1174 3569 1397 3632; x_wconf 91' lang='lat' dir='ltr'><strong>propter</strong></span> <span class='ocrx_word' id='word_1_320' title='bbox 1445 3558 1769 3615; x_wconf 74' lang='lat' dir='ltr'><strong>ineffabilem</strong></span> <span class='ocrx_word' id='word_1_321' title='bbox 1820 3574 1999 3614; x_wconf 83' lang='lat' dir='ltr'><strong>sacra-</strong></span> 
     </span>
    </p>
   </div>
   <div class='ocr_carea' id='block_1_40' title="bbox 447 3648 2001 3721">
    <p class='ocr_par' dir='ltr' id='par_1_40' title="bbox 447 3648 2001 3721">
     <span class='ocr_line' id='line_1_40' title="bbox 447 3648 2001 3721; baseline -0.006 -10"><span class='ocrx_word' id='word_1_322' title='bbox 447 3656 609 3711; x_wconf 87' lang='lat' dir='ltr'><strong>menti</strong></span> <span class='ocrx_word' id='word_1_323' title='bbox 637 3654 914 3717; x_wconf 88' lang='lat' dir='ltr'><strong>unitatem,</strong></span> <span class='ocrx_word' id='word_1_324' title='bbox 942 3668 1045 3721; x_wconf 88' lang='lat' dir='ltr'><strong>qua</strong></span> <span class='ocrx_word' id='word_1_325' title='bbox 1068 3653 1247 3707; x_wconf 81' lang='lat' dir='ltr'><strong>unitu&#39;s</strong></span> <span class='ocrx_word' id='word_1_326' title='bbox 1267 3667 1387 3705; x_wconf 91' lang='lat' dir='ltr'><strong>cum</strong></span> <span class='ocrx_word' id='word_1_327' title='bbox 1424 3652 1531 3705; x_wconf 90' lang='lat' dir='ltr'><strong>Deo</strong></span> <span class='ocrx_word' id='word_1_328' title='bbox 1562 3650 1723 3704; x_wconf 91' lang='lat' dir='ltr'><strong>homo</strong></span> <span class='ocrx_word' id='word_1_329' title='bbox 1746 3656 1849 3711; x_wconf 89' lang='lat' dir='ltr'><strong>est,</strong></span> <span class='ocrx_word' id='word_1_330' title='bbox 1878 3648 2001 3702; x_wconf 88' lang='lat' dir='ltr'><strong>nul-</strong></span> 
     </span>
    </p>
   </div>
   <div class='ocr_carea' id='block_1_41' title="bbox 446 3739 2001 3815">
    <p class='ocr_par' dir='ltr' id='par_1_41' title="bbox 446 3739 2001 3815">
     <span class='ocr_line' id='line_1_41' title="bbox 446 3739 2001 3815; baseline -0.007 -14"><span class='ocrx_word' id='word_1_331' title='bbox 446 3747 548 3801; x_wconf 90' lang='lat' dir='ltr'><strong>lam</strong></span> <span class='ocrx_word' id='word_1_332' title='bbox 569 3745 780 3815; x_wconf 89' lang='lat' dir='ltr'><strong>penitus</strong></span> <span class='ocrx_word' id='word_1_333' title='bbox 820 3744 960 3798; x_wconf 88' lang='lat' dir='ltr'><strong>inter</strong></span> <span class='ocrx_word' id='word_1_334' title='bbox 990 3742 1260 3798; x_wconf 89' lang='lat' dir='ltr'><strong>Christum</strong></span> <span class='ocrx_word' id='word_1_335' title='bbox 1283 3749 1337 3796; x_wconf 83' lang='lat' dir='ltr'><strong>et</strong></span> <span class='ocrx_word' id='word_1_336' title='bbox 1365 3741 1597 3796; x_wconf 91' lang='lat' dir='ltr'><strong>Verbum</strong></span> <span class='ocrx_word' id='word_1_337' title='bbox 1633 3754 1751 3794; x_wconf 89' lang='lat' dir='ltr'><strong>esse</strong></span> <span class='ocrx_word' id='word_1_338' title='bbox 1794 3739 2001 3793; x_wconf 83' lang='lat' dir='ltr'><strong>distan-</strong></span> 
     </span>
    </p>
   </div>
   <div class='ocr_carea' id='block_1_42' title="bbox 448 3829 2004 3903">
    <p class='ocr_par' dir='ltr' id='par_1_42' title="bbox 448 3829 2004 3903">
     <span class='ocr_line' id='line_1_42' title="bbox 448 3829 2004 3903; baseline -0.004 -12"><span class='ocrx_word' id='word_1_339' title='bbox 448 3838 609 3902; x_wconf 86' lang='lat' dir='ltr'><strong>tiam;</strong></span> <span class='ocrx_word' id='word_1_340' title='bbox 652 3835 775 3891; x_wconf 84' lang='lat' dir='ltr'><strong>audi</strong></span> <span class='ocrx_word' id='word_1_341' title='bbox 800 3834 1131 3889; x_wconf 90' lang='lat' dir='ltr'><strong>Dominicum</strong></span> <span class='ocrx_word' id='word_1_342' title='bbox 1152 3832 1519 3903; x_wconf 86' lang='lat' dir='ltr'><strong>Evangelium,</strong></span> <span class='ocrx_word' id='word_1_343' title='bbox 1545 3830 1653 3884; x_wconf 92' lang='lat' dir='ltr'><strong>imo</strong></span> <span class='ocrx_word' id='word_1_344' title='bbox 1681 3829 1857 3900; x_wconf 84' lang='lat' dir='ltr'><strong>potius</strong></span> <span class='ocrx_word' id='word_1_345' title='bbox 1881 3831 2004 3885; x_wconf 90' lang='lat' dir='ltr'><strong>audi</strong></span> 
     </span>
    </p>
   </div>
   <div class='ocr_carea' id='block_1_43' title="bbox 433 3918 2007 3993">
    <p class='ocr_par' dir='ltr' id='par_1_43' title="bbox 433 3918 2007 3993">
     <span class='ocr_line' id='line_1_43' title="bbox 433 3918 2007 3993; baseline -0.003 -15"><span class='ocrx_word' id='word_1_346' title='bbox 433 3924 623 3993; x_wconf 84' lang='lat' dir='ltr'><strong>ipsum</strong></span> <span class='ocrx_word' id='word_1_347' title='bbox 661 3925 727 3979; x_wconf 91' lang='lat' dir='ltr'><strong>de</strong></span> <span class='ocrx_word' id='word_1_348' title='bbox 754 3938 813 3983; x_wconf 86' lang='lat' dir='ltr'><strong>se</strong></span> <span class='ocrx_word' id='word_1_349' title='bbox 855 3922 1118 3978; x_wconf 85' lang='lat' dir='ltr'><strong>dicentem</strong></span> <span class='ocrx_word' id='word_1_350' title='bbox 1159 3921 1325 3975; x_wconf 89' lang='lat' dir='ltr'><strong>Deum</strong></span> <span class='ocrx_word' id='word_1_351' title='bbox 1356 3938 1369 3973; x_wconf 89' lang='lat'><strong>:</strong></span> <span class='ocrx_word' id='word_1_352' title='bbox 1415 3918 1540 3974; x_wconf 79' lang='lat' dir='ltr'><strong>ch</strong></span> <span class='ocrx_word' id='word_1_353' title='bbox 1562 3929 1658 3984; x_wconf 86' lang='lat' dir='ltr'><strong>est,</strong></span> <span class='ocrx_word' id='word_1_354' title='bbox 1685 3920 1879 3988; x_wconf 89' lang='lat' dir='ltr'><strong>inquit,</strong></span> <span class='ocrx_word' id='word_1_355' title='bbox 1904 3920 2007 3973; x_wconf 81' lang='lat' dir='ltr'><strong>vita</strong></span> 
     </span>
    </p>
   </div>
   <div class='ocr_carea' id='block_1_44' title="bbox 448 4008 2007 4083">
    <p class='ocr_par' dir='ltr' id='par_1_44' title="bbox 448 4008 2007 4083">
     <span class='ocr_line' id='line_1_44' title="bbox 448 4008 2007 4083; baseline -0.003 -16"><span class='ocrx_word' id='word_1_356' title='bbox 448 4022 661 4077; x_wconf 65' lang='lat' dir='ltr'><strong>eterna,</strong></span> <span class='ocrx_word' id='word_1_357' title='bbox 686 4022 743 4066; x_wconf 88' lang='lat' dir='ltr'><strong>ut</strong></span> <span class='ocrx_word' id='word_1_358' title='bbox 768 4022 1075 4083; x_wconf 74' lang='lat' dir='ltr'><strong>cognoscant</strong></span> <span class='ocrx_word' id='word_1_359' title='bbox 1109 4020 1158 4066; x_wconf 91' lang='lat' dir='ltr'><strong>te</strong></span> <span class='ocrx_word' id='word_1_360' title='bbox 1190 4012 1358 4066; x_wconf 88' lang='lat' dir='ltr'><strong>solum</strong></span> <span class='ocrx_word' id='word_1_361' title='bbox 1381 4026 1555 4065; x_wconf 74' lang='lat' dir='ltr'><strong>verum</strong></span> <span class='ocrx_word' id='word_1_362' title='bbox 1582 4008 1834 4075; x_wconf 88' lang='lat' dir='ltr'><strong>Deum,et</strong></span> <span class='ocrx_word' id='word_1_363' title='bbox 1854 4027 2007 4080; x_wconf 84' lang='lat' dir='ltr'><strong>quem</strong></span> 
     </span>
    </p>
   </div>
   <div class='ocr_carea' id='block_1_45' title="bbox 451 4088 2009 4172">
    <p class='ocr_par' dir='ltr' id='par_1_45' title="bbox 451 4088 2009 4172">
     <span class='ocr_line' id='line_1_45' title="bbox 451 4088 2009 4172; baseline -0.002 -14"><span class='ocrx_word' id='word_1_364' title='bbox 451 4103 638 4158; x_wconf 79' lang='lat' dir='ltr'><strong>misisti</strong></span> <span class='ocrx_word' id='word_1_365' title='bbox 656 4088 839 4155; x_wconf 76' lang='lat' dir='ltr'><strong>Iesum</strong></span> <span class='ocrx_word' id='word_1_366' title='bbox 865 4100 1125 4155; x_wconf 74' lang='lat' dir='ltr'><strong>Christum</strong></span> <span class='ocrx_word' id='word_1_367' title='bbox 1148 4100 1327 4172; x_wconf 82' lang='lat' dir='ltr'><strong>(Joan.</strong></span> <span class='ocrx_word' id='word_1_368' title='bbox 1360 4106 1489 4163; x_wconf 70' lang='lat' dir='ltr'><strong>1m,</strong></span> <span class='ocrx_word' id='word_1_369' title='bbox 1515 4101 1589 4169; x_wconf 77' lang='lat'><strong>3).</strong></span> <span class='ocrx_word' id='word_1_370' title='bbox 1633 4100 2009 4169; x_wconf 53' lang='lat' dir='ltr'><strong>Superius‘au-</strong></span> 
     </span>
    </p>
   </div>
   <div class='ocr_carea' id='block_1_46' title="bbox 452 4187 2005 4254">
    <p class='ocr_par' dir='ltr' id='par_1_46' title="bbox 452 4187 2005 4254">
     <span class='ocr_line' id='line_1_46' title="bbox 452 4187 2005 4254; baseline -0.002 -7"><span class='ocrx_word' id='word_1_371' title='bbox 452 4192 575 4247; x_wconf 90' lang='lat' dir='ltr'><strong>disti</strong></span> <span class='ocrx_word' id='word_1_372' title='bbox 604 4190 839 4246; x_wconf 90' lang='lat' dir='ltr'><strong>Verbum</strong></span> <span class='ocrx_word' id='word_1_373' title='bbox 860 4189 954 4242; x_wconf 91' lang='lat' dir='ltr'><strong>Dei</strong></span> <span class='ocrx_word' id='word_1_374' title='bbox 981 4188 1047 4244; x_wconf 89' lang='lat' dir='ltr'><strong>ad</strong></span> <span class='ocrx_word' id='word_1_375' title='bbox 1070 4188 1334 4242; x_wconf 87' lang='lat' dir='ltr'><strong>sanandos</strong></span> <span class='ocrx_word' id='word_1_376' title='bbox 1358 4187 1601 4241; x_wconf 88' lang='lat' dir='ltr'><strong>homines</strong></span> <span class='ocrx_word' id='word_1_377' title='bbox 1620 4187 1839 4241; x_wconf 90' lang='lat' dir='ltr'><strong>missum</strong></span> <span class='ocrx_word' id='word_1_378' title='bbox 1868 4203 2005 4254; x_wconf 88' lang='lat' dir='ltr'><strong>esse,</strong></span> 
     </span>
    </p>
   </div>
   <div class='ocr_carea' id='block_1_47' title="bbox 454 4275 2009 4347">
    <p class='ocr_par' dir='ltr' id='par_1_47' title="bbox 454 4275 2009 4347">
     <span class='ocr_line' id='line_1_47' title="bbox 454 4275 2009 4347; baseline -0.005 -9"><span class='ocrx_word' id='word_1_379' title='bbox 454 4283 541 4338; x_wconf 91' lang='lat' dir='ltr'><strong>hic</strong></span> <span class='ocrx_word' id='word_1_380' title='bbox 560 4286 737 4337; x_wconf 86' lang='lat' dir='ltr'><strong>autem</strong></span> <span class='ocrx_word' id='word_1_381' title='bbox 762 4278 914 4334; x_wconf 88' lang='lat' dir='ltr'><strong>audis</strong></span> <span class='ocrx_word' id='word_1_382' title='bbox 942 4292 1062 4333; x_wconf 91' lang='lat' dir='ltr'><strong>eum</strong></span> <span class='ocrx_word' id='word_1_383' title='bbox 1084 4277 1172 4347; x_wconf 89' lang='lat' dir='ltr'><strong>qui</strong></span> <span class='ocrx_word' id='word_1_384' title='bbox 1201 4278 1397 4332; x_wconf 90' lang='lat' dir='ltr'><strong>missus</strong></span> <span class='ocrx_word' id='word_1_385' title='bbox 1423 4276 1493 4331; x_wconf 86' lang='lat' dir='ltr'><strong>sit</strong></span> <span class='ocrx_word' id='word_1_386' title='bbox 1519 4275 1701 4331; x_wconf 86' lang='lat' dir='ltr'><strong>Jesum</strong></span> <span class='ocrx_word' id='word_1_387' title='bbox 1739 4275 2009 4332; x_wconf 87' lang='lat' dir='ltr'><strong>Christqu</strong></span> 
     </span>
    </p>
   </div>
   <div class='ocr_carea' id='block_1_48' title="bbox 452 4351 2011 4439">
    <p class='ocr_par' dir='ltr' id='par_1_48' title="bbox 452 4351 2011 4439">
     <span class='ocr_line' id='line_1_48' title="bbox 452 4351 2011 4439; baseline -0.006 -11"><span class='ocrx_word' id='word_1_388' title='bbox 452 4386 592 4428; x_wconf 86' lang='lat' dir='ltr'><strong>esse.</strong></span> <span class='ocrx_word' id='word_1_389' title='bbox 616 4370 814 4439; x_wconf 84' lang='lat' dir='ltr'><strong>Separa</strong></span> <span class='ocrx_word' id='word_1_390' title='bbox 838 4369 962 4434; x_wconf 90' lang='lat' dir='ltr'><strong>hoc,</strong></span> <span class='ocrx_word' id='word_1_391' title='bbox 1005 4367 1050 4421; x_wconf 90' lang='lat' dir='ltr'><strong>si</strong></span> <span class='ocrx_word' id='word_1_392' title='bbox 1080 4376 1252 4437; x_wconf 88' lang='lat' dir='ltr'><strong>potes,</strong></span> <span class='ocrx_word' id='word_1_393' title='bbox 1285 4381 1407 4421; x_wconf 90' lang='lat' dir='ltr'><strong>cum</strong></span> <span class='ocrx_word' id='word_1_394' title='bbox 1439 4351 1627 4420; x_wconf 73' lang='lat' dir='ltr'><strong>videas</strong></span> <span class='ocrx_word' id='word_1_395' title='bbox 1669 4373 1872 4421; x_wconf 90' lang='lat' dir='ltr'><strong>tantam</strong></span> <span class='ocrx_word' id='word_1_396' title='bbox 1894 4367 2011 4420; x_wconf 91' lang='lat' dir='ltr'><strong>uni-</strong></span> 
     </span>
    </p>
   </div>
   <div class='ocr_carea' id='block_1_49' title="bbox 455 4456 2007 4525">
    <p class='ocr_par' dir='ltr' id='par_1_49' title="bbox 455 4456 2007 4525">
     <span class='ocr_line' id='line_1_49' title="bbox 455 4456 2007 4525; baseline -0.004 -8"><span class='ocrx_word' id='word_1_397' title='bbox 455 4470 616 4524; x_wconf 84' lang='lat' dir='ltr'><strong>tatem</strong></span> <span class='ocrx_word' id='word_1_398' title='bbox 665 4459 867 4514; x_wconf 87' lang='lat' dir='ltr'><strong>Christi</strong></span> <span class='ocrx_word' id='word_1_399' title='bbox 912 4468 969 4513; x_wconf 89' lang='lat' dir='ltr'><strong>et</strong></span> <span class='ocrx_word' id='word_1_400' title='bbox 1012 4456 1175 4514; x_wconf 87' lang='lat' dir='ltr'><strong>Verbi</strong></span> <span class='ocrx_word' id='word_1_401' title='bbox 1226 4472 1364 4521; x_wconf 89' lang='lat' dir='ltr'><strong>esse,</strong></span> <span class='ocrx_word' id='word_1_402' title='bbox 1407 4464 1467 4511; x_wconf 91' lang='lat' dir='ltr'><strong>ut</strong></span> <span class='ocrx_word' id='word_1_403' title='bbox 1504 4472 1610 4510; x_wconf 92' lang='lat' dir='ltr'><strong>non</strong></span> <span class='ocrx_word' id='word_1_404' title='bbox 1650 4457 1856 4510; x_wconf 89' lang='lat' dir='ltr'><strong>unitum</strong></span> <span class='ocrx_word' id='word_1_405' title='bbox 1885 4472 2007 4525; x_wconf 84' lang='lat' dir='ltr'><strong>cum</strong></span> 
     </span>
    </p>
   </div>
   <div class='ocr_carea' id='block_1_50' title="bbox 454 4547 2007 4617">
    <p class='ocr_par' dir='ltr' id='par_1_50' title="bbox 454 4547 2007 4617">
     <span class='ocr_line' id='line_1_50' title="bbox 454 4547 2007 4617; baseline -0.003 -11"><span class='ocrx_word' id='word_1_406' title='bbox 454 4551 666 4606; x_wconf 89' lang='lat' dir='ltr'><strong>Christo</strong></span> <span class='ocrx_word' id='word_1_407' title='bbox 692 4550 948 4612; x_wconf 87' lang='lat' dir='ltr'><strong>Verbum,</strong></span> <span class='ocrx_word' id='word_1_408' title='bbox 977 4547 1072 4602; x_wconf 90' lang='lat' dir='ltr'><strong>sed</strong></span> <span class='ocrx_word' id='word_1_409' title='bbox 1100 4547 1261 4601; x_wconf 90' lang='lat' dir='ltr'><strong>etiam</strong></span> <span class='ocrx_word' id='word_1_410' title='bbox 1295 4555 1514 4616; x_wconf 83' lang='lat' dir='ltr'><strong>propter</strong></span> <span class='ocrx_word' id='word_1_411' title='bbox 1539 4548 1796 4602; x_wconf 88' lang='lat' dir='ltr'><strong>unitatem</strong></span> <span class='ocrx_word' id='word_1_412' title='bbox 1835 4549 2007 4617; x_wconf 86' lang='lat' dir='ltr'><strong>ipsam</strong></span> 
     </span>
    </p>
   </div>
   <div class='ocr_carea' id='block_1_51' title="bbox 432 4632 2009 4710">
    <p class='ocr_par' dir='ltr' id='par_1_51' title="bbox 432 4632 2009 4710">
     <span class='ocr_line' id='line_1_51' title="bbox 432 4632 2009 4710; baseline -0.003 -15"><span class='ocrx_word' id='word_1_413' title='bbox 432 4638 614 4710; x_wconf 39' lang='lat'><strong>.807</strong></span> <span class='ocrx_word' id='word_1_414' title='bbox 640 4637 884 4692; x_wconf 87' lang='lat' dir='ltr'><strong>Christus</strong></span> <span class='ocrx_word' id='word_1_415' title='bbox 918 4637 1032 4706; x_wconf 84' lang='lat' dir='ltr'><strong>jam</strong></span> <span class='ocrx_word' id='word_1_416' title='bbox 1058 4635 1291 4689; x_wconf 90' lang='lat' dir='ltr'><strong>Verbum</strong></span> <span class='ocrx_word' id='word_1_417' title='bbox 1314 4632 1435 4690; x_wconf 77' lang='lat' dir='ltr'><strong>esse</strong></span> <span class='ocrx_word' id='word_1_418' title='bbox 1459 4635 1690 4694; x_wconf 82' lang='lat' dir='ltr'><strong>dicatur.</strong></span> <span class='ocrx_word' id='word_1_419' title='bbox 1736 4656 1756 4689; x_wconf 69' lang='grc' dir='ltr'>ι</span> <span class='ocrx_word' id='word_1_420' title='bbox 1805 4636 1876 4691; x_wconf 90' lang='lat' dir='ltr'><strong>De</strong></span> <span class='ocrx_word' id='word_1_421' title='bbox 1902 4650 2009 4705; x_wconf 88' lang='lat' dir='ltr'><strong>quo</strong></span> 
     </span>
    </p>
   </div>
   <div class='ocr_carea' id='block_1_52' title="bbox 458 4722 2009 4798">
    <p class='ocr_par' dir='ltr' id='par_1_52' title="bbox 458 4722 2009 4798">
     <span class='ocr_line' id='line_1_52' title="bbox 458 4722 2009 4798; baseline -0.002 -15"><span class='ocrx_word' id='word_1_422' title='bbox 458 4734 651 4788; x_wconf 85' lang='lat' dir='ltr'><strong>iterum</strong></span> <span class='ocrx_word' id='word_1_423' title='bbox 682 4724 984 4781; x_wconf 89' lang='lat' dir='ltr'><strong>testimonio</strong></span> <span class='ocrx_word' id='word_1_424' title='bbox 1032 4722 1276 4783; x_wconf 82' lang='lat' dir='ltr'><strong>veritatis</strong></span> <span class='ocrx_word' id='word_1_425' title='bbox 1312 4722 1454 4778; x_wconf 88' lang='lat' dir='ltr'><strong>idem</strong></span> <span class='ocrx_word' id='word_1_426' title='bbox 1502 4722 1662 4779; x_wconf 88' lang='lat' dir='ltr'><strong>Pater</strong></span> <span class='ocrx_word' id='word_1_427' title='bbox 1684 4725 2009 4798; x_wconf 75' lang='lat' dir='ltr'><strong>Augustinus</strong></span> 
     </span>
    </p>
   </div>
   <div class='ocr_carea' id='block_1_53' title="bbox 438 4812 2004 4887">
    <p class='ocr_par' dir='ltr' id='par_1_53' title="bbox 438 4812 2004 4887">
     <span class='ocr_line' id='line_1_53' title="bbox 438 4812 2004 4887; baseline -0.013 -8"><span class='ocrx_word' id='word_1_428' title='bbox 438 4824 515 4879; x_wconf 60' lang='lat' dir='ltr'><strong>&#39;in</strong></span> <span class='ocrx_word' id='word_1_429' title='bbox 540 4818 762 4876; x_wconf 89' lang='lat' dir='ltr'><strong>homilia</strong></span> <span class='ocrx_word' id='word_1_430' title='bbox 777 4813 1003 4887; x_wconf 83' lang='lat' dir='ltr'><strong>quadam</strong></span> <span class='ocrx_word' id='word_1_431' title='bbox 1023 4812 1341 4883; x_wconf 68' lang='lat' dir='ltr'><strong>evangelicae</strong></span> <span class='ocrx_word' id='word_1_432' title='bbox 1364 4813 1713 4881; x_wconf 82' lang='lat' dir='ltr'><strong>expositionis</strong></span> <span class='ocrx_word' id='word_1_433' title='bbox 1739 4816 1814 4869; x_wconf 77' lang='lat' dir='ltr'><strong>ita</strong></span> <span class='ocrx_word' id='word_1_434' title='bbox 1839 4813 1916 4871; x_wconf 67' lang='grc' dir='ltr'><strong>ιιι</strong></span> <span class='ocrx_word' id='word_1_435' title='bbox 1941 4824 1963 4854; x_wconf 84' lang='lat' dir='ltr'><strong>c</strong></span> <span class='ocrx_word' id='word_1_436' title='bbox 1992 4833 2004 4867; x_wconf 76' lang='grc' dir='ltr'><strong>ε</strong></span> 
     </span>
    </p>
   </div>
   <div class='ocr_carea' id='block_1_54' title="bbox 467 4897 2013 4970">
    <p class='ocr_par' dir='ltr' id='par_1_54' title="bbox 467 4897 2013 4970">
     <span class='ocr_line' id='line_1_54' title="bbox 467 4897 2013 4970; baseline -0.001 -12"><span class='ocrx_word' id='word_1_437' title='bbox 467 4924 488 4958; x_wconf 87' lang='lat' dir='ltr'><strong>t</strong></span> <span class='ocrx_word' id='word_1_438' title='bbox 522 4906 665 4963; x_wconf 88' lang='lat' dir='ltr'><strong>Ordo</strong></span> <span class='ocrx_word' id='word_1_439' title='bbox 717 4912 893 4960; x_wconf 89' lang='lat' dir='ltr'><strong>autem</strong></span> <span class='ocrx_word' id='word_1_440' title='bbox 930 4897 1218 4958; x_wconf 77' lang='lat' dir='ltr'><strong>verborum</strong></span> <span class='ocrx_word' id='word_1_441' title='bbox 1254 4907 1357 4966; x_wconf 88' lang='lat' dir='ltr'><strong>est,</strong></span> <span class='ocrx_word' id='word_1_442' title='bbox 1409 4910 1466 4953; x_wconf 81' lang='lat' dir='ltr'><strong>ut</strong></span> <span class='ocrx_word' id='word_1_443' title='bbox 1509 4913 1819 4970; x_wconf 81' lang='lat' dir='ltr'><strong>cognoscant</strong></span> <span class='ocrx_word' id='word_1_444' title='bbox 1867 4909 1936 4969; x_wconf 84' lang='lat' dir='ltr'><strong>te,</strong></span> <span class='ocrx_word' id='word_1_445' title='bbox 1965 4912 2013 4957; x_wconf 89' lang='lat' dir='ltr'><strong>et</strong></span> 
     </span>
    </p>
   </div>
   <div class='ocr_carea' id='block_1_55' title="bbox 460 4982 2009 5068">
    <p class='ocr_par' dir='ltr' id='par_1_55' title="bbox 460 4982 2009 5068">
     <span class='ocr_line' id='line_1_55' title="bbox 460 4982 2009 5068; baseline -0.005 -16"><span class='ocrx_word' id='word_1_446' title='bbox 460 5012 612 5068; x_wconf 76' lang='lat' dir='ltr'><strong>quem</strong></span> <span class='ocrx_word' id='word_1_447' title='bbox 638 4982 841 5051; x_wconf 74' lang='lat' dir='ltr'><strong>misisti</strong></span> <span class='ocrx_word' id='word_1_448' title='bbox 862 4993 1043 5050; x_wconf 72' lang='lat' dir='ltr'><strong>Iesum</strong></span> <span class='ocrx_word' id='word_1_449' title='bbox 1071 4990 1329 5048; x_wconf 77' lang='lat' dir='ltr'><strong>Christum</strong></span> <span class='ocrx_word' id='word_1_450' title='bbox 1348 4989 1523 5045; x_wconf 80' lang='lat' dir='ltr'><strong>solum</strong></span> <span class='ocrx_word' id='word_1_451' title='bbox 1566 5006 1740 5044; x_wconf 80' lang='lat' dir='ltr'><strong>verum</strong></span> <span class='ocrx_word' id='word_1_452' title='bbox 1766 4990 1949 5049; x_wconf 83' lang='lat' dir='ltr'><strong>Deum.</strong></span> <span class='ocrx_word' id='word_1_453' title='bbox 1990 5013 2009 5045; x_wconf 72' lang='grc' dir='ltr'><strong><em>ι</em></strong></span> 
     </span>
    </p>
   </div>
   <div class='ocr_carea' id='block_1_56' title="bbox 463 5078 2014 5154">
    <p class='ocr_par' dir='ltr' id='par_1_56' title="bbox 463 5078 2014 5154">
     <span class='ocr_line' id='line_1_56' title="bbox 463 5078 2014 5154; baseline -0.005 -12"><span class='ocrx_word' id='word_1_454' title='bbox 463 5082 597 5142; x_wconf 78' lang='lat' dir='ltr'><strong>Nam</strong></span> <span class='ocrx_word' id='word_1_455' title='bbox 636 5085 775 5139; x_wconf 87' lang='lat' dir='ltr'><strong>sicut</strong></span> <span class='ocrx_word' id='word_1_456' title='bbox 819 5084 875 5139; x_wconf 93' lang='lat' dir='ltr'><strong>in</strong></span> <span class='ocrx_word' id='word_1_457' title='bbox 902 5083 1056 5139; x_wconf 85' lang='lat' dir='ltr'><strong>libris</strong></span> <span class='ocrx_word' id='word_1_458' title='bbox 1089 5096 1225 5154; x_wconf 90' lang='lat' dir='ltr'><strong>quos</strong></span> <span class='ocrx_word' id='word_1_459' title='bbox 1262 5081 1331 5139; x_wconf 83' lang='lat' dir='ltr'><strong>de</strong></span> <span class='ocrx_word' id='word_1_460' title='bbox 1370 5086 1553 5136; x_wconf 88' lang='lat' dir='ltr'><strong>sancta</strong></span> <span class='ocrx_word' id='word_1_461' title='bbox 1584 5078 1843 5137; x_wconf 87' lang='lat' dir='ltr'><strong>Trinitate</strong></span> <span class='ocrx_word' id='word_1_462' title='bbox 1868 5078 2014 5146; x_wconf 80' lang='lat' dir='ltr'><strong>fecit,</strong></span> 
     </span>
    </p>
   </div>
   <div class='ocr_carea' id='block_1_57' title="bbox 536 5217 1721 5289">
    <p class='ocr_par' dir='ltr' id='par_1_57' title="bbox 536 5217 1721 5289">
     <span class='ocr_line' id='line_1_57' title="bbox 536 5217 1721 5289; baseline 0.004 -18"><span class='ocrx_word' id='word_1_463' title='bbox 536 5217 1079 5289; x_wconf 66' lang='lat' dir='ltr'><strong>ODeestaliquid.</strong></span> <span class='ocrx_word' id='word_1_464' title='bbox 1466 5286 1514 5289; x_wconf 92' lang='lat'><strong>__</strong></span> <span class='ocrx_word' id='word_1_465' title='bbox 1590 5286 1601 5289; x_wconf 93' lang='lat'>_</span> <span class='ocrx_word' id='word_1_466' title='bbox 1664 5236 1721 5289; x_wconf 33' lang='grc' dir='ltr'><strong>Α·</strong></span> 
     </span>
    </p>
   </div>
   <div class='ocr_carea' id='block_1_58' title="bbox 538 5280 2021 5360">
    <p class='ocr_par' dir='ltr' id='par_1_58' title="bbox 538 5280 2021 5360">
     <span class='ocr_line' id='line_1_58' title="bbox 538 5280 2021 5360; baseline -0.002 -18"><span class='ocrx_word' id='word_1_467' title='bbox 538 5291 565 5332; x_wconf 76' lang='grc' dir='ltr'>δ</span> <span class='ocrx_word' id='word_1_468' title='bbox 593 5280 1226 5360; x_wconf 64' lang='lat' dir='ltr'><strong>S._Aug._quem‘hbrum</strong></span> <span class='ocrx_word' id='word_1_469' title='bbox 1253 5292 1440 5360; x_wconf 80' lang='lat' dir='ltr'><strong>contra</strong></span> <span class='ocrx_word' id='word_1_470' title='bbox 1466 5280 2021 5360; x_wconf 61' lang='lat' dir='ltr'><strong>MasiminnmAlcui-</strong></span> 
     </span>
    </p>
   </div>
   <div class='ocr_carea' id='block_1_59' title="bbox 468 5353 2023 5427">
    <p class='ocr_par' dir='ltr' id='par_1_59' title="bbox 468 5353 2023 5427">
     <span class='ocr_line' id='line_1_59' title="bbox 468 5353 2023 5427; baseline -0.006 -8"><span class='ocrx_word' id='word_1_471' title='bbox 468 5375 589 5427; x_wconf 86' lang='lat' dir='ltr'><strong>nus</strong></span> <span class='ocrx_word' id='word_1_472' title='bbox 621 5357 710 5413; x_wconf 90' lang='lat' dir='ltr'><strong>hic</strong></span> <span class='ocrx_word' id='word_1_473' title='bbox 761 5353 913 5427; x_wconf 69' lang='lat' dir='ltr'><strong>velit,</strong></span> <span class='ocrx_word' id='word_1_474' title='bbox 967 5357 1283 5427; x_wconf 32' lang='lat' dir='ltr'><strong>ignorolln</strong></span> <span class='ocrx_word' id='word_1_475' title='bbox 1313 5356 1522 5414; x_wconf 88' lang='lat' dir='ltr'><strong>duobus</strong></span> <span class='ocrx_word' id='word_1_476' title='bbox 1555 5356 1659 5409; x_wconf 90' lang='lat' dir='ltr'><strong>illis</strong></span> <span class='ocrx_word' id='word_1_477' title='bbox 1703 5353 1864 5427; x_wconf 74' lang='lat' dir='ltr'><strong>libris</strong></span> <span class='ocrx_word' id='word_1_478' title='bbox 1888 5369 2023 5427; x_wconf 84' lang='lat' dir='ltr'><strong>quos</strong></span> 
     </span>
    </p>
   </div>
   <div class='ocr_carea' id='block_1_60' title="bbox 470 5423 2024 5498">
    <p class='ocr_par' dir='ltr' id='par_1_60' title="bbox 470 5423 2024 5498">
     <span class='ocr_line' id='line_1_60' title="bbox 470 5423 2024 5498; baseline -0.004 -14"><span class='ocrx_word' id='word_1_479' title='bbox 470 5431 529 5488; x_wconf 86' lang='lat' dir='ltr'><strong>S.</strong></span> <span class='ocrx_word' id='word_1_480' title='bbox 568 5426 898 5498; x_wconf 73' lang='lat' dir='ltr'><strong>Augustinus</strong></span> <span class='ocrx_word' id='word_1_481' title='bbox 923 5423 1109 5481; x_wconf 78' lang='lat' dir='ltr'><strong>contra</strong></span> <span class='ocrx_word' id='word_1_482' title='bbox 1147 5423 1842 5498; x_wconf 62' lang='lat' dir='ltr'><strong>Maximinumhzereticum</strong></span> <span class='ocrx_word' id='word_1_483' title='bbox 1896 5424 2024 5498; x_wconf 76' lang='lat' dir='ltr'><strong>scri-</strong></span> 
     </span>
    </p>
   </div>
   <div class='ocr_carea' id='block_1_61' title="bbox 535 5491 2024 5563">
    <p class='ocr_par' dir='ltr' id='par_1_61' title="bbox 535 5491 2024 5563">
     <span class='ocr_line' id='line_1_61' title="bbox 535 5491 2024 5563; baseline -0.006 -7"><span class='ocrx_word' id='word_1_484' title='bbox 535 5502 577 5556; x_wconf 88' lang='lat' dir='ltr'><strong>it</strong></span> <span class='ocrx_word' id='word_1_485' title='bbox 593 5491 770 5553; x_wconf 68' lang='lat' dir='ltr'><strong>tuitus</strong></span> <span class='ocrx_word' id='word_1_486' title='bbox 793 5496 895 5551; x_wconf 80' lang='lat' dir='ltr'><strong>iste</strong></span> <span class='ocrx_word' id='word_1_487' title='bbox 921 5509 1025 5551; x_wconf 76' lang='lat' dir='ltr'><strong>non</strong></span> <span class='ocrx_word' id='word_1_488' title='bbox 1046 5493 1329 5563; x_wconf 62' lang='lat' dir='ltr'><strong>repetitur.</strong></span> <span class='ocrx_word' id='word_1_489' title='bbox 1360 5492 1473 5550; x_wconf 79' lang='lat' dir='ltr'><strong>Nisi</strong></span> <span class='ocrx_word' id='word_1_490' title='bbox 1501 5491 2024 5563; x_wconf 70' lang='lat' dir='ltr'><strong>fortassisAmuinus</strong></span> 
     </span>
    </p>
   </div>
   <div class='ocr_carea' id='block_1_62' title="bbox 470 5517 2051 5636">
    <p class='ocr_par' dir='ltr' id='par_1_62' title="bbox 470 5517 2051 5636">
     <span class='ocr_line' id='line_1_62' title="bbox 535 5517 2024 5563; baseline -0.005 -8"><span class='ocrx_word' id='word_1_491' title='bbox 535 5517 577 5556; x_wconf 82' lang='grc' dir='ltr'><strong>ιι</strong></span> <span class='ocrx_word' id='word_1_492' title='bbox 593 5517 770 5553; x_wconf 63' lang='lat' dir='ltr'><strong>unus</strong></span> <span class='ocrx_word' id='word_1_493' title='bbox 793 5517 895 5551; x_wconf 76' lang='lat' dir='ltr'><strong>use</strong></span> <span class='ocrx_word' id='word_1_494' title='bbox 921 5517 1025 5551; x_wconf 71' lang='lat' dir='ltr'><strong>non</strong></span> <span class='ocrx_word' id='word_1_495' title='bbox 1047 5517 1329 5563; x_wconf 70' lang='grc' dir='ltr'><strong>ι-ῳυηιιιτ.</strong></span> <span class='ocrx_word' id='word_1_496' title='bbox 1360 5517 1473 5550; x_wconf 74' lang='lat' dir='ltr'><strong>ulti!</strong></span> <span class='ocrx_word' id='word_1_497' title='bbox 1501 5517 1746 5549; x_wconf 67' lang='lat' dir='ltr'><strong>nonanus</strong></span> <span class='ocrx_word' id='word_1_498' title='bbox 1769 5517 2024 5547; x_wconf 73' lang='lat' dir='ltr'><strong>mcuruus</strong></span> 
     </span>
     <span class='ocr_line' id='line_1_63' title="bbox 470 5517 2051 5636; baseline -0.008 -11"><span class='ocrx_word' id='word_1_499' title='bbox 470 5517 619 5628; x_wconf 54' lang='lat' dir='ltr'><strong>illum</strong></span> <span class='ocrx_word' id='word_1_500' title='bbox 644 5564 988 5636; x_wconf 75' lang='lat' dir='ltr'><strong>descripserit</strong></span> <span class='ocrx_word' id='word_1_501' title='bbox 1030 5577 1098 5617; x_wconf 77' lang='lat' dir='ltr'><strong>es</strong></span> <span class='ocrx_word' id='word_1_502' title='bbox 1137 5561 1278 5636; x_wconf 72' lang='lat' dir='ltr'><strong>libro</strong></span> <span class='ocrx_word' id='word_1_503' title='bbox 1300 5562 1367 5636; x_wconf 71' lang='lat' dir='ltr'><strong>de</strong></span> <span class='ocrx_word' id='word_1_504' title='bbox 1392 5560 1797 5636; x_wconf 69' lang='lat' dir='ltr'><strong>Maximianistis</strong></span> <span class='ocrx_word' id='word_1_505' title='bbox 1835 5567 2020 5636; x_wconf 75' lang='lat' dir='ltr'><strong>contra</strong></span> <span class='ocrx_word' id='word_1_506' title='bbox 2047 5610 2051 5613; x_wconf 89' lang='lat'><strong>.</strong></span> 
     </span>
    </p>
   </div>
   <div class='ocr_carea' id='block_1_63' title="bbox 472 5630 2022 5705">
    <p class='ocr_par' dir='ltr' id='par_1_63' title="bbox 472 5630 2022 5705">
     <span class='ocr_line' id='line_1_64' title="bbox 472 5630 2022 5705; baseline -0.009 -5"><span class='ocrx_word' id='word_1_507' title='bbox 472 5630 780 5699; x_wconf 85' lang='lat' dir='ltr'><strong>Donatistas</strong></span> <span class='ocrx_word' id='word_1_508' title='bbox 803 5630 841 5703; x_wconf 82' lang='grc'><strong>;’</strong></span> <span class='ocrx_word' id='word_1_509' title='bbox 871 5632 962 5705; x_wconf 81' lang='lat' dir='ltr'><strong>aut</strong></span> <span class='ocrx_word' id='word_1_510' title='bbox 1003 5647 1072 5689; x_wconf 78' lang='lat' dir='ltr'><strong>ex</strong></span> <span class='ocrx_word' id='word_1_511' title='bbox 1109 5630 1468 5690; x_wconf 85' lang='lat' dir='ltr'><strong>admonitione</strong></span> <span class='ocrx_word' id='word_1_512' title='bbox 1506 5631 1903 5689; x_wconf 81' lang='lat' dir='ltr'><strong>Donatistarum</strong></span> <span class='ocrx_word' id='word_1_513' title='bbox 1956 5630 2022 5686; x_wconf 87' lang='lat' dir='ltr'><strong>de</strong></span> 
     </span>
    </p>
   </div>
   <div class='ocr_carea' id='block_1_64' title="bbox 2080 510 3630 586">
    <p class='ocr_par' dir='ltr' id='par_1_64' title="bbox 2080 510 3630 586">
     <span class='ocr_line' id='line_1_65' title="bbox 2080 510 3630 586; baseline 0.006 -23"><span class='ocrx_word' id='word_1_514' title='bbox 2080 520 2179 564; x_wconf 90' lang='lat' dir='ltr'><strong>est.</strong></span> <span class='ocrx_word' id='word_1_515' title='bbox 2210 510 2266 565; x_wconf 89' lang='lat' dir='ltr'><strong>Si</strong></span> <span class='ocrx_word' id='word_1_516' title='bbox 2294 513 2456 581; x_wconf 79' lang='lat' dir='ltr'><strong>igitur</strong></span> <span class='ocrx_word' id='word_1_517' title='bbox 2496 510 2791 567; x_wconf 78' lang='lat' dir='ltr'><strong>inca&#39;rnatio</strong></span> <span class='ocrx_word' id='word_1_518' title='bbox 2835 513 2977 569; x_wconf 90' lang='lat' dir='ltr'><strong>illius</strong></span> <span class='ocrx_word' id='word_1_519' title='bbox 3004 516 3188 570; x_wconf 86' lang='lat' dir='ltr'><strong>missio</strong></span> <span class='ocrx_word' id='word_1_520' title='bbox 3215 523 3318 580; x_wconf 90' lang='lat' dir='ltr'><strong>est,</strong></span> <span class='ocrx_word' id='word_1_521' title='bbox 3345 524 3401 571; x_wconf 90' lang='lat' dir='ltr'><strong>et</strong></span> <span class='ocrx_word' id='word_1_522' title='bbox 3426 517 3513 572; x_wconf 92' lang='lat' dir='ltr'><strong>ille</strong></span> <span class='ocrx_word' id='word_1_523' title='bbox 3539 518 3630 586; x_wconf 87' lang='lat' dir='ltr'><strong>qui</strong></span> 
     </span>
    </p>
   </div>
   <div class='ocr_carea' id='block_1_65' title="bbox 2080 600 3629 667">
    <p class='ocr_par' dir='ltr' id='par_1_65' title="bbox 2080 600 3629 667">
     <span class='ocr_line' id='line_1_66' title="bbox 2080 600 3629 667; baseline 0.002 -14"><span class='ocrx_word' id='word_1_524' title='bbox 2080 601 2275 655; x_wconf 90' lang='lat' dir='ltr'><strong>missus</strong></span> <span class='ocrx_word' id='word_1_525' title='bbox 2302 609 2385 655; x_wconf 93' lang='lat' dir='ltr'><strong>est</strong></span> <span class='ocrx_word' id='word_1_526' title='bbox 2412 600 2566 656; x_wconf 82' lang='lat' dir='ltr'><strong>Jesus</strong></span> <span class='ocrx_word' id='word_1_527' title='bbox 2596 602 2838 659; x_wconf 89' lang='lat' dir='ltr'><strong>Christus</strong></span> <span class='ocrx_word' id='word_1_528' title='bbox 2864 617 3027 656; x_wconf 92' lang='lat' dir='ltr'><strong>verus</strong></span> <span class='ocrx_word' id='word_1_529' title='bbox 3064 612 3151 658; x_wconf 89' lang='lat' dir='ltr'><strong>est</strong></span> <span class='ocrx_word' id='word_1_530' title='bbox 3195 603 3357 667; x_wconf 90' lang='lat' dir='ltr'><strong>Deus,</strong></span> <span class='ocrx_word' id='word_1_531' title='bbox 3386 603 3519 658; x_wconf 90' lang='lat' dir='ltr'><strong>nihil</strong></span> <span class='ocrx_word' id='word_1_532' title='bbox 3547 618 3629 656; x_wconf 87' lang='lat' dir='ltr'><strong>re-</strong></span> 
     </span>
    </p>
   </div>
   <div class='ocr_carea' id='block_1_66' title="bbox 2080 684 3630 763">
    <p class='ocr_par' dir='ltr' id='par_1_66' title="bbox 2080 684 3630 763">
     <span class='ocr_line' id='line_1_67' title="bbox 2080 684 3630 763; baseline 0.002 -21"><span class='ocrx_word' id='word_1_533' title='bbox 2080 689 2350 759; x_wconf 90' lang='lat' dir='ltr'><strong>linquetur</strong></span> <span class='ocrx_word' id='word_1_534' title='bbox 2398 691 2766 757; x_wconf 84' lang='lat' dir='ltr'><strong>dubitationis,</strong></span> <span class='ocrx_word' id='word_1_535' title='bbox 2806 684 2934 763; x_wconf 50' lang='lat' dir='ltr'><strong>q&#39;uin</strong></span> <span class='ocrx_word' id='word_1_536' title='bbox 2980 693 3051 748; x_wconf 86' lang='lat' dir='ltr'><strong>sit</strong></span> <span class='ocrx_word' id='word_1_537' title='bbox 3100 707 3261 747; x_wconf 91' lang='lat' dir='ltr'><strong>verus</strong></span> <span class='ocrx_word' id='word_1_538' title='bbox 3305 692 3442 745; x_wconf 90' lang='lat' dir='ltr'><strong>Deus</strong></span> <span class='ocrx_word' id='word_1_539' title='bbox 3474 689 3630 745; x_wconf 81' lang='lat' dir='ltr'><strong>Jesus</strong></span> 
     </span>
    </p>
   </div>
   <div class='ocr_carea' id='block_1_67' title="bbox 2081 776 3635 851">
    <p class='ocr_par' dir='ltr' id='par_1_67' title="bbox 2081 776 3635 851">
     <span class='ocr_line' id='line_1_68' title="bbox 2081 776 3635 851; baseline 0.001 -18"><span class='ocrx_word' id='word_1_540' title='bbox 2081 776 2355 842; x_wconf 86' lang='lat' dir='ltr'><strong>Christus,</strong></span> <span class='ocrx_word' id='word_1_541' title='bbox 2403 788 2457 833; x_wconf 92' lang='lat' dir='ltr'><strong>et</strong></span> <span class='ocrx_word' id='word_1_542' title='bbox 2492 794 2650 833; x_wconf 89' lang='lat' dir='ltr'><strong>verus</strong></span> <span class='ocrx_word' id='word_1_543' title='bbox 2689 782 2866 836; x_wconf 86' lang='lat' dir='ltr'><strong>&#39;Filius</strong></span> <span class='ocrx_word' id='word_1_544' title='bbox 2910 782 3027 849; x_wconf 92' lang='lat' dir='ltr'><strong>Dei,</strong></span> <span class='ocrx_word' id='word_1_545' title='bbox 3060 783 3151 851; x_wconf 89' lang='lat' dir='ltr'><strong>qui</strong></span> <span class='ocrx_word' id='word_1_546' title='bbox 3182 783 3378 836; x_wconf 85' lang='lat' dir='ltr'><strong>missus</strong></span> <span class='ocrx_word' id='word_1_547' title='bbox 3411 787 3535 847; x_wconf 90' lang='lat' dir='ltr'><strong>est,</strong></span> <span class='ocrx_word' id='word_1_548' title='bbox 3577 777 3635 834; x_wconf 82' lang='lat' dir='ltr'><strong>id</strong></span> 
     </span>
    </p>
   </div>
   <div class='ocr_carea' id='block_1_68' title="bbox 2080 868 3629 939">
    <p class='ocr_par' dir='ltr' id='par_1_68' title="bbox 2080 868 3629 939">
     <span class='ocr_line' id='line_1_69' title="bbox 2080 868 3629 939; baseline 0.005 -20"><span class='ocrx_word' id='word_1_549' title='bbox 2080 874 2192 929; x_wconf 88' lang='lat' dir='ltr'><strong>est,</strong></span> <span class='ocrx_word' id='word_1_550' title='bbox 2242 868 2548 923; x_wconf 86' lang='lat' dir='ltr'><strong>incarnatus</strong></span> <span class='ocrx_word' id='word_1_551' title='bbox 2596 868 2662 921; x_wconf 88' lang='lat' dir='ltr'><strong>de</strong></span> <span class='ocrx_word' id='word_1_552' title='bbox 2710 869 2914 939; x_wconf 89' lang='lat' dir='ltr'><strong>Spiritu</strong></span> <span class='ocrx_word' id='word_1_553' title='bbox 2966 882 3153 930; x_wconf 84' lang='lat' dir='ltr'><strong>sancto</strong></span> <span class='ocrx_word' id='word_1_554' title='bbox 3195 880 3251 926; x_wconf 92' lang='lat' dir='ltr'><strong>et</strong></span> <span class='ocrx_word' id='word_1_555' title='bbox 3304 870 3471 924; x_wconf 81' lang='lat' dir='ltr'><strong>Maria</strong></span> <span class='ocrx_word' id='word_1_556' title='bbox 3513 870 3629 927; x_wconf 77' lang='lat' dir='ltr'><strong>vir-</strong></span> 
     </span>
    </p>
   </div>
   <div class='ocr_carea' id='block_1_69' title="bbox 2081 970 2221 1026">
    <p class='ocr_par' dir='ltr' id='par_1_69' title="bbox 2081 970 2221 1026">
     <span class='ocr_line' id='line_1_70' title="bbox 2081 970 2221 1026; baseline 0.007 -19"><span class='ocrx_word' id='word_1_557' title='bbox 2081 970 2221 1026; x_wconf 82' lang='lat' dir='ltr'><strong>grue.</strong></span> 
     </span>
    </p>
   </div>
   <div class='ocr_carea' id='block_1_70' title="bbox 2152 1046 3629 1117">
    <p class='ocr_par' dir='ltr' id='par_1_70' title="bbox 2152 1046 3629 1117">
     <span class='ocr_line' id='line_1_71' title="bbox 2152 1046 3629 1117; baseline 0.007 -18"><span class='ocrx_word' id='word_1_558' title='bbox 2152 1047 2246 1100; x_wconf 92' lang='lat' dir='ltr'><strong>Dic</strong></span> <span class='ocrx_word' id='word_1_559' title='bbox 2279 1046 2431 1112; x_wconf 90' lang='lat' dir='ltr'><strong>mihi,</strong></span> <span class='ocrx_word' id='word_1_560' title='bbox 2470 1062 2504 1103; x_wconf 95' lang='lat' dir='ltr'><strong>o</strong></span> <span class='ocrx_word' id='word_1_561' title='bbox 2530 1062 2682 1103; x_wconf 69' lang='lat' dir='ltr'><strong>novae</strong></span> <span class='ocrx_word' id='word_1_562' title='bbox 2716 1059 2873 1103; x_wconf 56' lang='lat' dir='ltr'><strong>sectas</strong></span> <span class='ocrx_word' id='word_1_563' title='bbox 2896 1051 3157 1117; x_wconf 76' lang='lat' dir='ltr'><strong>inducth</strong></span> <span class='ocrx_word' id='word_1_564' title='bbox 3192 1052 3374 1110; x_wconf 78' lang='lat' dir='ltr'><strong>Iesum</strong></span> <span class='ocrx_word' id='word_1_565' title='bbox 3416 1067 3537 1108; x_wconf 89' lang='lat' dir='ltr'><strong>cum</strong></span> <span class='ocrx_word' id='word_1_566' title='bbox 3560 1067 3629 1109; x_wconf 79' lang='lat' dir='ltr'><strong>ex</strong></span> 
     </span>
    </p>
   </div>
   <div class='ocr_carea' id='block_1_71' title="bbox 2089 1136 3631 1208">
    <p class='ocr_par' dir='ltr' id='par_1_71' title="bbox 2089 1136 3631 1208">
     <span class='ocr_line' id='line_1_72' title="bbox 2089 1136 3631 1208; baseline 0.006 -19"><span class='ocrx_word' id='word_1_567' title='bbox 2089 1136 2300 1206; x_wconf 86' lang='lat' dir='ltr'><strong>Virgine</strong></span> <span class='ocrx_word' id='word_1_568' title='bbox 2323 1145 2651 1201; x_wconf 88' lang='lat' dir='ltr'><strong>nasceretur,</strong></span> <span class='ocrx_word' id='word_1_569' title='bbox 2684 1138 2813 1207; x_wconf 91' lang='lat' dir='ltr'><strong>quid</strong></span> <span class='ocrx_word' id='word_1_570' title='bbox 2842 1137 2988 1201; x_wconf 77' lang='lat' dir='ltr'><strong>velis,</strong></span> <span class='ocrx_word' id='word_1_571' title='bbox 3026 1140 3292 1194; x_wconf 89' lang='lat' dir='ltr'><strong>hominem</strong></span> <span class='ocrx_word' id='word_1_572' title='bbox 3340 1141 3521 1208; x_wconf 79' lang='lat' dir='ltr'><strong>fuisse,</strong></span> <span class='ocrx_word' id='word_1_573' title='bbox 3563 1156 3631 1200; x_wconf 86' lang='lat' dir='ltr'><strong>an</strong></span> 
     </span>
    </p>
   </div>
   <div class='ocr_carea' id='block_1_72' title="bbox 2084 1228 3634 1305">
    <p class='ocr_par' dir='ltr' id='par_1_72' title="bbox 2084 1228 3634 1305">
     <span class='ocr_line' id='line_1_73' title="bbox 2084 1228 3634 1305; baseline 0.007 -26"><span class='ocrx_word' id='word_1_574' title='bbox 2084 1228 2288 1281; x_wconf 87' lang='lat' dir='ltr'><strong>Deum?</strong></span> <span class='ocrx_word' id='word_1_575' title='bbox 2315 1228 2372 1283; x_wconf 91' lang='lat' dir='ltr'><strong>Si</strong></span> <span class='ocrx_word' id='word_1_576' title='bbox 2399 1230 2562 1284; x_wconf 90' lang='lat' dir='ltr'><strong>Deum</strong></span> <span class='ocrx_word' id='word_1_577' title='bbox 2594 1238 2823 1295; x_wconf 88' lang='lat' dir='ltr'><strong>tantum,</strong></span> <span class='ocrx_word' id='word_1_578' title='bbox 2860 1230 3061 1285; x_wconf 87' lang='lat' dir='ltr'><strong>solvisti</strong></span> <span class='ocrx_word' id='word_1_579' title='bbox 3102 1233 3283 1302; x_wconf 86' lang='lat' dir='ltr'><strong>utique</strong></span> <span class='ocrx_word' id='word_1_580' title='bbox 3306 1233 3510 1301; x_wconf 84' lang='lat' dir='ltr'><strong>Jesum,</strong></span> <span class='ocrx_word' id='word_1_581' title='bbox 3541 1238 3634 1305; x_wconf 90' lang='lat' dir='ltr'><strong>qui</strong></span> 
     </span>
    </p>
   </div>
   <div class='ocr_carea' id='block_1_73' title="bbox 2086 1315 3635 1390">
    <p class='ocr_par' dir='ltr' id='par_1_73' title="bbox 2086 1315 3635 1390">
     <span class='ocr_line' id='line_1_74' title="bbox 2086 1315 3635 1390; baseline 0.006 -23"><span class='ocrx_word' id='word_1_582' title='bbox 2086 1315 2290 1387; x_wconf 84' lang='lat' dir='ltr'><strong>[Forte,</strong></span> <span class='ocrx_word' id='word_1_583' title='bbox 2318 1316 2429 1389; x_wconf 91' lang='lat' dir='ltr'><strong>cui]</strong></span> <span class='ocrx_word' id='word_1_584' title='bbox 2456 1320 2724 1373; x_wconf 91' lang='lat' dir='ltr'><strong>hominem</strong></span> <span class='ocrx_word' id='word_1_585' title='bbox 2752 1320 2959 1374; x_wconf 89' lang='lat' dir='ltr'><strong>unitum</strong></span> <span class='ocrx_word' id='word_1_586' title='bbox 2987 1319 3149 1376; x_wconf 86' lang='lat' dir='ltr'><strong>fuisse</strong></span> <span class='ocrx_word' id='word_1_587' title='bbox 3174 1323 3419 1390; x_wconf 88' lang='lat' dir='ltr'><strong>denegas.</strong></span> <span class='ocrx_word' id='word_1_588' title='bbox 3454 1320 3515 1376; x_wconf 88' lang='lat' dir='ltr'><strong>Si</strong></span> <span class='ocrx_word' id='word_1_589' title='bbox 3541 1338 3635 1376; x_wconf 90' lang='lat' dir='ltr'><strong>au-</strong></span> 
     </span>
    </p>
   </div>
   <div class='ocr_carea' id='block_1_74' title="bbox 2086 1409 3635 1481">
    <p class='ocr_par' dir='ltr' id='par_1_74' title="bbox 2086 1409 3635 1481">
     <span class='ocr_line' id='line_1_75' title="bbox 2086 1409 3635 1481; baseline 0.004 -20"><span class='ocrx_word' id='word_1_590' title='bbox 2086 1416 2191 1462; x_wconf 89' lang='lat' dir='ltr'><strong>tem</strong></span> <span class='ocrx_word' id='word_1_591' title='bbox 2221 1409 2490 1464; x_wconf 76' lang='lat' dir='ltr'><strong>hominem</strong></span> <span class='ocrx_word' id='word_1_592' title='bbox 2518 1410 2713 1476; x_wconf 88' lang='lat' dir='ltr'><strong>solum,</strong></span> <span class='ocrx_word' id='word_1_593' title='bbox 2739 1410 2900 1465; x_wconf 89' lang='lat' dir='ltr'><strong>solvis</strong></span> <span class='ocrx_word' id='word_1_594' title='bbox 2926 1412 3108 1480; x_wconf 90' lang='lat' dir='ltr'><strong>utique</strong></span> <span class='ocrx_word' id='word_1_595' title='bbox 3149 1413 3514 1477; x_wconf 90' lang='lat' dir='ltr'><strong>nihilominus,</strong></span> <span class='ocrx_word' id='word_1_596' title='bbox 3542 1414 3635 1481; x_wconf 87' lang='lat' dir='ltr'><strong>qui</strong></span> 
     </span>
    </p>
   </div>
   <div class='ocr_carea' id='block_1_75' title="bbox 2086 1496 3637 1564">
    <p class='ocr_par' dir='ltr' id='par_1_75' title="bbox 2086 1496 3637 1564">
     <span class='ocr_line' id='line_1_76' title="bbox 2086 1496 3637 1564; baseline 0.005 -13"><span class='ocrx_word' id='word_1_597' title='bbox 2086 1496 2276 1562; x_wconf 90' lang='lat' dir='ltr'><strong>solum,</strong></span> <span class='ocrx_word' id='word_1_598' title='bbox 2306 1500 2669 1555; x_wconf 91' lang='lat' dir='ltr'><strong>tantummodo</strong></span> <span class='ocrx_word' id='word_1_599' title='bbox 2696 1508 2754 1553; x_wconf 93' lang='lat' dir='ltr'><strong>ut</strong></span> <span class='ocrx_word' id='word_1_600' title='bbox 2790 1499 2953 1559; x_wconf 79' lang='lat' dir='ltr'><strong>facias</strong></span> <span class='ocrx_word' id='word_1_601' title='bbox 2978 1502 3268 1564; x_wconf 90' lang='lat' dir='ltr'><strong>hominem,</strong></span> <span class='ocrx_word' id='word_1_602' title='bbox 3306 1512 3489 1557; x_wconf 89' lang='lat' dir='ltr'><strong>natum</strong></span> <span class='ocrx_word' id='word_1_603' title='bbox 3517 1517 3637 1559; x_wconf 89' lang='lat' dir='ltr'><strong>esse</strong></span> 
     </span>
    </p>
   </div>
   <div class='ocr_carea' id='block_1_76' title="bbox 2041 1587 3635 1663">
    <p class='ocr_par' dir='ltr' id='par_1_76' title="bbox 2041 1587 3635 1663">
     <span class='ocr_line' id='line_1_77' title="bbox 2041 1587 3635 1663; baseline 0.002 -19"><span class='ocrx_word' id='word_1_604' title='bbox 2041 1641 2051 1650; x_wconf 87' lang='grc'><em>,</em></span> <span class='ocrx_word' id='word_1_605' title='bbox 2084 1587 2437 1660; x_wconf 85' lang='lat' dir='ltr'><strong>blasphemes.</strong></span> <span class='ocrx_word' id='word_1_606' title='bbox 2478 1592 2634 1648; x_wconf 82' lang='lat' dir='ltr'><strong>Fides</strong></span> <span class='ocrx_word' id='word_1_607' title='bbox 2665 1610 2793 1663; x_wconf 90' lang='lat' dir='ltr'><strong>ergo</strong></span> <span class='ocrx_word' id='word_1_608' title='bbox 2821 1596 2933 1649; x_wconf 76' lang='lat' dir='ltr'><strong>hmc</strong></span> <span class='ocrx_word' id='word_1_609' title='bbox 2981 1602 3187 1649; x_wconf 90' lang='lat' dir='ltr'><strong>tantum</strong></span> <span class='ocrx_word' id='word_1_610' title='bbox 3233 1595 3494 1649; x_wconf 84' lang='lat' dir='ltr'><strong>catholica</strong></span> <span class='ocrx_word' id='word_1_611' title='bbox 3530 1602 3635 1657; x_wconf 83' lang='lat' dir='ltr'><strong>est,</strong></span> 
     </span>
    </p>
   </div>
   <div class='ocr_carea' id='block_1_77' title="bbox 2086 1680 3635 1744">
    <p class='ocr_par' dir='ltr' id='par_1_77' title="bbox 2086 1680 3635 1744">
     <span class='ocr_line' id='line_1_78' title="bbox 2086 1680 3635 1744; baseline 0.003 -11"><span class='ocrx_word' id='word_1_612' title='bbox 2086 1680 2199 1734; x_wconf 73' lang='lat' dir='ltr'><strong>lizec</strong></span> <span class='ocrx_word' id='word_1_613' title='bbox 2225 1689 2429 1734; x_wconf 87' lang='lat' dir='ltr'><strong>tantum</strong></span> <span class='ocrx_word' id='word_1_614' title='bbox 2456 1697 2584 1735; x_wconf 88' lang='lat' dir='ltr'><strong>vera</strong></span> <span class='ocrx_word' id='word_1_615' title='bbox 2628 1690 2734 1744; x_wconf 92' lang='lat' dir='ltr'><strong>est,</strong></span> <span class='ocrx_word' id='word_1_616' title='bbox 2768 1690 2827 1735; x_wconf 91' lang='lat' dir='ltr'><strong>ut</strong></span> <span class='ocrx_word' id='word_1_617' title='bbox 2852 1683 3130 1737; x_wconf 91' lang='lat' dir='ltr'><strong>Dominum</strong></span> <span class='ocrx_word' id='word_1_618' title='bbox 3161 1681 3339 1736; x_wconf 84' lang='lat' dir='ltr'><strong>Jesum</strong></span> <span class='ocrx_word' id='word_1_619' title='bbox 3366 1684 3635 1738; x_wconf 87' lang='lat' dir='ltr'><strong>Christum</strong></span> 
     </span>
    </p>
   </div>
   <div class='ocr_carea' id='block_1_78' title="bbox 2088 1769 3637 1832">
    <p class='ocr_par' dir='ltr' id='par_1_78' title="bbox 2088 1769 3637 1832">
     <span class='ocr_line' id='line_1_79' title="bbox 2088 1769 3637 1832; baseline 0.003 -9"><span class='ocrx_word' id='word_1_620' title='bbox 2088 1770 2226 1824; x_wconf 89' lang='lat' dir='ltr'><strong>sicut</strong></span> <span class='ocrx_word' id='word_1_621' title='bbox 2254 1769 2419 1823; x_wconf 86' lang='lat' dir='ltr'><strong>Deum</strong></span> <span class='ocrx_word' id='word_1_622' title='bbox 2459 1770 2531 1824; x_wconf 86' lang='lat' dir='ltr'><strong>ita</strong></span> <span class='ocrx_word' id='word_1_623' title='bbox 2574 1777 2627 1825; x_wconf 89' lang='lat' dir='ltr'><strong>et</strong></span> <span class='ocrx_word' id='word_1_624' title='bbox 2668 1771 2963 1832; x_wconf 86' lang='lat' dir='ltr'><strong>hominem;</strong></span> <span class='ocrx_word' id='word_1_625' title='bbox 3002 1781 3057 1826; x_wconf 92' lang='lat' dir='ltr'><strong>et</strong></span> <span class='ocrx_word' id='word_1_626' title='bbox 3083 1773 3219 1826; x_wconf 89' lang='lat' dir='ltr'><strong>sicut</strong></span> <span class='ocrx_word' id='word_1_627' title='bbox 3250 1773 3515 1826; x_wconf 88' lang='lat' dir='ltr'><strong>hominem</strong></span> <span class='ocrx_word' id='word_1_628' title='bbox 3566 1775 3637 1827; x_wconf 83' lang='lat' dir='ltr'><strong>ita</strong></span> 
     </span>
    </p>
   </div>
   <div class='ocr_carea' id='block_1_79' title="bbox 2088 1859 3640 1933">
    <p class='ocr_par' dir='ltr' id='par_1_79' title="bbox 2088 1859 3640 1933">
     <span class='ocr_line' id='line_1_80' title="bbox 2088 1859 3640 1933; baseline 0.004 -22"><span class='ocrx_word' id='word_1_629' title='bbox 2088 1866 2141 1912; x_wconf 92' lang='lat' dir='ltr'><strong>et</strong></span> <span class='ocrx_word' id='word_1_630' title='bbox 2166 1859 2335 1913; x_wconf 89' lang='lat' dir='ltr'><strong>Deum</strong></span> <span class='ocrx_word' id='word_1_631' title='bbox 2371 1861 2589 1915; x_wconf 85' lang='lat' dir='ltr'><strong>credere</strong></span> <span class='ocrx_word' id='word_1_632' title='bbox 2637 1875 2740 1915; x_wconf 92' lang='lat' dir='ltr'><strong>non</strong></span> <span class='ocrx_word' id='word_1_633' title='bbox 2786 1860 3106 1917; x_wconf 88' lang='lat' dir='ltr'><strong>dubitemus.</strong></span> <span class='ocrx_word' id='word_1_634' title='bbox 3155 1861 3335 1915; x_wconf 86' lang='lat' dir='ltr'><strong>Omnis</strong></span> <span class='ocrx_word' id='word_1_635' title='bbox 3372 1864 3507 1916; x_wconf 85' lang='lat' dir='ltr'><strong>enim</strong></span> <span class='ocrx_word' id='word_1_636' title='bbox 3551 1865 3640 1933; x_wconf 86' lang='lat' dir='ltr'><strong>qui</strong></span> 
     </span>
    </p>
   </div>
   <div class='ocr_carea' id='block_1_80' title="bbox 2087 1948 3641 2023">
    <p class='ocr_par' dir='ltr' id='par_1_80' title="bbox 2087 1948 3641 2023">
     <span class='ocr_line' id='line_1_81' title="bbox 2087 1948 3641 2023; baseline 0.005 -22"><span class='ocrx_word' id='word_1_637' title='bbox 2087 1948 2236 2002; x_wconf 72' lang='lat' dir='ltr'><strong>solvit</strong></span> <span class='ocrx_word' id='word_1_638' title='bbox 2256 1948 2458 2015; x_wconf 73' lang='lat' dir='ltr'><strong>Iesum,</strong></span> <span class='ocrx_word' id='word_1_639' title='bbox 2484 1966 2547 2003; x_wconf 73' lang='lat' dir='ltr'><strong>ex</strong></span> <span class='ocrx_word' id='word_1_640' title='bbox 2569 1950 2674 2003; x_wconf 91' lang='lat' dir='ltr'><strong>Deo</strong></span> <span class='ocrx_word' id='word_1_641' title='bbox 2704 1967 2804 2004; x_wconf 89' lang='lat' dir='ltr'><strong>non</strong></span> <span class='ocrx_word' id='word_1_642' title='bbox 2830 1961 2903 2005; x_wconf 84' lang='lat' dir='ltr'><strong>est</strong></span> <span class='ocrx_word' id='word_1_643' title='bbox 2945 1951 2997 2022; x_wconf 91' lang='lat' dir='ltr'><strong>(I</strong></span> <span class='ocrx_word' id='word_1_644' title='bbox 3018 1950 3176 2005; x_wconf 81' lang='lat' dir='ltr'><strong>Joan.</strong></span> <span class='ocrx_word' id='word_1_645' title='bbox 3203 1968 3277 2016; x_wconf 79' lang='lat' dir='ltr'><strong>IV,</strong></span> <span class='ocrx_word' id='word_1_646' title='bbox 3304 1952 3358 2023; x_wconf 79' lang='grc'><strong>5)</strong></span> <span class='ocrx_word' id='word_1_647' title='bbox 3391 1970 3406 2006; x_wconf 83' lang='grc'>;</span> <span class='ocrx_word' id='word_1_648' title='bbox 3437 1952 3641 2008; x_wconf 82' lang='lat' dir='ltr'><strong>solvere</strong></span> 
     </span>
    </p>
   </div>
   <div class='ocr_carea' id='block_1_81' title="bbox 2089 2030 3643 2110">
    <p class='ocr_par' dir='ltr' id='par_1_81' title="bbox 2089 2030 3643 2110">
     <span class='ocr_line' id='line_1_82' title="bbox 2089 2030 3643 2110; baseline 0.005 -17"><span class='ocrx_word' id='word_1_649' title='bbox 2089 2047 2267 2093; x_wconf 89' lang='lat' dir='ltr'><strong>autem</strong></span> <span class='ocrx_word' id='word_1_650' title='bbox 2316 2040 2419 2093; x_wconf 89' lang='lat' dir='ltr'><strong>hoc</strong></span> <span class='ocrx_word' id='word_1_651' title='bbox 2458 2030 2559 2105; x_wconf 85' lang='lat' dir='ltr'><strong>est,</strong></span> <span class='ocrx_word' id='word_1_652' title='bbox 2589 2042 2733 2110; x_wconf 89' lang='lat' dir='ltr'><strong>qu‘od</strong></span> <span class='ocrx_word' id='word_1_653' title='bbox 2758 2042 2963 2095; x_wconf 91' lang='lat' dir='ltr'><strong>unitum</strong></span> <span class='ocrx_word' id='word_1_654' title='bbox 2996 2051 3077 2097; x_wconf 88' lang='lat' dir='ltr'><strong>est</strong></span> <span class='ocrx_word' id='word_1_655' title='bbox 3113 2044 3165 2097; x_wconf 91' lang='lat' dir='ltr'><strong>in</strong></span> <span class='ocrx_word' id='word_1_656' title='bbox 3195 2043 3343 2110; x_wconf 85' lang='lat' dir='ltr'><strong>Jesu,</strong></span> <span class='ocrx_word' id='word_1_657' title='bbox 3370 2044 3506 2099; x_wconf 89' lang='lat' dir='ltr'><strong>velle</strong></span> <span class='ocrx_word' id='word_1_658' title='bbox 3534 2045 3643 2100; x_wconf 85' lang='lat' dir='ltr'><strong>dis-</strong></span> 
     </span>
    </p>
   </div>
   <div class='ocr_carea' id='block_1_82' title="bbox 2090 2131 3645 2205">
    <p class='ocr_par' dir='ltr' id='par_1_82' title="bbox 2090 2131 3645 2205">
     <span class='ocr_line' id='line_1_83' title="bbox 2090 2131 3645 2205; baseline 0.005 -22"><span class='ocrx_word' id='word_1_659' title='bbox 2090 2145 2385 2205; x_wconf 45' lang='lat' dir='ltr'><strong>rumpere&quot;</strong></span> <span class='ocrx_word' id='word_1_660' title='bbox 2407 2138 2463 2185; x_wconf 90' lang='lat' dir='ltr'><strong>et</strong></span> <span class='ocrx_word' id='word_1_661' title='bbox 2503 2131 2644 2200; x_wconf 87' lang='lat' dir='ltr'><strong>quod</strong></span> <span class='ocrx_word' id='word_1_662' title='bbox 2689 2132 3016 2187; x_wconf 90' lang='lat' dir='ltr'><strong>individuum</strong></span> <span class='ocrx_word' id='word_1_663' title='bbox 3065 2142 3166 2197; x_wconf 93' lang='lat' dir='ltr'><strong>est,</strong></span> <span class='ocrx_word' id='word_1_664' title='bbox 3199 2144 3466 2203; x_wconf 83' lang='lat' dir='ltr'><strong>separare.</strong></span> <span class='ocrx_word' id='word_1_665' title='bbox 3508 2137 3645 2202; x_wconf 77' lang='lat' dir='ltr'><strong>Quid</strong></span> 
     </span>
    </p>
   </div>
   <div class='ocr_carea' id='block_1_83' title="bbox 2090 2218 3644 2279">
    <p class='ocr_par' dir='ltr' id='par_1_83' title="bbox 2090 2218 3644 2279">
     <span class='ocr_line' id='line_1_84' title="bbox 2090 2218 3644 2279; baseline 0.003 -5"><span class='ocrx_word' id='word_1_666' title='bbox 2090 2228 2268 2275; x_wconf 86' lang='lat' dir='ltr'><strong>autem</strong></span> <span class='ocrx_word' id='word_1_667' title='bbox 2317 2220 2370 2275; x_wconf 91' lang='lat' dir='ltr'><strong>in</strong></span> <span class='ocrx_word' id='word_1_668' title='bbox 2397 2220 2525 2276; x_wconf 82' lang='lat' dir='ltr'><strong>Jesu</strong></span> <span class='ocrx_word' id='word_1_669' title='bbox 2570 2222 2777 2276; x_wconf 89' lang='lat' dir='ltr'><strong>unitum</strong></span> <span class='ocrx_word' id='word_1_670' title='bbox 2835 2218 2891 2277; x_wconf 89' lang='lat' dir='ltr'><strong>et</strong></span> <span class='ocrx_word' id='word_1_671' title='bbox 2935 2222 3263 2277; x_wconf 83' lang='lat' dir='ltr'><strong>individuum</strong></span> <span class='ocrx_word' id='word_1_672' title='bbox 3312 2225 3428 2279; x_wconf 82' lang='lat' dir='ltr'><strong>est?</strong></span> <span class='ocrx_word' id='word_1_673' title='bbox 3474 2224 3644 2279; x_wconf 90' lang='lat' dir='ltr'><strong>llomo</strong></span> 
     </span>
    </p>
   </div>
   <div class='ocr_carea' id='block_1_84' title="bbox 2089 2310 3645 2378">
    <p class='ocr_par' dir='ltr' id='par_1_84' title="bbox 2089 2310 3645 2378">
     <span class='ocr_line' id='line_1_85' title="bbox 2089 2310 3645 2378; baseline 0.003 -15"><span class='ocrx_word' id='word_1_674' title='bbox 2089 2311 2274 2378; x_wconf 89' lang='lat' dir='ltr'><strong>utique</strong></span> <span class='ocrx_word' id='word_1_675' title='bbox 2320 2318 2375 2364; x_wconf 91' lang='lat' dir='ltr'><strong>et</strong></span> <span class='ocrx_word' id='word_1_676' title='bbox 2398 2310 2559 2373; x_wconf 89' lang='lat' dir='ltr'><strong>Deus,</strong></span> <span class='ocrx_word' id='word_1_677' title='bbox 2585 2318 2649 2365; x_wconf 90' lang='lat' dir='ltr'><strong>ut</strong></span> <span class='ocrx_word' id='word_1_678' title='bbox 2674 2311 2745 2365; x_wconf 89' lang='lat' dir='ltr'><strong>sit</strong></span> <span class='ocrx_word' id='word_1_679' title='bbox 2784 2327 2921 2365; x_wconf 90' lang='lat' dir='ltr'><strong>unus</strong></span> <span class='ocrx_word' id='word_1_680' title='bbox 2950 2310 3115 2366; x_wconf 83' lang='lat' dir='ltr'><strong>Filius</strong></span> <span class='ocrx_word' id='word_1_681' title='bbox 3142 2320 3196 2367; x_wconf 92' lang='lat' dir='ltr'><strong>et</strong></span> <span class='ocrx_word' id='word_1_682' title='bbox 3217 2312 3357 2366; x_wconf 91' lang='lat' dir='ltr'><strong>Deus</strong></span> <span class='ocrx_word' id='word_1_683' title='bbox 3384 2315 3562 2377; x_wconf 90' lang='lat' dir='ltr'><strong>homo,</strong></span> <span class='ocrx_word' id='word_1_684' title='bbox 3591 2322 3645 2367; x_wconf 90' lang='lat' dir='ltr'><strong>et</strong></span> 
     </span>
    </p>
   </div>
   <div class='ocr_carea' id='block_1_85' title="bbox 2090 2395 3733 2472">
    <p class='ocr_par' dir='ltr' id='par_1_85' title="bbox 2090 2395 3733 2472">
     <span class='ocr_line' id='line_1_86' title="bbox 2090 2395 3733 2472; baseline 0.005 -22"><span class='ocrx_word' id='word_1_685' title='bbox 2090 2413 2228 2451; x_wconf 92' lang='lat' dir='ltr'><strong>unus</strong></span> <span class='ocrx_word' id='word_1_686' title='bbox 2252 2397 2420 2452; x_wconf 84' lang='lat' dir='ltr'><strong>Filius</strong></span> <span class='ocrx_word' id='word_1_687' title='bbox 2446 2400 2695 2465; x_wconf 91' lang='lat' dir='ltr'><strong>hominis,</strong></span> <span class='ocrx_word' id='word_1_688' title='bbox 2734 2402 2823 2470; x_wconf 86' lang='lat' dir='ltr'><strong>qui</strong></span> <span class='ocrx_word' id='word_1_689' title='bbox 2852 2400 2917 2454; x_wconf 91' lang='lat' dir='ltr'><strong>de</strong></span> <span class='ocrx_word' id='word_1_690' title='bbox 2947 2400 3164 2472; x_wconf 84' lang='lat' dir='ltr'><strong>Virgine</strong></span> <span class='ocrx_word' id='word_1_691' title='bbox 3198 2412 3357 2457; x_wconf 84' lang='lat' dir='ltr'><strong>natus</strong></span> <span class='ocrx_word' id='word_1_692' title='bbox 3398 2395 3501 2468; x_wconf 85' lang='lat' dir='ltr'><strong>est,</strong></span> <span class='ocrx_word' id='word_1_693' title='bbox 3541 2420 3645 2458; x_wconf 91' lang='lat' dir='ltr'><strong>non</strong></span> <span class='ocrx_word' id='word_1_694' title='bbox 3729 2396 3733 2401; x_wconf 60' lang='grc'><em>”</em></span> 
     </span>
    </p>
   </div>
   <div class='ocr_carea' id='block_1_86' title="bbox 2091 2478 3647 2563">
    <p class='ocr_par' dir='ltr' id='par_1_86' title="bbox 2091 2478 3647 2563">
     <span class='ocr_line' id='line_1_87' title="bbox 2091 2478 3647 2563; baseline 0.005 -22"><span class='ocrx_word' id='word_1_695' title='bbox 2091 2478 2153 2541; x_wconf 86' lang='lat' dir='ltr'><strong>ut</strong></span> <span class='ocrx_word' id='word_1_696' title='bbox 2178 2488 2312 2542; x_wconf 71' lang='lat' dir='ltr'><strong>alter</strong></span> <span class='ocrx_word' id='word_1_697' title='bbox 2354 2490 2630 2558; x_wconf 86' lang='lat' dir='ltr'><strong>adoptivus</strong></span> <span class='ocrx_word' id='word_1_698' title='bbox 2657 2493 2728 2545; x_wconf 91' lang='lat' dir='ltr'><strong>sit</strong></span> <span class='ocrx_word' id='word_1_699' title='bbox 2758 2493 2916 2557; x_wconf 81' lang='lat' dir='ltr'><strong>ﬁlius,</strong></span> <span class='ocrx_word' id='word_1_700' title='bbox 2943 2493 3077 2547; x_wconf 90' lang='lat' dir='ltr'><strong>alter</strong></span> <span class='ocrx_word' id='word_1_701' title='bbox 3101 2495 3369 2563; x_wconf 84' lang='lat' dir='ltr'><strong>preprius,</strong></span> <span class='ocrx_word' id='word_1_702' title='bbox 3401 2496 3482 2550; x_wconf 89' lang='lat' dir='ltr'><strong>vel</strong></span> <span class='ocrx_word' id='word_1_703' title='bbox 3513 2496 3647 2551; x_wconf 86' lang='lat' dir='ltr'><strong>alter</strong></span> 
     </span>
    </p>
   </div>
   <div class='ocr_carea' id='block_1_87' title="bbox 2093 2582 3571 2650">
    <p class='ocr_par' dir='ltr' id='par_1_87' title="bbox 2093 2582 3571 2650">
     <span class='ocr_line' id='line_1_88' title="bbox 2093 2582 3571 2650; baseline 0.004 -17"><span class='ocrx_word' id='word_1_704' title='bbox 2093 2582 2482 2650; x_wconf 87' lang='lat' dir='ltr'><strong>nuncupativus</strong></span> <span class='ocrx_word' id='word_1_705' title='bbox 2506 2582 2666 2647; x_wconf 91' lang='lat' dir='ltr'><strong>Deus,</strong></span> <span class='ocrx_word' id='word_1_706' title='bbox 2696 2591 2751 2637; x_wconf 92' lang='lat' dir='ltr'><strong>et</strong></span> <span class='ocrx_word' id='word_1_707' title='bbox 2776 2583 2911 2638; x_wconf 88' lang='lat' dir='ltr'><strong>alter</strong></span> <span class='ocrx_word' id='word_1_708' title='bbox 2939 2600 3096 2638; x_wconf 87' lang='lat' dir='ltr'><strong>verus</strong></span> <span class='ocrx_word' id='word_1_709' title='bbox 3124 2585 3279 2641; x_wconf 78' lang='lat' dir='ltr'><strong>Dens.</strong></span> <span class='ocrx_word' id='word_1_710' title='bbox 3558 2632 3571 2646; x_wconf 86' lang='lat'><strong>,</strong></span> 
     </span>
    </p>
   </div>
   <div class='ocr_carea' id='block_1_88' title="bbox 2165 2672 3647 2744">
    <p class='ocr_par' dir='ltr' id='par_1_88' title="bbox 2165 2672 3647 2744">
     <span class='ocr_line' id='line_1_89' title="bbox 2165 2672 3647 2744; baseline 0.005 -19"><span class='ocrx_word' id='word_1_711' title='bbox 2165 2672 2251 2726; x_wconf 83' lang='lat' dir='ltr'><strong>Xl.</strong></span> <span class='ocrx_word' id='word_1_712' title='bbox 2296 2672 2549 2742; x_wconf 87' lang='lat' dir='ltr'><strong>Sequitur</strong></span> <span class='ocrx_word' id='word_1_713' title='bbox 2597 2675 2647 2727; x_wconf 91' lang='lat' dir='ltr'><strong>in</strong></span> <span class='ocrx_word' id='word_1_714' title='bbox 2694 2674 2917 2743; x_wconf 65' lang='lat' dir='ltr'><strong>praefato</strong></span> <span class='ocrx_word' id='word_1_715' title='bbox 2946 2675 3137 2730; x_wconf 81' lang='lat' dir='ltr'><strong>Felicis</strong></span> <span class='ocrx_word' id='word_1_716' title='bbox 3184 2675 3407 2731; x_wconf 85' lang='lat' dir='ltr'><strong>libello:</strong></span> <span class='ocrx_word' id='word_1_717' title='bbox 3459 2694 3479 2727; x_wconf 71' lang='grc' dir='ltr'>ι</span> <span class='ocrx_word' id='word_1_718' title='bbox 3510 2675 3647 2744; x_wconf 90' lang='lat' dir='ltr'><strong>Quid</strong></span> 
     </span>
    </p>
   </div>
   <div class='ocr_carea' id='block_1_89' title="bbox 2096 2762 3647 2836">
    <p class='ocr_par' dir='ltr' id='par_1_89' title="bbox 2096 2762 3647 2836">
     <span class='ocr_line' id='line_1_90' title="bbox 2096 2762 3647 2836; baseline 0.005 -20"><span class='ocrx_word' id='word_1_719' title='bbox 2096 2762 2199 2816; x_wconf 91' lang='lat' dir='ltr'><strong>hoc</strong></span> <span class='ocrx_word' id='word_1_720' title='bbox 2225 2778 2417 2817; x_wconf 90' lang='lat' dir='ltr'><strong>nomen</strong></span> <span class='ocrx_word' id='word_1_721' title='bbox 2448 2763 2595 2818; x_wconf 88' lang='lat' dir='ltr'><strong>elicis</strong></span> <span class='ocrx_word' id='word_1_722' title='bbox 2622 2762 2822 2835; x_wconf 50' lang='grc' dir='ltr'><strong>[Ἐστία</strong></span> <span class='ocrx_word' id='word_1_723' title='bbox 2855 2764 3088 2836; x_wconf 85' lang='lat' dir='ltr'><strong>rejicis]?</strong></span> <span class='ocrx_word' id='word_1_724' title='bbox 3120 2765 3258 2832; x_wconf 87' lang='lat' dir='ltr'><strong>Quid</strong></span> <span class='ocrx_word' id='word_1_725' title='bbox 3285 2768 3647 2836; x_wconf 79' lang='lat' dir='ltr'><strong>praestantius,</strong></span> 
     </span>
    </p>
   </div>
   <div class='ocr_carea' id='block_1_90' title="bbox 2097 2852 3653 2922">
    <p class='ocr_par' dir='ltr' id='par_1_90' title="bbox 2097 2852 3653 2922">
     <span class='ocr_line' id='line_1_91' title="bbox 2097 2852 3653 2922; baseline 0.004 -17"><span class='ocrx_word' id='word_1_726' title='bbox 2097 2853 2223 2921; x_wconf 92' lang='lat' dir='ltr'><strong>quid</strong></span> <span class='ocrx_word' id='word_1_727' title='bbox 2252 2852 2714 2917; x_wconf 75' lang='lat' dir='ltr'><strong>honoriﬁcentius,</strong></span> <span class='ocrx_word' id='word_1_728' title='bbox 2764 2854 2957 2922; x_wconf 89' lang='lat' dir='ltr'><strong>quidve</strong></span> <span class='ocrx_word' id='word_1_729' title='bbox 3004 2857 3241 2910; x_wconf 88' lang='lat' dir='ltr'><strong>sanctius</strong></span> <span class='ocrx_word' id='word_1_730' title='bbox 3285 2858 3531 2912; x_wconf 71' lang='lat' dir='ltr'><strong>humanm</strong></span> <span class='ocrx_word' id='word_1_731' title='bbox 3557 2874 3653 2912; x_wconf 84' lang='lat' dir='ltr'><strong>na-</strong></span> 
     </span>
    </p>
   </div>
   <div class='ocr_carea' id='block_1_91' title="bbox 2097 2937 3652 3017">
    <p class='ocr_par' dir='ltr' id='par_1_91' title="bbox 2097 2937 3652 3017">
     <span class='ocr_line' id='line_1_92' title="bbox 2097 2937 3652 3017; baseline 0.006 -23"><span class='ocrx_word' id='word_1_732' title='bbox 2097 2949 2229 2995; x_wconf 57' lang='lat' dir='ltr'><strong>tura;</strong></span> <span class='ocrx_word' id='word_1_733' title='bbox 2257 2956 2287 2995; x_wconf 85' lang='lat' dir='ltr'><strong>a</strong></span> <span class='ocrx_word' id='word_1_734' title='bbox 2316 2941 2425 2996; x_wconf 83' lang='lat' dir='ltr'><strong>Deo</strong></span> <span class='ocrx_word' id='word_1_735' title='bbox 2452 2942 2684 2997; x_wconf 83' lang='lat' dir='ltr'><strong>conferri</strong></span> <span class='ocrx_word' id='word_1_736' title='bbox 2713 2951 2908 3011; x_wconf 91' lang='lat' dir='ltr'><strong>potest,</strong></span> <span class='ocrx_word' id='word_1_737' title='bbox 2950 2960 3113 3013; x_wconf 87' lang='lat' dir='ltr'><strong>quam</strong></span> <span class='ocrx_word' id='word_1_738' title='bbox 3158 2947 3262 3001; x_wconf 93' lang='lat' dir='ltr'><strong>hoc</strong></span> <span class='ocrx_word' id='word_1_739' title='bbox 3309 2948 3526 3010; x_wconf 88' lang='lat' dir='ltr'><strong>donum,</strong></span> <span class='ocrx_word' id='word_1_740' title='bbox 3555 2937 3652 3017; x_wconf 83' lang='lat' dir='ltr'><strong>per</strong></span> 
     </span>
    </p>
   </div>
   <div class='ocr_carea' id='block_1_92' title="bbox 2096 3031 3651 3102">
    <p class='ocr_par' dir='ltr' id='par_1_92' title="bbox 2096 3031 3651 3102">
     <span class='ocr_line' id='line_1_93' title="bbox 2096 3031 3651 3102; baseline 0.006 -19"><span class='ocrx_word' id='word_1_741' title='bbox 2096 3032 2238 3100; x_wconf 87' lang='lat' dir='ltr'><strong>quod</strong></span> <span class='ocrx_word' id='word_1_742' title='bbox 2266 3031 2451 3085; x_wconf 87' lang='lat' dir='ltr'><strong>eadem</strong></span> <span class='ocrx_word' id='word_1_743' title='bbox 2480 3040 2722 3088; x_wconf 88' lang='lat' dir='ltr'><strong>creatura</strong></span> <span class='ocrx_word' id='word_1_744' title='bbox 2750 3041 2868 3102; x_wconf 89' lang='lat' dir='ltr'><strong>post</strong></span> <span class='ocrx_word' id='word_1_745' title='bbox 2893 3035 3388 3102; x_wconf 65' lang='lat' dir='ltr'><strong>praevaricationem</strong></span> <span class='ocrx_word' id='word_1_746' title='bbox 3420 3038 3651 3092; x_wconf 91' lang='lat' dir='ltr'><strong>hominis</strong></span> 
     </span>
    </p>
   </div>
   <div class='ocr_carea' id='block_1_93' title="bbox 2098 3121 3656 3191">
    <p class='ocr_par' dir='ltr' id='par_1_93' title="bbox 2098 3121 3656 3191">
     <span class='ocr_line' id='line_1_94' title="bbox 2098 3121 3656 3191; baseline 0.003 -18"><span class='ocrx_word' id='word_1_747' title='bbox 2098 3135 2127 3173; x_wconf 89' lang='lat' dir='ltr'><strong>a</strong></span> <span class='ocrx_word' id='word_1_748' title='bbox 2154 3121 2262 3174; x_wconf 88' lang='lat' dir='ltr'><strong>Deo</strong></span> <span class='ocrx_word' id='word_1_749' title='bbox 2303 3122 2645 3175; x_wconf 83' lang='lat' dir='ltr'><strong>reconciliata</strong></span> <span class='ocrx_word' id='word_1_750' title='bbox 2695 3122 3122 3191; x_wconf 68' lang='lat' dir='ltr'><strong>cognoscitur?»</strong></span> <span class='ocrx_word' id='word_1_751' title='bbox 3174 3122 3287 3177; x_wconf 83' lang='lat' dir='ltr'><strong>Hoc</strong></span> <span class='ocrx_word' id='word_1_752' title='bbox 3328 3124 3394 3177; x_wconf 90' lang='lat' dir='ltr'><strong>de</strong></span> <span class='ocrx_word' id='word_1_753' title='bbox 3440 3125 3656 3180; x_wconf 87' lang='lat' dir='ltr'><strong>nomine</strong></span> 
     </span>
    </p>
   </div>
   <div class='ocr_carea' id='block_1_94' title="bbox 2100 3209 3648 3277">
    <p class='ocr_par' dir='ltr' id='par_1_94' title="bbox 2100 3209 3648 3277">
     <span class='ocr_line' id='line_1_95' title="bbox 2100 3209 3648 3277; baseline 0.002 -15"><span class='ocrx_word' id='word_1_754' title='bbox 2100 3209 2399 3277; x_wconf 90' lang='lat' dir='ltr'><strong>adoptionis</strong></span> <span class='ocrx_word' id='word_1_755' title='bbox 2422 3210 2569 3275; x_wconf 90' lang='lat' dir='ltr'><strong>dicit,</strong></span> <span class='ocrx_word' id='word_1_756' title='bbox 2601 3218 2655 3264; x_wconf 92' lang='lat' dir='ltr'><strong>et</strong></span> <span class='ocrx_word' id='word_1_757' title='bbox 2674 3225 2859 3265; x_wconf 89' lang='lat' dir='ltr'><strong>verum</strong></span> <span class='ocrx_word' id='word_1_758' title='bbox 2886 3210 3034 3273; x_wconf 91' lang='lat' dir='ltr'><strong>dicit,</strong></span> <span class='ocrx_word' id='word_1_759' title='bbox 3061 3210 3201 3277; x_wconf 89' lang='lat' dir='ltr'><strong>quod</strong></span> <span class='ocrx_word' id='word_1_760' title='bbox 3243 3210 3396 3263; x_wconf 92' lang='lat' dir='ltr'><strong>nobis</strong></span> <span class='ocrx_word' id='word_1_761' title='bbox 3418 3211 3648 3265; x_wconf 79' lang='lat' dir='ltr'><strong>maxima</strong></span> 
     </span>
    </p>
   </div>
   <div class='ocr_carea' id='block_1_95' title="bbox 2099 3299 3652 3372">
    <p class='ocr_par' dir='ltr' id='par_1_95' title="bbox 2099 3299 3652 3372">
     <span class='ocr_line' id='line_1_96' title="bbox 2099 3299 3652 3372; baseline 0 -19"><span class='ocrx_word' id='word_1_762' title='bbox 2099 3306 2182 3353; x_wconf 89' lang='lat' dir='ltr'><strong>est</strong></span> <span class='ocrx_word' id='word_1_763' title='bbox 2236 3300 2465 3369; x_wconf 79' lang='lat' dir='ltr'><strong>dignitas</strong></span> <span class='ocrx_word' id='word_1_764' title='bbox 2522 3299 2800 3372; x_wconf 87' lang='lat' dir='ltr'><strong>adoptivos</strong></span> <span class='ocrx_word' id='word_1_765' title='bbox 2848 3300 2941 3355; x_wconf 89' lang='lat' dir='ltr'><strong>Dei</strong></span> <span class='ocrx_word' id='word_1_766' title='bbox 2989 3300 3153 3354; x_wconf 90' lang='lat' dir='ltr'><strong>Filios</strong></span> <span class='ocrx_word' id='word_1_767' title='bbox 3202 3300 3509 3364; x_wconf 91' lang='lat' dir='ltr'><strong>nominari;</strong></span> <span class='ocrx_word' id='word_1_768' title='bbox 3559 3301 3652 3353; x_wconf 89' lang='lat' dir='ltr'><strong>sed</strong></span> 
     </span>
    </p>
   </div>
   <div class='ocr_carea' id='block_1_96' title="bbox 2100 3388 3655 3460">
    <p class='ocr_par' dir='ltr' id='par_1_96' title="bbox 2100 3388 3655 3460">
     <span class='ocr_line' id='line_1_97' title="bbox 2100 3388 3655 3460; baseline -0.001 -19"><span class='ocrx_word' id='word_1_769' title='bbox 2100 3405 2199 3457; x_wconf 90' lang='lat' dir='ltr'><strong>per</strong></span> <span class='ocrx_word' id='word_1_770' title='bbox 2232 3390 2400 3455; x_wconf 89' lang='lat' dir='ltr'><strong>illum,</strong></span> <span class='ocrx_word' id='word_1_771' title='bbox 2428 3392 2521 3460; x_wconf 90' lang='lat' dir='ltr'><strong>qui</strong></span> <span class='ocrx_word' id='word_1_772' title='bbox 2549 3405 2711 3445; x_wconf 84' lang='lat' dir='ltr'><strong>verus</strong></span> <span class='ocrx_word' id='word_1_773' title='bbox 2737 3398 2820 3445; x_wconf 90' lang='lat' dir='ltr'><strong>est</strong></span> <span class='ocrx_word' id='word_1_774' title='bbox 2848 3390 3013 3444; x_wconf 86' lang='lat' dir='ltr'><strong>Filius</strong></span> <span class='ocrx_word' id='word_1_775' title='bbox 3038 3390 3150 3443; x_wconf 88' lang='lat' dir='ltr'><strong>Dei.</strong></span> <span class='ocrx_word' id='word_1_776' title='bbox 3199 3390 3255 3443; x_wconf 86' lang='lat' dir='ltr'><strong>In</strong></span> <span class='ocrx_word' id='word_1_777' title='bbox 3286 3388 3437 3442; x_wconf 91' lang='lat' dir='ltr'><strong>nobis</strong></span> <span class='ocrx_word' id='word_1_778' title='bbox 3474 3389 3655 3454; x_wconf 88' lang='lat' dir='ltr'><strong>itaque</strong></span> 
     </span>
    </p>
   </div>
   <div class='ocr_carea' id='block_1_97' title="bbox 2101 3474 3649 3541">
    <p class='ocr_par' dir='ltr' id='par_1_97' title="bbox 2101 3474 3649 3541">
     <span class='ocr_line' id='line_1_98' title="bbox 2101 3474 3649 3541; baseline -0.001 -10"><span class='ocrx_word' id='word_1_779' title='bbox 2101 3478 2204 3532; x_wconf 90' lang='lat' dir='ltr'><strong>hoc</strong></span> <span class='ocrx_word' id='word_1_780' title='bbox 2228 3494 2417 3533; x_wconf 88' lang='lat' dir='ltr'><strong>nomen</strong></span> <span class='ocrx_word' id='word_1_781' title='bbox 2446 3480 2752 3533; x_wconf 83' lang='lat' dir='ltr'><strong>honorabile</strong></span> <span class='ocrx_word' id='word_1_782' title='bbox 2778 3488 2860 3533; x_wconf 89' lang='lat' dir='ltr'><strong>est</strong></span> <span class='ocrx_word' id='word_1_783' title='bbox 2884 3478 3057 3541; x_wconf 88' lang='lat' dir='ltr'><strong>valde,</strong></span> <span class='ocrx_word' id='word_1_784' title='bbox 3086 3477 3175 3530; x_wconf 90' lang='lat' dir='ltr'><strong>sed</strong></span> <span class='ocrx_word' id='word_1_785' title='bbox 3204 3478 3258 3529; x_wconf 87' lang='lat' dir='ltr'><strong>in</strong></span> <span class='ocrx_word' id='word_1_786' title='bbox 3282 3477 3495 3529; x_wconf 84' lang='lat' dir='ltr'><strong>Christo</strong></span> <span class='ocrx_word' id='word_1_787' title='bbox 3520 3474 3649 3539; x_wconf 83' lang='lat' dir='ltr'><strong>vile,</strong></span> 
     </span>
    </p>
   </div>
   <div class='ocr_carea' id='block_1_98' title="bbox 2102 3564 3652 3637">
    <p class='ocr_par' dir='ltr' id='par_1_98' title="bbox 2102 3564 3652 3637">
     <span class='ocr_line' id='line_1_99' title="bbox 2102 3564 3652 3637; baseline -0.001 -19"><span class='ocrx_word' id='word_1_788' title='bbox 2102 3568 2226 3635; x_wconf 85' lang='lat' dir='ltr'><strong>quia</strong></span> <span class='ocrx_word' id='word_1_789' title='bbox 2272 3566 2443 3635; x_wconf 84' lang='lat' dir='ltr'><strong>major</strong></span> <span class='ocrx_word' id='word_1_790' title='bbox 2487 3567 2716 3637; x_wconf 83' lang='lat' dir='ltr'><strong>dignitas</strong></span> <span class='ocrx_word' id='word_1_791' title='bbox 2763 3576 2845 3622; x_wconf 87' lang='lat' dir='ltr'><strong>est</strong></span> <span class='ocrx_word' id='word_1_792' title='bbox 2890 3581 3073 3619; x_wconf 89' lang='lat' dir='ltr'><strong>verum</strong></span> <span class='ocrx_word' id='word_1_793' title='bbox 3126 3580 3245 3619; x_wconf 87' lang='lat' dir='ltr'><strong>esse</strong></span> <span class='ocrx_word' id='word_1_794' title='bbox 3291 3564 3485 3618; x_wconf 88' lang='lat' dir='ltr'><strong>Filium</strong></span> <span class='ocrx_word' id='word_1_795' title='bbox 3537 3564 3652 3629; x_wconf 93' lang='lat' dir='ltr'><strong>Dei,</strong></span> 
     </span>
    </p>
   </div>
   <div class='ocr_carea' id='block_1_99' title="bbox 2101 3656 3656 3725">
    <p class='ocr_par' dir='ltr' id='par_1_99' title="bbox 2101 3656 3656 3725">
     <span class='ocr_line' id='line_1_100' title="bbox 2101 3656 3656 3725; baseline 0.001 -16"><span class='ocrx_word' id='word_1_796' title='bbox 2101 3673 2261 3725; x_wconf 87' lang='lat' dir='ltr'><strong>quam</strong></span> <span class='ocrx_word' id='word_1_797' title='bbox 2309 3657 2631 3725; x_wconf 89' lang='lat' dir='ltr'><strong>adoptivum.</strong></span> <span class='ocrx_word' id='word_1_798' title='bbox 2676 3658 2751 3711; x_wconf 91' lang='lat' dir='ltr'><strong>De</strong></span> <span class='ocrx_word' id='word_1_799' title='bbox 2797 3656 2947 3725; x_wconf 84' lang='lat' dir='ltr'><strong>cujus</strong></span> <span class='ocrx_word' id='word_1_800' title='bbox 3002 3656 3301 3725; x_wconf 86' lang='lat' dir='ltr'><strong>adoptionis</strong></span> <span class='ocrx_word' id='word_1_801' title='bbox 3349 3656 3555 3710; x_wconf 89' lang='lat' dir='ltr'><strong>ratione</strong></span> <span class='ocrx_word' id='word_1_802' title='bbox 3602 3656 3656 3710; x_wconf 92' lang='lat' dir='ltr'><strong>in</strong></span> 
     </span>
    </p>
   </div>
   <div class='ocr_carea' id='block_1_100' title="bbox 2105 3745 3658 3817">
    <p class='ocr_par' dir='ltr' id='par_1_100' title="bbox 2105 3745 3658 3817">
     <span class='ocr_line' id='line_1_101' title="bbox 2105 3745 3658 3817; baseline -0.001 -16"><span class='ocrx_word' id='word_1_803' title='bbox 2105 3748 2209 3802; x_wconf 85' lang='lat' dir='ltr'><strong>alio</strong></span> <span class='ocrx_word' id='word_1_804' title='bbox 2254 3748 2432 3803; x_wconf 86' lang='lat' dir='ltr'><strong>libello</strong></span> <span class='ocrx_word' id='word_1_805' title='bbox 2453 3746 2478 3787; x_wconf 75' lang='grc' dir='ltr'>ά</span> <span class='ocrx_word' id='word_1_806' title='bbox 2512 3757 2696 3804; x_wconf 88' lang='lat' dir='ltr'><strong>contra</strong></span> <span class='ocrx_word' id='word_1_807' title='bbox 2740 3751 2987 3804; x_wconf 87' lang='lat' dir='ltr'><strong>eumdem</strong></span> <span class='ocrx_word' id='word_1_808' title='bbox 3016 3748 3246 3802; x_wconf 84' lang='lat' dir='ltr'><strong>Felicem</strong></span> <span class='ocrx_word' id='word_1_809' title='bbox 3290 3747 3497 3817; x_wconf 90' lang='lat' dir='ltr'><strong>plenius</strong></span> <span class='ocrx_word' id='word_1_810' title='bbox 3521 3745 3658 3799; x_wconf 81' lang='lat' dir='ltr'><strong>dixi—</strong></span> 
     </span>
    </p>
   </div>
   <div class='ocr_carea' id='block_1_101' title="bbox 2104 3824 3689 3910">
    <p class='ocr_par' dir='ltr' id='par_1_101' title="bbox 2104 3824 3689 3910">
     <span class='ocr_line' id='line_1_102' title="bbox 2104 3824 3689 3910; baseline -0.005 -14"><span class='ocrx_word' id='word_1_811' title='bbox 2104 3857 2244 3906; x_wconf 88' lang='lat' dir='ltr'><strong>mus,</strong></span> <span class='ocrx_word' id='word_1_812' title='bbox 2274 3842 2654 3910; x_wconf 88' lang='lat' dir='ltr'><strong>respondentes</strong></span> <span class='ocrx_word' id='word_1_813' title='bbox 2681 3841 2891 3909; x_wconf 87' lang='lat' dir='ltr'><strong>quidem</strong></span> <span class='ocrx_word' id='word_1_814' title='bbox 2927 3838 3161 3908; x_wconf 75' lang='lat' dir='ltr'><strong>epistolat</strong></span> <span class='ocrx_word' id='word_1_815' title='bbox 3202 3836 3364 3899; x_wconf 89' lang='lat' dir='ltr'><strong>illius,</strong></span> <span class='ocrx_word' id='word_1_816' title='bbox 3395 3848 3555 3903; x_wconf 86' lang='lat' dir='ltr'><strong>quam</strong></span> <span class='ocrx_word' id='word_1_817' title='bbox 3588 3835 3657 3889; x_wconf 88' lang='lat' dir='ltr'><strong>de</strong></span> <span class='ocrx_word' id='word_1_818' title='bbox 3688 3824 3689 3827; x_wconf 40' lang='grc'><em>“</em></span> 
     </span>
    </p>
   </div>
   <div class='ocr_carea' id='block_1_102' title="bbox 2108 3924 3659 3995">
    <p class='ocr_par' dir='ltr' id='par_1_102' title="bbox 2108 3924 3659 3995">
     <span class='ocr_line' id='line_1_103' title="bbox 2108 3924 3659 3995; baseline -0.003 -11"><span class='ocrx_word' id='word_1_819' title='bbox 2108 3931 2210 3985; x_wconf 88' lang='lat' dir='ltr'><strong>hac</strong></span> <span class='ocrx_word' id='word_1_820' title='bbox 2234 3932 2423 3984; x_wconf 91' lang='lat' dir='ltr'><strong>eadem</strong></span> <span class='ocrx_word' id='word_1_821' title='bbox 2449 3931 2630 3985; x_wconf 89' lang='lat' dir='ltr'><strong>edidit.</strong></span> <span class='ocrx_word' id='word_1_822' title='bbox 2684 3930 2819 3983; x_wconf 82' lang='lat' dir='ltr'><strong>Rata</strong></span> <span class='ocrx_word' id='word_1_823' title='bbox 2850 3928 2920 3981; x_wconf 93' lang='lat' dir='ltr'><strong>ibi</strong></span> <span class='ocrx_word' id='word_1_824' title='bbox 2950 3934 3253 3981; x_wconf 89' lang='lat' dir='ltr'><strong>sanctorum</strong></span> <span class='ocrx_word' id='word_1_825' title='bbox 3280 3925 3498 3979; x_wconf 88' lang='lat' dir='ltr'><strong>Patrum</strong></span> <span class='ocrx_word' id='word_1_826' title='bbox 3543 3924 3659 3995; x_wconf 59' lang='lat' dir='ltr'><strong>pluo</strong></span> 
     </span>
    </p>
   </div>
   <div class='ocr_carea' id='block_1_103' title="bbox 2108 4014 3659 4086">
    <p class='ocr_par' dir='ltr' id='par_1_103' title="bbox 2108 4014 3659 4086">
     <span class='ocr_line' id='line_1_104' title="bbox 2108 4014 3659 4086; baseline 0 -15"><span class='ocrx_word' id='word_1_827' title='bbox 2108 4019 2242 4071; x_wconf 90' lang='lat' dir='ltr'><strong>rima</strong></span> <span class='ocrx_word' id='word_1_828' title='bbox 2267 4019 2528 4073; x_wconf 89' lang='lat' dir='ltr'><strong>habentur</strong></span> <span class='ocrx_word' id='word_1_829' title='bbox 2556 4018 2878 4082; x_wconf 88' lang='lat' dir='ltr'><strong>testimonia,</strong></span> <span class='ocrx_word' id='word_1_830' title='bbox 2910 4032 2977 4071; x_wconf 82' lang='lat' dir='ltr'><strong>ex</strong></span> <span class='ocrx_word' id='word_1_831' title='bbox 3002 4015 3197 4086; x_wconf 87' lang='lat' dir='ltr'><strong>quibus</strong></span> <span class='ocrx_word' id='word_1_832' title='bbox 3223 4014 3659 4072; x_wconf 80' lang='lat' dir='ltr'><strong>manifestissime</strong></span> 
     </span>
    </p>
   </div>
   <div class='ocr_carea' id='block_1_104' title="bbox 2106 4091 3660 4177">
    <p class='ocr_par' dir='ltr' id='par_1_104' title="bbox 2106 4091 3660 4177">
     <span class='ocr_line' id='line_1_105' title="bbox 2106 4091 3660 4177; baseline -0.001 -18"><span class='ocrx_word' id='word_1_833' title='bbox 2106 4106 2303 4175; x_wconf 88' lang='lat' dir='ltr'><strong>poterit</strong></span> <span class='ocrx_word' id='word_1_834' title='bbox 2358 4091 2683 4175; x_wconf 85' lang='lat' dir='ltr'><strong>intelligere,</strong></span> <span class='ocrx_word' id='word_1_835' title='bbox 2744 4107 2834 4175; x_wconf 89' lang='lat' dir='ltr'><strong>qui</strong></span> <span class='ocrx_word' id='word_1_836' title='bbox 2882 4106 3048 4177; x_wconf 83' lang='lat' dir='ltr'><strong>legit,</strong></span> <span class='ocrx_word' id='word_1_837' title='bbox 3101 4114 3157 4161; x_wconf 90' lang='lat' dir='ltr'><strong>et</strong></span> <span class='ocrx_word' id='word_1_838' title='bbox 3203 4106 3417 4176; x_wconf 86' lang='lat' dir='ltr'><strong>pietatis</strong></span> <span class='ocrx_word' id='word_1_839' title='bbox 3465 4106 3660 4160; x_wconf 91' lang='lat' dir='ltr'><strong>intuitu</strong></span> 
     </span>
    </p>
   </div>
   <div class='ocr_carea' id='block_1_105' title="bbox 2109 4193 3659 4272">
    <p class='ocr_par' dir='ltr' id='par_1_105' title="bbox 2109 4193 3659 4272">
     <span class='ocr_line' id='line_1_106' title="bbox 2109 4193 3659 4272; baseline -0.001 -22"><span class='ocrx_word' id='word_1_840' title='bbox 2109 4195 2429 4259; x_wconf 87' lang='lat' dir='ltr'><strong>considerat,</strong></span> <span class='ocrx_word' id='word_1_841' title='bbox 2468 4194 2737 4249; x_wconf 85' lang='lat' dir='ltr'><strong>Christum</strong></span> <span class='ocrx_word' id='word_1_842' title='bbox 2766 4194 2935 4250; x_wconf 88' lang='lat' dir='ltr'><strong>Deum</strong></span> <span class='ocrx_word' id='word_1_843' title='bbox 2974 4210 3158 4272; x_wconf 84' lang='lat' dir='ltr'><strong>verum</strong></span> <span class='ocrx_word' id='word_1_844' title='bbox 3202 4208 3321 4249; x_wconf 88' lang='lat' dir='ltr'><strong>esse</strong></span> <span class='ocrx_word' id='word_1_845' title='bbox 3346 4193 3538 4247; x_wconf 85' lang='lat' dir='ltr'><strong>Filium</strong></span> <span class='ocrx_word' id='word_1_846' title='bbox 3566 4194 3659 4248; x_wconf 89' lang='lat' dir='ltr'><strong>Dei</strong></span> 
     </span>
    </p>
   </div>
   <div class='ocr_carea' id='block_1_106' title="bbox 2110 4280 3658 4355">
    <p class='ocr_par' dir='ltr' id='par_1_106' title="bbox 2110 4280 3658 4355">
     <span class='ocr_line' id='line_1_107' title="bbox 2110 4280 3658 4355; baseline -0.003 -16"><span class='ocrx_word' id='word_1_847' title='bbox 2110 4285 2167 4339; x_wconf 91' lang='lat' dir='ltr'><strong>in</strong></span> <span class='ocrx_word' id='word_1_848' title='bbox 2209 4292 2437 4355; x_wconf 85' lang='lat' dir='ltr'><strong>utraque</strong></span> <span class='ocrx_word' id='word_1_849' title='bbox 2482 4293 2670 4339; x_wconf 88' lang='lat' dir='ltr'><strong>natura</strong></span> <span class='ocrx_word' id='word_1_850' title='bbox 2702 4303 2717 4339; x_wconf 87' lang='lat'><strong>:</strong></span> <span class='ocrx_word' id='word_1_851' title='bbox 2751 4300 2850 4340; x_wconf 89' lang='lat' dir='ltr'><strong>nos</strong></span> <span class='ocrx_word' id='word_1_852' title='bbox 2889 4300 3019 4340; x_wconf 90' lang='lat' dir='ltr'><strong>vero</strong></span> <span class='ocrx_word' id='word_1_853' title='bbox 3058 4298 3157 4353; x_wconf 87' lang='lat' dir='ltr'><strong>per</strong></span> <span class='ocrx_word' id='word_1_854' title='bbox 3202 4296 3323 4337; x_wconf 92' lang='lat' dir='ltr'><strong>eum</strong></span> <span class='ocrx_word' id='word_1_855' title='bbox 3367 4280 3658 4349; x_wconf 84' lang='lat' dir='ltr'><strong>adeptivos,</strong></span> 
     </span>
    </p>
   </div>
   <div class='ocr_carea' id='block_1_107' title="bbox 2114 4368 3661 4445">
    <p class='ocr_par' dir='ltr' id='par_1_107' title="bbox 2114 4368 3661 4445">
     <span class='ocr_line' id='line_1_108' title="bbox 2114 4368 3661 4445; baseline -0.003 -16"><span class='ocrx_word' id='word_1_856' title='bbox 2114 4374 2263 4444; x_wconf 88' lang='lat' dir='ltr'><strong>cujus</strong></span> <span class='ocrx_word' id='word_1_857' title='bbox 2287 4377 2457 4445; x_wconf 83' lang='lat' dir='ltr'><strong>gratia</strong></span> <span class='ocrx_word' id='word_1_858' title='bbox 2487 4376 2674 4431; x_wconf 86' lang='lat' dir='ltr'><strong>salvati</strong></span> <span class='ocrx_word' id='word_1_859' title='bbox 2705 4390 2915 4440; x_wconf 88' lang='lat' dir='ltr'><strong>sumus;</strong></span> <span class='ocrx_word' id='word_1_860' title='bbox 2948 4374 3037 4443; x_wconf 89' lang='lat' dir='ltr'><strong>qui</strong></span> <span class='ocrx_word' id='word_1_861' title='bbox 3068 4386 3278 4440; x_wconf 86' lang='lat' dir='ltr'><strong>semper</strong></span> <span class='ocrx_word' id='word_1_862' title='bbox 3301 4377 3354 4424; x_wconf 91' lang='lat' dir='ltr'><strong>et</strong></span> <span class='ocrx_word' id='word_1_863' title='bbox 3380 4368 3579 4439; x_wconf 89' lang='lat' dir='ltr'><strong>ubique</strong></span> <span class='ocrx_word' id='word_1_864' title='bbox 3608 4370 3661 4424; x_wconf 92' lang='lat' dir='ltr'><strong>in</strong></span> 
     </span>
    </p>
   </div>
   <div class='ocr_carea' id='block_1_108' title="bbox 2112 4457 3665 4534">
    <p class='ocr_par' dir='ltr' id='par_1_108' title="bbox 2112 4457 3665 4534">
     <span class='ocr_line' id='line_1_109' title="bbox 2112 4457 3665 4534; baseline -0.005 -15"><span class='ocrx_word' id='word_1_865' title='bbox 2112 4466 2399 4534; x_wconf 87' lang='lat' dir='ltr'><strong>Evangelio</strong></span> <span class='ocrx_word' id='word_1_866' title='bbox 2426 4466 2537 4520; x_wconf 85' lang='lat' dir='ltr'><strong>sive</strong></span> <span class='ocrx_word' id='word_1_867' title='bbox 2566 4466 2633 4519; x_wconf 89' lang='lat' dir='ltr'><strong>ab</strong></span> <span class='ocrx_word' id='word_1_868' title='bbox 2660 4463 2884 4533; x_wconf 80' lang='lat' dir='ltr'><strong>angelis,</strong></span> <span class='ocrx_word' id='word_1_869' title='bbox 2912 4460 3027 4514; x_wconf 88' lang='lat' dir='ltr'><strong>sive</strong></span> <span class='ocrx_word' id='word_1_870' title='bbox 3069 4459 3136 4513; x_wconf 89' lang='lat' dir='ltr'><strong>ab</strong></span> <span class='ocrx_word' id='word_1_871' title='bbox 3162 4457 3431 4527; x_wconf 86' lang='lat' dir='ltr'><strong>apostolis,</strong></span> <span class='ocrx_word' id='word_1_872' title='bbox 3461 4458 3573 4512; x_wconf 89' lang='lat' dir='ltr'><strong>sive</strong></span> <span class='ocrx_word' id='word_1_873' title='bbox 3598 4460 3665 4512; x_wconf 89' lang='lat' dir='ltr'><strong>ab</strong></span> 
     </span>
    </p>
   </div>
   <div class='ocr_carea' id='block_1_109' title="bbox 2114 4548 3665 4622">
    <p class='ocr_par' dir='ltr' id='par_1_109' title="bbox 2114 4548 3665 4622">
     <span class='ocr_line' id='line_1_110' title="bbox 2114 4548 3665 4622; baseline -0.004 -14"><span class='ocrx_word' id='word_1_874' title='bbox 2114 4556 2235 4609; x_wconf 88' lang='lat' dir='ltr'><strong>aliis</strong></span> <span class='ocrx_word' id='word_1_875' title='bbox 2259 4556 2477 4616; x_wconf 87' lang='lat' dir='ltr'><strong>sanctis,</strong></span> <span class='ocrx_word' id='word_1_876' title='bbox 2507 4552 2789 4622; x_wconf 86' lang='lat' dir='ltr'><strong>aliquando</strong></span> <span class='ocrx_word' id='word_1_877' title='bbox 2832 4551 2992 4606; x_wconf 89' lang='lat' dir='ltr'><strong>etiam</strong></span> <span class='ocrx_word' id='word_1_878' title='bbox 3035 4556 3090 4604; x_wconf 92' lang='lat' dir='ltr'><strong>et</strong></span> <span class='ocrx_word' id='word_1_879' title='bbox 3121 4564 3152 4603; x_wconf 81' lang='lat' dir='ltr'><strong>a</strong></span> <span class='ocrx_word' id='word_1_880' title='bbox 3188 4548 3537 4612; x_wconf 66' lang='lat' dir='ltr'><strong>dmmonihus,</strong></span> <span class='ocrx_word' id='word_1_881' title='bbox 3565 4562 3665 4602; x_wconf 89' lang='lat' dir='ltr'><strong>nec</strong></span> 
     </span>
    </p>
   </div>
   <div class='ocr_carea' id='block_1_110' title="bbox 2113 4638 3665 4712">
    <p class='ocr_par' dir='ltr' id='par_1_110' title="bbox 2113 4638 3665 4712">
     <span class='ocr_line' id='line_1_111' title="bbox 2113 4638 3665 4712; baseline -0.005 -14"><span class='ocrx_word' id='word_1_882' title='bbox 2113 4659 2219 4698; x_wconf 93' lang='lat' dir='ltr'><strong>non</strong></span> <span class='ocrx_word' id='word_1_883' title='bbox 2246 4651 2307 4705; x_wconf 87' lang='lat' dir='ltr'><strong>et</strong></span> <span class='ocrx_word' id='word_1_884' title='bbox 2334 4644 2643 4698; x_wconf 87' lang='lat' dir='ltr'><strong>centurione</strong></span> <span class='ocrx_word' id='word_1_885' title='bbox 2684 4643 2900 4697; x_wconf 90' lang='lat' dir='ltr'><strong>homine</strong></span> <span class='ocrx_word' id='word_1_886' title='bbox 2939 4656 3145 4712; x_wconf 85' lang='lat' dir='ltr'><strong>pagano</strong></span> <span class='ocrx_word' id='word_1_887' title='bbox 3191 4654 3351 4694; x_wconf 89' lang='lat' dir='ltr'><strong>verus</strong></span> <span class='ocrx_word' id='word_1_888' title='bbox 3381 4638 3546 4693; x_wconf 85' lang='lat' dir='ltr'><strong>Filius</strong></span> <span class='ocrx_word' id='word_1_889' title='bbox 3571 4638 3665 4691; x_wconf 88' lang='lat' dir='ltr'><strong>Dei</strong></span> 
     </span>
    </p>
   </div>
   <div class='ocr_carea' id='block_1_111' title="bbox 2112 4728 3661 4800">
    <p class='ocr_par' dir='ltr' id='par_1_111' title="bbox 2112 4728 3661 4800">
     <span class='ocr_line' id='line_1_112' title="bbox 2112 4728 3661 4800; baseline -0.005 -13"><span class='ocrx_word' id='word_1_890' title='bbox 2112 4732 2435 4788; x_wconf 87' lang='lat' dir='ltr'><strong>nominatur.</strong></span> <span class='ocrx_word' id='word_1_891' title='bbox 2478 4732 2645 4800; x_wconf 84' lang='lat' dir='ltr'><strong>Quem</strong></span> <span class='ocrx_word' id='word_1_892' title='bbox 2681 4734 2822 4787; x_wconf 89' lang='lat' dir='ltr'><strong>enim</strong></span> <span class='ocrx_word' id='word_1_893' title='bbox 2864 4733 3025 4787; x_wconf 86' lang='lat' dir='ltr'><strong>alium</strong></span> <span class='ocrx_word' id='word_1_894' title='bbox 3048 4731 3182 4786; x_wconf 90' lang='lat' dir='ltr'><strong>vidit</strong></span> <span class='ocrx_word' id='word_1_895' title='bbox 3211 4729 3298 4783; x_wconf 89' lang='lat' dir='ltr'><strong>ille</strong></span> <span class='ocrx_word' id='word_1_896' title='bbox 3326 4728 3568 4783; x_wconf 89' lang='lat' dir='ltr'><strong>centurio</strong></span> <span class='ocrx_word' id='word_1_897' title='bbox 3607 4728 3661 4781; x_wconf 92' lang='lat' dir='ltr'><strong>in</strong></span> 
     </span>
    </p>
   </div>
   <div class='ocr_carea' id='block_1_112' title="bbox 2114 4816 3669 4894">
    <p class='ocr_par' dir='ltr' id='par_1_112' title="bbox 2114 4816 3669 4894">
     <span class='ocr_line' id='line_1_113' title="bbox 2114 4816 3669 4894; baseline -0.007 -14"><span class='ocrx_word' id='word_1_898' title='bbox 2114 4839 2275 4880; x_wconf 91' lang='lat' dir='ltr'><strong>cruce</strong></span> <span class='ocrx_word' id='word_1_899' title='bbox 2320 4824 2676 4894; x_wconf 88' lang='lat' dir='ltr'><strong>pendentem,</strong></span> <span class='ocrx_word' id='word_1_900' title='bbox 2728 4825 2832 4879; x_wconf 90' lang='lat' dir='ltr'><strong>nisi</strong></span> <span class='ocrx_word' id='word_1_901' title='bbox 2881 4838 3040 4889; x_wconf 84' lang='lat' dir='ltr'><strong>quem</strong></span> <span class='ocrx_word' id='word_1_902' title='bbox 3090 4821 3227 4875; x_wconf 83' lang='lat' dir='ltr'><strong>mori</strong></span> <span class='ocrx_word' id='word_1_903' title='bbox 3277 4816 3565 4874; x_wconf 75' lang='lat' dir='ltr'><strong>cernebat?</strong></span> <span class='ocrx_word' id='word_1_904' title='bbox 3613 4825 3669 4870; x_wconf 91' lang='lat' dir='ltr'><strong>et</strong></span> 
     </span>
    </p>
   </div>
   <div class='ocr_carea' id='block_1_113' title="bbox 2119 4907 3671 4970">
    <p class='ocr_par' dir='ltr' id='par_1_113' title="bbox 2119 4907 3671 4970">
     <span class='ocr_line' id='line_1_114' title="bbox 2119 4907 3671 4970; baseline -0.005 -1"><span class='ocrx_word' id='word_1_905' title='bbox 2119 4915 2262 4970; x_wconf 89' lang='lat' dir='ltr'><strong>hunc</strong></span> <span class='ocrx_word' id='word_1_906' title='bbox 2310 4930 2430 4970; x_wconf 90' lang='lat' dir='ltr'><strong>esse</strong></span> <span class='ocrx_word' id='word_1_907' title='bbox 2471 4931 2655 4970; x_wconf 88' lang='lat' dir='ltr'><strong>verum</strong></span> <span class='ocrx_word' id='word_1_908' title='bbox 2697 4914 2891 4969; x_wconf 89' lang='lat' dir='ltr'><strong>Filium</strong></span> <span class='ocrx_word' id='word_1_909' title='bbox 2936 4913 3029 4967; x_wconf 86' lang='lat' dir='ltr'><strong>Dei</strong></span> <span class='ocrx_word' id='word_1_910' title='bbox 3084 4909 3357 4966; x_wconf 78' lang='lat' dir='ltr'><strong>confessus</strong></span> <span class='ocrx_word' id='word_1_911' title='bbox 3409 4912 3511 4960; x_wconf 87' lang='lat' dir='ltr'><strong>est.</strong></span> <span class='ocrx_word' id='word_1_912' title='bbox 3568 4907 3671 4961; x_wconf 89' lang='lat' dir='ltr'><strong>Vos</strong></span> 
     </span>
    </p>
   </div>
   <div class='ocr_carea' id='block_1_114' title="bbox 2120 4989 3672 5063">
    <p class='ocr_par' dir='ltr' id='par_1_114' title="bbox 2120 4989 3672 5063">
     <span class='ocr_line' id='line_1_115' title="bbox 2120 4989 3672 5063; baseline -0.004 -10"><span class='ocrx_word' id='word_1_913' title='bbox 2120 5015 2249 5055; x_wconf 89' lang='lat' dir='ltr'><strong>vero</strong></span> <span class='ocrx_word' id='word_1_914' title='bbox 2282 5000 2533 5057; x_wconf 80' lang='lat' dir='ltr'><strong>Ecclesiae</strong></span> <span class='ocrx_word' id='word_1_915' title='bbox 2573 5000 2687 5063; x_wconf 83' lang='lat' dir='ltr'><strong>lilii,</strong></span> <span class='ocrx_word' id='word_1_916' title='bbox 2732 5000 2855 5055; x_wconf 86' lang='lat' dir='ltr'><strong>licet</strong></span> <span class='ocrx_word' id='word_1_917' title='bbox 2895 4998 3108 5053; x_wconf 87' lang='lat' dir='ltr'><strong>nomine</strong></span> <span class='ocrx_word' id='word_1_918' title='bbox 3131 5006 3304 5057; x_wconf 85' lang='lat' dir='ltr'><strong>tenus,</strong></span> <span class='ocrx_word' id='word_1_919' title='bbox 3328 5006 3449 5047; x_wconf 88' lang='lat' dir='ltr'><strong>cum</strong></span> <span class='ocrx_word' id='word_1_920' title='bbox 3470 4989 3672 5048; x_wconf 67' lang='lat' dir='ltr'><strong>ludatis</strong></span> 
     </span>
    </p>
   </div>
   <div class='ocr_carea' id='block_1_115' title="bbox 2122 5080 3668 5175">
    <p class='ocr_par' dir='ltr' id='par_1_115' title="bbox 2122 5080 3668 5175">
     <span class='ocr_line' id='line_1_116' title="bbox 2122 5080 3668 5175; baseline -0.006 -30"><span class='ocrx_word' id='word_1_921' title='bbox 2122 5088 2352 5158; x_wconf 86' lang='lat' dir='ltr'><strong>objicitis</strong></span> <span class='ocrx_word' id='word_1_922' title='bbox 2391 5088 2604 5146; x_wconf 88' lang='lat' dir='ltr'><strong>Christo</strong></span> <span class='ocrx_word' id='word_1_923' title='bbox 2647 5089 2787 5159; x_wconf 88' lang='lat' dir='ltr'><strong>quod</strong></span> <span class='ocrx_word' id='word_1_924' title='bbox 2831 5088 3052 5143; x_wconf 80' lang='lat' dir='ltr'><strong>dixisset</strong></span> <span class='ocrx_word' id='word_1_925' title='bbox 3094 5099 3152 5139; x_wconf 88' lang='lat' dir='ltr'><strong>se</strong></span> <span class='ocrx_word' id='word_1_926' title='bbox 3187 5097 3306 5138; x_wconf 85' lang='lat' dir='ltr'><strong>esse</strong></span> <span class='ocrx_word' id='word_1_927' title='bbox 3329 5080 3525 5175; x_wconf 80' lang='lat' dir='ltr'><strong>Filium</strong></span> <span class='ocrx_word' id='word_1_928' title='bbox 3552 5082 3668 5145; x_wconf 88' lang='lat' dir='ltr'><strong>Dei,</strong></span> 
     </span>
    </p>
   </div>
   <div class='ocr_carea' id='block_1_116' title="bbox 2127 5207 3668 5289">
    <p class='ocr_par' dir='ltr' id='par_1_116' title="bbox 2127 5207 3668 5289">
     <span class='ocr_line' id='line_1_117' title="bbox 2127 5207 3668 5289; baseline -0.007 -12"><span class='ocrx_word' id='word_1_929' title='bbox 2127 5220 2565 5286; x_wconf 78' lang='lat' dir='ltr'><strong>Maximianistis;</strong></span> <span class='ocrx_word' id='word_1_930' title='bbox 2609 5220 2759 5289; x_wconf 79' lang='lat' dir='ltr'><strong>cujus</strong></span> <span class='ocrx_word' id='word_1_931' title='bbox 2781 5207 3057 5289; x_wconf 74' lang='lat' dir='ltr'><strong>utriusque</strong></span> <span class='ocrx_word' id='word_1_932' title='bbox 3088 5214 3146 5269; x_wconf 88' lang='lat' dir='ltr'><strong>S.</strong></span> <span class='ocrx_word' id='word_1_933' title='bbox 3175 5212 3313 5289; x_wconf 52' lang='lat' dir='ltr'><strong>Aug.</strong></span> <span class='ocrx_word' id='word_1_934' title='bbox 3342 5214 3585 5269; x_wconf 88' lang='lat' dir='ltr'><strong>meminit</strong></span> <span class='ocrx_word' id='word_1_935' title='bbox 3613 5214 3668 5267; x_wconf 90' lang='lat' dir='ltr'><strong>in</strong></span> 
     </span>
    </p>
   </div>
   <div class='ocr_carea' id='block_1_117' title="bbox 2125 5284 3671 5360">
    <p class='ocr_par' dir='ltr' id='par_1_117' title="bbox 2125 5284 3671 5360">
     <span class='ocr_line' id='line_1_118' title="bbox 2125 5284 3671 5360; baseline -0.007 -15"><span class='ocrx_word' id='word_1_936' title='bbox 2125 5291 2245 5345; x_wconf 82' lang='lat' dir='ltr'><strong>libr.</strong></span> <span class='ocrx_word' id='word_1_937' title='bbox 2276 5307 2314 5345; x_wconf 86' lang='grc' dir='ltr'><strong>ιι</strong></span> <span class='ocrx_word' id='word_1_938' title='bbox 2337 5284 2600 5355; x_wconf 81' lang='lat' dir='ltr'><strong>Retract.,</strong></span> <span class='ocrx_word' id='word_1_939' title='bbox 2640 5284 2756 5360; x_wconf 68' lang='lat' dir='ltr'><strong>cap.</strong></span> <span class='ocrx_word' id='word_1_940' title='bbox 2787 5288 2855 5342; x_wconf 76' lang='lat'><strong>29</strong></span> <span class='ocrx_word' id='word_1_941' title='bbox 2878 5293 2933 5341; x_wconf 89' lang='lat' dir='ltr'><strong>et</strong></span> <span class='ocrx_word' id='word_1_942' title='bbox 2957 5284 3065 5351; x_wconf 77' lang='lat'><strong>35;</strong></span> <span class='ocrx_word' id='word_1_943' title='bbox 3117 5286 3210 5341; x_wconf 88' lang='lat' dir='ltr'><strong>sed</strong></span> <span class='ocrx_word' id='word_1_944' title='bbox 3236 5284 3377 5339; x_wconf 78' lang='lat' dir='ltr'><strong>nunc</strong></span> <span class='ocrx_word' id='word_1_945' title='bbox 3422 5290 3671 5337; x_wconf 87' lang='lat' dir='ltr'><strong>neutrum</strong></span> 
     </span>
    </p>
   </div>
   <div class='ocr_carea' id='block_1_118' title="bbox 2124 5366 3233 5493">
    <p class='ocr_par' dir='ltr' id='par_1_118' title="bbox 2124 5366 3233 5493">
     <span class='ocr_line' id='line_1_119' title="bbox 2124 5366 3233 5493; baseline -0.007 -10"><span class='ocrx_word' id='word_1_946' title='bbox 2124 5366 2420 5493; x_wconf 44' lang='lat' dir='ltr'><strong>“ibidem,</strong></span> <span class='ocrx_word' id='word_1_947' title='bbox 2449 5434 2602 5483; x_wconf 86' lang='lat' dir='ltr'><strong>tract.</strong></span> <span class='ocrx_word' id='word_1_948' title='bbox 2628 5424 2773 5493; x_wconf 89' lang='lat' dir='ltr'><strong>cvin</strong></span> <span class='ocrx_word' id='word_1_949' title='bbox 2799 5421 2974 5493; x_wconf 78' lang='lat' dir='ltr'><strong>Joan.,</strong></span> <span class='ocrx_word' id='word_1_950' title='bbox 3004 5435 3152 5479; x_wconf 87' lang='lat' dir='ltr'><strong>num.</strong></span> <span class='ocrx_word' id='word_1_951' title='bbox 3180 5422 3233 5476; x_wconf 71' lang='grc' dir='ltr'><strong>ὅ.</strong></span> 
     </span>
    </p>
   </div>
   <div class='ocr_carea' id='block_1_119' title="bbox 2190 5486 3673 5556">
    <p class='ocr_par' dir='ltr' id='par_1_119' title="bbox 2190 5486 3673 5556">
     <span class='ocr_line' id='line_1_120' title="bbox 2190 5486 3673 5556; baseline -0.006 -5"><span class='ocrx_word' id='word_1_952' title='bbox 2190 5497 2217 5536; x_wconf 70' lang='grc' dir='ltr'>ά</span> <span class='ocrx_word' id='word_1_953' title='bbox 2255 5497 2324 5551; x_wconf 82' lang='lat' dir='ltr'><strong>In</strong></span> <span class='ocrx_word' id='word_1_954' title='bbox 2344 5486 2449 5555; x_wconf 74' lang='lat' dir='ltr'><strong>alio</strong></span> <span class='ocrx_word' id='word_1_955' title='bbox 2478 5494 2668 5549; x_wconf 79' lang='lat' dir='ltr'><strong>libello.</strong></span> <span class='ocrx_word' id='word_1_956' title='bbox 2693 5491 2786 5547; x_wconf 88' lang='lat' dir='ltr'><strong>Illo</strong></span> <span class='ocrx_word' id='word_1_957' title='bbox 2814 5486 3080 5556; x_wconf 73' lang='lat' dir='ltr'><strong>fortassis,</strong></span> <span class='ocrx_word' id='word_1_958' title='bbox 3103 5499 3260 5556; x_wconf 81' lang='lat' dir='ltr'><strong>quem</strong></span> <span class='ocrx_word' id='word_1_959' title='bbox 3284 5488 3351 5543; x_wconf 88' lang='lat' dir='ltr'><strong>ad</strong></span> <span class='ocrx_word' id='word_1_960' title='bbox 3376 5486 3673 5543; x_wconf 84' lang='lat' dir='ltr'><strong>monachos</strong></span> 
     </span>
    </p>
   </div>
   <div class='ocr_carea' id='block_1_120' title="bbox 2123 5556 3303 5635">
    <p class='ocr_par' dir='ltr' id='par_1_120' title="bbox 2123 5556 3303 5635">
     <span class='ocr_line' id='line_1_121' title="bbox 2123 5556 3303 5635; baseline -0.01 -12"><span class='ocrx_word' id='word_1_961' title='bbox 2123 5566 2327 5625; x_wconf 65' lang='lat' dir='ltr'><strong>Gothiae</strong></span> <span class='ocrx_word' id='word_1_962' title='bbox 2355 5565 2591 5635; x_wconf 78' lang='lat' dir='ltr'><strong>scripsit,</strong></span> <span class='ocrx_word' id='word_1_963' title='bbox 2620 5577 2780 5634; x_wconf 82' lang='lat' dir='ltr'><strong>supra</strong></span> <span class='ocrx_word' id='word_1_964' title='bbox 2810 5578 2840 5617; x_wconf 82' lang='lat' dir='ltr'><strong>s</strong></span> <span class='ocrx_word' id='word_1_965' title='bbox 2868 5561 3020 5618; x_wconf 80' lang='lat' dir='ltr'><strong>nobis</strong></span> <span class='ocrx_word' id='word_1_966' title='bbox 3047 5556 3303 5614; x_wconf 80' lang='lat' dir='ltr'><strong>exhibito.</strong></span> 
     </span>
    </p>
   </div>
  </div>
