4192 6174
467 182 563 237 155

1303 183 1362 238 Β.
1405 184 1463 238 ι’.
1501 133 1725 239 ALBINI
1767 185 1895 240 SEU
1937 181 2206 238 ALCUINI
2245 181 2523 238 OPERUM
2564 183 2854 241 PARS-III.

3591 186 3695 242 156

461 312 561 351 nec
610 310 715 353 non
761 305 815 351 et
865 314 1004 352 nunc
1045 298 1098 352 in
1144 298 1269 352 sede
1316 306 1551 366 paterna:
1595 297 1892 365 majestatis
1936 313 2024 350 re-
2054 301 2102 356 Α
2132 296 2182 347 in
2209 295 2416 349 duabus
2459 297 2667 350 naturis
2709 298 2762 350 in
2791 295 2909 350 Filii
2946 299 3178 364 nomine,
3208 314 3327 368 quae
3353 309 3476 355 ante
3504 299 3605 356 fuit
3635 310 3693 359 In

461 397 736 456 gnsutem,
782 396 836 440 et
882 388 934 442 in
978 389 1173 442 throno
1217 388 1452 443 emlestis
1499 388 1681 456 glorise
1725 387 2022 451 sedentem,

459 494 619 547 quem
649 478 845 532 adorat
886 481 1062 532 omnis
1106 481 1388 532 multitudo
1423 479 1751 548 angelorum,
1781 487 1837 533 et
1861 478 2025 532 millia

460 569 685 622 millium
736 570 1041 624 ministrant
1091 571 1162 633 ei,
1208 570 1361 640 cujus
1407 579 1644 638 potestas
1685 579 1769 624 est
1799 581 2023 636 :rtcrna,

457 667 510 710 et
542 658 685 727 regni
711 659 826 727 ejus
848 675 950 713 non
972 660 1076 713 erit
1101 659 1240 722 ﬁnis,
1264 661 1459 714 vestris
1483 661 1655 715 adhuc
1683 661 2025 729 blasphemiis

459 747 648 800 Filium
678 750 950 818 proprium
981 759 1035 803 et
1058 765 1240 803 verum
1271 750 1436 803 Deum
1467 765 1663 819 negare
1697 766 1802 804 non
1834 752 2026 804 metuio

460 836 544 888 tis.
593 835 722 888 Nam
750 848 802 889 et
829 839 897 890 ob
927 839 1026 891 hoc
1061 839 1222 891 etiam
1267 848 1638 892 antecessores
1669 841 1829 892 vestri
1855 837 2022 892 Judzei

456 927 992 996 Cln'istum’lapidure
1018 931 1318 993 voluerunt,
1350 932 1474 999 quia
1499 921 1668 985 dixit:
1698 931 1864 984 Multa
1889 932 2036 985 bona-

457 1034 612 1087 opera
639 1021 835 1073 ostendi
864 1021 1001 1074 robis
1021 1039 1087 1076 ex
1111 1023 1266 1074 Putre
1293 1039 1422 1086 iuro,
1449 1032 1657 1092 pmpter
1682 1024 1819 1092 quod
1845 1041 2022 1077 eorum

459 1123 585 1175 opus
636 1125 731 1173 me
760 1110 908 1164 vultis
955 1111 1234 1181 lapidare?
1281 1113 1485 1178 Quibus
1542 1107 2019 1182 respondi-miluus:
2058 1162 2063 1168 .

459 1191 533 1248 De
563 1213 712 1265 apere
754 1199 883 1252 bono
913 1218 1012 1253 non
1038 1202 1329 1270 lapidumus
1368 1212 1432 1264 te,
1464 1203 1553 1254 sed
1579 1203 1642 1255 de
1683 1201 2019 1272 blasphemia,

453 1290 577 1357 quia
622 1299 676 1341 tu
721 1308 848 1359 ipse,
897 1291 1046 1344 homo
1096 1309 1212 1344 cum
1259 1295 1350 1357 sis,
1396 1295 1528 1361 fucis
1573 1303 1620 1346 te
1663 1296 1830 1363 ipsum
1857 1292 2021 1346 Deum

458 1379 636 1450 (—loan.
666 1381 832 1444 x,5:’.,
864 1384 973 1451 53).
1027 1384 1277 1454 Idemque
1315 1385 1379 1439 de
1409 1386 1726 1455 paralytieo,
1773 1386 1859 1439 cui
1909 1386 2022 1453 ipse

455 1471 532 1524 ait
557 1489 568 1523 :
599 1470 946 1524 Dimittuntur
972 1474 1084 1536 tibi,
1103 1473 1201 1540 liii,
1225 1484 1433 1542 peccatu
1463 1484 1574 1535 (ita,
1599 1474 1897 1528 invidentes
1925 1472 2020 1526 Ju-

456 1559 553 1613 d.ei
584 1560 833 1614 dixerunt
863 1561 1003 1614 inter
1028 1578 1084 1614 se
1111 1579 1123 1612 :
1153 1562 1281 1626 Quis
1310 1573 1471 1632 potest
1503 1573 1711 1633 peccata
1739 1563 2018 1627 dimittere,

2129 396 2231 452 una
2278 384 2601 438 substantia.
2650 385 2707 438 In
2750 389 3116 456 assumptione
3165 404 3397 460 namque
3441 392 3620 448 carnis
3659 410 3691 448 a

2127 475 2256 537 Deo,
2284 489 2511 544 persona
2554 477 2693 543 perit
2740 478 2991 543 hominis,
3038 493 3148 533 non
3189 489 3401 534 natura.
3450 481 3508 535 In
3535 485 3694 538 nobis

2125 572 2208 618 est
2232 579 2457 632 persona
2484 565 2802 634 adoptionis,
2836 583 2942 621 non
2991 569 3042 621 in
3079 568 3213 623 Filio
3242 570 3356 634 Dei,
3405 572 3530 639 quia
3574 574 3692 626 sin-

2125 655 2385 721 gulariter
2429 655 2515 708 ille
2559 671 2696 709 unus
2740 658 2900 711 homo
2945 672 3010 712 ex
3054 658 3164 712 Deo
3209 669 3516 729 conceptus,
3546 670 3602 716 et
3635 663 3681 716 is

2127 745 2293 798 Deum
2321 754 2626 815 assumptus
2652 746 2810 800 habet
2833 748 3211 816 preprietatem
3239 749 3404 804 Filius
3427 751 3519 804 Dei
3547 763 3684 816 esse,

2126 835 2268 903 quod
2298 849 2485 890 omnes
2528 837 2697 889 sancti
2747 837 2943 890 habent
2989 853 3086 907 per
3127 839 3470 907 adoptionem
3503 842 3690 910 gratia

2125 924 2239 985 Dei,
2265 925 2357 992 qui
2389 924 2570 977 habitu
2620 925 2869 979 inventus
2895 935 2952 980 ut
2980 928 3158 997 homo,
3202 931 3293 984 sed
3320 931 3596 987 divinitate
3629 940 3691 985 ut

2125 1013 2287 1070 Deus.
2338 1014 2446 1069 Nec
2485 1016 2538 1068 in
2580 1015 2665 1068 illa
2705 1019 3066 1085 assumptione
3094 1019 3230 1074 alius
3255 1029 3336 1074 est
3363 1022 3522 1085 Deus,
3554 1024 3690 1080 alius

2127 1106 2306 1166 homo,
2336 1105 2419 1159 vel
2465 1105 2601 1159 alius
2630 1085 2796 1160 Filius
2823 1107 2936 1170 Dei,
2979 1116 3035 1161 et
3077 1109 3214 1163 alius
3254 1109 3394 1165 ﬁlius
3419 1113 3685 1180 Virginis:

2125 1194 2218 1248 sed
2263 1194 2403 1248 idcui
2450 1204 2532 1248 est
2561 1195 2727 1249 Filius
2755 1197 2867 1260 Dei,
2902 1198 2991 1266 qui
3041 1208 3093 1252 et
3143 1200 3281 1254 ﬁlius
3306 1202 3540 1272 Virginis
3583 1219 3598 1257 :
3633 1213 3688 1259 et

2127 1288 2265 1340 idem
2293 1288 2430 1340 lilius
2462 1289 2712 1356 Virginis,
2743 1291 2834 1358 qui
2875 1298 2929 1343 et
2970 1290 3136 1345 Filius
3165 1291 3257 1344 Dei
3305 1310 3317 1344 :
3362 1301 3421 1346 ut
3451 1295 3520 1347 sit
3551 1310 3690 1359 unus

2125 1377 2291 1430 Filius
2319 1379 2479 1430 etiam
2505 1378 2751 1446 proprius
2784 1389 2837 1433 et
2862 1379 3130 1448 perlectus
3161 1381 3213 1434 in
3243 1382 3447 1436 intubus
3483 1385 3689 1438 naturis

2127 1468 2218 1521 Dei
2249 1475 2302 1522 et
2329 1467 2577 1522 hominis.
2631 1468 2704 1522 De
2730 1485 2836 1539 quo
2866 1471 3026 1524 etiam
3053 1471 3252 1526 Christi
3287 1471 3473 1525 habitu
3499 1473 3689 1528 beatus

2123 1560 2450 1630 Augustinus
2498 1562 2574 1615 ait
2615 1575 2639 1602 ο
2686 1581 2699 1616 :
2750 1582 2766 1613 ι
2812 1564 2901 1618 Sic
2950 1574 3255 1633 assumptus
3290 1576 3372 1620 est
3415 1568 3594 1630 homo,
3631 1575 3692 1621 ut

456 1650 557 1703 nisi
587 1650 730 1705 solus
750 1649 889 1704 Deus
920 1651 1110 1720 (.llarc.
1145 1670 1202 1716 Il,
1236 1653 1386 1722 5-7)?
1413 1653 1616 1719 Quibus
1641 1653 1885 1707 Christus
1917 1670 2020 1708 nou
2052 1659 2096 1719 Β
2122 1650 2406 1719 proliceret
2430 1649 2611 1721 [Αιιση
2638 1653 3084 1726 comminaretur]
3123 1657 3174 1708 in
3206 1656 3415 1720 melius,
3447 1667 3500 1711 et
3528 1659 3595 1711 ah
3620 1674 3686 1712 eo

453 1741 624 1796 solum
653 1759 802 1807 voce,
831 1746 922 1798 sed
949 1746 1110 1798 etiam
1140 1748 1280 1802 facto
1306 1761 1362 1799 se
1384 1745 1669 1799 ostendens
1697 1747 1856 1798 Deum
1882 1761 2019 1811 esse,

452 1834 544 1901 qui
579 1842 632 1886 et
673 1833 812 1888 ﬁlius
850 1835 1085 1889 hominis
1118 1845 1219 1900 est,
1263 1837 1339 1890 ait
1377 1837 1517 1890 illis:
1550 1837 1689 1901 Quid
1715 1847 1787 1890 est
1813 1838 2022 1906 [acilius

395 1939 400 1944 ’
453 1923 645 1985 dicere,
688 1924 1022 1978 dimittuntur
1063 1925 1156 1979 tibi
1194 1937 1426 1996 peccata,
1472 1945 1540 1981 un
1577 1929 1768 1992 dicere,
1797 1946 1948 1999 surge
1973 1940 2020 1982 ct

454 2016 706 2070 anibu/n?
745 2015 809 2070 Ut
840 2019 1014 2072 sciatis
1032 2031 1229 2085 autent,
1259 2023 1381 2091 quia
1411 2021 1581 2076 Filius
1618 2024 1841 2076 hominis
1879 2034 2024 2092 pote-

451 2115 633 2159 statem
659 2107 808 2161 habet
841 2111 893 2162 in
924 2120 1064 2164 terra
1086 2112 1378 2165 dimittendi
1409 2123 1638 2182 peccata,
1667 2122 1791 2167 tunc
1820 2114 1894 2165 ait
1922 2131 2020 2182 pa-

453 2189 709 2267 ralytico:
735 2201 900 2271 Surge
927 2213 974 2256 et
1001 2204 1209 2257 anibula
1237 2205 1423 2272 (lbid.,
1449 2206 1498 2262 9,
1527 2204 1628 2275 I0),
1648 2213 1700 2258 et
1724 2207 1903 2259 statim
1929 2223 2007 2259 sa-

449 2306 555 2349 nus
582 2290 752 2350 factus
774 2303 854 2345 est
885 2295 1064 2348 homo.
1093 2294 1290 2349 Sumus
1315 2297 1513 2365 itaque,
1541 2308 1597 2350 ut
1619 2299 1712 2360 ait,
1744 2299 1824 2350 vel
1851 2299 2018 2367 magis

452 2397 507 2441 ut
534 2385 822 2456 Apostolus
863 2387 960 2451 ait,
995 2407 1055 2445 os
1099 2402 1164 2445 ex
1204 2389 1439 2451 ossibus,
1485 2399 1537 2443 et
1585 2406 1714 2444 caro
1744 2392 1809 2444 de
1851 2407 2016 2445 carne

448 2479 562 2547 ejus
591 2499 602 2533 :
649 2497 752 2535 non
780 2481 948 2552 808
974 2484 1324 2553 sicut-prima
1372 2494 1545 2539 mater
1588 2480 1695 2540 Eva
1728 2477 2018 2540 carnaliter

447 2573 704 2626 aediﬁcata
729 2584 812 2626 est
854 2575 920 2627 de
951 2584 1101 2628 costa
1133 2575 1264 2640 viri;
1300 2579 1394 2630 sed
1423 2577 1730 2645 specialiter
1757 2579 2015 2648 sanguine

447 2662 666 2727 Christi,
699 2665 790 2731 qui
822 2665 886 2717 de
914 2665 1082 2719 latere
1109 2663 1223 2730 ejus
1249 2666 1449 2721 ell‘usus
1493 2677 1604 2731 est;
1642 2669 1901 2738 redempti
1936 2671 2012 2724 si-

447 2755 661 2824 quidem
708 2772 900 2826 nuigno
927 2759 1102 2825 pretio
1129 2757 1245 2811 Filii
1273 2760 1385 2820 Dei,
1415 2776 1520 2814 non
1567 2745 1852 2828 cujuslibet
1881 2765 2011 2818 ado-

445 2845 595 2914 piivi.
627 2844 961 2915 Quapmpter
995 2857 1049 2902 et
1073 2847 1358 2918 Apostolus
1385 2851 1460 2904 ait
1504 2869 1519 2906 :
1568 2850 1872 2933 Mysterium
1915 2854 2012 2908 hoc

446 2951 690 3003 magnum
740 2948 814 2990 est
847 2937 1060 3008 (Ep/res.
1090 2956 1143 3004 v,
1179 2940 1300 3010 5‘3);
1338 2943 1651 3012 mysterium
1688 2945 2010 3006 nominavit,

445 3027 586 3094 quod
633 3028 830 3082 factum
861 3040 1067 3099 gestum
1103 3040 1185 3087 est
1224 3033 1275 3087 in
1306 3034 1474 3087 Adam
1506 3043 1560 3087 et
1586 3035 1715 3097 Eva,
1748 3035 1872 3103 quia
1905 3035 2014 3105 spi-

446 3119 678 3174 ritaliter
705 3123 804 3176 hoc
847 3124 898 3176 in
932 3125 1082 3178 nolis
1119 3136 1297 3179 aetum
1326 3134 1426 3180 est.
1460 3125 1584 3180 Ideo
1615 3121 1898 3180 lactus'est
1927 3127 2012 3182 ille

446 3223 606 3263 verus
632 3211 799 3264 Filius
827 3214 938 3278 Dei,
966 3215 1118 3282 cujus
1143 3216 1357 3284 sanguis
1384 3232 1480 3284 pro
1503 3219 1656 3273 nobis
1684 3217 1883 3274 effusus
1908 3228 2010 3284 est,

444 3306 504 3350 ut
537 3316 631 3352 nos
654 3302 919 3368 possimus
947 3318 1064 3357 esse
1099 3305 1329 3374 adoptivi
1363 3323 1456 3375 per
1486 3291 1652 3361 ilium.

519 3387 625 3442 XII.
657 3389 918 3460 Proponis
943 3410 1153 3463 quoque
1188 3395 1488 3464 hujusmodi
1530 3409 1901 3470 argumentum
1932 3401 2012 3455 di—

442 3495 630 3534 censzt
655 3481 806 3544 Quod
834 3484 876 3536 si
903 3485 1040 3538 idem
1058 3486 1381 3557 Redemptor
1407 3498 1590 3544 uoster
1618 3492 1670 3545 in
1700 3507 1862 3546 carne
1890 3508 2008 3556 sua,

351 3635 354 3640 η
442 3587 602 3642 quam
642 3586 706 3625 ex
757 3564 908 3626 utero
935 3576 1168 3644 Virginis
1201 3581 1268 3631 ab
1315 3581 1428 3649 ipso
1465 3583 1714 3636 videlicet
1748 3591 2009 3651 conceptu
2054 3635 2058 3639 .

441 3662 696 3731 suscepit,
725 3663 1007 3732 adoptivus
1043 3668 1180 3734 apud
1208 3665 1420 3722 Patrem
1457 3687 1562 3724 non
1593 3680 1694 3734 est,
1732 3660 1823 3724 sed
1851 3687 2011 3726 verus

441 3760 496 3819 et
540 3753 788 3822 proprius
832 3753 1028 3819 Filius,
1079 3757 1206 3824 quid
1257 3765 1528 3826 superest,
1581 3759 1681 3811 nisi
1730 3768 1791 3812 ut
1823 3760 2008 3813 eadem

440 3857 583 3895 caro
607 3844 723 3911 ejus
765 3847 869 3898 non
910 3848 974 3900 de
1011 3864 1186 3902 massa
1219 3850 1436 3904 humani
1481 3851 1713 3920 generis,
1745 3867 1917 3921 neque
1945 3853 2012 3907 de

443 3948 604 3986 carne
650 3937 842 3987 matris
869 3938 940 3990 sit
969 3951 1146 3993 creata
1191 3950 1244 3996 et
1286 3941 1446 4007 facta,
1488 3943 1582 3997 sed
1608 3943 1674 3997 de
1709 3945 2010 4000 substantia

411 4022 640 4085 .Patris,
673 4024 812 4077 sicut
845 4033 900 4076 et
944 4026 1240 4084 divinitatis
1267 4031 1380 4098 ejus
1413 4035 1703 4102 generata?
1735 4057 1752 4087 ι
1808 4035 2009 4106 Propo-

443 4131 567 4168 nam
598 4124 651 4171 et
693 4131 793 4187 ego
827 4129 1207 4186 argumentum
1253 4123 1345 4174 tibi
1377 4141 1390 4173 :
1421 4124 1476 4176 Si
1523 4125 1610 4178 ille
1641 4127 1819 4192 homo,
1848 4143 2006 4197 quem

442 4208 729 4277 assumpsit
758 4208 926 4263 Filius
968 4209 1079 4270 Dei,
1133 4211 1412 4280 adeptivus
1466 4223 1566 4273 est,
1604 4217 1886 4285 adoptivus
1924 4226 2007 4273 est

442 4294 530 4346 ille
571 4297 660 4363 qui
695 4311 818 4382 eum
865 4297 1174 4368 assumpsit,
1221 4300 1343 4369 quia
1396 4317 1502 4354 una
1545 4317 1774 4370 persona
1822 4314 1906 4358 est
1951 4306 2004 4358 in
2033 4337 2086 4396 ο

443 4387 656 4439 homine
684 4397 739 4440 et
763 4389 812 4441 in
840 4390 968 4452 Deo.
991 4400 1043 4445 et
1073 4401 1152 4445 est
1183 4393 1402 4446 omnino
1425 4409 1562 4462 unus
1581 4392 1739 4458 ﬁlius,
1766 4409 1870 4449 non
1897 4395 2003 4451 duo

445 4475 558 4526 lilii.
612 4475 759 4530 υιιιις
788 4490 967 4534 autem
1005 4481 1164 4544 ﬁlius,
1211 4485 1479 4552 quomodo
1519 4493 1692 4555 potest
1733 4501 1851 4542 esse
1878 4503 2004 4558 pro-

441 4568 590 4635 prius
632 4576 684 4620 et
726 4569 1006 4638 adoptivus
1055 4575 1210 4627 unius
1251 4577 1453 4644 patris?
1502 4575 1556 4630 Si
1593 4577 1872 4646 adoptivus
1899 4585 1999 4641 est,

439 4657 688 4724 proprius
732 4672 850 4711 esse
897 4674 1003 4712 non
1047 4663 1287 4728 poterit:
1331 4666 1374 4718 si
1416 4667 1684 4734 proprius,
1717 4668 2002 4737 adoptivus

439 4762 556 4800 csse
602 4753 706 4800 nun
749 4748 948 4816 poterit
985 4746 1220 4816 ejusdem
1264 4753 1451 4818 patris.
1505 4755 1649 4809 Duos
1676 4762 1854 4809 autem
1883 4770 2002 4810 esse

441 4834 597 4897 ﬁlios,
631 4853 792 4890 unum
820 4838 1093 4907 proprium
1120 4848 1173 4892 et
1198 4840 1426 4894 alterum
1452 4843 1780 4913 adoptivum,
1813 4844 2002 4899 nefan-

441 4926 716 4981 (lissimutu
743 4940 826 4983 est
855 4930 1072 4989 credere
1097 4930 1161 4984 de
1185 4931 1416 4984 Christo.
1440 4930 1741 5002 Assumpsit
1767 4949 2001 5005 namque

442 5016 542 5069 sibi
585 5017 676 5071 Dei
719 5018 888 5074 Filius
922 5036 1138 5075 carnem
1186 5037 1250 5075 ex
1285 5020 1520 5089 Virgine,
1572 5031 1628 5078 et
1663 5040 1768 5080 non
1820 5027 2000 5083 amisit

444 5106 854 5173 IrOprietatem,
901 5127 1060 5180 quam
1109 5112 1295 5166 habuit
1341 5111 1397 5166 in
1438 5112 1560 5168 Filii
1603 5117 1837 5172 nomine.
1893 5118 2000 5177 Sed

441 5209 746 5264 quanquam
791 5199 922 5254 duas
963 5203 1236 5258 habuisset
1272 5212 1394 5274 post
1418 5205 1756 5272 nativitatem
1787 5224 1855 5264 ex
1879 5211 2002 5268 Vir-

441 5289 563 5357 gine
583 5296 820 5352 naturas,
845 5297 1024 5346 tamen
1058 5309 1217 5348 unam
1242 5297 1621 5368 pr0prietatem
1651 5299 1706 5353 in
1728 5299 1850 5355 Filii
1874 5318 1998 5373 per-

442 5393 575 5433 sona
609 5379 835 5436 ﬁrmiter
883 5382 1076 5437 tenuit.
1109 5381 1352 5442 Accessit
1397 5388 1705 5447 humanitas
1739 5391 1792 5445 in
1820 5394 1998 5448 unita-

445 5478 550 5522 tem
587 5472 972 5538 personzeFilii
1003 5472 1130 5537 Dei;
1173 5481 1227 5527 et
1255 5481 1452 5535 mansit
1477 5482 1664 5538 eadem
1694 5484 1996 5552 proprietas

2124 1739 2450 1793 formaretur
2490 1740 2828 1796 ineﬂ‘abiliter
2857 1745 3202 1799 excellentius
3248 1755 3407 1813 atque
3454 1747 3686 1816 conjun-

2123 1830 2282 1894 ctius,
2314 1845 2476 1898 quam
2507 1832 2692 1896 vestis,
2736 1848 2857 1887 cum
2898 1835 2965 1887 ab
3007 1835 3222 1890 homine
3271 1838 3522 1891 induitur.
3575 1838 3688 1892 Hoc

2121 1936 2250 1989 ergo
2313 1921 2526 1977 nomine
2580 1924 2795 1978 habitus
2839 1927 2971 1980 satis
3023 1927 3346 1996 signiﬁcavit
3376 1928 3684 1998 Apostolus,

2121 2012 2566 2080 quemadmodum
2613 2014 2806 2068 dixerit
2856 2029 2870 2068 :
2925 2015 2990 2070 In
3033 2017 3378 2072 similitudine
3419 2019 3685 2073 hominum

2121 2099 2289 2166 {actus
2320 2098 2539 2170 (Philip.
2572 2118 2629 2163 ιι,
2658 2101 2750 2168 7):
2801 2104 2924 2171 quia
2967 2120 3072 2159 non
3118 2106 3586 2175 transﬁguratione
3628 2108 3684 2161 in

2119 2191 2412 2254 hominem,
2446 2191 2538 2244 sed
2583 2192 2765 2246 habitu
2818 2192 2990 2248 factus
3021 2204 3123 2259 est,
3174 2211 3298 2249 cum
3345 2197 3560 2252 indutus
3599 2207 3686 2251 est

2120 2279 2355 2342 homine,
2385 2295 2542 2348 quem
2568 2281 2669 2335 sibi
2700 2291 2955 2350 coeptans
2980 2283 3159 2354 [Aug.,
3185 2283 3685 2357 uniensj‘quodame

2117 2369 2277 2427 minio
2304 2379 2464 2444 aureus
2493 2372 2836 2434 coulormans
2869 2376 3255 2436 immortalitati
3285 2381 3683 2454 aeternitatique

2117 2468 2372 2522 soeiaret.
2409 2489 2428 2521 ι
3579 2499 3588 2506 -

2186 2557 2319 2613 XIII.
2353 2561 2466 2616 Non
2497 2565 2628 2619 satis
2653 2570 2830 2620 autem
2861 2567 3120 2638 intelligo,
3163 2569 3289 2637 quid
3318 2571 3583 2639 pertineat
3613 2573 3680 2627 ad

2115 2663 2310 2718 corpus
2335 2650 2556 2717 Christi,
2601 2657 2742 2724 quod
2779 2671 2875 2724 pro
2920 2659 3073 2712 nobis
3111 2661 3363 2728 pependit
3399 2662 3451 2715 in
3498 2678 3676 2728 cruce,
3725 2699 3727 2701 -

2114 2740 2257 2808 quod
2307 2744 2386 2797 ais
2431 2743 2743 2814 Apostolum
2791 2747 3016 2820 dicere:
3049 2748 3162 2804 Hoc
3207 2751 3402 2819 inquit,
3441 2755 3678 2814 scientes,

2113 2829 2236 2898 quia
2271 2842 2413 2886 vetus
2443 2834 2596 2888 honw
2637 2846 2809 2890 noster
2850 2838 3007 2890 simul
3055 2840 3336 2909 cruciﬁxus
3383 2850 3478 2903 est,
3510 2853 3566 2895 ut
3591 2843 3681 2895 de-

2113 2931 2350 2974 struatur
2374 2938 2562 2992 corpus
2594 2928 2818 2993 peccati,
2857 2937 2914 2980 ut
2943 2927 3080 2982 ultra
3109 2947 3211 2983 non
3237 2931 3522 2985 serviamus
3560 2945 3680 2999 pec-

2040 2998 2085 3061 C
2116 3021 2230 3066 cato
2263 3012 2439 3082 (Rom.
2468 3029 2545 3077 τι,
2571 3014 2646 3084 6).
2691 3016 2934 3071 Christus
2965 3034 3195 3086 namque
3221 3035 3496 3088 nunquam
3526 2998 3682 3074 vetus

2117 3103 2276 3160 homo
2305 3103 2424 3168 fuit,
2461 3119 2732 3173 nunquam
2779 3106 2973 3177 corpus
3003 3110 3203 3177 peccati
3242 3110 3453 3175 habuit,
3482 3112 3572 3165 sed
3613 3114 3682 3165 ab

2076 3194 2268 3248 ‘initio
2314 3195 2683 3262 conceptionis
2707 3196 2847 3251 Deus
2877 3215 3052 3262 verus,
3095 3207 3148 3253 et
3182 3215 3346 3255 verus
3370 3201 3536 3257 Filius
3564 3203 3681 3268 Dei,

2115 3287 2318 3356 absque
2361 3289 2506 3342 omni
2547 3297 2768 3357 peccato
2798 3298 3085 3358 conceptus
3126 3299 3208 3346 est
3251 3301 3306 3346 et
3346 3302 3520 3347 natas.
3576 3293 3684 3347 Nos

2116 3394 2241 3433 vero
2296 3395 2483 3434 omnes
2535 3389 2741 3435 veteres
2799 3382 3042 3436 homines
3093 3380 3292 3440 luimus
3339 3386 3392 3438 in
3444 3386 3681 3455 peccatis

2113 3470 2282 3524 Adam
2310 3490 2321 3524 :
2353 3471 2446 3526 sed
2491 3470 2543 3524 in
2586 3485 2752 3526 novos
2782 3470 2961 3540 gratia‘
2984 3472 3238 3540 baptismi
3287 3489 3386 3543 per
3407 3474 3682 3528 Christum

2112 3562 2295 3616 Jesum
2326 3563 2568 3618 conversi
2613 3571 2668 3616 et
2694 3562 2935 3631 adoptati
2975 3572 3030 3616 et
3055 3564 3419 3632 pnedestinati
3463 3564 3518 3616 in
3545 3562 3684 3616 ﬁlios

2113 3654 2429 3722 adoptionis.
2454 3652 2624 3718 Quam
2647 3652 3168 3720 prmdestinationem
3191 3652 3389 3707 asseris
3408 3650 3681 3706 Christum
3747 3688 3754 3692 ρ

2112 3740 2388 3806 :eqnaliter
2408 3741 2686 3793 nobiscum
2709 3740 2928 3803 habere,
2956 3754 3060 3792 non
3081 3739 3359 3793 attendens
3369 3738 3678 3808 Apostolum

2115 3837 2420 3892 testantem,
2450 3829 2606 3880 aliter
2631 3828 2904 3881 Christum
2935 3844 3051 3882 esse
3081 3830 3539 3898 prmdestinatum,
3578 3831 3667 3885 ali-

2113 3900 2276 3970 teret
2308 3931 2422 3970 nos.
2475 3915 2625 3968 Illum
2672 3915 2804 3970 dicit
2849 3917 3284 3984 praedestinatum
3321 3934 3440 3974 esse
3486 3920 3678 3975 Filium

2113 4010 2226 4072 Dei,
2277 4010 2416 4064 sicut
2461 4009 2578 4062 ait:
2608 4005 2710 4072 Qui
2753 4008 3152 4077 prwdestinatus
3194 4019 3269 4063 est
3297 4008 3344 4061 Ρ
3348 4009 3468 4064 ilius
3498 4011 3592 4066 Dei
3625 4014 3680 4066 in

2111 4103 2296 4156 uirtute
2324 4100 2502 4172 (Rom.
2529 4118 2568 4164 ι,
2593 4100 2668 4169 4).
2720 4099 2774 4153 In
2805 4093 3181 4170 qua‘virtute,
3208 4102 3308 4155 nisi
3350 4101 3674 4157 divinitatis:

2111 4191 2220 4246 Nos
2243 4208 2371 4245 vero
2398 4191 2809 4260 prcedestinatos
2841 4205 2960 4244 esse
3004 4207 3100 4258 per
3137 4190 3286 4244 illum
3335 4191 3388 4241 in
3436 4191 3658 4258 adoptio

2111 4294 2234 4332 nem
2260 4279 2493 4331 ﬁliorum
2517 4279 2665 4331 dicit.
2699 4277 2806 4330 Nos
2843 4293 2938 4344 per
2968 4277 3138 4342 illum,
3169 4293 3275 4335 non
3317 4277 3406 4331 ille
3430 4292 3526 4346 per
3554 4292 3666 4348 nos

2110 4367 2635 4438 prmdestinationem
2677 4367 2956 4420 habemus.
2991 4365 3167 4437 (Rom.
3194 4382 3314 4432 νιιι,
3344 4366 3455 4436 29).

2181 4482 2315 4538 XIV.
2341 4482 2502 4537 Ponis
2518 4497 2730 4552 quoque
2755 4489 3127 4552 argumentum
3154 4482 3220 4536 de
3246 4483 3510 4537 sententia
3531 4482 3673 4552 ejus-

2109 4573 2230 4628 dem
2277 4571 2645 4642 prmdicatoris
2687 4571 2906 4640 egregii,
2954 4571 3043 4624 ubi
3089 4572 3202 4624 ait:
3231 4569 3381 4625 Scire
3406 4570 3668 4634 debemus,

2106 4663 2246 4736 quod
2271 4662 2437 4716 omnis
2463 4661 2559 4714 viri
2583 4670 2734 4730 caput
2768 4670 2843 4714 est
2873 4659 3127 4737 Christus,
3163 4668 3318 4730 caput
3351 4669 3526 4713 autem
3554 4661 3671 4712 mu-

2107 4755 2253 4808 lieris
2275 4755 2354 4808 uir
2374 4772 2394 4810 :
2416 4764 2568 4824 caput
2596 4753 2762 4826 809
2789 4761 2960 4806 autem
2982 4751 3178 4807 Christi
3197 4750 3339 4804 Deus
3368 4748 3420 4820 (Ι
3444 4747 3565 4803 Cor.
3589 4765 3668 4810 XI.

2105 4843 2163 4914 5)
2190 4861 2202 4896 :
2230 4851 2284 4897 et
2309 4843 2444 4897 dicis
2472 4859 2486 4897 :
2515 4841 2744 4896 Necesse
2772 4847 2856 4896 est
2885 4841 3126 4894 membra
3172 4838 3417 4906 adoptiva
3454 4837 3667 4909 adopti-

2107 4949 2234 4987 vum
2263 4933 2462 4988 habere
2488 4939 2666 5002 caput.
2699 4929 2757 4984 Si
2791 4930 2956 4999 igitur
2977 4927 3247 4991 Christus,
3276 4927 3368 4996 qui
3403 4936 3487 4983 est
3509 4937 3669 5000 caput

2106 5026 2343 5080 omnium
2389 5031 2657 5085 nostrum,
2708 5021 2988 5089 adoptivus
3034 5027 3120 5072 est
3163 5027 3380 5088 prepter
3424 5021 3667 5078 membra

2105 5118 2374 5187 adoptiva,
2416 5114 2560 5183 quod
2590 5127 2688 5166 nos
2718 5123 2921 5173 sumus,
2952 5122 3131 5162 nonne
3169 5108 3320 5164 vides
3361 5124 3426 5165 ea
3459 5112 3666 5166 ratione

2101 5225 2259 5281 posse
2285 5208 2390 5263 dici
2420 5207 2588 5260 Deum
2614 5202 2828 5257 Patrem
2861 5215 2980 5254 esse
3019 5197 3348 5270 adoptivum,
3381 5204 3474 5274 qui
3504 5211 3665 5274 caput

2102 5307 2186 5354 est
2208 5296 2444 5354 Christi?
2490 5292 2626 5348 Nam
2673 5300 2834 5361 caput
2875 5290 2931 5344 in
2975 5305 3199 5362 corpore
3224 5293 3524 5348 membrum
3550 5301 3660 5347 est:

2101 5398 2158 5444 et
2189 5392 2280 5460 qui
2309 5397 2472 5460 caput
2493 5397 2578 5441 est
2621 5384 2833 5455 capitis,
2864 5386 3131 5452 quomodo
3159 5395 3378 5456 propter
3424 5386 3666 5455 adoptio-

2100 5496 2224 5535 nem
2272 5468 2484 5548 eapitis,
2532 5476 2672 5545 quod
2709 5475 2952 5531 Christus
2983 5485 3088 5542 est,
3135 5493 3239 5531 non
3287 5477 3391 5532 erit
3434 5485 3490 5532 et
3532 5473 3662 5529 illud

519 5597 540 5623 ⁸
585 5585 639 5639 S.
672 5586 826 5658 Aug,
857 5588 975 5644 libr.
1005 5591 1077 5645 De
1117 5591 1340 5648 diversis
1361 5599 1762 5664 quaestionibus,
1791 5607 1978 5668 quaest.
2005 5597 2095 5659 75,
2126 5613 2272 5650 num.
2297 5596 2350 5648 2.
