4192 6174
354 162 459 230 IS?

1118 175 1523 233 DOGMATICA.
1558 208 1631 217 —
1656 175 1813 233 aov.
1852 179 2138 235 FELICEM
2174 168 2349 235 1;:th
2392 182 2492 236 vn.
2524 212 2593 222 -
2629 142 2752 237 iis.
2791 182 2852 238 ιι.

3472 181 3571 240 iss
3600 248 3615 256 ,

358 289 647 366 principale
693 297 870 361 caput
912 289 1212 359 adoptivum
1224 288 1259 345 ?.
1292 289 1445 356 Quod
1491 304 1652 359 quam
1698 290 1917 359 impium
1945 300 1993 354 Α
2020 290 2108 355 iit;
2131 291 2269 367 idem
2292 292 2611 363 Redemptor
2629 297 3116 359 nosterseeundum
3139 296 3406 351 hominem
3429 311 3574 353 com-

358 393 419 439 et
442 381 734 437 absurdum
762 381 859 445 sit,
888 394 1045 434 nemo
1067 393 1254 433 sanum
1282 378 1494 448 sapiens
1520 384 1623 434 no'n
1653 378 1916 450 intelligit.

360 472 507 544 Ergo
527 470 641 527 haec
672 472 945 527 sententia
972 470 1272 542 apostolica:
1303 472 1639 526 auctoritatis
1667 485 1923 525 noncar-
1949 501 1953 505 -

358 565 583 630 naliter,
604 563 705 619 sed
728 563 1044 633 spiritaliter
1088 563 1422 634 intelligenda
1449 571 1550 618 est.
1595 564 1764 619 Aliter
1796 581 1922 620 caro

357 672 430 711 ex
476 671 640 711 carne
672 656 937 719 nascitur,
967 656 1124 709 aliter
1166 656 1385 726 spiritus
1414 671 1481 710 ex
1525 655 1736 726 spiritu,
1784 656 1922 711 sicut

357 745 485 814 ipsa
510 744 724 801 Veritas
756 746 813 799 in
838 745 1121 815 Evangelio
1158 746 1288 801 dicit
1317 763 1329 803 :
1356 745 1508 812 Quod
1552 757 1731 801 natum
1758 756 1832 801 est
1858 763 1921 801 ea:

360 852 545 899 tante,
574 853 698 891 caro
725 846 843 895 est:
869 840 1006 908 quod
1035 848 1211 893 natum
1246 850 1323 893 est
1365 830 1435 892 ex.
1469 839 1678 909 spiritu,
1707 840 1921 909 spiritus

357 934 443 980 est
466 924 651 996 (Joan.
678 943 765 993 ιιι,
796 926 879 999 6);
922 928 1046 997 quia
1091 927 1232 984 Deus
1276 928 1506 997 Spiritus
1546 936 1651 992 est,
1705 943 1771 982 ex
1813 929 1922 984 Deo

358 1016 599 1071 «beatus
622 1024 722 1070 est.
766 1015 1037 1086 Spiritalis
1077 1018 1329 1073 nativitas
1366 1031 1464 1073 nos
1508 1016 1637 1073 facit
1681 1019 1922 1073 membra

357 1118 490 1159 esse
515 1104 714 1160 Christi
749 1120 856 1161 non
879 1107 1141 1174 carnalis;
1184 1107 1351 1162 donec
1391 1108 1505 1176 ipsa
1531 1117 1776 1163 creatura
1805 1124 1924 1164 cor-

356 1194 517 1262 poris
555 1195 726 1249 nostri
764 1194 989 1250 liberata
1028 1212 1059 1250 a
1086 1197 1728 1267 servituteporruptionis
1769 1210 1925 1254 reno-

314 1291 321 1296 '
356 1290 527 1339 vetui-
570 1285 625 1339 in
668 1287 1033 1356 assumptione
1070 1274 1301 1341 ﬁliorum
1327 1288 1528 1353 Dei,-et
1570 1287 1786 1344 inimica
1831 1290 1925 1344 de-

360 1381 814 1443 struatur-mors;
862 1385 919 1431 et
945 1377 1195 1431 induatur
1225 1379 1329 1434 hoc
1348 1378 1581 1450 mortale
1607 1379 1922 1434 immortali-

360 1470 499 1527 tate,
527 1471 585 1519 et
612 1465 684 1519 sit
700 1465 846 1530 Deus
870 1452 1049 1521 omnia
1080 1466 1134 1521 in
1157 1467 1421 1522 omnibus.

436 1546 554 1610 XV.
570 1553 701 1610 Post
719 1557 835 1612 haec
847 1556 1008 1611 etiam
1029 1556 1279 1627 praefatus
1294 1558 1440 1614 Felix
1457 1575 1562 1613 non
1584 1560 1741 1630 plano
1762 1562 1919 1632 pede,

2016 379 2203 448 plexus
2220 381 2274 434 in
2296 382 2583 452 semetipso
2598 383 2835 437 continet
2859 402 2871 437 :
2894 384 3120 453 primam
3139 384 3401 451 videlicet,
3416 400 3574 456 quam

2019 471 2252 540 suscepit
2271 486 2334 525 ex
2354 472 2570 543 Virgine
2592 474 2887 538 nascendo;
2920 477 3209 531 secundam
3240 492 3388 542 vero,
3413 492 3573 546 quam

2020 562 2248 616 initiavit
2285 562 2339 616 in
2377 562 2590 619 lavacro
2630 579 2660 618 a
2691 565 2916 620 mortuis
2947 566 3290 636 resurgendo.
3316 587 3334 618 ι
3383 566 3446 620 Et
3470 566 3574 621 hoc

2019 653 2288 707 afﬁrmare
2325 654 2513 708 niteris
2558 654 2612 708 in
2655 652 3147 726 genealog'iis,qu:e
3191 657 3245 711 in
3290 655 3575 727 Evangelio

2020 743 2281 815 leguntur,
2305 745 2730 817 una_secundum
2754 746 3075 810 hlatthmum,
3099 747 3264 801 altera
3287 748 3575 801 secundum

2018 837 2237 892 Lucam.
2267 838 2396 905 Qua:
2430 840 2609 893 omnia
2640 830 2829 895 sicut'a
2861 849 2910 897 te
2939 843 3111 911 posita
3137 842 3575 905 sunt,‘fastidium

2019 927 2189 997 magis
2230 943 2390 999 quam
2424 928 2719 998 profectum
2770 939 3028 1000 generant
3074 932 3383 1002 legentibus,
3409 932 3576 986 donec

2021 1016 2087 1070 ad
2107 1016 2349 1071 ultimum
2367 1019 2675 1087 pcrvcnires
2696 1019 2749 1072 in
2770 1020 3070 1089 hujusmodi
3092 1020 3410 1074 sententiam
3434 1037 3446 1072 :
3471 1038 3488 1069 ι
3519 1018 3576 1072 Si

2020 1107 2141 1177 quis
2180 1121 2327 1170 vero,
2359 1108 2459 1172 ais,
2486 1105 2627 1163 hanc
2672 1109 2967 1179 spiritalem
3016 1111 3432 1180 generationem,
3462 1121 3577 1176 quae

2021 1212 2118 1266 per
2159 1198 2494 1267 adeptionem
2537 1197 2626 1261 ﬁt,
2658 1212 2687 1251 a
2729 1196 2944 1255 Christo
2990 1197 3279 1252 secundum
3307 1196 3577 1250 hominem

2023 1275 2270 1341 abdicare
2297 1287 2427 1352 vult,
2454 1288 2605 1356 prius
2651 1302 2871 1342 necesse
2912 1296 3016 1350 cst,
3046 1296 3103 1341 ut
3132 1276 3446 1356 illam,’qute
3488 1301 3575 1340 se—

2023 1376 2252 1430 cundum
2280 1393 2497 1432 carnem
2525 1385 2626 1438 est,
2656 1377 2724 1429 ab
2760 1392 2824 1430 eo
2851 1375 3086 1431 funditus
3120 1376 3411 1431 abscindat.
3445 1374 3578 1428 Nam

2024 1468 2067 1521 si
2109 1467 2161 1520 iu
2204 1468 2331 1533 ista;
2366 1484 2483 1538 qua:
2528 1467 2781 1538 spiritalis
2826 1475 2929 1531 est,
2975 1467 3250 1522 nobiscum
3290 1483 3393 1521 non
3430 1481 3580 1541 com-

2026 1559 2279 1623 municat,
2308 1557 2490 1629 procul
2538 1558 2699 1612 dubio
2742 1572 2915 1627 neque
2957 1558 3011 1611 in
3060 1557 3147 1611 illa
3193 1571 3310 1626 qua
3348 1554 3580 1611 carnalis

358 1654 463 1725 sed
487 1652 819 1708 clandicante
840 1669 1025 1725 gressu
1050 1661 1148 1725 per
1171 1669 1387 1725 campos
1412 1653 1701 1725 Scriptum:
1729 1665 1924 1712 sanctae
1959 1665 1999 1725 Β
2024 1655 2124 1702 εει.
2155 1665 2182 1710 ι,

358 1744 538 1800 currit
556 1742 722 1798 multa
740 1757 1043 1815 proponens
1066 1745 1388 1810 testimonia,
1408 1761 1528 1815 quze
1551 1745 1663 1802 suis
1686 1749 1925 1817 partibus

356 1849 477 1888 non
525 1833 882 1900 conveniunt,
910 1842 970 1888 ut
1011 1849 1313 1890 sermonem
1351 1833 1566 1890 fecisset
1607 1836 1920 1907 longiorem,

359 1937 538 1992 usque
561 1923 688 1978 dum
709 1924 1040 1994 pervenisset
1062 1925 1129 1979 ad
1146 1921 1461 2007 Iordanicas
1479 1925 1672 1991 undas,
1694 1935 1753 1981 ut
1772 1927 1929 1982 Chri-

356 2023 452 2070 sto
495 2014 764 2087 baptizato
809 2030 1002 2072 nomen
1060 2010 1396 2086 iniposuiSset
1437 2016 1753 2087 adoptionis.
1818 2017 1928 2073 Nec

358 2108 544 2163 adhuc
569 2116 792 2179 paterna
820 2123 950 2165 voce
977 2108 1042 2164 de
1076 2108 1228 2164 emlis
1271 2108 1490 2164 territus
1539 2117 1716 2166 tacere
1757 2112 1923 2176 novit,

354 2213 489 2268 qua:
529 2197 691 2253 etiam
734 2212 839 2253 vox
884 2199 1156 2268 baptizata
1181 2197 1397 2255 Christo
1429 2200 1809 2264 testimonium,
1832 2216 1927 2254 au-

357 2284 547 2342 diente
587 2287 745 2344 beato
784 2287 1021 2359 Baptista
1041 2287 1262 2355 Joanne,
1290 2289 1559 2358 perhibuit
1599 2289 1920 2359 huiusmodi,

356 2374 606 2430 clamans
629 2393 643 2428 :
666 2374 771 2447 Hic
817 2386 893 2431 est
931 2376 1103 2431 Filius
1144 2394 1286 2432 meus
1319 2379 1563 2445 dilectus,
1592 2380 1647 2434 in
1673 2397 1774 2451 quo
1799 2380 1926 2433 mihi

358 2462 493 2517 bene
526 2463 814 2533 complecti
845 2464 1058 2536 (Matth.
1090 2482 1172 2532 ιιι,
1205 2467 1312 2538 l7).
1362 2468 1438 2522 De
1473 2483 1579 2538 quo
1620 2471 1926 2525 testimonio

358 2569 533 2643 supra
573 2554 780 2626 plenius
824 2546 1057 2613 diximus
1083 2568 1130 2611 ι.
1174 2557 1324 2613 Nunc
1364 2542 1568 2612 tantum
1597 2559 1651 2613 in
1681 2558 1783 2613 hoc
1810 2558 1926 2615 loco

357 2641 698 2715 interrogare
722 2644 872 2710 libet,
899 2645 944 2701 si
974 2646 1090 2701 hac
1113 2660 1216 2701 vox
1239 2654 1463 2717 paterna
1498 2647 1564 2703 ad
1588 2663 1750 2702 unam
1772 2647 1916 2703 Chri-

358 2736 432 2789 sti
458 2749 741 2805 personam
768 2733 1098 2806 pertineret?
1122 2736 1177 2792 Si
1204 2738 1270 2791 ad
1297 2753 1459 2793 unam
1489 2757 1500 2791 :
1534 2754 1662 2809 ergo
1704 2739 1791 2793 illa
1820 2754 1925 2792 una

358 2836 613 2891 persona,
637 2823 707 2877 ad
750 2838 911 2893 quam
938 2826 1052 2880 haec
1077 2841 1180 2882 vox
1219 2825 1357 2883 facta
1385 2835 1486 2892 est,
1516 2834 1628 2882 tota
1651 2835 1736 2882 est
1760 2812 1926 2882 Filius

361 2911 462 2966 Dei
503 2894 904 2981 dilectusﬂicet
928 2915 1215 2971 induabus
1243 2916 1468 2971 naturis.
1503 2916 1560 2972 Si
1588 2917 1655 2972 ad
1678 2916 1946 2972 divinita-'

2096 1736 2251 1794 XVII.
2280 1736 2580 1807 V’idcat'qui
2604 1737 2728 1809 legit
2752 1738 2851 1791 has
2871 1734 3077 1807 praefati
3107 1732 3343 1788 doctoris
3364 1738 3581 1786 senten-

2030 1828 2148 1882 tias.
2185 1827 2360 1883 Primo
2386 1828 2617 1898 partium
2642 1823 2900 1882 orationis
2927 1823 3311 1895 quolammodo
3339 1824 3584 1876 inconso—

2024 1918 2261 1972 nanti‘am
2289 1927 2341 1972 ct
2368 1934 2618 1983 sensuum
2644 1918 3026 1972 obscuritatem
3049 1914 3581 1975 involvitsententiu,

2024 2026 2097 2065 ne
2116 2010 2487 2082 810.lueeat
2520 2010 2885 2080 intelligentia.
2917 2008 3054 2076 Quid
3085 2015 3261 2062 autem
3289 2004 3402 2058 vuit
3425 2004 3581 2068 intel-

2024 2102 2113 2173 ligi
2144 2102 2196 2156 in
2225 2118 2289 2157 eo
2315 2101 2455 2171 quod
2496 2106 2572 2155 ait
2597 2120 2608 2154 :
2632 2098 2865 2153 [uitiauit
2906 2117 2936 2151 (ι
2978 2096 3190 2150 mortuis
3238 2092 3585 2162 resurgendo?

2023 2192 2067 2245 A
2097 2192 2289 2261 quibus
2332 2191 2559 2245 mortuis
2598 2188 2895 2244 resurrexit
2933 2187 3177 2242 Christus
3204 2184 3255 2237 in
3284 2182 3585 2252 baptismo?

2024 2280 2273 2349 Nunquid
2314 2289 2532 2350 peccata
2557 2278 2762 2341 habuit,
2794 2284 2905 2330 uta
2936 2284 3108 2329 morte
3134 2281 3474 2342 peccatorum
3504 2283 3586 2323 re-

2023 2377 2285 2439 surgeret,
2315 2368 2476 2422 voluti
2508 2382 2607 2422 nos
2643 2368 2695 2421 in
2723 2366 2958 2436 peccatis
2998 2364 3108 2418 nati
3134 2370 3354 2433 propter
3379 2363 3585 2430 prium-

2023 2476 2142 2514 rum
2165 2459 2655 2530 prmvaricatiouem
2680 2464 2990 2527 parentum;
3021 2468 3119 2509 nec
3146 2454 3213 2507 ab
3242 2452 3325 2507 his
3350 2450 3580 2513 liberati,

2024 2552 2127 2608 nisi
2154 2553 2208 2607 in
2232 2550 2447 2606 Christo
2472 2548 2598 2604 Jesu
2626 2564 2722 2618 per
2762 2546 3048 2601 secundum
3091 2542 3505 2615 generationem,
3532 2540 3585 2592 in

2023 2661 2128 2717 qua
2157 2644 2247 2699 filii
2274 2643 2366 2697 irze
2387 2618 2687 2696 efficiuntur
2702 2639 2820 2692 Filii
2845 2637 2972 2692 Dei?
2992 2635 3128 2703 Quin
3153 2634 3328 2703 potius
3340 2629 3586 2685 Christus

2022 2733 2177 2788 Jesus
2203 2731 2405 2798 absque
2432 2728 2575 2782 omni
2600 2734 2823 2797 peccato
2855 2731 3144 2793 conceptus
3167 2730 3223 2775 et
3246 2729 3403 2775 natus
3442 2720 3590 2774 venit
3658 2740 3669 2747 υ

2023 2822 2090 2876 ad
2131 2819 2478 2890 baptismum,
2517 2816 2820 2886 exemplum
2858 2814 3176 2869 humilitatis
3201 2811 3505 2875 ostendere,
3532 2818 3591 2864 et

2025 2927 2193 2981 aquas
2219 2925 2317 2966 suo
2357 2908 2694 2987 sanctificare
2722 2908 3017 2987 baptismo;
3050 2921 3156 2961 non
3185 2915 3246 2987 ut
3283 2903 3585 2959 sanctifica-

359 3010 475 3058 tem
502 3011 726 3070 tantum,
754 3016 882 3076 ergo
906 3006 1155 3062 divinitas
1191 3008 1459 3078 baptizata
1488 3014 1572 3063 est
1608 3007 1701 3072 ibi,
1729 3016 1785 3063 et
1820 3023 1924 3062 non
1951 2998 1997 3061 C
2028 3011 2177 3057 retur
2202 3002 2255 3055 in
2284 3001 2456 3071 aquis,
2482 2986 2572 3069 qui
2599 2999 2730 3053 nihil
2758 2983 2945 3052 habuit
2986 2999 3038 3051 in
3075 3013 3133 3051 se
3165 2983 3393 3065 peccati,
3425 3010 3588 3063 aquo

360 3094 667 3149 humanitas
686 3114 705 3150 ς
732 3096 857 3165 quia
878 3110 1040 3168 super
1053 3096 1378 3167 baptizatum
1400 3098 1515 3153 haec
1534 3112 1636 3154 vox
1659 3095 1797 3152 facta
1819 3104 1921 3151 est.

360 3180 535 3237 Homo
563 3183 846 3265 siquidem,
871 3187 962 3254 qui
991 3186 1292 3254 baptizatus
1314 3194 1415 3249 est,
1446 3185 1537 3239 Dei
1566 3184 1731 3239 Filius
1757 3200 1787 3237 a
1818 3184 1925 3238 Deo

356 3270 524 3328 Patre
554 3274 896 3343 praedicatur,
918 3291 1079 3346 super
1105 3290 1263 3346 quem
1284 3284 1338 3331 et
1366 3275 1597 3346 Spiritus
1622 3283 1840 3330 sanctus
1869 3276 1923 3329 in

354 3361 540 3433 specie
566 3362 825 3419 columbae
853 3365 1145 3421 descendit.
1185 3365 1457 3433 Quatenus
1497 3375 1717 3437 patema
1743 3382 1843 3420 vox
1870 3373 1925 3420 et
1958 3420 1969 3429 ,

357 3452 533 3507 sancti
563 3450 795 3523 Spiritus
836 3454 1113 3511 descensio
1144 3458 1390 3513 eumdem
1429 3472 1551 3512 esse
1596 3457 1689 3512 Dei
1728 3456 1922 3511 Filium

356 3543 772 3610 demonstraret,
801 3546 890 3616 qui
938 3545 1239 3616 baptizatus
1278 3549 1381 3603 est.
1426 3547 1502 3601 De
1529 3563 1633 3617 qua
1662 3548 1825 3601 etiam
1868 3556 1925 3603 et

357 3633 474 3701 ipse
496 3631 736 3703 Baptista
761 3630 836 3688 eo'
854 3634 1166 3704 inspirante,
1194 3635 1285 3704 qui
1314 3648 1371 3688 se
1392 3635 1546 3689 misit
1565 3635 1630 3689 ad
1652 3635 1924 3705 baptizan-

355 3725 504 3789 dum,
534 3734 771 3796 paternae
799 3727 918 3782 voci
951 3741 1243 3782 consonum
1289 3726 1511 3797 protulit
1554 3727 1921 3783 testimonium

344 3810 542 3873 dicens
568 3835 581 3871 :
605 3815 677 3871 Et
693 3834 787 3890 ego
809 3819 932 3886 ridi,
958 3828 1006 3874 et
1038 3819 1382 3873 testimonium
1409 3818 1664 3892 perhibui,
1691 3820 1815 3889 quia
1838 3820 1922 3873 hic

350 3906 432 3964 est
456 3908 635 3965 Filius
659 3911 757 3965 Dei
785 3911 965 3982 (Joan.
992 3929 1029 3980 ι,
1054 3914 1169 3983 54).

422 3997 565 4054 XVI.
604 4000 745 4068 Quid
788 4000 984 4067 adhuc,
1026 4019 1061 4056 o
1089 4003 1275 4079 doctor
1300 4001 1576 4064 mirabilis,
1620 3999 1918 4070 adoptionis

352 4104 551 4146 nomen
573 4089 788 4147 Christo
826 4092 1087 4162 imponis?
1112 4107 1271 4163 quem
1307 4093 1522 4162 insuper
1546 4092 1758 4147 lavacro
1784 4091 1920 4147 indi-

353 4181 536 4254 guisse
578 4166 917 4252 baptismatis
962 4181 1181 4256 [Supple
1222 4184 1438 4248 asseris,
1487 4180 1566 4237 vel
1610 4180 1833 4254 senile],
1866 4188 1922 4235 et

351 4271 588 4345 secunda
632 4274 994 4344 generatione,
1024 4274 1165 4329 sicut
1201 4289 1300 4329 nos
1340 4270 1783 4344 peccatoresjam
1807 4271 1919 4326 nati

2023 3094 2273 3149 mundari
2301 3078 2569 3147 debuisset
2592 3106 2689 3163 per
2710 3091 3056 3160 baptismum.
3084 3090 3207 3144 [leo
3235 3100 3290 3144 et
3328 3091 3441 3159 ipse
3465 3089 3590 3144 bea-

2023 3192 2109 3238 tus
2153 3183 2388 3252 Baptista
2433 3182 2666 3237 venienti
2704 3181 2771 3236 ad
2805 3198 2864 3236 se
2904 3182 2996 3236 Dei
3028 3181 3159 3236 Filio
3196 3182 3306 3235 ait:
3330 3179 3441 3250 Ego
3471 3196 3502 3233 a
3541 3190 3590 3232 te

2021 3272 2175 3328 debeo
2211 3274 2483 3343 baptizari,
2517 3282 2565 3328 et
2601 3260 2840 3329 murenis
2889 3272 2958 3327 ad
2996 3289 3075 3326 me
3101 3270 3311 3343 (Matth.
3352 3287 3440 3335 ιιι,¹
3471 3271 3590 3341 Ι4)ἳ

2021 3367 2173 3436 quasi
2204 3366 2426 3421 dixisset
2449 3386 2461 3419 ι
2487 3365 2544 3419 ln
2569 3380 2653 3419 me
2674 3357 2944 3435 est-,quod
2967 3378 3064 3433 per
3085 3371 3135 3416 te
3161 3361 3377 3431 purgari
3399 3359 3586 3424 debet;

2022 3456 2075 3510 in
2105 3464 2156 3511 te
2181 3471 2285 3510 non
2324 3464 2408 3511 est
2452 3456 2592 3524 quod
2621 3469 2716 3523 per
2742 3467 2827 3507 me
2854 3452 3072 3522 purgari
3100 3451 3311 3505 debeat.
3354 3450 3459 3506 Sed
3485 3452 3587 3505 hoc

2020 3546 2293 3600 sciendum
2326 3554 2427 3610 est,
2456 3544 2598 3614 quod
2645 3546 2699 3599 in
2740 3545 3064 3614 baptismate
3107 3542 3349 3607 Joannis,
3383 3543 3433 3596 in
3470 3544 3585 3611 ‘quo

2020 3637 2266 3693 Christus
2306 3636 2608 3707 baptizatus
2647 3643 2749 3699 est,
2795 3651 2901 3690 non
2942 3633 3042 3688 fuit
3086 3632 3443 3701 regeneratio,
3494 3630 3589 3684 sed

2020 3722 2263 3798 quaedam
2284 3722 2635 3799 pnecursoria
2657 3725 2973 3797 significatio
2994 3722 3330 3791 baptismatis
3350 3719 3549 3790 Christi
3571 3738 3584 3773 :

2019 3818 2140 3874 ideo
2159 3827 2215 3873 et
2234 3820 2286 3871 in
2306 3818 2526 3871 Actibus
2548 3814 2911 3885 apostolorum
2934 3812 3183 3882 legimus,
3205 3811 3424 3865 beatum
3448 3809 3556 3862 Pau
3572 3839 3589 3850 -

2017 3908 2129 3962 lum
2174 3907 2474 3977 apostolum
2518 3921 2612 3962 eos
2653 3905 2991 3975 rebaptizare
3034 3902 3418 3973 qui'baptizati
3460 3908 3588 3956 sunt

2023 3998 2292 4068 baptismo
2341 3994 2563 4051 Joannis
2599 3995 2737 4067 (Act.
2776 4011 2890 4059 xu,
2930 3993 3005 4063 5).
3048 3992 3157 4047 Nec
3197 3990 3483 4061 quisquam
3527 3992 3582 4045 in

2010 4089 2342 4161 baptismate
2373 4087 2593 4143 Joannis
2638 4087 2978 4157 adoptionem
3020 4083 3247 4138 filiorum
3290 4082 3382 4135 Dei
3411 4083 3585 4151 potuit

2016 4180 2278 4249 accipere.
2305 4177 2515 4245 Quanto
2541 4176 2710 4249 magis
2728 4181 2829 4232 n'ec
2846 4174 3092 4231 Christus
3113 4173 3392 4242 adoptatus
3414 4170 3586 4231 fuitin

2018 4270 2212 4326 Filium
2234 4269 2343 4325 Deo
2364 4252 2512 4324 Patri
2534 4268 2589 4322 in
2614 4284 2678 4323 eo
2704 4267 2989 4338 baptismo,
3009 4267 3061 4319 in
3089 4279 3193 4333 quo
3216 4262 3389 4317 nullus
3416 4262 3587 4332 potuit

347 4374 450 4430 per
470 4341 869 4430 generationem
888 4362 1157 4417 carnalem
1186 4362 1239 4415 in
1263 4341 1400 4417 ﬁlios
1426 4362 1537 4426 iraa,
1565 4368 1625 4416 ut
1643 4369 1825 4431 aperte
1850 4376 1919 4415 ex
1952 4341 1998 4400 Β
2020 4362 2323 4432 adoptionis
2338 4351 2571 4431 gratiam
2581 4356 2991 4428 accipereiquia
3006 4369 3162 4409 nemo
3178 4355 3311 4408 ineo
3325 4352 3586 4422 baptismo

352 4450 460 4505 tuis
508 4450 685 4506 verbis
723 4452 944 4522 intelligi
981 4458 1189 4521 potest;
1219 4453 1299 4505 ais
1340 4454 1483 4507 enim
1508 4453 1650 4506 inter
1676 4459 1911 4507 caetera:

351 4556 376 4592 σ
403 4536 667 4605 Quoniam
697 4539 838 4594 sicut
880 4539 936 4594 in
973 4539 1147 4611 prima
1188 4540 1549 4610 generatione,
1580 4554 1645 4594 ex
1685 4555 1789 4608 qua
1831 4555 1918 4595 se-

348 4630 587 4687 cundum
614 4645 833 4686 carnem
872 4617 1160 4699 nascimur,
1190 4629 1365 4685 nullus
1389 4631 1549 4685 homo
1573 4644 1691 4685 esse
1714 4637 1912 4699 poteSt,

347 4724 444 4795 qui
465 4723 681 4780 aliunde
698 4722 958 4794 originem
979 4706 1131 4778 tralia
1139 4730 1177 4787 ι,
1201 4722 1304 4777 nisi
1324 4722 1389 4779 de
1415 4723 1589 4793 primo
1608 4721 1699 4778 illo
1717 4720 1911 4789 Adam,

347 4815 441 4884 qui
464 4830 535 4872 ex
566 4823 705 4872 terra
731 4814 937 4886 virgine
976 4808 1190 4869 creatus
1224 4821 1335 4878 est;
1365 4812 1438 4867 ita
1467 4814 1521 4868 in
1551 4814 1656 4869 hac
1682 4813 1912 4869 secunda

348 4905 698 4975 generatione
735 4903 984 4977 spiritali,
1015 4904 1069 4959 in
1102 4900 1206 4974 qua
1235 4900 1568 4958 renascimur
1592 4917 1659 4958 ex
1693 4917 1833 4972 aqua
1860 4910 1917 4957 et

347 4990 555 5063 Spiritu
597 5003 803 5061 sancto,
835 4994 995 5051 nemo
1038 4984 1267 5064 gratiam
1310 4991 1608 5061 adoptionis
1657 4991 1913 5062 consequi

344 5078 512 5147 valet,
532 5086 734 5151 praeter
771 5081 939 5144 illum.
966 5082 1057 5152 qui
1102 5094 1223 5136 eam
1268 5077 1468 5153 (Locus
1501 5079 1804 5150 corruptus)
1858 5080 1913 5135 in

343 5184 466 5228 eam
492 5169 551 5225 in
574 5167 794 5226 Christo
810 5184 879 5226 es
904 5185 1068 5227 carne
1101 5169 1324 5241 virginis
1350 5176 1588 5225 creatum
1616 5175 1671 5221 et
1699 5174 1905 5234 natum,

341 5262 437 5333 qui
475 5267 565 5337 est
589 5259 859 5317 modus
898 5259 1090 5327 Adam,
1113 5261 1318 5332 accepit
1354 5262 1454 5316 has
1482 5260 1721 5331 geminas
1746 5275 1909 5331 gene—

344 5351 584 5407 rationes
606 5370 623 5405 :
643 5351 882 5424 primam
918 5350 1200 5415 videlicet,
1219 5366 1337 5422 qua:
1373 5351 1665 5406 secundum
1692 5365 1912 5406 carnem

342 5449 456 5508 est;
484 5432 779 5498 secundum
809 5455 942 5498 vero
964 5441 1281 5512 spiritalem,
1312 5457 1429 5512 quae
1452 5457 1550 5512 per
1575 5441 1913 5512 adoptionem

416 5567 444 5597 ι
479 5554 614 5612 vide
639 5568 824 5626 supra,
853 5552 949 5609 lib.
979 5568 1019 5622 ι,
1050 5553 1197 5609 num.
1228 5554 1293 5608 12
1311 5561 1364 5609 et
1392 5556 1473 5611 18.

2017 4455 2391 4511 remissionem
2430 4455 2774 4526 peccatorum
2815 4448 3068 4515 consequi
3111 4446 3306 4511 valuit;
3346 4445 3439 4500 sed
3468 4451 3586 4498 tan-

2017 4553 2128 4601 tum
2176 4526 2456 4614 baptizati'
2474 4548 2600 4597 sunt
2628 4542 2680 4594 in
2708 4528 3110 4609 pmnitentiam,
3140 4545 3201 4592 ut
3222 4537 3503 4592 crederent
3530 4534 3584 4588 in

2015 4648 2162 4701 eam,
2182 4636 2320 4691 sicut
2342 4634 2482 4689 idem
2507 4631 2760 4704 prmfatus
2781 4630 3065 4702 Apostolus
3085 4630 3196 4684 ait:
3221 4627 3325 4694 Qui
3346 4635 3583 4681 venturus

2014 4716 2113 4794 est,
2140 4728 2199 4787 id
2224 4736 2320 4792 est,
2349 4727 2405 4780 in
2427 4725 2629 4780 Iesum.
2657 4720 2815 4789 Nota,
2840 4723 3028 4786 lector,
3060 4720 3202 4792 quod
3226 4718 3354 4773 dicit
3376 4716 3585 4772 credere

2017 4821 2071 4875 in
2096 4821 2294 4876 Iesum.
2327 4816 2659 4881 Nullatenus,
2687 4817 2731 4872 si
2755 4817 2894 4871 Deus
2916 4820 2970 4870 et
2995 4814 3089 4868 Dei
3111 4810 3276 4866 Filius
3303 4824 3408 4864 non
3439 4818 3584 4865 esset

2014 4910 2191 4974 Jesus,
2216 4894 2309 4981 qui
2339 4926 2404 4965 ex
2430 4909 2650 4980 Virgine
2691 4916 2849 4963 natus
2878 4914 2977 4967 est,
3011 4910 3191 4958 tantus
3214 4901 3419 4957 diceret
3443 4902 3583 4972 Apo-

2015 4999 2204 5065 stolus,
2236 5005 2294 5052 ut
2329 4999 2384 5051 in
2421 4996 2604 5052 Iesum
2641 4997 2858 5052 credere
2887 4995 3163 5057 deberent,
3191 4992 3319 5061 quia
3349 4998 3581 5046 tantum-

2013 5084 2172 5143 modo
2192 5085 2323 5141 ﬁdes
2336 5086 2600 5159 catholica
2623 5080 3136 5145 habet,credcndum
3149 5096 3271 5135 esse
3286 5084 3338 5135 in
3366 5081 3578 5135 Patrem
3655 5104 3663 5110 -

2009 5185 2066 5231 et
2090 5176 2145 5229 in
2171 5169 2384 5241 Filium,
2413 5183 2470 5232 et
2492 5176 2548 5229 in
2567 5173 2823 5242 Spiritum
2852 5180 3113 5235 sanctum,
3136 5173 3239 5229 hoc
3260 5182 3344 5227 est
3369 5172 3421 5225 in
3449 5184 3576 5223 san-
3648 5219 3653 5223 .

2010 5272 2150 5319 ctam
2197 5261 2830 5318 Trinitatem:ca2terum
2869 5263 2922 5317 in
2967 5261 3088 5317 aliis
3129 5262 3404 5318 catholicae
3453 5257 3579 5314 fidei

2009 5352 2430 5423 professionibus
2470 5352 2528 5406 in
2573 5353 3003 5424 praepositionem
3056 5365 3327 5423 apponere
3389 5348 3578 5406 uolunt

1988 5445 2260 5499 'doctores
2282 5441 2630 5498 ecclesiastici
2649 5482 2663 5510 ,
2694 5444 2786 5498 sed
2813 5443 3178 5514 tantummodo
3204 5441 3384 5497 dicere
3408 5460 3419 5495 :
3442 5442 3572 5498 Cro-
