4228 6258
600 246 705 302 159

1410 246 1469 299 Β.
1510 246 1571 299 F.
1611 244 1834 300 ALBINI
1874 245 2006 302 SEU
2043 244 2314 301 ALCUINI
2351 243 2633 301 OPERUM
2668 245 2846 301 PARS
2881 246 2966 305 Ill.

3630 253 3802 325 .160

590 361 767 416 dimus
794 367 1034 414 sanctam
1077 344 1366 414 Hcclesiam
1383 398 1399 423 ,
1425 366 1482 413 et
1505 335 1874 413 remissionem
1902 365 2148 426 peccato-
2175 359 2225 421 Α
2253 356 2392 409 tione
2418 370 2538 424 quae
2567 357 3188 422 secundumMatthaeum
3215 358 3440 415 habetur
3467 378 3478 413 :
3504 369 3556 415 et
3581 377 3676 431 per
3699 363 3804 418 Lu~

590 467 712 508 rum
733 491 746 516 ,
777 458 832 505 et
857 451 1306 504 resurrectionem
1335 458 1690 513 mortuorum,
1726 456 1782 502 et
1817 457 2010 502 cetera
2037 462 2154 515 qua:

591 540 644 594 in
671 538 912 611 symbolo
949 547 1134 593 sancto
1159 538 1518 592 continentur.
1560 536 1636 590 De
1681 536 2001 590 discretione
2029 551 2156 590 vero

591 630 926 699 baptismatis
971 629 1192 692 Christi,
1227 637 1282 682 et
1326 627 1661 697 baptismatis
1700 627 1922 682 Joannis
1964 629 2155 683 beatus

591 722 917 792 Augustinus
938 723 988 774 in
1016 721 1150 774 libro
1184 721 1525 774 Enehiridion
1553 720 1627 773 ita
1657 720 1732 773 ait
1752 731 1777 758 ιι
1809 738 1820 773 :
1862 738 1878 769 ι
1915 719 2043 773 Illud
2073 728 2152 774 ta-

591 830 712 868 men
745 830 907 868 unum
934 798 1208 882 peccatum
1226 853 1240 875 ,
1271 813 1410 882 quod
1438 821 1546 866 tam
1575 827 1849 881 magnum,
1877 812 1929 864 in
1958 812 2074 865 Ioco
2101 819 2156 866 et

591 903 776 956 habitu
806 910 964 956 tanta:
1008 901 1273 956 felicitatis
1317 900 1607 955 admissum
1637 909 1738 964 est,
1765 908 1824 954 ut
1853 901 1903 954 in
1929 917 2033 953 uno
2059 902 2154 955 ho-

589 995 732 1048 mine
759 993 1110 1062 originaliter,
1146 1001 1220 1053 et,
1247 1000 1306 1045 ut
1332 993 1403 1045 ita
1431 992 1624 1055 dicam,
1653 991 1958 1044 radicaliter
1986 999 2152 1045 totum

588 1100 757 1153 genus
783 1085 1075 1138 humanum
1119 1085 1468 1137 damnaretur
1494 1082 1623 1155 [non
1653 1083 1878 1136 solvitur
1907 1098 1970 1136 ac
1999 1082 2156 1136 dilui-

589 1171 718 1242 tur],
750 1172 853 1226 nisi
901 1187 999 1240 per
1045 1186 1208 1225 unum
1256 1172 1604 1227 mcdiatorem
1635 1172 1743 1225 Dei
1776 1181 1829 1224 et
1879 1172 2152 1226 hominum

593 1261 862 1315 hominem
887 1260 1156 1315 Christum
1179 1259 1383 1326 Jesum,
1411 1262 1498 1330 qui
1524 1262 1667 1316 solus
1689 1246 1860 1331 potuit
1884 1262 1956 1315 ita
1982 1262 2152 1326 nasci,

525 1358 533 1367 ‘
586 1352 706 1404 ntei
732 1367 836 1405 non
857 1367 992 1420 opus
1011 1360 1152 1406 esset
1173 1352 1378 1407 renasci
1407 1371 1418 1405 :
1443 1368 1547 1407 non
1563 1354 1705 1407 enim
1733 1352 2153 1406 renascebantur

587 1441 677 1509 qui
702 1441 1114 1510 baptizabantur
1141 1442 1460 1510 baptismate
1496 1441 1738 1506 Joannis,
1766 1457 1797 1494 a
1828 1457 1934 1510 quo
1959 1449 2012 1496 et
2031 1444 2150 1511 ipse

594 1531 848 1603 [Joannes
863 1531 1016 1602 (Aug.
1036 1533 1202 1586 omitt.
1236 1549 1403 1586 uocem
1425 1531 1702 1603 Joannes)]
1717 1531 2015 1600 baptizatus
2038 1541 2148 1597 est;

587 1621 680 1675 sed
698 1621 927 1689 quodam
942 1623 1290 1691 prmcursorio
1315 1621 1453 1677 illius
1477 1622 1789 1687 ministerio,
1804 1623 1894 1692 qui
1909 1622 2147 1678 dicebat:

2254 459 2370 499 cam
2400 452 2523 514 post
2562 446 2886 515 baptismum
2922 447 3246 513 ascendisse,
3269 457 3325 503 et
3367 465 3464 520 per
3507 454 3804 523 adoptionis

2253 535 2481 604 gratiam
2518 534 2710 590 Filium
2739 535 2832 593 Dei
2861 553 2979 593 esse
3006 538 3222 593 factum.
3255 539 3320 593 Et
3346 557 3414 596 ne
3444 543 3564 611 quis
3591 559 3677 600 me
3702 547 3802 601 t'al-

2253 642 2370 681 sum
2417 627 2616 699 tingere
2643 630 2709 684 de
2732 646 2796 686 eo
2823 633 3049 686 aestimet
3066 673 3080 697 ,
3102 633 3282 687 audiat
3308 635 3430 689 novi
3455 635 3691 702 ejusdem
3720 639 3802 693 in-

2254 717 2504 785 terpretis
2550 716 2712 772 verba
2751 736 2813 773 ε(
2866 719 3142 776 Matthzeus
3169 761 3183 786 ,
3234 722 3442 790 inquit,
3493 724 3546 778 in
3585 727 3803 782 exordio

2254 805 2525 876 Evangelii
2570 808 2759 862 seriem
2802 811 3180 878 generationis,
3208 827 3325 880 quae
3365 816 3651 869 secundum
3681 833 3802 872 car-

2253 911 2376 950 nem
2415 897 2483 950 ad
2520 895 2789 951 Christum
2835 899 3134 964 descendit,
3162 918 3189 955 a
3218 901 3384 956 David
3413 918 3504 957 seu
3534 904 3801 960 Abraham

2254 984 2534 1052 incipiens,
2559 999 2727 1055 usque
2768 985 2962 1056 Joseph
2998 1004 3249 1057 sponsum
3292 990 3489 1057 Mariae,
3513 1008 3610 1061 per
3649 1009 3803 1063 reges

2252 1083 2308 1128 et
2342 1084 2561 1131 οπμενος
2585 1076 2651 1130 de
2688 1078 2830 1134 tribu
2857 1076 2992 1132 Juda
3018 1079 3232 1134 sibimet
3259 1082 3620 1146 succedentes,
3649 1084 3801 1137 dinu-

2254 1168 2509 1222 merando
2553 1168 2796 1238 perducit
2821 1168 2840 1234 εὶ
2861 1170 2913 1224 in
2942 1186 3045 1240 qua
3081 1172 3420 1242 generatione
3465 1175 3644 1228 carnis
3670 1190 3801 1244 qua-

2253 1267 2376 1313 tuor
2400 1259 2608 1313 femina:
2636 1259 3059 1316 introducuntur.
3093 1262 3223 1316 Tres
3253 1262 3496 1318 videlicet
3535 1279 3600 1319 ex
3630 1267 3799 1334 genti-

2251 1349 2381 1413 bus;
2412 1357 2601 1418 quarta
2650 1365 2776 1405 vero
2820 1350 2926 1416 illa,
2980 1352 3034 1405 in
3079 1367 3183 1421 qua
3233 1352 3399 1407 David
3440 1355 3718 1423 peccavit:
3745 1364 3804 1409 ut

2252 1439 2790 1517 liquide'pateseeret,
2820 1440 2960 1508 quod
2988 1440 3127 1495 idem
3152 1441 3473 1510 Redemptor
3491 1450 3671 1497 noster
3697 1457 3800 1497 non

2252 1529 2420 1584 solum
2443 1544 2508 1585 ex
2533 1528 2747 1594 Judieis,
2777 1531 2870 1584 sed
2891 1538 2946 1584 et
2965 1531 3028 1585 de
3049 1531 3320 1601 gentibus;
3346 1545 3516 1599 neque
3536 1532 3601 1584 de
3619 1531 3797 1598 iustis,

2253 1618 2348 1674 sed
2379 1620 2542 1674 etiam
2577 1626 2631 1673 et
2657 1620 2722 1674 de
2749 1621 3118 1689 peccatoribus
3146 1635 3325 1674 veram
3356 1635 3568 1675 carnem
3595 1637 3660 1676 ex
3689 1620 3803 1676 Vir-

596 1687 793 1764 Parate
815 1687 1188 1765 riam-Domino
1217 1712 1428 1782 (Matth.
1462 1731 1544 1778 ιιι,
1573 1715 1754 1788 5),uhi
1785 1687 1947 1767 unum
1969 1713 2148 1784 [Aug.,
2182 1687 2228 1746 Β
2253 1708 2373 1778 gine
2404 1708 2651 1777 suscepit.
2681 1687 2854 1763 Lucas
2891 1724 3018 1764 vero
3045 1710 3236 1762 seriem
3263 1710 3639 1780 generationis,
3685 1725 3803 1778 qua:

590 1799 714 1852 huic
738 1798 874 1868 uni],
892 1815 997 1868 quo
1023 1800 1137 1855 solo
1168 1803 1376 1855 renasci
1398 1809 1664 1870 poterant,
1679 1802 2025 1871 parabantur.
2043 1803 2152 1856 IIu-

583 1883 672 1950 jus
711 1887 852 1940 enim
876 1887 1172 1955 baptismus
1201 1887 1492 1958 [Querret.,
1524 1890 1869 1962 baptismum]
1909 1900 2013 1955 est,
2045 1907 2152 1946 non

585 1976 640 2027 in
680 1991 818 2045 aqua
850 1988 1075 2044 tantum,
1101 1981 1237 2034 sicut
1281 1979 1381 2034 fuit
1413 1980 1651 2046 Joannis,
1675 1998 1859 2036 verum
1888 1982 2051 2037 etiam
2095 1984 2150 2038 in

586 2068 786 2136 Spiritu
818 2078 1003 2125 saneto
1030 2089 1041 2124 :
1066 2079 1122 2125 ut
1147 2073 1211 2126 de
1238 2073 1326 2127 illo
1369 2072 1570 2143 Spiritu
1600 2083 1975 2143 regeneretur,
2000 2075 2149 2145 quis—

581 2161 701 2228 quis
743 2162 795 2214 in
842 2160 1114 2217 Christum
1163 2164 1352 2229 credit,
1375 2164 1441 2220 de
1490 2180 1596 2234 quo
1646 2165 1891 2220 Christus
1941 2167 2152 2234 genitus

585 2250 764 2320 [.4ug.,
795 2256 1100 2322 generatus]
1129 2256 1535 2322 regeneratione
1560 2270 1666 2310 non
1694 2256 1856 2325 eguit.
1886 2276 1904 2306 ι
1939 2255 2004 2308 Et
2033 2263 2154 2323 post

580 2356 748 2409 pauca
780 2341 831 2394 in
861 2342 1047 2395 eodem
1077 2343 1250 2397 libro:
1282 2362 1300 2394 ‹
1334 2345 1389 2398 1η
1420 2361 1558 2414 aqua
1601 2361 1730 2416 ergo
1773 2347 2029 2416 baptizari
2059 2363 2152 2403 vo-

584 2431 680 2484 luit
703 2448 732 2484 a
756 2429 981 2496 Joanne,
1014 2447 1117 2486 non
1145 2442 1203 2486 ut
1239 2434 1354 2503 ejus
1402 2435 1655 2509 iniquitas
1701 2436 1803 2489 ulla
1834 2437 2149 2500 dilueretur,

581 2521 673 2574 sed
699 2529 756 2574 nt
783 2536 972 2590 magna
1004 2524 1474 2579 commendaretur
1508 2526 1802 2582 humilitas.
1845 2527 1920 2581 Ita
1957 2529 2152 2596 quippe

580 2614 710 2666 nihil
740 2615 790 2666 in
816 2628 880 2667 eo
911 2615 1226 2682 baptismus,
1262 2618 1402 2683 quod
1431 2618 1692 2681 ablueret,
1727 2620 1865 2671 sicut
1894 2635 2038 2673 mors
2065 2620 2148 2673 ηἰ-

583 2704 676 2767 hil,
710 2705 850 2773 quod
878 2706 1109 2773 puniret,
1138 2707 1342 2760 invenit
1367 2721 1380 2759 :
1403 2715 1462 2760 ut
1489 2709 1731 2762 diabolus
1753 2709 2152 2777 veritatejusti-

583 2794 701 2858 tite,
730 2810 836 2848 non
882 2796 1133 2850 violentia
1177 2800 1458 2867 potestatis
1505 2815 1792 2869 oppressus
1837 2810 1893 2856 et
1938 2803 2108 2856 vietus
2135 2843 2148 2866 ,

581 2884 832 2951 quoniam
863 2886 1035 2954 ipsum
1080 2888 1196 2942 sine
1222 2889 1330 2962 ullo
1364 2892 1569 2958 pee'eati
1596 2876 1788 2946 merito
1820 2893 2151 2961 iniquissime

580 2973 978 3041 occiderat,per
996 2975 1167 3042 ipsum
1185 2974 1480 3040 iustissime
1500 2979 1787 3043 amitteret,
1809 2982 1947 3048 quod
1964 2982 2145 3051 [Aug.,

581 3065 748 3138 quos]
798 3069 1000 3135 peccati
1051 3068 1242 3121 merito
1293 3068 1582 3122 detinebat.
1650 3070 1946 3140 Utrumque
2006 3073 2146 3125 enim

583 3155 767 3226 [.‘tug.,
799 3141 1082 3225 utrumque
1109 3155 1290 3226 igitur]
1322 3155 1388 3209 ab
1417 3157 1527 3220 illo,
1559 3157 1608 3211 id
1635 3165 1736 3220 est,
1768 3167 1823 3212 et
1853 3159 2150 3226 baptismus

581 3250 632 3297 et
659 3257 823 3306 mors,
853 3253 1014 3297 certa:
1054 3245 1462 3313 dispensationis
1501 3261 1663 3299 causa
1704 3263 1807 3300 non
1847 3248 2150 3317 miseranda

491 3371 494 3373 .
582 3331 920 3395 necessitate,
941 3334 1031 3386 sed
1055 3333 1341 3387 miserante
1359 3335 1534 3403 potius
1555 3336 1826 3391 voluntate
1848 3348 2149 3406 susceptum

582 3431 685 3485 est,
719 3431 775 3474 ut
818 3440 954 3478 unus
999 3433 1278 3492 peccatum
1327 3427 1536 3481 tolleret
1581 3429 1800 3493 mundi,
1830 3429 1968 3483 sicut
2015 3444 2150 3483 unus

581 3521 859 3579 peccatum
903 3515 1048 3569 misit
1078 3516 1128 3569 in
1164 3517 1444 3582 mundum,
1476 3518 1577 3598 hoc
1618 3528 1703 3572 est
1741 3519 1794 3572 in
1842 3520 2149 3574 universum

585 3617 750 3670 genus
807 3604 1127 3671 humanum,
1172 3607 1427 3675 Apostolo
1477 3618 1762 3666 attestunte
1789 3630 1797 3664 ;
1825 3611 1968 3665 Sicut
2013 3615 2149 3666 enim

583 3694 635 3746 in
676 3693 840 3746 Adam
881 3712 1054 3748 omnes
1091 3697 1402 3761 moriuntur,
1432 3700 1505 3752 ita
1545 3710 1592 3751 et
1633 3701 1686 3752 in
1728 3701 1932 3754 Christo
1977 3720 2149 3755 omnes

587 3785 982 3851 viviﬁcabuntur
1009 3787 1060 3858 (1
1088 3787 1208 3840 Cor.
1234 3803 1323 3852 xv,
1353 3787 1464 3858 22).
1503 3807 1520 3840 ι

655 3874 832 3928 XVIII.
875 3877 1044 3943 Quam
1075 3888 1261 3948 aperta
1285 3887 1367 3933 est
1411 3881 1523 3934 haec
1549 3879 1901 3948 blasphemia,
1930 3887 1986 3933 ut
2009 3880 2152 3934 dicat

585 3966 856 4018 Christum
902 3970 1134 4022 secunda
1165 3971 1454 4040 indiguisse
1483 3973 1862 4041 generatione?
1890 3972 1954 4025 Et
1992 3987 2149 4040 quem

585 4059 778 4125 saepius
821 4058 934 4112 sine
962 4068 1180 4127 peccato
1211 4061 1439 4117 aﬂirmat
1462 4079 1602 4129 esse,
1629 4081 1771 4119 nunc
1798 4065 1974 4118 subito
1995 4063 2150 4132 quasi

584 4155 920 4215 peceatorem
961 4153 1366 4219 regeneratione
1417 4155 1706 4223 indiguisse
1748 4153 2036 4208 contendit.
2087 4153 2152 4207 Et

585 4239 674 4307 qni
719 4237 887 4291 Deum
923 4239 1082 4307 paulo
1106 4249 1228 4293 ante
1259 4243 1510 4304 asseruit,
1540 4251 1594 4294 et
1623 4257 1688 4294 ex
1731 4250 1882 4294 utero
1906 4241 2152 4310 virginali

2250 1813 2344 1867 per
2389 1798 2724 1867 adoptionem
2759 1807 2873 1864 est,
2901 1814 3006 1853 non
3049 1814 3146 1868 per
3195 1799 3551 1869 genealogiam
3595 1800 3796 1862 carnis,

2250 1892 2690 1961 quemadmodum
2730 1892 3026 1960 Matthaeus,
3072 1893 3164 1946 sed
3207 1909 3236 1946 a
3273 1892 3556 1962 baptismo,
3591 1893 3642 1946 in
3690 1908 3796 1961 quo

2249 1981 2547 2050 baptizatus
2586 1988 2668 2036 est
2692 1979 2936 2036 Christus
2963 1981 3016 2034 in
3043 1979 3290 2046 Jordane,
3322 1981 3390 2034 ab
3434 1981 3549 2049 ipso
3589 1979 3805 2058 Christo

2249 2073 2508 2142 incipiens
2531 2087 2634 2126 non
2663 2087 2758 2142 per
2781 2073 2979 2127 tribum
3005 2071 3161 2137 Juda,
3183 2081 3240 2126 ut
3267 2073 3435 2141 prior,
3465 2073 3557 2126 sed
3588 2088 3682 2142 per
3709 2074 3806 2126 tri-

2250 2163 2376 2216 bum
2415 2162 2795 2217 sacerdotalem
2835 2170 3021 2216 texens
3048 2181 3060 2215 :
3087 2177 3256 2230 neque
3293 2162 3541 2215 deorsum
3587 2163 3804 2217 descen-

2252 2254 2445 2317 dendo,
2476 2253 2611 2307 sicut
2640 2252 2746 2316 ille,
2781 2252 3108 2316 sedsursum
3136 2267 3354 2307 versus:
3381 2268 3485 2306 non
3519 2268 3616 2322 per
3655 2252 3824 2314 Salo:

2251 2361 2461 2400 monem
2485 2361 2547 2401 ex
2572 2345 2832 2399 Bersabee
2861 2345 3092 2415 genitum
3111 2386 3124 2410 ,
3149 2346 3240 2400 sed
3273 2360 3367 2414 per
3391 2344 3596 2397 Nathan
3624 2344 3674 2396 in
3701 2341 3808 2397 Da-

2250 2436 2338 2490 vid
2384 2437 2698 2505 rccopnlans
2736 2451 2902 2504 usque
2946 2437 2998 2490 in
3036 2436 3200 2490 Adam
3232 2435 3479 2504 perduxit
3505 2435 3571 2489 ad
3611 2434 3805 2502 Deum,

2252 2533 2412 2595 caput
2437 2525 2683 2580 videlicet
2707 2525 2967 2594 replicans
3006 2528 3070 2580 ad
3093 2535 3268 2594 caput.
3294 2545 3310 2578 ι

2325 2614 2462 2669 XIX.
2486 2614 2596 2670 Nec
2619 2616 2749 2669 mihi
2777 2618 2879 2670 hoc
2896 2617 3010 2669 loco
3031 2631 3160 2684 opus
3181 2623 3261 2670 est
3285 2615 3350 2670 ad
3371 2617 3798 2685 respondendum

2253 2709 2417 2761 verba
2454 2722 2794 2778 exaggerare,
2833 2707 2956 2760 dum
2999 2707 3196 2760 veritas
3224 2705 3497 2776 Evangelii
3543 2708 3800 2772 ostendit,

2254 2799 2318 2852 de
2344 2795 2542 2866 Spiritu
2572 2805 2757 2851 sancto
2778 2811 2843 2850 ex
2875 2795 3037 2850 Maria
3062 2797 3264 2863 virgine
3291 2805 3475 2851 natum
3502 2812 3621 2853 esse
3648 2799 3803 2854 Chri-

2254 2895 2414 2952 stum,
2445 2902 2550 2948 non
2595 2886 2748 2956 quasi
2773 2893 3128 2954 peccatorem,
3183 2887 3275 2942 sed
3308 2903 3432 2942 vere
3469 2888 3659 2942 Filium
3686 2888 3802 2953 Dei,

2256 2979 2361 3032 imo
2406 2986 2460 3031 et
2485 2977 2671 3032 Deum.
2703 2975 2888 3031 Nonne
2917 2977 3178 3030 dubitanti
3221 2975 3416 3045 Joseph
3464 2978 3579 3032 viro
3622 2977 3802 3032 Mariae

2253 3069 2469 3138 angelus
2496 3069 2741 3138 apparuit
2769 3069 2820 3119 in
2846 3069 3044 3121 somnis
3071 3069 3250 3121 dicens
3277 3083 3290 3119 :
3318 3067 3444 3120 Noli
3472 3059 3668 3120 timete.
3695 3067 3804 3122 Fili

2251 3159 2444 3222 David,
2474 3159 2701 3226 accipere
2729 3155 2954 3209 Mariam
2984 3157 3252 3224 conjugem
3292 3165 3454 3208 tuam.
3491 3154 3639 3219 Quod
3663 3156 3799 3208 enim

2249 3267 2313 3303 ea:
2345 3267 2404 3303 ea
2434 3257 2612 3302 uatum
2641 3257 2735 3311 est,
2763 3247 2826 3300 dc
2855 3246 3052 3316 Spiritu
3086 3256 3263 3300 sancto
3290 3255 3381 3299 est.
3429 3243 3607 3299 Pariet
3631 3257 3801 3301 autem

2253 3339 2468 3404 Filium,
2519 3349 2566 3390 et
2611 3337 2810 3391 vocabis
2860 3355 3040 3390 nomen
3094 3339 3204 3406 ejus
3245 3335 3445 3390 Jesum.
3481 3335 3592 3389 Hoc
3632 3347 3802 3391 autem

2249 3439 2412 3483 totum
2441 3429 2636 3496 factum
2681 3437 2777 3492 est,
2806 3438 2859 3480 ut
2889 3427 3277 3496 adimpleretur,
3314 3427 3451 3497 quod
3500 3428 3694 3480 dictum
3731 3437 3804 3480 est

2249 3539 2339 3592 per
2386 3522 2687 3592 prophetam
2730 3533 2747 3571 .'
2787 3518 2964 3572 Pariet
3009 3518 3224 3583 Filium,
3275 3526 3323 3572 et
3373 3521 3574 3573 vocabis
3623 3534 3807 3572 nomen

2249 3614 2362 3682 ejus
2391 3612 2701 3667 Emmanuel
2746 3612 3026 3683 (Matth._l,
3054 3612 3122 3665 20
3140 3611 3285 3683 ~25).
3317 3613 3382 3666 Et
3410 3627 3477 3678 ne
3507 3609 3814 3679 ignorantia

2249 3708 2390 3754 esset
2416 3700 2667 3775 nominis,
2700 3699 2942 3766 adiunxit
2986 3700 3308 3767 evangelista
3337 3714 3350 3750 :
3382 3698 3518 3767 quod
3544 3699 3799 3766 interpre-

2250 3799 2390 3843 tatur
2426 3791 2688 3842 nobiscum
2743 3789 2900 3841 Deus.
2955 3788 3055 3852 Qui
3104 3789 3158 3840 in
3194 3787 3450 3841 ‘Matthaeo
3495 3785 3808 3841 Emmanuel

2250 3877 2465 3940 dicitur,
2501 3877 2553 3929 in
2581 3875 2724 3929 Luca
2753 3873 2924 3928 Filius
2970 3874 3217 3928 Altissimi
3249 3884 3489 3929 vocatur.
3520 3875 3588 3929 Et
3612 3889 3679 3928 ne
3711 3875 3806 3929 du-

2250 3967 2394 4022 bium
2421 3973 2580 4032 esset,
2610 3965 2727 4036 quis
2757 3974 2898 4019 esset
2945 3964 3269 4031 Altissimus,
3299 3964 3537 4032 adjunxit
3579 3965 3759 4020 statim
3789 3983 3800 4015 :

2250 4074 2295 4116 et
2331 4070 2588 4126 sanctum,
2613 4060 2752 4131 quod
2799 4076 2861 4114 ex
2888 4068 2936 4113 te
2967 4069 3222 4124 nascetur,
3255 4059 3424 4114 Filius
3461 4060 3558 4114 Dei
3605 4060 3814 4123 vocabis

2249 4160 2335 4205 tur
2367 4149 2516 4221 (Luc.
2551 4167 2590 4217 ι,
2618 4149 2851 4215 32-55).
2905 4149 3053 4203 Illam
3104 4164 3229 4219 ergo
3273 4148 3654 4218 genealogiam,
3687 4161 3805 4214 qua

2251 4240 2541 4295 secundum
2569 4239 2767 4293 Lucam
2791 4245 2909 4304 est,
2954 4237 3102 4290 Felix
3130 4251 3226 4305 per
3247 4236 3587 4302 adoptionem
3609 4231 3804 4285 asserit

585 4337 768 4382 natum
798 4343 914 4381 esse
935 4368 947 4392 ,
979 4344 1121 4382 nunc
1149 4328 1322 4383 subito
1349 4330 1501 4397 quasi
1532 4329 1799 4382 hominem
1841 4343 2031 4395 purum
2075 4329 2152 4381 Ia-
2178 4353 2230 4411 υ
2253 4326 2566 4391 ascendere,
2595 4326 2748 4393 quasi
2770 4339 2955 4378 omnes
2995 4324 3100 4377 sint
3127 4321 3381 4390 adoptivi,
3411 4321 3500 4387 qui
3531 4319 3582 4372 in
3609 4331 3672 4370 ea
3700 4332 3802 4371 nu-

586 4419 730 4472 vacri
773 4417 1145 4472 emundatione
1186 4419 1520 4488 purgandum
1548 4433 1681 4491 esse
1729 4417 2064 4486 pronuntiat;
2097 4424 2152 4470 et
2179 4407 2215 4411 ⁷
2251 4421 2549 4478 merantur,
2585 4413 2725 4482 quod
2772 4411 2927 4480 longe
2975 4407 3130 4463 aliter
3158 4423 3274 4463 esse
3315 4409 3575 4478 agnoscit,
3604 4407 3806 4476 quisa-

587 4510 651 4563 ad
679 4506 1077 4561 similitudinem
1108 4518 1346 4562 nostram
1389 4507 1629 4577 adoptari
1665 4508 1823 4577 811
1858 4507 1912 4560 in
1957 4506 2149 4561 Filium

588 4599 702 4660 Dei,
731 4597 819 4665 qui
869 4595 966 4648 fuit
1007 4597 1172 4650 Filius
1217 4597 1312 4651 Dei
1355 4606 1642 4666 oonceptus
1671 4607 1724 4652 et
1753 4606 1927 4652 natus.
1974 4597 2151 4667 Atque

588 4688 685 4740 has
718 4686 850 4738 duas
875 4686 1244 4755 generationes
1271 4687 1323 4738 in
1349 4686 1564 4742 Christo
1594 4687 1800 4741 duabus
1827 4687 2152 4757 genealogiis

588 4775 804 4839 Christi,
829 4791 946 4845 qure
989 4775 1042 4828 in
1084 4773 1367 4842 Evangelio
1409 4775 1676 4842 leguntur,
1707 4776 2026 4831 conﬁrmare
2052 4794 2145 4847 ag-

589 4863 1052 4930 grediturzunam
1102 4877 1198 4933 per
1235 4877 1396 4930 qnam
1435 4861 1740 4929 descendit;
1786 4863 2008 4918 alteram
2055 4881 2148 4933 per

590 4969 749 5023 quam
802 4956 1042 5010 ascendit
1095 4954 1342 5009 Christus
1377 4953 1567 5021 :quasi
1617 4961 1866 5022 peccator
1909 4962 2052 5009 esset
2095 4955 2149 5007 in

591 5041 965 5110 descensione,
996 5053 1050 5100 et
1095 5045 1340 5116 expiatus
1384 5045 1438 5098 in
1484 5043 1794 5099 ascensione
1833 5044 2145 5112 adoptionis.

592 5129 839 5195 Attende,
869 5132 1053 5197 lector,
1072 5148 1267 5188 novum
1291 5130 1607 5201 evangelicae
1627 5132 1864 5186 historia:
1889 5134 2151 5202 interpre—

595 5226 720 5270 tem.
753 5218 897 5273 Duas
941 5222 1274 5291 genealogias
1298 5221 1497 5277 Christi
1523 5238 1646 5277 cum
1673 5221 2010 5292 evangelistis
2038 5237 2148 5276 me—

594 5317 768 5362 morat
810 5327 822 5361 :
857 5311 1146 5364 secundum
1175 5310 1478 5367 Matthmum
1505 5313 1774 5368 Christum
1816 5312 2150 5366 descendisse

595 5414 697 5451 non
745 5399 920 5455 solum
945 5416 1040 5469 per
1077 5398 1283 5468 justos,
1324 5403 1418 5456 sed
1448 5405 1608 5459 etiam
1639 5420 1734 5475 per
1768 5403 1994 5461 feminas
2032 5417 2152 5472 pec-

595 5487 842 5552 ratriees,
865 5498 918 5542 et
948 5490 1235 5561 indiguisse
1264 5506 1385 5545 eum
1415 5493 1676 5562 baptismo
1717 5497 1770 5550 in
1800 5494 1887 5550 illa
1931 5504 2150 5562 genera.

671 5613 694 5639 ι
729 5596 785 5650 S.
812 5597 967 5668 Aug,
993 5603 1261 5658 Enchirid.
1289 5619 1406 5673 cap.
1437 5604 1522 5661 48.

2250 4521 2371 4560 cras
2398 4511 2594 4558 sanctae
2621 4502 2909 4571 Scriptum
2932 4501 3066 4571 Iegit-
3084 4499 3354 4554 historias.
3386 4499 3559 4554 Addit'
3588 4513 3802 4568 quoque

2248 4595 2638 4649 atrocissimum
2677 4593 2875 4648 erroris
2904 4591 2985 4646 sui
3023 4605 3322 4644 venenum:
3360 4607 3378 4639 ι
3412 4588 3470 4644 Si
3500 4591 3620 4660 quis
3640 4604 3793 4653 vero,

2249 4687 2442 4756 inquit,
2474 4686 2613 4739 hanc
2648 4683 2940 4756 spiritalem
2969 4683 3383 4752 generationem,
3415 4695 3531 4749 quae
3557 4695 3652 4749 per
3677 4680 3806 4732 ado—

2249 4780 2486 4849 ptionem
2514 4776 2594 4842 ﬁt,
2625 4792 2655 4830 a
2683 4773 2896 4830 Christo
2931 4774 3218 4828 secundum
3261 4771 3531 4825 hominem
3555 4768 3805 4822 abdicare

2255 4869 2382 4930 vult,
2421 4868 2572 4937 prius
2601 4879 2817 4920 necesse
2837 4871 2940 4929 est,
2968 4872 3025 4917 ut
3051 4862 3192 4917 illam
3213 4875 3331 4929 quae
3359 4858 3651 4911 secundum
3677 4871 3798 4910 car-

2255 4974 2377 5025 nem
2403 4964 2504 5022 est,
2535 4957 2602 5011 ab
2629 4970 2695 5010 eo
2728 4954 2965 5009 funditus
2993 4951 3284 5006 abscindat.
3324 4968 3342 5000 ι
3377 4947 3588 5012 Audite,
3623 4949 3803 5006 audite

2256 5048 2490 5117 legentes
2508 5055 2563 5102 et
2589 5045 2962 5115 intelligentes,
2983 5055 3143 5110 quam
3191 5045 3372 5108 aperta
3397 5046 3480 5092 est
3519 5040 3632 5094 hzec
3660 5040 3801 5094 blas-

2253 5138 2485 5207 phemia.
2509 5138 2617 5192 Aut
2639 5137 2773 5191 duas
2799 5133 2911 5188 vult
2955 5133 3151 5187 habere
3189 5129 3481 5193 Christum,
3509 5132 3798 5189 secundum

2251 5227 2392 5298 quod
2435 5231 2593 5284 homo
2644 5235 2743 5289 est,
2785 5224 3176 5294 generationes,
3227 5223 3506 5277 autetiam
3558 5222 3795 5277 nullam:

2250 5320 2399 5386 quasi
2424 5333 2640 5374 necesse
2666 5320 2756 5380 sit,
2788 5323 2846 5368 ut
2881 5319 3000 5382 post
3024 5312 3291 5366 carnalem
3327 5314 3521 5372 habeat
3545 5314 3706 5369 etiam
3744 5319 3803 5369 et

2249 5409 2539 5476 spiritalem
2568 5411 2620 5461 in
2643 5403 2944 5473 adoptione,
2990 5410 3048 5454 ut
3092 5403 3452 5471 mquallterde
3491 5417 3557 5458 eo
3596 5402 3799 5458 dictum

2249 5497 2592 5570 intelligatur,
2619 5495 2758 5550 sicut
2787 5500 2842 5546 et
2882 5492 2946 5546 de
2973 5491 3123 5548 nobis
3152 5493 3262 5563 ipsa
3291 5494 3508 5550 Veritas
3532 5493 3607 5549 ait
3632 5507 3646 5548 :
3678 5491 3799 5548 Nisi
