4228 6320
455 420 544 474 hil
1159 414 1566 472 DOGMATICA.
1591 448 1660 458 —
1687 416 1841 472 ADV.
1880 411 2168 473 FELICEM
2210 412 2383 468 LIBRI
2420 412 2526 466 VII.
2566 440 2635 449 --
2671 406 2797 462 LIB.
2839 407 2921 461 IlI.

450 625 677 682 troirein
701 640 911 694 regnum
931 621 1024 675 Dei
1049 620 1225 690 (Joan.
1256 637 1337 683 Ill,
1359 620 1433 690 5).
1451 619 1760 674 Nullateuus
1780 618 1994 687 quippe,
2027 682 2030 686 Α

450 718 587 772 sicut
628 714 874 785 superius
921 712 1245 767 ostendimus
1296 710 1481 780 (Num.
1506 709 1613 779 t7),
1646 711 1700 764 in
1733 709 1998 778 baptismo

450 803 670 861 Joannis
706 800 1037 872 regeneratio
1074 799 1172 853 fuit
1214 797 1456 866 alicujus,
1487 798 1581 853 sed
1608 796 1997 852 demonstratio

370 893 373 896 ⁴
452 896 669 965 majoris
687 893 947 969 mysterii.
980 890 1161 961 Neque
1183 889 1397 945 Christo
1424 888 1743 943 ascendente
1771 887 1836 941 de
1860 901 1998 956 aqua

451 989 523 1043 ibi
551 986 667 1055 ejus
688 986 869 1041 unctio
901 984 1015 1047 fuit,
1047 983 1100 1039 id
1136 990 1221 1036 est
1269 978 1617 1035 sanctiﬁcatio
1657 977 1856 1047 Spiritu
1876 991 2000 1030 san-

452 1086 539 1134 cto
563 1076 916 1138 descendente
944 1089 1103 1143 super
1135 1088 1275 1137 eum,
1327 1072 1419 1127 sed
1469 1070 1852 1125 demonstratio
1876 1068 1998 1139 quis

449 1176 611 1232 esset,
640 1175 694 1224 et
720 1167 965 1238 ﬁguratio
984 1174 1179 1220 nostra:
1195 1163 1457 1219 unctionis
1479 1170 1533 1217 et
1552 1162 1871 1232 adoptionis,
1892 1175 1998 1229 qua

452 1259 505 1313 in
530 1259 795 1328 baptismo
824 1256 1217 1312 sanctiﬁcamur
1241 1254 1294 1308 in
1322 1253 1458 1309 ﬁlios
1498 1252 1611 1315 Dei,
1639 1251 1777 1306 sicut
1810 1252 1998 1305 beatus

452 1346 592 1402 Beda
615 1346 892 1417 presbyter
910 1344 1140 1400 ostendit
1169 1343 1222 1396 in
1258 1342 1585 1411 expositione
1603 1339 1997 1409 prmdicationis

450 1434 593 1489 beati
625 1429 771 1488 Petri
827 1422 1081 1501 principis
1130 1429 1508 1499 apostolorum,
1544 1441 1648 1495 qua
1693 1425 1996 1481 Cornelium

452 1538 570 1578 cum
596 1521 716 1577 aliis
739 1521 981 1590 plurimis
1007 1518 1223 1574 instruit
1246 1518 1312 1571 ad
1339 1516 1495 1571 ﬁdem
1526 1529 1550 1557 ιι
1585 1534 1598 1567 :
1637 1532 1656 1565 ι
1695 1515 2000 1579 Unctusest

452 1628 599 1685 ergo,
622 1613 816 1682 inquit,
836 1611 993 1667 Iesus
1009 1626 1113 1666 non
1134 1610 1252 1665 oleo
1278 1608 1526 1663 invisibili
1550 1605 1735 1679 [Beda,
1753 1607 1992 1678 visibili],

453 1704 546 1759 sed
568 1704 706 1759 dono
722 1702 925 1773 gratiae,
956 1702 1095 1770 quod
1132 1699 1324 1754 visibili
1352 1696 1679 1769 signiﬁcatur
1705 1705 1991 1766 unguento,

451 1807 557 1862 quo
573 1792 871 1860 baptizatos
912 1790 1064 1860 ungit
1110 1788 1344 1842 Ecclesia
1375 1804 1387 1840 :
1424 1801 1524 1843 nec
1553 1793 1729 1841 tamen
1754 1793 1879 1841 tunc
1899 1802 1997 1840 un-

452 1891 569 1938 ctus
594 1888 678 1936 est
732 1879 933 1948 Spiritu
983 1885 1187 1941 sancto,
1232 1876 1442 1946 quando
1475 1890 1635 1944 super
1682 1889 1805 1929 eum
1850 1873 1996 1930 velut

450 1973 691 2026 columba
711 1970 939 2039 Spiritus
952 1968 1237 2024 descendit.
1267 1968 1415 2022 Tunc
1432 1968 1573 2023 enim
1598 1982 1794 2035 corpus
1817 1981 1992 2031 suum,

451 2061 503 2115 id
539 2067 639 2123 est,
669 2058 959 2113 Ecclesiam
997 2072 1145 2111 suam
1181 2055 1341 2125 812
1376 2055 1717 2126 praeﬁgurare
1750 2055 1997 2125 dignatus

449 2156 548 2212 est,
580 2148 634 2201 in
678 2162 780 2216 qua
816 2145 1079 2215 prmcipue
1131 2143 1382 2213 baptizati
1431 2144 1697 2212 accipiunt
1740 2141 1995 2212 Spiritum

448 2247 710 2297 sanctum.
743 2238 848 2294 Sed
870 2238 970 2295 ista
999 2237 1221 2308 mystica
1243 2244 1299 2289 et
1323 2234 1574 2289 invisibili
1597 2234 1847 2289 unctione
1871 2243 1997 2289 tunc

449 2326 819 2401 intelligendus
863 2338 946 2383 est
972 2335 1183 2391 unctus,
1233 2324 1445 2395 quando
1494 2325 1722 2379 Verbum
1752 2324 1845 2378 Dei
1870 2339 1997 2379 caro

448 2414 646 2476 factum
672 2427 771 2481 est,
803 2418 855 2473 id
881 2426 984 2482 est,
1014 2415 1225 2486 quando
1245 2414 1475 2470 humana
1500 2421 1710 2478 natura,
1737 2414 1853 2468 sine
1877 2413 1996 2469 ullis

448 2508 869 2580 praecedentibus
894 2508 1155 2560 bonon
1183 2518 1407 2572 operum
1433 2504 1658 2568 meritis,
1684 2503 1792 2557 Deo
1822 2504 1995 2559 Verbo

446 2605 550 2663 est,
590 2598 646 2651 in
678 2607 831 2652 utero
854 2595 1075 2666 virginis
1095 2593 1361 2663 copulata,
1390 2593 1461 2647 ita
1499 2601 1559 2648 ut
1581 2609 1701 2648 cum
1731 2592 1821 2647 illo
1843 2593 1994 2647 ﬁeret

446 2700 552 2742 una
574 2685 823 2757 persona.
855 2683 934 2740 Ob
956 2685 1059 2738 hoc
1078 2678 1197 2738 eum
1231 2681 1547 2737 conﬁtemur
1568 2690 1751 2736 natum
1776 2682 1842 2738 de
1872 2681 1995 2752 Spi-

443 2768 552 2832 ritu
573 2782 758 2832 sancto
783 2783 836 2830 et
856 2774 1019 2830 Maria
1042 2774 1263 2844 virgine;
1306 2792 1325 2826 ι
1594 2850 1597 2853 η

516 2864 633 2920 XX.
671 2866 747 2921 De
765 2865 1090 2945 genealogiis
1111 2879 1237 2919 vero
1260 2863 1457 2919 Christi
1482 2865 1556 2918 ita
1592 2865 1769 2935 potius
1800 2865 1994 2920 intelli—

450 2954 674 3024 gendum
703 2953 1047 3017 arbitramur,
1081 2952 1219 3020 quod
1242 2968 1358 3021 quae
1388 2967 1483 3021 per
1526 2953 1830 3009 Matthieum
1869 2969 1991 3008 nar-
2028 2998 2034 3004 .

450 3049 616 3105 ratur,
663 3047 967 3094 nostrorum
1008 3039 1271 3109 signiﬁcet
1312 3041 1703 3110 susceptionem
1744 3046 1993 3110 peceato-

449 3143 564 3182 rum
592 3143 623 3181 a
646 3127 869 3184 Domino
894 3126 1131 3193 Christo,
1175 3136 1390 3198 propter
1414 3144 1533 3199 quae
1572 3129 1625 3183 in
1653 3130 1830 3185 crucis
1856 3132 1992 3199 pati-

447 3213 569 3270 bulo
594 3230 883 3286 suspensus
918 3219 1018 3271 est.
1050 3216 1109 3271 In
1150 3217 1577 3288 generationibus
1606 3227 1783 3273 autem
1807 3219 1986 3284 Luem,

443 3321 564 3376 quas
606 3305 901 3362 ascendunt
937 3306 1005 3361 ad
1045 3307 1235 3373 Deum,
1266 3307 1606 3362 abolitionem
1649 3318 1990 3379 peccatorum

447 3402 750 3450 nostrorum
799 3394 1091 3466 signiﬁcari
1140 3410 1236 3463 per
1278 3397 1543 3463 eumdem,
1586 3399 1675 3466 qui
1704 3399 1991 3453 cruciﬁxus

446 3492 528 3538 est
574 3498 671 3554 pro
723 3484 957 3553 peccatis
999 3484 1215 3538 nostris.
1262 3482 1384 3538 Ideo
1404 3499 1497 3539 eas
1542 3485 1630 3541 ille
1663 3487 1991 3543 descendens

446 3582 679 3641 enarrat,
714 3575 813 3631 iste
839 3574 1130 3630 ascendens
1157 3593 1169 3627 :
1200 3575 1325 3644 quia
1356 3561 1631 3630 descendit
1654 3576 1899 3632 Christus
1922 3578 1989 3631 ad

445 3661 745 3721 liberandos
768 3681 885 3732 nos,
907 3665 1143 3721 ascendit
1166 3673 1341 3721 autem
1373 3666 1439 3720 ad
1462 3666 1829 3735 justiﬁcandos
1854 3683 1987 3733 nos;

446 3755 716 3811 descendit
740 3764 800 3810 ut
835 3763 1131 3810 moreretur
1160 3768 1259 3825 pro
1278 3755 1465 3821 nobis,
1486 3759 1742 3823 ascendit,
1766 3767 1826 3812 ut
1843 3760 1993 3813 viva-

446 3861 565 3902 mus
592 3848 645 3902 in
688 3848 795 3902 illo.
828 3846 978 3913 Quod
1022 3848 1162 3907 enim
1191 3847 1266 3901 ait
1305 3846 1627 3917 Apostolus:
1662 3847 1807 3903 Misit
1851 3848 1990 3905 Deus

446 3935 640 3994 Fii‘ium
667 3956 817 3994 suum
846 3940 901 3994 in
938 3938 1324 3993 similitudinem
1349 3941 1522 3993 carnis
1548 3941 1765 4006 peccati,
1804 3956 1988 3997 susce-

517 4082 545 4109 ι
579 4070 709 4124 Ven.
733 4068 897 4133 Beda,
926 4071 981 4123 in
1001 4085 1118 4139 cap.
1144 4086 1181 4122 ι
1202 4070 1322 4123 Act.
1351 4078 1522 4138 apost.

455 4184 1057 4221 W

2882 94 2949 103 μί
3190 92 3381 115 Ti”
3450 92 3765 117 ’ένίτέῒῖήν
4008 118 4029 121 n

1314 126 1449 143 *νη
1474 138 1501 141 μ
1534 136 1577 143 μέν
1614 138 1637 145 -~

3547 408 3647 459 Ilii

449 534 563 606 quis
585 543 797 588 renatus
846 533 999 603 fuerit
1040 548 1103 586 ea:
1122 548 1256 602 aqua
1283 541 1329 585 et
1360 529 1579 600 Spiritu,
1606 548 1705 584 non
1730 540 1890 601 potest
1920 532 2001 583 iu-
2026 536 2069 587 Α
2100 526 2210 595 ptio
2232 532 2315 580 est
2340 530 2712 593 peccatorum;
2750 523 2890 590 quod
2918 529 3094 576 autem
3123 521 3235 576 ait:
3272 530 3328 574 ut
3353 521 3417 574 de
3442 530 3650 590 peccato

2094 613 2364 669 damnaret
2398 622 2661 683 peccatum
2689 614 2744 665 in
2783 628 2937 666 carne
2964 610 3138 677 (Rom.
3165 626 3285 675 vni,
3311 610 3387 683 5),
3419 609 3653 679 expiatio

2094 715 2178 761 est
2204 714 2566 776 peccatorum.
2623 703 2747 759 ldeo
2798 702 3077 757 Mattheus
3104 702 3172 758 ab
3210 701 3523 777 ipsolDavid
3557 716 3654 770 per

2096 795 2437 851 Salomonem
2466 794 2760 856 descendit,
2801 793 2854 847 in
2878 791 3031 861 cujus
3053 800 3228 846 matre
3254 791 3341 846 ille
3362 791 3607 861 peccavit
3634 809 3646 843 :

2094 884 2268 941 Lucas
2308 899 2435 940 vero
2478 885 2546 938 ad
2588 885 2762 954 ipsum
2792 883 2959 937 David
2999 896 3097 952 per
3131 880 3341 935 Nathan
3390 880 3649 944 ascendit,

2094 990 2193 1045 per
2214 989 2372 1043 quem
2400 974 2716 1043 prophetam
2747 971 2888 1025 Deus
2915 977 3194 1040 peccatum
3229 968 3369 1022 illius
3397 968 3648 1037 expiavit.

2095 1064 2378 1121 Descendit
2401 1077 2495 1133 per
2518 1063 2694 1132 regale
2730 1076 2919 1132 genus,
2946 1068 3001 1115 et
3023 1060 3263 1115 ascendit
3284 1074 3380 1128 per
3407 1060 3652 1114 sacerdo-

2096 1154 2223 1221 tale,
2249 1155 2339 1224 qui
2368 1169 2467 1224 pro
2517 1153 2672 1208 nobis
2722 1153 2970 1207 sacerdos
2997 1160 3081 1207 est
3126 1160 3181 1206 et
3220 1152 3392 1206 hostia
3436 1150 3648 1205 factus:

2095 1246 2219 1315 quia
2246 1254 2536 1314 utrumque
2575 1251 2677 1307 est,
2709 1258 2803 1297 rex
2830 1251 2885 1296 et
2906 1242 3154 1296 sacerdos
3172 1250 3227 1295 et
3252 1241 3509 1296 Dominus
3533 1258 3654 1311 pro-

2093 1333 2330 1402 pitiator.
2361 1331 2697 1386 Firmissime
2740 1345 2969 1399 namque
2993 1330 3276 1384 tenendum
3302 1337 3405 1393 est,
3433 1345 3648 1384 carnem

2094 1422 2294 1481 Christi
2331 1437 2397 1477 ex
2426 1433 2654 1490 utroque
2692 1436 2886 1492 genere
2918 1430 3282 1491 propagatam,
3318 1422 3483 1490 regali
3506 1420 3650 1475 scili-

2094 1522 2181 1570 cet
2211 1522 2267 1569 et
2290 1513 2626 1577 sacerdotali,
2654 1514 2709 1567 in
2734 1512 2927 1581 quibus
2946 1514 3187 1581 personis
3209 1513 3347 1581 apud
3382 1513 3531 1567 illum
3557 1527 3652 1581 p0-

2093 1602 2276 1672 pulum
2326 1601 2669 1656 Hebrteorum
2697 1602 2859 1656 etiam
2899 1602 3123 1671 mystica
3171 1602 3354 1656 unctio
3382 1601 3651 1672 ﬁguraban

2098 1700 2202 1756 tur,
2236 1692 2289 1746 id
2322 1700 2421 1756 est,
2470 1692 2739 1757 Chrisma,
2790 1692 2931 1747 unde
2978 1692 3177 1747 Christi
3216 1707 3410 1747 nomen
3454 1692 3651 1757 elucet,

2098 1788 2248 1835 tanto
2280 1791 2405 1837 ante
2445 1780 2843 1837 evidentissima
2889 1782 3276 1851 signiﬁcatione
3327 1780 3663 1853 praenuntia;

2028 1853 2068 1911 Β
2097 1881 2228 1929 tum.
2268 1872 2371 1928 Sed
2394 1889 2491 1929 nos
2512 1872 2677 1928 libera
2702 1887 2833 1951 voce
2859 1873 3152 1928 clamamus
3180 1889 3300 1929 cum
3332 1882 3439 1929 tota
3470 1874 3652 1928 Eccle-

2096 1965 2174 2020 sia
2202 1963 2418 2027 Christi,
2448 1962 2721 2020 Christum
2749 1978 2849 2018 nec
2893 1974 3171 2033 peccatum
3201 1964 3466 2026 habuisse,
3510 1964 3651 2032 quod

2093 2055 2438 2122 expiaretur;
2470 2068 2570 2108 nec
2598 2056 2830 2109 secunda
2861 2054 3152 2123 indiguisse
3172 2053 3533 2123 generatione,
3559 2053 3650 2121 qui

2093 2142 2235 2197 Deus
2260 2158 2419 2197 verus
2443 2150 2499 2197 et
2524 2154 2686 2197 verus
2706 2142 2802 2196 Dei
2828 2140 2996 2195 Filius
3016 2142 3082 2196 de
3101 2140 3303 2211 Spiritu
3325 2150 3510 2197 sani-to
3525 2157 3653 2197 cond

2076 2242 2281 2303 ceptus
2303 2241 2387 2287 est
2413 2240 2468 2288 et
2491 2240 2667 2287 natus.
2697 2230 2832 2286 Nam
2847 2231 3150 2287 siChristus
3174 2233 3403 2287 secunda
3428 2232 3654 2303 indiguit

2094 2324 2459 2397 generatione,
2481 2323 2665 2393 utique
2684 2333 2935 2393 peccator
2956 2322 3087 2379 fuit:
3116 2332 3169 2378 et
3194 2324 3237 2377 si
3267 2333 3515 2393 peccator
3535 2323 3650 2389 fuit,

2092 2417 2221 2487 quid
2237 2414 2379 2480 'est,
2422 2402 2563 2486 quod
2610 2416 2723 2486 ipse
2768 2416 3027 2471 Dominus
3066 2417 3143 2471 ait
3182 2435 3194 2469 :
3235 2416 3382 2471 Venit
3416 2418 3655 2489 princeps

2091 2504 2273 2559 mundi
2291 2504 2472 2575 hujus,
2491 2515 2538 2560 et
2553 2508 2607 2559 in
2633 2523 2712 2560 me
2738 2523 2840 2561 non
2860 2507 3009 2560 habet
3033 2508 3315 2579 quidquam
3340 2507 3520 2580 (Joan.
3541 2525 3650 2573 xiv,

2091 2593 2214 2665 50)?
2240 2594 2295 2649 Si
2310 2595 2600 2665 quidquam
2617 2596 2669 2648 in
2688 2610 2752 2650 eo
2767 2611 2871 2651 nou
2887 2598 3071 2652 habuit
3088 2599 3339 2668 princeps
3358 2600 3538 2653 mundi
3556 2601 3652 2652 liii-

2085 2686 2190 2755 jus,
2220 2686 2272 2739 id
2301 2694 2401 2750 est,
2432 2687 2810 2752 diabolus,cur
2831 2689 2978 2758 eguit
3003 2691 3247 2745 renasci?
3272 2687 3380 2744 Nos
3392 2704 3519 2744 vero
3547 2705 3653 2744 non

2092 2774 2212 2829 Filii
2241 2776 2333 2831 Dei
2360 2778 2650 2843 nascimur,
2691 2780 2784 2837 sed
2812 2781 3160 2835 renascimur.
3184 2781 3275 2836 llle
3299 2793 3423 2836 mox
3450 2782 3545 2837 Dei
3566 2783 3657 2837 Fi-

2091 2867 2194 2921 lius
2226 2872 2517 2935 conceptus
2539 2877 2701 2922 estet
2736 2862 2896 2925 natus
2924 2888 2937 2924 :
2968 2880 3025 2926 et
3067 2871 3187 2927 ideo
3227 2867 3509 2943 adoptione
3543 2891 3648 2931 non

2090 2954 2239 3023 eguit
2266 2962 2323 3006 ut
2354 2953 2519 3009 Filius
2568 2956 2661 3009 Dei
2689 2966 2852 3023 esset,
2888 2960 2980 3027 qui
3033 2960 3198 3016 Filius
3226 2961 3321 3016 Dei
3370 2972 3526 3018 natus
3551 2974 3651 3019 est.

2092 3040 2150 3095 Si
2180 3042 2341 3112 igitur
2366 3058 2463 3112 per
2501 3043 2837 3115 adOptionein
2867 3045 3036 3113 Filius
3065 3049 3157 3105 Dei
3211 3049 3385 3116 factus
3427 3060 3532 3116 est,
3563 3055 3653 3121 qui
3680 3114 3683 3117 λ

2093 3132 2159 3186 de
2186 3134 2404 3204 Virgine
2427 3144 2585 3190 natus
2610 3146 2693 3191 est
2724 3155 2736 3190 :
2776 3153 2905 3210 ergo
2951 3155 3051 3195 nec
3077 3142 3231 3195 beata
3260 3142 3421 3211 Virgo
3446 3141 3536 3195 Dei
3565 3157 3654 3210 ge-

2048 3222 2065 3247 ‘
2094 3222 2256 3279 nitrix
2285 3233 2423 3291 erat,
2456 3226 2550 3280 sed
2574 3229 2941 3284 tantummodo
2968 3230 3220 3295 hominis,
3251 3232 3344 3299 qui
3369 3239 3487 3299 post
3512 3234 3653 3285 nati-

2092 3312 2313 3367 vitatem
2341 3314 2626 3383 adoptatus
2667 3318 2828 3371 estin
2870 3316 3063 3372 Filium
3092 3318 3206 3373 Dei.
3238 3317 3389 3386 Quod
3430 3321 3649 3391 impium
3696 3322 3707 3329 “

2092 3402 2331 3467 credere,
2362 3412 2566 3472 quanto
2594 3406 2767 3474 magis
2793 3413 2850 3460 et
2881 3408 3102 3462 dicere?

2166 3499 2302 3552 xxr.
2347 3486 2638 3569 Sedbujus
2668 3503 3043 3573 disputationis
3070 3505 3159 3560 hic
3185 3503 3306 3563 ﬁnis
3328 3508 3418 3575 sit,
3448 3519 3507 3564 ut
3529 3511 3652 3566 libe-

2056 3628 2059 3637 ι
2091 3590 2206 3644 rius
2232 3591 2299 3645 ab
2326 3591 2432 3646 alio
2463 3593 2727 3663 principio
2765 3595 2988 3665 incipiat
3026 3612 3204 3651 sermo
3232 3595 3299 3652 de
3326 3597 3411 3653 his
3436 3604 3655 3669 quami-

2093 3682 2261 3747 cenda
2286 3689 2425 3735 sunt.
2456 3682 2589 3736 Nam
2633 3685 2897 3753 quoddam
2944 3686 3278 3759 refrigerium
3306 3688 3501 3761 legenti
3532 3692 3653 3745 finis

2094 3770 2256 3825 libelli
2283 3781 2522 3842 praestat,
2564 3774 2705 3829 sicut
2730 3776 2997 3846 naviganti
3024 3789 3230 3846 portus,
3274 3783 3505 3835 maxime
3530 3795 3652 3834 cum

2093 3857 2321 3930 fragosis
2343 3860 2472 3916 locis
2510 3862 2733 3920 diversa:
2760 3864 3133 3934 disputationis
3155 3865 3365 3920 laborat
3383 3866 3652 3937 eloquium

2094 3953 2483 4021 respondentis.

1693 4256 1953 4342 'LIBER
1996 4283 2349 4346 TERTIUS.

2004 4407 2104 4422 —

518 4478 560 4533 ι.
594 4475 738 4531 Nova
781 4482 1121 4545 proponentts
1158 4479 1568 4543 argumentatio,
1588 4485 1794 4526 novum
1821 4470 1982 4527 libelli
2014 4475 2063 4537 ι)
2087 4472 2217 4526 niat.
2252 4468 2433 4539 Neque
2453 4473 2599 4527 enim
2630 4471 2746 4527 ﬁeri
2774 4482 2972 4543 potest,
3000 4483 3059 4528 ut
3094 4491 3229 4529 unus
3258 4466 3398 4531 ﬁlius
3424 4484 3645 4533 natura-

446 4554 621 4637 poscit
641 4565 934 4630 exordium,
961 4580 1029 4619 ne
1052 4562 1273 4625 confusa
1298 4563 1560 4619 sermonis
1588 4563 1755 4617 series
1795 4562 1991 4634 legenti

448 4654 723 4711 fastidium
748 4651 930 4717 faciat,
955 4658 1011 4707 et
1035 4652 1211 4706 minus
1235 4652 1561 4720 intelligatur
1590 4652 1721 4720 quid
1745 4653 1829 4707 cui
1851 4655 1991 4723 parti

446 4742 749 4807 conveniat,
775 4741 820 4795 si
847 4755 952 4795 non
992 4740 1414 4809 competentibus
1457 4740 1590 4795 locis
1616 4742 1685 4795 ab
1713 4742 1820 4798 alio
1842 4744 1993 4811 prin-

450 4833 590 4903 cipio
627 4830 884 4887 orationis
933 4830 1153 4901 incipiat
1198 4836 1391 4885 textus.
1447 4828 1597 4898 Saepe
1626 4830 1802 4885 dictus
1832 4830 1995 4901 igitur

449 4920 689 4990 sophista
711 4919 893 4976 subito.
909 4934 939 4973 a
963 4918 1277 4990 baptismate
1320 4917 1516 4972 Christi
1546 4919 1782 4973 recurrit
1800 4918 1868 4974 ad
1889 4931 1994 4975 na-

450 5009 713 5075 tivitatem
739 5023 754 5063 :
798 5016 854 5063 et
874 5022 1032 5077 quem
1053 5009 1358 5077 adoptatum
1388 5006 1441 5060 in
1463 5005 1654 5059 Filium
1684 5006 1776 5060 Dei
1805 5020 1994 5062 secun-

448 5095 875 5171 dageneratione
902 5100 1015 5156 vult
1053 5100 1293 5169 intelligi,
1344 5098 1589 5153 eumdem
1636 5097 1803 5152 David
1850 5100 1993 5169 regis

451 5189 623 5262 magis
648 5198 768 5245 esse
789 5188 982 5244 Filium
1008 5179 1164 5259 quam
1204 5188 1297 5242 Dei
1322 5186 1517 5250 Patris,
1558 5193 1801 5241 testatur.
1842 5186 1910 5240 Et
1936 5196 1996 5241 ut

453 5278 692 5350 eiusdem
742 5278 907 5333 verba
969 5290 1247 5346 ponamus,
1303 5277 1378 5332 ait
1413 5290 1577 5348 ergo:
1613 5293 1631 5326 ι
1667 5275 1826 5331 Certe
1852 5278 1994 5331 enim

453 5367 595 5425 idem
616 5365 917 5436 redemptor
938 5372 1120 5418 noster
1146 5366 1200 5418 in
1241 5362 1409 5420 forma
1429 5364 1791 5427 humanitatis,
1826 5372 1886 5419 ut
1911 5374 1993 5422 sa-

452 5467 551 5511 cra
573 5454 780 5533 eloquia
824 5446 1104 5518 testantur,
1150 5450 1290 5507 ﬁlius
1314 5452 1479 5508 David
1513 5460 1596 5518 est
1636 5460 1691 5510 et
1712 5452 1850 5507 illius
1875 5452 1993 5510 Dei.

452 5543 907 5615 Quodntrumque
927 5557 1110 5623 verum
1132 5551 1251 5598 est:
1280 5544 1422 5616 quod
1444 5552 1619 5598 tamen
1642 5558 1748 5599 non
1766 5544 1996 5600 absurde

452 5633 796 5704 quaerendum
838 5644 943 5699 est,
968 5632 1231 5702 quomodo
1259 5632 1313 5687 in
1340 5648 1463 5689 eum
1490 5636 1776 5703 utrumque
1801 5645 1997 5689 conve-

530 5752 555 5783 ⁸
592 5738 725 5797 Vide
757 5754 938 5810 supra,
960 5741 1053 5796 lib.
1077 5754 1282 5808 i,num.
1314 5740 1398 5829 l2}.

2094 4560 2219 4623 liter
2245 4560 2377 4614 duos
2427 4568 2607 4629 patres
2644 4563 2844 4617 habere
2888 4566 3097 4633 possit:
3130 4579 3293 4620 unum
3344 4576 3521 4622 tamen
3542 4583 3644 4638 per

2092 4657 2361 4713 naturam,
2394 4650 2555 4704 alium
2587 4660 2767 4705 autem
2795 4667 2894 4720 per
2930 4654 3271 4723 adoptionem
3308 4669 3527 4727 prorsus
3554 4673 3647 4726 po-

2094 4747 2217 4794 test.
2276 4760 2296 4793 »
2349 4739 2518 4809 Hujus
2548 4741 2772 4809 duplicis
2810 4746 3169 4811 paternitatis,
3220 4744 3314 4802 Dei
3362 4747 3566 4818 scilicet
3592 4757 3648 4802 ct

2092 4828 2285 4895 Patris,
2327 4840 2383 4886 et
2419 4830 2584 4884 David
2619 4832 2761 4901 regis
2790 4831 2844 4886 in
2889 4832 3103 4889 Christo
3129 4834 3290 4905 813
3326 4833 3452 4888 Iesu
3480 4835 3533 4888 in
3557 4850 3646 4889 su-

2092 4920 2392 4988 perioribus
2437 4920 2728 4976 secundum
2770 4925 3217 4995 opportunitatem
3260 4924 3445 4993 procul
3485 4925 3646 4983 dubio

2094 5012 2469 5081 disputationis
2498 5028 2807 5083 responsum
2833 5017 2999 5072 habes
3027 5029 3052 5057 ι
3082 5036 3094 5071 :
3136 5017 3237 5071 nisi
3265 5016 3400 5073 forte
3429 5019 3530 5075 hoc
3554 5024 3645 5077 ad-

2093 5102 2323 5157 dendum
2342 5118 2460 5157 esse
2486 5103 2747 5169 videatur,
2787 5106 2928 5174 quod
2970 5120 3230 5174 nusquam
3275 5106 3327 5160 in
3353 5105 3645 5179 Scripturis

2093 5194 2292 5249 sanctis
2318 5194 2559 5249 invenies
2585 5196 2862 5265 scriptum,
2893 5194 3059 5247 David
3083 5192 3149 5248 de
3169 5192 3381 5251 Christo
3401 5198 3601 5253 dixisse
3625 5218 3638 5252 :

2095 5280 2171 5334 Tu
2198 5298 2251 5335 es
2294 5282 2463 5337 Filius
2489 5299 2633 5339 meus
2657 5283 2892 5348 dilectus,
2941 5285 3204 5353 quomodo
3236 5284 3403 5342 Deum
3428 5287 3640 5342 Patrem

2092 5369 2317 5440 legimus
2343 5388 2505 5442 super
2531 5372 2744 5428 Christo
2764 5385 2947 5427 vocem
2977 5375 3223 5437 emittere
3265 5374 3488 5431 dicendo
3516 5392 3529 5427 :
3562 5373 3638 5429 Tu

2048 5530 2053 5531 ί
2092 5480 2145 5517 es
2172 5461 2342 5518 Filius
2369 5478 2513 5517 meus
2560 5463 2798 5527 dilectus,
2841 5465 2895 5517 in
2921 5482 3020 5535 quo
3050 5466 3177 5519 milii
3203 5465 3327 5519 bm
3353 5465 3641 5535 complacui

2094 5538 2305 5621 (Matth.
2333 5568 2419 5617 ιιι,
2448 5552 2555 5623 17).
2578 5552 2683 5609 Sed
2707 5553 2876 5619 illum,
2900 5570 3055 5626 quem
3077 5561 3295 5622 paterna
3320 5568 3423 5609 vox
3448 5555 3639 5611 Filium

2092 5655 2244 5696 suum
2286 5639 2537 5696 dilectum
2592 5649 2783 5699 testata
2827 5653 2933 5709 est,
2984 5644 3124 5697 hunc
3174 5643 3417 5701 eumdem
3474 5644 3639 5698 David
