4228 6284
562 388 661 444 165

1395 379 1455 433 Β.
1495 377 1556 432 F.
1583 374 1802 431 ALBINI
1840 373 1969 430 SEU
2009 371 2279 428 ALCL’lNl
2314 367 2594 427 OPERUM
2632 365 2810 423 PARS
2845 365 2927 421 111.
3024 358 3026 361 ’

3669 351 3768 411 161

558 493 868 567 prophetico
892 490 1080 562 spiritu
1126 487 1407 544 Dominum
1456 501 1611 540 suum
1646 484 1848 540 dixisse
1892 483 2106 552 legitur.
2141 480 2348 550 Alpse,
2381 479 2470 549 qui
2498 479 2582 534 lex
2608 487 2691 533 est
2727 485 3068 567 naturarum,
3089 471 3232 527 nulla
3277 470 3394 541 lege
3422 468 3646 567 alterius
3671 483 3785 551 na-l

560 588 726 658 lgitur
767 582 920 653 juxta
950 582 1250 636 humanam
1301 576 1741 634 consuetudinem
1782 574 1949 630 David
1974 574 2113 627 inter

562 690 692 728 avos
729 673 811 726 vel
863 685 1092 739 proavos
1140 666 1339 723 Christi
1387 664 1748 719 numerandus
1789 671 1892 729 est,
1945 662 2116 732 magis

563 777 721 832 quam
747 761 894 830 prius
918 756 1118 828 [Forte,
1149 753 1338 824 ipsius]
1367 753 1527 808 Pater
1555 752 1810 806 dicendus
1857 752 1945 805 sit.
1980 749 2115 803 Nam

563 855 608 907 si
640 853 780 905 Deus
806 849 987 913 Pater,
1027 846 1277 917 proprius
1301 859 1406 898 non
1427 852 1512 896 est
1538 841 1736 897 Christi
1758 841 1920 896 Pater
1944 859 1956 892 :
1989 854 2117 908 ergo

565 940 766 994 nullum
793 937 951 992 habet
989 935 1263 1005 proprium
1308 934 1558 987 Patrem:
1595 931 1720 1000 quia
1765 931 1922 984 beata
1957 930 2118 998 Virgo

564 1045 630 1082 ex
662 1028 853 1083 nullius
877 1026 976 1080 viri
1006 1025 1207 1080 semine
1244 1023 1504 1092 concepit,
1535 1021 1628 1076 sed
1665 1020 1732 1074 de
1766 1019 1968 1087 Spiritu
1993 1033 2118 1073 san-

566 1128 652 1171 cto
679 1118 1026 1186 imprmgnata
1052 1120 1152 1168 est.
1203 1111 1261 1166 Si
1288 1112 1381 1164 Dei
1419 1109 1596 1164 Patris
1646 1108 1955 1162 testimonio
1997 1121 2118 1161 cre-

568 1208 796 1262 dendum
827 1207 1080 1270 mstimes,
1125 1203 1284 1258 crede
1309 1200 1583 1254 Christum
1625 1211 1742 1252 esse
1766 1198 1857 1251 Dei
1882 1197 2076 1253 Filium
2103 1215 2117 1251 ;

567 1281 741 1353 vel'si
771 1296 1085 1367 prophetico
1109 1294 1290 1362 ipsius
1332 1289 1499 1344 David
1547 1288 1852 1343 testimonio
1898 1288 2122 1344 credere

566 1398 769 1443 rectum
797 1386 1092 1448 arbitreris,
1124 1383 1281 1438 crede
1303 1380 1568 1444 eumdem,
1609 1379 1701 1448 qui
1738 1378 1905 1434 Filius
1927 1378 2124 1434 dicitur

569 1480 754 1544 David,
784 1479 1065 1533 Dominum
1089 1490 1205 1530 esse
1228 1473 1388 1534 illius.
1913 1528 1922 1540 .

637 1571 698 1624 ll.
741 1570 884 1622 Dicis
922 1568 1100 1636 itaque
1133 1565 1277 1633 quod
1301 1577 1440 1617 unus
1463 1561 1626 1614 homo
1653 1559 1787 1614 duos
1813 1563 1995 1628 patres
2029 1570 2123 1609 na-

570 1661 768 1714 turalcs
807 1674 910 1713 non
956 1657 1120 1726 possit
1147 1655 1362 1719 habere,
1407 1667 1570 1725 unum
1599 1665 1728 1705 vero
1768 1649 1937 1718 possit
1963 1655 2122 1701 natu-

572 1752 736 1805 ralem
765 1748 986 1810 habcrc,
1013 1754 1064 1800 et
1102 1745 1325 1798 alterum
1355 1741 1679 1811 adoptivum.
1716 1739 1900 1792 Dicam
1919 1744 1973 1791 et
1998 1749 2119 1806 ego,

2216 580 2350 625 tum
2375 568 2631 640 subiacet,
2660 583 2757 622 nec
2784 564 3012 621 inﬁrmis
3054 563 3300 617 humana:
3331 557 3658 627 conjectura:
3681 571 3765 611 ηε

2217 658 2487 723 tinnculis,
2528 658 2618 727 qui
2649 652 3216 726 incomprehensibilis
3254 658 3358 716 est,
3386 647 3766 720 comprehendi

2215 749 2440 818 poterit;
2467 747 2798 816 Quapropter
2838 743 3096 815 unigenitl
3149 742 3243 796 Dei
3281 741 3638 805 nativitatem,
3679 738 3770 799 vel

2215 837 2449 892 divinam
2494 836 2580 892 vel
2621 836 2781 890 etiam
2828 834 3134 895 humanam,
3170 831 3353 888 desine
3407 831 3478 885 ad
3523 837 3769 886 nostram

2215 924 2556 980 mortalitatis
2579 923 3056 992 impossibilitatem
3079 921 3320 992 redigere
3344 938 3357 973 :
3389 934 3560 990 neque
3583 918 3657 984 ei,
3674 917 3768 989 qui

2216 1023 2367 1068 extra
2411 1023 2724 1084 conceptum
2773 1015 3018 1068 humanae
3051 1013 3276 1084 originis
3315 1011 3479 1066 natus
3519 1019 3622 1075 est,
3662 1011 3770 1066 hu-

2218 1108 2393 1162 manis
2419 1106 2841 1162 difﬁnitiunculis
2890 1105 3244 1176 praeiudicare
3277 1112 3477 1169 tentes,
3501 1103 3770 1174 quomodo

2218 1197 2366 1252 nasci
2392 1196 2673 1266 potuisset,
2718 1196 2802 1251 vel
2845 1195 3111 1265 quomodo
3145 1201 3289 1250 esset
3326 1195 3576 1265 proprius
3603 1192 3771 1251 Filius

2220 1286 2336 1350 Dei,
2367 1286 2497 1341 dum
2528 1295 2686 1340 natus
2723 1292 2882 1341 esset.
2931 1283 2989 1338 Si
3015 1284 3125 1340 Deo
3151 1283 3330 1338 omnia
3376 1284 3649 1355 possibilia
3674 1299 3772 1341 co-

2221 1388 2466 1444 gnoscas,
2493 1383 2548 1430 et
2573 1376 2678 1430 hoc
2700 1376 2750 1431 ei
2791 1373 3043 1450 possibile
3065 1388 3205 1437 ;esse
3235 1375 3390 1439 scito,
3417 1383 3472 1428 ut
3497 1373 3773 1446 proprium

2222 1463 2418 1518 Filium
2448 1478 2513 1518 ex
2542 1464 2760 1534 Virgine
2787 1471 3027 1520 creatum
3046 1464 3248 1518 habere
3267 1463 3541 1519 valuisset.
3590 1507 3593 1510 .

2291 1553 2456 1626 814
2487 1554 2570 1608 111.
2610 1555 2753 1609 Dicis
2784 1573 2797 1609 :
2833 1572 2853 1606 ι
2888 1554 3026 1621 Quid
3054 1555 3226 1623 potuit
3277 1569 3344 1608 ex
3391 1554 3583 1609 ancilla
3623 1554 3775 1609 nasci

2223 1643 2326 1723 nisi
2363 1644 2598 1698 servus?
2631 1663 2650 1695 ι
2672 1715 2682 1723 ⁶
2703 1643 2816 1699 Hoc
2836 1652 2892 1699 et
2933 1652 3242 1699 antecessor
3265 1650 3389 1698 tuus
3417 1643 3681 1714 Pelagius,
3711 1643 3780 1698 li-

2225 1713 2320 1788 (ἶθί
2333 1731 2452 1787 aliis
2475 1715 2682 1797 verbis,
2723 1741 2900 1788 tamen
2945 1731 3133 1788 eodem
3161 1745 3321 1787 sensu
3364 1731 3493 1787 olim
3541 1713 3775 1798 dicebat,

573 1843 711 1910 quod
731 1840 906 1894 nullus
924 1847 1076 1908 pater
1104 1851 1266 1890 unum
1287 1810 1468 1888 ﬁlium
1483 1838 1659 1901 potest
1675 1831 1896 1894 habere,
1918 1836 2124 1882 utrum-
2152 1810 2198 1870 Β
2224 1822 2472 1876 ειεδθτθιὶε
2491 1821 2760 1876 Christum
2779 1822 3076 1878 solitarium
3098 1836 3218 1877 esse
3243 1821 3512 1876 hominem
3537 1839 3556 1874 εν
3581 1835 3646 1876 ει
3667 1837 3776 1892 quo

573 1948 676 2002 que
701 1941 754 1985 et
782 1928 1077 1983 naturalem
1107 1926 1206 1980 sibi
1246 1933 1299 1979 et
1333 1924 1676 1993 adoptivum:
1711 1923 1831 1990 quia
1865 1920 1956 1974 ille
1986 1935 2126 1974 unus

579 2021 718 2074 ﬁlius
741 2033 845 2073 non
883 2025 1055 2087 potest
1097 2015 1280 2079 dividi,
1309 2023 1368 2067 ut
1409 2014 1479 2067 sit
1506 2027 1642 2066 unus
1686 2010 1853 2080 patris
1889 2016 1943 2063 et
1967 2016 2124 2062 natu—

577 2108 703 2162 ralis
726 2117 779 2161 et
805 2105 1124 2174 aloptivus:
1158 2102 1240 2157 \el
1278 2102 1518 2171 quaedam
1575 2113 1703 2169 pars
1755 2098 1848 2152 ﬁlii
1895 2098 1966 2152 sit
1991 2096 2126 2151 ado-

575 2198 742 2267 ptiva,
771 2205 826 2248 et
871 2195 1038 2267 altera
1080 2191 1338 2245 naturalis
1365 2191 1417 2244 in
1445 2189 1540 2244 ﬁlii
1581 2188 1852 2258 dignitate,
1908 2187 2052 2240 velut
2079 2185 2126 2238 si

575 2307 678 2345 una
704 2250 984 2343 manus/sit
1015 2287 1279 2354 adoptiva,
1307 2293 1362 2340 et
1391 2284 1558 2338 altera
1585 2281 1818 2352 propria,
1843 2279 1923 2333 vel
1950 2278 2125 2332 anima

578 2381 649 2433 sit
674 2380 935 2448 adoptiva,
987 2384 1041 2430 et
1091 2391 1217 2430 caro
1272 2362 1324 2428 in
1352 2373 1677 2441 proprietate
1715 2368 1826 2423 ﬁlii.
1877 2367 2127 2434 Quamvis

578 2471 719 2524 cnim
748 2471 924 2522 anima
946 2482 1049 2521 non
1078 2465 1147 2520 sit
1173 2480 1234 2518 ex
1257 2463 1428 2534 patris
1457 2461 1677 2524 semine,
1703 2459 1843 2513 sicut
1870 2466 1952 2511 est
1975 2469 2122 2518 caro,

577 2571 754 2614 tamen
787 2574 925 2612 unus
963 2567 1046 2613 est
1094 2557 1232 2610 ﬁlius
1272 2556 1440 2625 patris
1485 2555 1662 2607 anima
1691 2559 1745 2607 et
1768 2565 1954 2614 carne,
1987 2556 2126 2602 totus

551 2650 662 2706 'vel
698 2650 992 2718 adeptivus,
1022 2648 1104 2700 vel
1138 2649 1404 2716 proprius,
1435 2654 1595 2713 prout
1634 2645 1872 2700 conditio
1895 2643 2127 2696 nominis

579 2739 662 2794 vel
691 2748 892 2794 natum
946 2739 1043 2792 sibi
1098 2737 1352 2790 attulerit.
1402 2735 1584 2790 Potest
1611 2748 1740 2787 vero
1791 2732 1842 2786 in
1870 2747 1975 2784 una
2003 2745 2127 2799 per-

581 2845 710 2884 sona
743 2844 858 2883 esse
885 2827 1151 2898 passibilis
1173 2836 1227 2880 et
1265 2825 1622 2896 impassibilis,
1676 2818 1920 2879 mortalis
1946 2829 2002 2877 et
2030 2822 2129 2875 im-

585 2918 843 2980 mortalis,
872 2917 1032 2970 veluti
1066 2917 1225 2970 homo
1255 2915 1569 2969 immortalis
1595 2921 1678 2967 est
1703 2913 1903 2978 anima,
1929 2920 2130 2967 morta-

584 3007 651 3059 lis
674 3004 872 3060 carne:
903 3005 981 3059 sic
1009 3005 1170 3058 etiam
1201 2989 1257 3056 et
1283 3001 1526 3057 Christus
1558 3001 1898 3070 impassibilis
1939 3000 2130 3053 divini-

585 3094 1008 3162 tate,’passihilis
1057 3106 1255 3162 carne;
1293 3100 1468 3144 tamen
1516 3098 1656 3145 totus
1702 3105 1840 3144 unus
1883 3091 2130 3158 idemque

543 3193 551 3199 '
585 3193 666 3236 cst
695 3183 829 3237 Deus
856 3193 908 3237 et
936 3183 1095 3238 homo
1121 3197 1134 3235 :
1167 3197 1304 3236 unus
1347 3188 1430 3236 est
1465 3179 1708 3234 Christus
1732 3181 1788 3234 in
1814 3179 1985 3260 forma
2015 3179 2125 3241 Dei,

564 3281 639 3323 ’ct
664 3287 797 3325 unus
843 3271 1084 3325 Christus
1137 3271 1191 3324 in
1219 3269 1387 3325 forma
1437 3271 1598 3336 servi,
1635 3279 1689 3324 et
1713 3287 1850 3326 unus
1886 3271 2132 3327 Christus

588 3357 805 3424 :rqualis
853 3357 1018 3419 Patri,
1056 3367 1108 3412 et
1137 3363 1287 3412 unus
1316 3367 1398 3412 est
1445 3359 1686 3414 Christus
1735 3361 1912 3414 minor
1953 3361 2128 3426 Patre,

591 3446 726 3499 idem
757 3445 914 3512 Deus,
944 3446 1080 3500 idem
1111 3448 1290 3511 homo,
1317 3463 1456 3502 unus
1482 3448 1656 3502 Filius
1677 3450 1766 3503 Dei
1798 3451 1972 3506 Patris
1993 3460 2134 3506 totus

588 3533 853 3598 proprius,
890 3541 943 3585 ct
965 3534 1197 3604 Virginis
1248 3536 1435 3590 matris
1488 3543 1630 3590 totus
1677 3539 1942 3608 proprius.
1983 3538 2133 3606 Quod

589 3618 772 3671 lrcatus
801 3619 905 3673 Leo
931 3635 1065 3689 papa
1096 3621 1362 3677 Romanus
1384 3623 1436 3677 in
1474 3625 1697 3693 epistola
1726 3626 1790 3679 ad
1818 3626 2132 3681 Flavianum

590 3709 875 3776 perspicue
913 3718 1138 3763 testatur
1170 3724 1194 3751 ιι
1221 3730 1233 3763 :
1269 3731 1286 3761 ‹
1319 3713 1449 3766 Cum
1496 3730 1645 3784 ergo,
1682 3717 1873 3784 inquit,
1906 3711 2043 3772 unus
2068 3720 2137 3772 sit

591 3795 842 3860 Dominus
867 3798 1020 3854 Jesus
1063 3800 1329 3867 Christus,
1359 3811 1412 3857 et
1448 3819 1587 3858 vera:
1631 3807 1842 3862 deitatis
1893 3824 2136 3878 versique

589 3888 934 3944 immanitatis
964 3893 1013 3944 in
1052 3893 1165 3960 ipso
1187 3906 1288 3947 una
1327 3880 1544 3963 prorsus
1599 3897 1891 3966 eademque
1910 3915 2135 3968 persona

593 3982 684 4041 sit,
723 3982 1095 4036 cxaltationem
1147 3994 1494 4075 tamen,\qua
1542 3986 1707 4052 illum,
1757 3990 1895 4043 sicut
1945 3991 2138 4060 Doctor

595 4068 841 4123 Gentium
873 4071 1020 4135 dicit,
1049 4073 1302 4126 exallavit
1324 4068 1388 4128 et‘
1404 4075 1618 4129 donavit
1658 4078 1728 4129 illi
1757 4094 1970 4143 nomen,
1996 4082 2137 4149 quod
2193 4085 2197 4108 -'
2238 4085 2348 4139 sola
2378 4086 2653 4140 nativitate
2681 4087 2876 4141 Christi
2922 4088 3178 4143 defectiva
3209 4095 3291 4142 est
3337 4087 3573 4157 potentia
3626 4087 3789 4150 illius,

594 4174 750 4212 milth
779 4175 967 4214 nomen
1001 4162 1210 4216 excellit
1239 4161 1453 4234 (Philip.
1481 4165 1643 4235 12,9),
1678 4167 1744 4220 ad
1776 4169 2015 4223 eamdem
2044 4172 2130 4225 in-

595 4245 877 4314 tciligimus
895 4249 1160 4316 pertinere
1187 4249 1432 4316 formam,
1461 4270 1579 4322 quae
1601 4255 1814 4310 ditanda
1833 4266 1950 4312 erat
1979 4268 2140 4316 tanta:

596 4335 994 4403 gloriﬁcationis
1014 4347 1316 4404 augmento.
1350 4341 1408 4392 in
1429 4340 1597 4394 forma
1627 4345 1822 4413 quippe
1847 4347 1938 4400 Dei
1961 4363 2139 4418 aequa-

2223 1910 2370 1966 fonte
2399 1920 2453 1966 et
2481 1910 2760 1966 Nestorius
2782 1927 2932 1966 suam
2959 1911 3195 1968 condidit
3221 1911 3492 1976 heresim,
3517 1925 3624 1980 qua
3643 1911 3778 1968 duas

2221 2018 2478 2073 personas
2507 2003 2560 2056 in
2604 2001 2820 2078 Christo
2849 2002 3014 2057 voluit
3064 2001 3306 2070 intelligi.
3343 2002 3560 2071 Expone
3594 2002 3774 2071 igitur,

2223 2093 2488 2162 quomodo
2519 2109 2642 2162 apes
2670 2089 2921 2147 animalia
2946 2093 3063 2146 viva
3107 2091 3173 2146 de
3200 2090 3452 2158 ﬁoribus,
3476 2094 3640 2148 rebus
3667 2093 3776 2148 sci-

2225 2183 2350 2238 licet
2376 2184 2680 2249 insensatis,
2703 2192 3032 2248 nascantur;
3078 2183 3162 2238 vel
3211 2183 3514 2261 mirabilem
3562 2185 3777 2240 illarum

2224 2283 2490 2340 naturam,
2518 2275 2702 2346 reique
2728 2276 2952 2345 publicat
2977 2276 3432 2332 ordinatissimam
3475 2278 3782 2348 dispositio-

2223 2379 2348 2420 nem
2374 2366 2428 2419 in
2450 2379 2636 2419 earum
2669 2364 3131 2420 administratione
3154 2367 3412 2422 edissere.
3442 2365 3600 2439 Dices
3622 2366 3781 2422 forsi-

2226 2467 2340 2522 tan,
2384 2457 2508 2526 quia
2540 2457 2660 2512 talis
2704 2474 2736 2512 a
2761 2465 3002 2513 creatore
3053 2466 3242 2512 natura
3289 2459 3406 2514 illis
3438 2461 3650 2516 condita
3677 2469 3780 2515 est.

2224 2550 2408 2620 Cogita
2445 2557 2502 2604 et
2533 2548 2788 2619 intellige,
2835 2549 2927 2618 qui
2978 2549 3093 2605 hrec
3143 2550 3402 2606 miracula
3446 2552 3502 2606 in
3547 2551 3785 2608 minimis

2225 2651 2410 2693 creare
2436 2638 2626 2706 potuit,
2651 2653 2769 2706 qua:
2792 2639 2861 2692 ab
2881 2637 3095 2693 homine
3119 2654 3220 2694 nec
3246 2639 3613 2711 intelligi,-nec
3633 2657 3784 2697 enar-

2228 2731 2335 2784 rari
2366 2739 2606 2799 possuat,
2641 2732 2778 2799 quod
2812 2732 2979 2801 potuit
3002 2745 3068 2784 ex
3101 2732 3342 2801 virginali
3375 2741 3532 2788 utero
3553 2733 3783 2796 liberum

2228 2821 2328 2876 sibi
2359 2835 2542 2876 creare
2565 2821 2604 2875 F
2610 2823 2777 2877 ilium.
2819 2821 3110 2877 Considera
3134 2823 3254 2878 caeli
3289 2823 3650 2889 altitudinem,
3671 2832 3786 2879 ter-

2228 2921 2303 2969 ra?
2345 2915 2712 2980 stabilitatem,
2762 2929 3017 2983 aquarum
3064 2913 3502 2984 profunditatem,
3549 2915 3786 2970 omnium

2228 3006 2520 3061 viventium
2549 2993 2912 3061 diversitatem
2938 3023 2953 3072 ;
3000 2994 3268 3070 edissere,
3287 3006 3332 3060 si
3365 3006 3564 3071 valeas,
3593 3006 3788 3060 harum

2231 3098 2467 3150 omnium
2484 3112 2662 3151 rerum
2686 3097 2946 3160 rationes,
2967 3104 3022 3149 et
3047 3097 3092 3148 si
3131 3097 3232 3150 hoc
3253 3095 3578 3164 impossibile
3601 3103 3650 3149 te
3664 3107 3790 3164 pro-

2233 3186 2456 3251 ﬁtearis,
2492 3187 2618 3255 quid
2645 3195 2698 3241 te
2717 3192 3135 3254 praesumptuose
3161 3184 3359 3254 ingeris
3401 3181 3656 3238 ineffabili
3685 3182 3759 3237 mi

2233 3277 2414 3332 raculo
2463 3277 2756 3331 nativitatis
2801 3277 3021 3341 Christi,
3068 3275 3299 3345 qualiter
3326 3274 3416 3330 vel
3462 3275 3604 3329 Deus
3629 3273 3790 3330 homo

2233 3369 2347 3422 ﬁeri
2400 3369 2681 3438 potuisset,
2731 3369 2816 3422 vel
2858 3369 3016 3422 homo
3037 3367 3213 3432 Deus;
3243 3366 3327 3420 vel
3367 3366 3459 3420 Dei
3503 3364 3668 3420 Filius
3694 3365 3790 3420 ho-

2233 3458 2392 3512 minis
2421 3457 2579 3512 ﬁlius.
2630 3457 2762 3510 Nam
2809 3456 2968 3523 hujus
3003 3456 3322 3520 nativitatis,
3370 3455 3456 3511 vel
3482 3457 3646 3509 etiam
3675 3453 3793 3508 uni-

2234 3548 2361 3600 tatis
2391 3547 2442 3599 in
2498 3546 2607 3600 Deo
2644 3557 2696 3600 et
2736 3547 2950 3600 homine
3001 3546 3174 3614 majus
3227 3554 3307 3598 est
3367 3549 3787 3609 sacramentum,

2236 3653 2395 3707 qnam
2439 3639 2676 3692 omnium
2715 3645 3085 3692 creaturarum
3122 3636 3378 3692 conditio.
3419 3635 3664 3691 Concede
3694 3635 3793 3704 igi-

2235 3737 2322 3783 tur
2351 3730 2515 3784 Deum
2559 3729 2754 3797 aliquid
2797 3745 2974 3797 posse,
3016 3729 3156 3797 quod
3193 3729 3422 3798 humana
3473 3743 3580 3782 non
3615 3727 3794 3779 valeat

2236 3817 2514 3872 inﬁrmitas
2533 3819 2982 3887 comprehendere
3005 3835 3020 3882 ;
3055 3834 3153 3872 nec
3175 3801 3357 3872 nostra
3383 3817 3793 3870 ratiocinatione

2236 3907 2406 3976 legem
2431 3923 2692 3976 ponamus
2731 3908 2994 3976 majestati
3029 3915 3261 3969 aeternae,
3297 3907 3424 3975 quid
3448 3905 3638 3974 possit,
3665 3903 3791 3959 dum

2236 4001 2411 4050 omnia
2456 4006 2651 4066 potest,
2705 3998 2793 4065 qui
2851 3999 3184 4065 omnipotens
3212 4005 3313 4050 est.
3339 4061 3342 4063 Α
3370 3996 3479 4050 Nec
3523 3995 3665 4048 enim
3695 3995 3794 4050 hac

2239 4172 2330 4241 qui
2353 4175 2687 4242 omnipotens
2714 4187 2820 4237 est,
2867 4185 2923 4227 ut
2962 4192 3064 4229 non
3100 4185 3280 4244 posset
3327 4177 3479 4237 illum
3503 4177 3792 4240 hominem,

2241 4263 2329 4331 qui
2357 4278 2423 4316 ex
2449 4264 2662 4334 Virgine
2697 4275 2853 4318 natus
2895 4273 2995 4325 est,
3025 4266 3123 4320 sibi
3165 4267 3437 4335 proprium
3465 4267 3547 4321 vel
3574 4276 3794 4320 natura-

2241 4353 2342 4407 lem
2376 4352 2567 4410 Filium
2615 4370 2819 4409 creare.
2861 4356 3098 4424 lntellige
3127 4358 3337 4410 tandem
3392 4357 3696 4426 aliquando,
3729 4358 3795 4413 ad

600 4425 964 4478 liseratFilius
978 4425 1140 4490 Patri,
1165 4436 1218 4481 et
1240 4428 1379 4482 inter
1406 4430 1694 4498 genitorem
1721 4443 1879 4502 atque
1904 4438 2146 4506 unigeni-
2174 4441 2224 4500 D
2246 4455 2404 4509 quem
2434 4441 2591 4493 ﬁnem
2635 4443 2716 4495 vel
2747 4443 2812 4495 ad
2851 4452 3102 4510 quantam
3150 4443 3527 4513 blasphemiam
3567 4445 3680 4500 haec
3709 4453 3798 4501 tua

600 4524 710 4566 tum
767 4513 906 4575 nulla
951 4517 1330 4570 cratessentire
1390 4519 1660 4584 discretio,
1718 4523 1860 4577 nulla
1894 4525 1946 4578 in
1974 4525 2142 4594 maje-

529 4664 532 4667 ,
599 4613 738 4657 state
767 4604 1078 4670 diversitas;
1129 4622 1227 4661 nec
1251 4623 1346 4677 per
1396 4610 1778 4668 incarnationis
1829 4619 2143 4684 mysterium

601 4693 798 4762 aliquid
842 4695 1137 4748 decesserat
1160 4712 1226 4750 ex
1255 4699 1444 4763 Verbo,
1478 4702 1617 4768 quod
1659 4703 1710 4757 ei
1735 4705 1911 4758 Patris
1938 4722 2002 4759 ex
2032 4723 2146 4761 mu-

602 4799 726 4837 nere
779 4784 1084 4837 redderetur
1113 4803 1126 4815 ·
1159 4786 1327 4841 forma
1377 4799 1552 4842 autem
1601 4790 1805 4863 [servi],
1863 4811 1958 4862 per
1985 4811 2146 4864 quam

606 4876 940 4943 impassibilis
1001 4876 1170 4930 dcitas
1233 4892 1620 4935 sacramentum
1671 4900 1874 4952 magna:
1937 4889 2148 4955 pictatis

608 4964 859 5031 implevit,
907 4968 1138 5020 humana
1198 4967 1466 5023 humiiitas
1515 4981 1616 5034 est,
1664 4991 1781 5040 qua:
1828 4976 1880 5028 in
1923 4979 2147 5046 gloriam

609 5056 797 5107 divinae
820 5057 1094 5123 potestatis
1129 5066 1332 5119 evecta,
1368 5066 1448 5111 est
1496 5061 1546 5112 in
1572 5072 1771 5116 mittam
1802 5066 2061 5122 unitatem
2081 5073 2149 5125 ab

610 5142 725 5209 ipso
747 5152 995 5212 conceptu
1024 5146 1257 5212 Virginis
1285 5147 1478 5199 deitate
1501 5157 1555 5200 et
1578 5149 1908 5208 humanitate
1937 5139 2156 5211 conser?

611 5235 687 5294 ta,
730 5236 791 5283 ut
823 5245 918 5283 nec
964 5233 1077 5284 sine
1107 5234 1320 5286 homine
1365 5235 1564 5300 divina,
1612 5252 1709 5292 nec
1745 5241 1860 5294 sine
1892 5241 2000 5298 Deo
2028 5261 2153 5316 age—

611 5326 798 5372 rentur
822 5318 1068 5370 humana.
1105 5338 1121 5371 :
1175 5321 1482 5393 Nullatenus
1506 5339 1632 5394 ergo
1661 5334 1730 5391 te,
1782 5328 2001 5397 oFelix,
2045 5335 2146 5387 hu-

617 5421 770 5459 mana
794 5405 997 5459 ratione
1021 5407 1338 5475 investigare
1366 5413 1694 5468 nativitatem
1722 5417 1879 5471 Verbi
1907 5420 2018 5485 Dei,
2049 5438 2152 5491 qua

617 5509 740 5546 caro
789 5494 985 5576 factum
1040 5504 1139 5557 est,
1189 5511 1344 5564 posse
1393 5509 1586 5566 putes:
1617 5521 1719 5558 non
1752 5508 1892 5561 enim
1923 5511 2153 5565 humana

619 5583 960 5644 possibilitate
981 5585 1410 5652 omnipotentiam
1435 5589 1727 5648 divinitatis
1763 5600 1937 5652 metiri
1971 5603 2150 5656 debes.

2246 4532 2470 4584 assertio
2522 4533 2830 4600 perveniat;
2864 4545 2955 4587 aut
2992 4534 3084 4587 Dei
3117 4534 3289 4589 Patris
3338 4534 3609 4593 Christum
3633 4536 3798 4590 conﬁ-

2246 4628 2358 4673 tcre
2378 4622 2648 4688 proprium
2673 4635 2791 4676 esse
2832 4623 2869 4675 F
2876 4625 3003 4676 lium
3027 4632 3079 4676 et
3122 4639 3324 4688 verum,
3362 4623 3514 4692 juxta
3560 4627 3800 4693 omnipo.

2249 4710 2465 4762 tentiam
2514 4725 2624 4763 sua:
2666 4712 2945 4766 ineﬁ‘abilis
2989 4713 3311 4777 voluntatis;
3346 4722 3436 4766 aut
3461 4715 3505 4768 si
3543 4715 3656 4770 hinc
3683 4714 3798 4770 ﬁeri

2249 4811 2351 4850 non
2395 4812 2551 4865 posse
2581 4801 2945 4863 contenderis,
3003 4801 3346 4869 impotentem
3375 4818 3487 4862 sua:
3513 4805 3802 4860 voluntatis

2251 4886 2435 4941 fateris
2483 4890 2683 4942 Deum:
2723 4893 2861 4958 quod
2906 4893 3275 4960 impiissimum
3327 4904 3409 4948 est
3449 4895 3672 4950 credere
3715 4894 3800 4948 vel

2249 4977 2444 5032 dicere.
2498 4978 2636 5046 Ergo
2663 4996 2724 5032 ex
2752 4981 2851 5034 hac
2884 4982 3304 5036 consideratione
3341 4985 3546 5036 meliori
3574 4985 3798 5053 teipsum

2251 5068 2408 5122 indue
2441 5069 2563 5132 ﬁde,
2596 5080 2844 5140 tuamque
2877 5089 3201 5141 cognoscens
3244 5062 3604 5130 inﬁrmitatem
3636 5078 3798 5132 Deum

2252 5157 2502 5210 conﬁtere
2529 5159 2705 5211 omnia
2744 5175 2895 5225 posse
2947 5161 3142 5227 facere,
3191 5178 3306 5231 quae
3329 5164 3462 5228 vult,
3501 5175 3554 5219 et
3591 5175 3644 5219 te
3665 5181 3799 5220 cun-

2253 5234 2337 5295 cla
2393 5260 2495 5297 non
2545 5261 2700 5312 posse
2763 5249 3071 5318 intelligere,
3121 5267 3239 5317 quae
3295 5253 3409 5306 vult
3453 5243 3696 5316 creator,
3742 5261 3798 5306 ut

2253 5333 2398 5386 ﬁant

2323 5424 2407 5479 lV.
2449 5425 2668 5482 Plurimi
2691 5424 2836 5484 enim‘
2855 5441 3162 5486 sanctorum
3191 5435 3415 5501 professi
3443 5441 3567 5490 sunt
3589 5450 3692 5489 non
3723 5436 3803 5488 in-

2253 5508 2538 5580 tellexisse,
2563 5534 2660 5571 nec
2681 5533 2932 5572 enarrare
2963 5522 3194 5588 potuisse
3219 5525 3356 5582 hanc
3387 5523 3681 5577 mirabilem
3711 5538 3802 5592 ge-

2255 5606 2579 5658 nerationem
2607 5609 2824 5664 Christi,
2853 5623 2914 5660 ex
2943 5611 3133 5674 quibus
3177 5609 3360 5672 lsaias,
3407 5610 3529 5664 dum
3579 5610 3801 5664 inﬁrmi-

693 5705 714 5727 α
839 5690 945 5743 Leo
971 5679 1124 5759 papa,
1171 5696 1325 5764 epist.
1381 5696 1475 5767 165
1508 5698 1571 5750 ad
1623 5699 1862 5755 Leonem
1887 5706 2201 5774 Augustum,
2239 5727 2352 5778 cap.
2389 5713 2437 5763 8.
