4228 6308
365 440 522 519 -ηε

424 676 606 728 nostra
656 681 847 739 passus
885 674 969 721 est
1010 664 1204 731 salute,
1247 662 1598 734 praedixisset,
1644 661 1747 715 hoc
1772 671 1987 728 quoque

425 756 618 828 adjecit
643 771 660 808 :
703 753 1097 811 Generationem
1123 754 1238 825 ejus
1261 753 1378 825 quis
1396 751 1661 808 enarrabit
1686 749 1986 830 (Isaiam,

422 848 525 917 8)!
559 846 759 903 Beatus
793 858 1007 915 quoque
1048 842 1288 915 Baptista
1336 840 1571 898 Joannes
1598 855 1658 897 se
1711 838 1986 910 indignum

332 986 333 989 η
423 943 650 991 testatus
707 942 791 990 est
837 933 1047 990 solvere
1108 931 1399 1003 corrigiam
1458 928 1809 987 calceamenti
1866 927 1986 998 ejus

423 1027 616 1098 (Mare.
646 1041 689 1092 ι,
717 1023 794 1094 7).
832 1023 984 1091 Quod
1004 1024 1195 1079 beatus
1219 1022 1513 1092 Gregorius
1542 1021 1597 1075 in
1623 1018 1861 1075 homiliis
1873 1017 1986 1073 suis

420 1119 497 1172 ita
535 1115 882 1186 exposuit“:
927 1130 948 1163 ε
992 1110 1101 1169 Sed
1138 1110 1317 1179 hujus,
1363 1109 1559 1180 inquit,
1602 1106 1987 1164 incarnationis

423 1203 737 1276 mysterium
764 1202 1030 1256 humanus
1054 1199 1240 1257 oculus
1264 1207 1547 1270 penetrum
1587 1212 1696 1252 non
1741 1195 1943 1251 sufﬁcit
1970 1212 1983 1247 :

422 1291 729 1364 investigari
754 1292 900 1347 enim
917 1288 1222 1346 nullatenus
1248 1295 1447 1359 potest,
1490 1286 1759 1357 quomodo
1796 1300 1988 1355 corpo-

424 1390 571 1439 ratur
596 1381 856 1457 Verbum,
883 1380 1150 1451 quomodo
1185 1395 1428 1436 summus
1447 1387 1503 1435 et
1541 1378 1843 1434 viviﬁcator
1868 1376 1989 1446 Spi-

423 1474 559 1527 ritus
576 1471 721 1527 intra
745 1479 963 1527 uterum
988 1471 1180 1526 matris
1204 1471 1494 1535 animatur,
1528 1470 1797 1539 quomodo
1823 1469 1869 1523 is
1895 1469 1985 1537 qui

424 1562 635 1617 initium
658 1576 767 1616 non
809 1561 988 1626 habet,
1014 1568 1071 1615 et
1107 1561 1289 1615 existit
1313 1568 1368 1615 et
1395 1561 1713 1630 concipitur.
1742 1558 1987 1629 Corrigia

423 1667 552 1724 ergo
571 1650 918 1707 calceamenti
938 1659 1019 1706 est
1058 1650 1284 1721 ligatum
1326 1651 1587 1722 mysterii.
1619 1648 1853 1705 Joannes
1880 1650 1984 1704 ita-

422 1756 528 1814 que
546 1741 830 1811 corrigiam
877 1738 1222 1795 calceamenti
1248 1738 1457 1794 solvere
1501 1754 1607 1793 non
1650 1736 1816 1803 valet,
1859 1724 1995 1809 quia:

423 1831 804 1888 incarnationis
829 1828 1143 1900 mysterium
1166 1842 1265 1882 nec
1287 1827 1400 1897 ipse
1424 1827 1747 1897 investigare
1768 1823 1982 1891 suﬁicit,

1110 438 1533 511 nocturnes.
1570 483 1637 493 -
1668 420 1825 507 .tov.
1867 449 2159 506 FELICEM
2199 450 2387 537 unm
2414 436 2623 508 vn.‘.—
2653 453 2777 509 LIB.
2820 452 2902 509 In.

2071 83 2134 100 Ὺ
2159 77 2276 96 _;______
2301 61 2620 86 _.-._a----c-"‘."'."-‘-".'-'
2651 65 2676 76 ri-
2735 69 2738 72 -
2809 61 2870 84 .‘_.£'
2887 61 2911 87 _
3056 60 3359 81 “W7
3374 59 3959 87 riﬂ‘wvw
4056 60 4127 83 ﬁl"

3224 96 3233 99 “
3314 86 3595 145 -ἑιμηῶν
3536 92 3547 99 ³
3604 94 3743 145 ἔνι-ἐις
3710 90 3761 111 ε-
3784 82 4131 125 ..ἅτ-ἐξω·-

1276 132 1311 145 r.
1384 140 1405 147 ._
1432 140 1457 145 κ
1490 140 1523 145 ,-
1594 136 1601 143 .
1694 138 1707 143 -
1740 132 1773 141 -ρ
1796 130 1879 139 -η
1912 134 1949 146 π
1996 144 2003 145 ,
2062 106 3353 147 ικτ-Μπῖῑηιμετ-ξετὲωρωφὲἓκ
3572 140 3599 143 μ

3558 459 3656 515 160

425 586 584 641 tates,
614 574 927 645 opprobria,
948 550 1154 642 ﬂagella
1180 579 1238 628 et
1264 579 1442 642 sputa,
1476 584 1595 639 qum
1615 568 1863 625 Christus
1880 580 1981 635 pro
2006 565 2058 622 Δ
2084 563 2228 634 milia
2264 564 2513 621 Paschali
2555 576 3034 638 prtesumptuosam
3079 542 3478 639 inquisitionem
3516 572 3657 628 nati—

2084 652 2269 708 vitatis
2291 654 2490 720 Christi
2520 656 2604 711 his
2628 658 2805 713 verbis
2833 661 3161 728 compescuit
3187 671 3210 699 ο
3241 674 3256 713 :
3286 678 3307 711 ι
3341 659 3442 727 Qui
3468 661 3658 732 igitur,

2085 740 2182 805 ait,
2222 744 2492 812 paschalis
2520 745 2704 815 gaudii
2731 746 3119 802 solemnitatem
3147 747 3419 805 celebrare
3446 752 3655 807 deside-

2084 844 2191 902 rat,
2221 853 2416 911 agnum
2443 832 2541 893 nec
2566 853 2705 907 aqua
2736 846 2955 908 coquat,
2992 852 3092 893 nec
3119 838 3344 893 crudum
3368 840 3652 895 comedat:

2085 934 2146 984 ut
2189 942 2362 1009 neque
2399 944 2493 999 per
2539 929 2826 983 humanam
2873 927 3187 1001 sapientiam
3231 927 3652 999 profunditatem

2084 1019 2471 1076 incarnationis
2499 1021 2640 1076 illius
2670 1029 2951 1091 penetrare
2989 1029 3231 1097 appetat;
3261 1036 3431 1093 neque
3454 1023 3508 1078 in
3530 1038 3654 1079 eum

2086 1120 2342 1184 tanquam
2375 1112 2424 1166 in
2458 1112 2728 1167 hominem
2760 1129 2952 1182 purmn
2982 1113 3198 1179 credat;
3230 1114 3323 1169 scd
3354 1130 3506 1170 assus
3533 1115 3656 1185 igne

2076 1216 2278 1257 carnes
2305 1201 2570 1267 comedat,
2607 1210 2668 1255 ut
2690 1201 2984 1271 dispensari
3013 1202 3192 1256 omnia
3221 1217 3319 1272 per
3344 1203 3513 1258 sancti
3537 1203 3657 1273 Spi-

2087 1293 2225 1348 ritus
2248 1294 2539 1362 potentiam
2565 1294 2719 1347 sciat.
2751 1313 2769 1344 I
2802 1293 2867 1347 Et
2891 1293 3048 1362 paulo
3075 1300 3194 1363 post
3221 1310 3234 1346 :
3269 1311 3288 1343 ι
3310 1291 3381 1346 Et
3405 1294 3546 1364 quod
3578 1310 3667 1359 re:
3691 1342 3703 1359 ,

2085 1383 2361 1446 manserit,
2395 1382 2503 1452 igni
2543 1382 2849 1435 comburelis
2895 1380 3091 1452 (Exod.
3129 1398 3225 1445 xu,
3266 1380 3377 1449 l0).
3410 1381 3563 1449 Quod
3590 1399 3656 1438 ex

2086 1485 2226 1541 agno
2257 1482 2518 1535 remanet,
2547 1472 2655 1540 igni
2696 1472 3081 1539 comburimus,
3109 1471 3321 1542 quando
3362 1473 3485 1536 hoc,
3513 1473 3658 1542 quod

2084 1559 2153 1619 de
2188 1562 2729 1633 incarnationisejus
2772 1564 3025 1634 mysterio
3068 1563 3366 1634 intelligam
3409 1572 3464 1618 et
3489 1578 3655 1633 pcne-

2085 1656 2232 1706 trare
2259 1666 2365 1704 non
2389 1666 2692 1721 possumus,
2716 1654 2966 1721 potestati
2991 1653 3159 1707 sancti
3189 1652 3419 1723 Spiritus
3445 1652 3658 1708 humili-

2085 1748 2173 1798 ter
2220 1757 2558 1796 reservamus
2587 1738 2689 1796 :'ut
2735 1757 2842 1797 non
2892 1744 3128 1813 superbe.
3168 1744 3290 1814 quis
3336 1745 3532 1815 audeat
3572 1744 3659 1800 vel

2086 1839 2427 1887 contemnere
2452 1833 2536 1887 vel
2570 1833 2905 1901 denuntiare,
2933 1835 3075 1903 quod
3116 1851 3223 1890 non
3267 1834 3529 1905 intelligit,
3564 1837 3659 1892 sed

422 1926 512 1995 qui
540 1924 681 1997 hanc
708 1938 806 1994 per
836 1919 1129 1992 prophetia:
1168 1918 1413 1989 spiritum
1463 1919 1698 1988 agnovit.
1734 1917 1874 1986 Quid
1903 1925 1987 1973 est
2014 1900 2064 1963 Β
2087 1920 2193 1976 hoc
2222 1921 2331 1991 igni
2353 1923 2614 1978 traditum
2648 1921 2729 1995 [8.
2760 1900 3084 1995 (ἔγρῃ.ξὶεηί
3114 1924 3299 1997 tradit]
3321 1900 3658 1982 cumvsancto

421 2023 548 2085 ergo
568 2015 768 2078 dicere,
815 2029 918 2068 non
947 2028 1063 2067 sum
1089 2010 1279 2082 dignus
1327 2010 1522 2066 solvere
1563 2009 1987 2081 corrigiam‘cal-

422 2106 670 2160 ceamenti
723 2106 857 2175 ejus,
895 2101 1002 2158 nisi
1033 2107 1218 2169 aperte
1241 2106 1299 2154 et
1335 2098 1615 2154 humiliter
1650 2114 1803 2153 suam
1833 2099 1985 2168 igno-

422 2195 648 2249 rantiam
694 2190 984 2249 conﬁteri?
1033 2189 1117 2244 Ac
1139 2188 1184 2245 si
1219 2196 1466 2258 patenter
1489 2188 1634 2245 dicat
1664 2205 1679 2242 :
1716 2187 1855 2255 Quid
1882 2187 1985 2242 mi-

423 2300 558 2351 rum,
581 2285 625 2340 si
652 2283 781 2339 mihi
810 2281 899 2338 ille
915 2280 1167 2353 prmlatus
1194 2287 1299 2342 est,
1325 2293 1485 2348 quem
1513 2285 1632 2348 post
1660 2293 1746 2333 me
1764 2278 1981 2347 quidem

421 2383 603 2430 natum
630 2374 933 2439 considero,
970 2362 1065 2427 sed
1092 2369 1393 2426 nativitatis
1419 2369 1731 2441 mysterium
1755 2384 1861 2424 non
1883 2385 1981 2440 aps

420 2464 735 2535 prehendo?
768 2484 788 2517 ι
954 2468 958 2475 ‘
1573 2501 1576 2505 .

491 2552 559 2628 ντ
613 2552 968 2624 Hieronymus
1018 2564 1232 2622 quoque
1282 2550 1471 2605 doctor
1525 2547 1672 2604 omni
1699 2546 1702 2550 “
1728 2547 1982 2603 Ecclesia:

422 2639 619 2697 Christi
646 2641 975 2718 honorabilis
999 2641 1055 2696 in
1080 2638 1412 2711 expositione
1439 2639 1772 2710 nonagesimi
1797 2637 1978 2694 octavi

423 2732 619 2789 Psalmi
655 2731 823 2804 (Psal.
851 2747 1043 2798 xcvnt,
1073 2731 1183 2803 i5),
1219 2732 1359 2786 hanc
1392 2730 1795 2803 generationem
1823 2727 1983 2783 Chri-

423 2829 491 2878 sti
535 2837 593 2878 se
637 2823 855 2877 omnino
906 2820 1179 2893 ignorare,
1217 2836 1325 2876 non
1376 2820 1592 2875 erubuit
1638 2817 1876 2889 proﬁteri
1906 2817 1976 2871 δε

427 2932 447 2964 ι
483 2912 690 2978 Videte,
739 2912 927 2981 inquit,
964 2925 1124 2983 quam
1150 2918 1264 2967 rem
1309 2912 1532 2968 audeam
1558 2909 1699 2980 loqui
1728 2927 1743 2965 ;
1771 2911 1883 2980 Ego
1909 2910 1982 2963 ita

422 3001 554 3056 adeo
570 3000 719 3072 μίση
737 2998 924 3073 adoro]
942 3000 1254 3066 scabellum,
1267 3002 1409 3070 quod
1422 3003 1692 3070 quondam
1708 2999 1826 3065 fuit,
1841 3000 1985 3054 sicut

423 3093 694 3148 thronum.
742 3091 811 3146 Et
853 3092 898 3147 si
932 3092 1074 3147 enim
1114 3106 1435 3147 noveramus
1472 3090 1743 3146 Christum
1785 3103 1980 3145 secun-

424 3180 549 3236 dum
578 3196 817 3246 carnem,
843 3181 959 3253 [sed
991 3181 1106 3252 jam
1131 3197 1238 3237 non
1267 3182 1514 3236 novimus
1540 3196 1660 3236 eum
1688 3183 1979 3236 secundum

423 3287 637 3327 carnem
667 3270 751 3345 (ΙΙ
780 3269 906 3341 Cor.
930 3289 985 3340 ν,
1017 3273 1104 3345 16)
1134 3271 1175 3346 ].
1211 3272 1471 3328 liahuerit
1520 3269 1657 3327 forte
1693 3270 1982 3326 scaliellum

424 3373 545 3420 ante
592 3374 838 3433 mortem,
893 3373 1018 3422 ante
1068 3366 1533 3429 resurrectionem,
1573 3362 1736 3435 815
1771 3363 1984 3432 quando

425 3455 798 3519 manducabat,
825 3456 1039 3526 quando
1059 3455 1295 3519 bibebat,
1338 3454 1551 3523 quando
1578 3461 1790 3508 nostros
1807 3452 1981 3522 patie-

423 3544 581 3601 batur
600 3543 859 3612 allectus;
898 3552 1183 3614 postquam
1216 3558 1346 3615 vero
1368 3542 1684 3606 resurrexit,
1712 3549 1767 3595 et
1787 3541 1855 3595 ad
1879 3556 1985 3595 em-

424 3639 504 3692 tos
525 3635 702 3691 victor
723 3636 982 3702 ascendit,
1014 3648 1114 3703 ego
1146 3646 1252 3705 non
1279 3632 1519 3703 intelligo
1576 3631 1741 3685 alium
1786 3629 1977 3685 seden-

424 3733 553 3790 tem,
577 3732 633 3779 et
655 3723 817 3778 alium
845 3723 1157 3790 scalpellum,
1186 3716 1285 3779 sed
1312 3730 1481 3778 totum
1512 3721 1567 3777 in
1594 3719 1812 3775 Christo
1834 3720 2004 3774 thro-_

425 3820 524 3869 nus
546 3821 647 3870 est.
692 3814 892 3881 Quaerit
934 3820 990 3869 et
1034 3814 1203 3870 dicit:
1235 3812 1433 3881 Quare,
1480 3812 1564 3867 vel
1584 3798 1800 3882 quare?
1840 3811 1984 3877 Quo-

428 3903 584 3960 modo
617 3905 706 3971 sit,
736 3902 941 3969 nescio,
967 3910 1023 3959 et
1058 3911 1232 3983 tamen
1262 3902 1424 3958 credo
1451 3901 1593 3970 quod
1615 3901 1705 3955 sit.
1755 3899 1983 3955 Mirarer

424 3992 849 4069 [Ms.,miraris],
870 3994 915 4051 si
932 3993 1169 4064 ignorem
1194 3992 1488 4048 divinitatis
1507 3992 1840 4069 mysterium,
1858 4006 1981 4046 cum

422 4084 683 4153 meipsum
712 4085 967 4140 nesciam.
1030 4082 1332 4154 Interrogas
1367 4098 1453 4139 me
1496 4082 1793 4152 quomodo,
1841 4081 1982 4150 quod

421 4175 511 4245 sit,
542 4184 599 4230 et
619 4174 878 4267 divinitasi
890 4181 946 4229 et
970 4175 1270 4241 incarnatio
1315 4189 1453 4228 unus
1474 4174 1545 4227 sit
1570 4172 1723 4243 [δίδη
1750 4187 1979 4240 quomo-

422 4265 493 4320 do
518 4274 572 4319 et
599 4264 850 4319 divinitas
868 4261 925 4317 et
950 4262 1251 4318 incarnatio
1281 4277 1444 4316 unum
1468 4261 1581 4334 sit],
1611 4276 1734 4315 cum
1762 4266 1870 4331 ego‘
1890 4274 1984 4313 ne-

422 4355 611 4423 sciam,
650 4355 915 4426 quomodo
936 4354 1131 4410 vivam.
1148 4354 1317 4410 Deum
1334 4353 1664 4409 intellexisse
1688 4344 1981 4409 credidisse

422 4456 547 4515 est;
577 4447 745 4505 Deum
782 4462 941 4505 nosse
979 4447 1246 4505 honorare
1268 4455 1371 4503 est.
1425 4444 1634 4501 Sullicit
1682 4446 1815 4500 mihi
1841 4446 1981 4500 scire

2086 2009 2289 2082 Spiritu
2318 2023 2574 2069 reservat.
2607 2035 2626 2068 ι
2655 2014 2830 2071 llis'et
2858 2015 3161 2084 hujusmodi
3191 2016 3510 2071 testimoniis
3536 2030 3659 2070 san-

2082 2111 2293 2158 ctorum
2324 2104 2564 2170 Patrum,
2588 2107 2822 2161 humana
2847 2106 3120 2162 humilitas
3145 2107 3378 2176 seipsam
3408 2116 3657 2162 coerceat

2083 2192 2222 2246 intra
2253 2194 2540 2247 terminum
2572 2192 2770 2248 moduli
2799 2194 2903 2258 sui,
2930 2192 3336 2265 Salvatorisque.
3360 2196 3531 2250 nostri
3560 2194 3661 2251 mi-

2084 2283 2309 2339 rabilem
2375 2284 2710 2339 nativitatem
2770 2284 3022 2340 humanis
3080 2284 3397 2341 ratiunculis
3451 2285 3659 2341 desinat

2081 2375 2372 2438 aestimare,
2410 2390 2508 2430 nec
2533 2374 2654 2445 plus
2680 2387 2867 2444 sapere
2893 2382 3100 2445 quaerat
3134 2388 3295 2444 quam
3324 2360 3536 2444 oportet
3563 2388 3655 2427 sa-

2079 2477 2229 2533 pere.
2254 2463 2556 2533 Audiatqne
2597 2464 2980 2534 sapientissimi
3027 2463 3327 2522 Salomonis
3369 2462 3655 2518 consilium

2082 2553 2346 2608 dicentis:
2374 2553 2576 2609 Altiora
2614 2563 2664 2608 te
2702 2572 2766 2609 ne
2805 2556 3094 2627 quasieris,
3135 2564 3186 2609 et
3219 2554 3562 2625 profundiore
3588 2570 3653 2608 ne

2079 2644 2325 2696 scrutaris
2359 2642 2546 2714 (Eccii.
2592 2660 2676 2709 tu,
2724 2643 2837 2714 23).
2882 2642 3131 2714 Opponat
3175 2658 3388 2713 quoque
3437 2643 3654 2698 sibimet

2082 2736 2241 2790 aliam
2268 2730 2507 2804 ejusdem
2533 2736 2873 2797 sententiam,
2903 2751 3008 2807 qua
3049 2735 3245 2791 terruit
3270 2741 3655 2804 prmsumptuo-

2082 2841 2199 2881 sam
2240 2826 2485 2883 humana:
2515 2826 2848 2882 inﬁrmitatis
2875 2827 3251 2882 temeritatem.
3279 2824 3381 2890 Qui
3412 2822 3655 2888 multum,

2083 2916 2178 2979 ait,
2206 2914 2307 2969 mel
2331 2916 2573 2980 comedit,
2614 2933 2718 2970 non
2749 2926 2825 2970 est
2863 2900 2931 2970 ei
2953 2917 3143 2969 bonum
3167 2931 3191 2968 :i
3206 2923 3256 2968 et
3279 2914 3370 2985 qui
3396 2900 3659 2968 scrutator

2078 3015 2156 3059 est
2183 3005 2477 3074 majestatis
2500 3005 2808 3075 apprimitur
2836 3023 2868 3058 a
2897 3004 3064 3075 gloria
3089 3003 3269 3075 (Prov.
3303 3019 3430 3067 xxv,
3460 2988 3568 3075 i6).
3600 3001 3657 3057 Si

2082 3100 2282 3148 nostra!
2302 3093 2524 3163 originis
2542 3094 2813 3162 patienter
2836 3092 3105 3149 nescimus
3134 3080 3492 3157 nativitatem,
3523 3107 3658 3162 quo-

2084 3185 2244 3241 modo
2289 3186 2466 3239 anima
2517 3185 2571 3239 in
2624 3194 2778 3240 utero
2827 3184 3015 3239 matris
3065 3184 3412 3238 tenerrimam
3463 3191 3659 3238 nostra;

2087 3277 2266 3332 carnis
2284 3277 2637 3332 substantiam
2664 3276 2895 3331 viviﬁeet
2917 3281 3153 3344 :quanto,
3174 3272 3346 3343 magis
3363 3272 3458 3327 Dei
3483 3273 3659 3327 omni-

2084 3368 2319 3438 potentis
2347 3368 2700 3436 humanaeque
2746 3374 2950 3420 naturae
2978 3362 3297 3425 ineffabilem
3326 3358 3656 3429 conjunctio-

2085 3475 2207 3514 nem
2243 3475 2341 3515 nos
2377 3459 2519 3513 nullo
2566 3459 2722 3512 modo
2762 3458 3215 3528 comprehendere
3250 3469 3430 3526 posse,
3460 3454 3545 3510 vel
3576 3454 3658 3509 in—
3756 3504 3773 3525 κ

2085 3548 2324 3617 telligere
2353 3547 2624 3602 fatendum
2648 3550 2762 3603 est?
2788 3549 2931 3603 Dens
2953 3556 3152 3612 autem,
3179 3546 3446 3615 quomodo
3470 3545 3659 3611 voluit,

2082 3645 2136 3692 et
2156 3636 2370 3707 quando
2394 3637 2581 3699 voluit,
2608 3646 2661 3689 et
2691 3639 2762 3690 ex‘
2788 3650 2893 3704 qua
2921 3636 3110 3698 voluit,
3142 3634 3360 3689 advenit
3406 3634 3461 3688 in
3504 3649 3659 3688 mun-

2084 3726 2233 3789 dum,
2268 3740 2367 3780 nec
2410 3731 2619 3792 tempus
2656 3724 2727 3789 ei,
2769 3740 2867 3778 nec
2910 3737 3159 3792 persona,
3195 3738 3295 3777 nec
3329 3711 3660 3778 consuetudo

2083 3816 2384 3882 hominum,
2428 3832 2527 3872 nec
2559 3816 2800 3886 exempla
2848 3832 3025 3870 rerum
3060 3816 3494 3885 prmjudicarunt.
3529 3812 3657 3882 quin

2082 3910 2264 3966 minus
2309 3918 2452 3965 esset
2477 3912 2617 3980 quod
2646 3909 2832 3963 voluit.
2865 3906 2998 3961 Nam
3024 3908 3287 3961 obsistere
3323 3905 3374 3958 el
3417 3904 3503 3958 lex
3542 3918 3650 3958 non

2082 4002 2256 4070 potuit
2278 4006 2669 4061 creaturarum,
2701 3996 2791 4064 qui
2817 4002 2898 4049 est
2925 3992 3276 4059 crcatoripse
3311 3998 3648 4044 cunctorum.

2085 4090 2155 4146 Ut
2183 4096 2381 4157 posset,
2419 4088 2559 4157 quod
2587 4084 2770 4143 voluit,
2811 4087 3111 4152 promptum
3153 4080 3228 4134 illi
3276 4091 3487 4150 semper
3528 4077 3651 4144 fuit,

2082 4181 2206 4250 quia
2247 4187 2486 4249 potestas
2510 4177 2680 4232 adfuit
2714 4175 2995 4231 voluntati.
3025 4173 3070 4228 0
3113 4174 3275 4227 homo
3308 4180 3365 4226 tu
3413 4172 3536 4242 quis
3573 4186 3653 4238 es,

2082 4271 2176 4339 qui
2218 4271 2542 4340 respondeas
2585 4268 2726 4323 Deo-‘2
2773 4264 3018 4335 Nunquid
3062 4262 3230 4331 legem
3280 4263 3522 4330 impones
3556 4260 3653 4327 illi,

2083 4360 2173 4429 qui
2196 4368 2279 4414 est
2306 4359 2391 4414 lex
2422 4358 2803 4422 universitatis,
2834 4356 2955 4426 quia
2987 4353 3162 4410 omnis
3194 4359 3440 4407 creatura
3466 4350 3657 4406 volun-

2084 4450 2181 4504 tati
2209 4449 2350 4503 illius
2380 4448 2616 4515 subjecta
2644 4448 2759 4502 est?

423 4538 566 4608 quod
592 4539 852 4609 scriptum
878 4545 959 4594 est
983 4554 999 4604 ;
1030 4534 1225 4594 sumcit
1250 4537 1382 4592 mihi
1430 4536 1571 4592 scire
1603 4536 1744 4607 quod
1773 4534 1934 4591 credo
1961 4554 1972 4588 :

2158 4540 2264 4594 Vll.
2307 4537 2413 4593 Sed
2458 4538 2614 4601 dicis,
2643 4544 2705 4591 ut
2745 4540 2798 4589 in
2840 4534 2947 4591 tuis
2993 4535 3189 4605 legitur
3235 4531 3451 4597 litteris,
3478 4550 3498 4583 ι
3529 4529 3656 4601 quia

421 4628 545 4697 plus
568 4634 747 4682 autem
776 4640 877 4685 nec
920 4627 1064 4690 volo,
1113 4641 1215 4681 nec
1244 4626 1418 4695 cupio.
1453 4626 1509 4680 Si
1534 4626 1678 4681 enim
1706 4626 1844 4681 seire
1880 4640 1976 4679 vo—

424 4717 594 4781 luero,
633 4724 695 4784 οι,
725 4716 829 4771 hoc
872 4716 1071 4785 incipio
1115 4716 1357 4786 perdere,
1389 4715 1531 4785 quod
1561 4715 1723 4771 credo
1747 4702 1980 4771 {ﬁdeles

424 4809 673 4874 dicimur,
706 4824 813 4864 non
840 4807 1126 4869 rationales
1152 4807 1302 4880 [Ms.,
1335 4803 1715 4881 ratiocinales].
1746 4809 1983 4879 Denique

425 4899 622 4955 dicitur
648 4906 706 4954 et
728 4912 758 4953 a
780 4898 1041 4954 Domino.
1092 4896 1300 4963 Credis,
1347 4899 1488 4967 quod
1513 4913 1612 4969 ego
1636 4914 1854 4969 possum
1880 4897 1979 4953 hoc

425 4987 607 5051 facere
626 4988 651 5042 ?
678 4987 965 5045 Etdieitur
986 4988 1051 5042 ad
1072 4987 1347 5042 mulierem
1376 5006 1389 5039 :
1421 4985 1582 5043 Fides
1602 4998 1692 5042 tua
1712 4998 1762 5042 te
1784 4988 1979 5044 salvam

425 5075 551 5147 fecit
575 5076 787 5150 (Matth.
814 5093 891 5145 rx,
919 5076 1033 5150 22),
1061 5092 1167 5132 non
1207 5076 1362 5141 ratio,
1406 5092 1512 5132 non
1554 5078 1849 5147 inquisitio,
1875 5095 1979 5135 non

334 5224 343 5231 ,
424 5155 617 5235 quare,
644 5164 727 5221 vel
754 5181 921 5237 quare
965 5166 1161 5223 factum
1205 5167 1295 5221 sit.
1326 5166 1582 5232 Credidit,
1634 5169 1758 5236 quia
1808 5170 1981 5234 ﬁeret,

423 5262 483 5308 et
508 5251 706 5309 factum
729 5266 814 5335 est
839 5255 992 5328 [ιι.
1020 5265 1075 5313 et
1107 5257 1306 5313 factum
1331 5265 1413 5312 est
1445 5260 1571 5327 quia
1600 5259 1868 5332 credidit].
1908 5281 1925 5312 ι

503 5340 586 5396 Vl.
611 5340 782 5397 Simili
800 5345 957 5399 modo
978 5352 1032 5399 et
1056 5345 1305 5416 praefatus
1326 5345 1484 5402 Pater
1502 5346 1791 5416 Gregorius
1814 5349 1867 5403 in
1892 5349 1987 5403 ho-

500 5527 527 5586 f
567 5515 627 5586 ξ.
655 5515 841 5586 εἱς-ομ,
873 5514 1019 5571 hom.
1050 5516 1079 5586 7
1110 5516 1163 5571 in
1195 5518 1394 5586 Evang.

500 5534 527 5557 ι·
569 5534 627 5571 a.
655 5534 841 5586 ιιι-ομ
876 5534 1019 5571 nom.
1059 5534 1078 5569 ι
1110 5534 1163 5571 ιη
1195 5534 1338 5573 man
1381 5557 1394 5570 .

497 5583 542 5655 lt
566 5584 627 5655 _S.
658 5582 912 5655 Hieritin
958 5584 1089 5653 psal.
1138 5602 1322 5641 xcvm.
1344 5534 1547 5651 {’erba,
1591 5602 1711 5655 qua:
1740 5588 1842 5642 hoc
1871 5586 1988 5639 loco

423 5652 747 5712 abAlcuino
776 5652 1101 5716 reiciuntur,
1124 5670 1227 5709 non
1253 5665 1467 5710 exstant
1494 5658 1548 5710 in
1568 5652 1849 5709 Bicviario
1871 5658 1989 5707 vul-

428 5732 558 5799 cato
585 5718 645 5778 S.
664 5722 994 5799 Hieronimi.
1014 5724 1253 5799 -l'ixstant
1277 5740 1405 5779 vero
1431 5724 1987 5799 inuvetustissimqi-n-

402 5792 551 5852 'Eiicc
579 5808 702 5849 διες.
733 5807 785 5845 ix
825 5792 1159 5846 bibliotheca:
1206 5795 1514 5848 monasterii
1568 5794 1733 5846 nostri
1764 5793 1819 5845 S.
1861 5793 1985 5844 Eu:-

412 6066 479 6153 ε...
540 6120 557 6129 -

650 6294 695 6308 ..Δ

2084 4629 2231 4685 nullo
2255 4628 2413 4683 modo
2438 4627 2762 4682 credendum
2797 4634 2896 4688 est,
2922 4634 2981 4679 ut
3012 4626 3353 4695 omnipotens
3388 4624 3530 4683 Deus
3554 4621 3659 4677 Pa—

2082 4726 2188 4782 ter,
2212 4718 2305 4784 qui
2327 4716 2549 4784 spiritus
2577 4725 2680 4779 esr,
2711 4714 2777 4767 de
2799 4714 3089 4781 semetipso
3115 4727 3334 4770 carnem
3364 4712 3605 4783 generet.
3620 4720 3649 4762 ‘r

2082 4805 2199 4871 Dic,
2232 4819 2382 4874 rogo,
2412 4805 2458 4858 si
2488 4804 2628 4857 scias
2668 4811 2721 4856 te
2751 4804 2986 4857 animam
3013 4804 3232 4869 habere,
3263 4820 3331 4859 an
3360 4790 3501 4859 non?
3527 4801 3658 4858 Nul-

2083 4896 2295 4952 latcnns
2323 4900 2472 4947 tanta
2507 4900 2591 4947 est
2616 4894 2914 4961 ignorantia
2940 4894 2993 4948 in
3029 4903 3103 4959 te,
3128 4904 3186 4950 ut
3226 4895 3436 4956 nescias
3459 4901 3511 4950 te
3540 4878 3658 4948 ani-

2084 5001 2227 5042 mam
2269 4986 2488 5040 habere.
2521 4982 2637 5037 Scis
2675 4985 2835 5038 etiam
2873 4992 3079 5055 patrem
3110 4993 3164 5040 te
3190 4984 3438 5040 habuisse
3457 4997 3652 5039 carna-

2067 5075 2211 5141 lem,
2237 5090 2303 5130 ex
2346 5073 2497 5141 cujus
2533 5087 2694 5126 carne
2731 5074 2926 5137 anima,
2956 5089 3075 5143 qua:
3110 5080 3195 5128 est
3228 5073 3283 5125 in
3320 5080 3394 5137 te,
3432 5086 3539 5126 non
3573 5082 3658 5129 est

2084 5174 2390 5237 procreata,
2421 5180 2521 5219 nec
2549 5166 2820 5233 generata,
2853 5172 2912 5218 ut
2932 5163 3194 5219 catholica
3218 5162 3352 5217 ﬁdes
3378 5163 3559 5219 habet.
3586 5164 3656 5220 Et

2087 5254 2353 5324 quomodo
2378 5262 2555 5320 potest
2581 5253 2718 5317 ﬁeri,
2761 5263 2819 5307 ut
2862 5262 2916 5307 tu
2942 5253 3053 5321 ipse
3078 5258 3224 5305 totus
3256 5252 3332 5306 sis
3375 5253 3452 5308 tui
3484 5255 3654 5322 patris

2088 5345 2336 5415 proprius
2379 5344 2520 5399 filius
2548 5353 2597 5398 et
2630 5360 2808 5407 verus,
2838 5358 2903 5396 ex
2937 5340 3089 5409 cujus
3130 5355 3294 5397 carne
3340 5351 3429 5398 tua
3472 5343 3653 5399 anima

2088 5521 2334 5583 merami,
2361 5527 2542 5574 notato
2572 5498 2725 5570 num;
2766 5514 2890 5571 154.
2943 5513 3042 5581 Qui
3087 5513 3649 5583 continettraetatum

2089 5592 2155 5645 de
2182 5576 2445 5643 Psalt'erio
2479 5588 2578 5641 sub
2623 5586 2837 5638 nomine
2869 5585 2927 5645 S.
2954 5576 3304 5649 ~Hieronymi,
3360 5580 3427 5632 in-
3464 5576 3649 5633 multis

2090 5661 2157 5713 ab
2181 5657 2346 5713 editis
2374 5656 2723 5710 differentem.

2163 5740 2183 5764 ο
2231 5727 2288 5781 S.
2318 5727 2477 5796 Greg.
2511 5725 2601 5787 51.,
2629 5721 2813 5775 homil.
2839 5718 2911 5773 22
2935 5718 2988 5771 in
3024 5715 3250 5784 Evang,
3277 5729 3425 5771 num.
3455 5717 3509 5773 8.
