4238 6190
599 267 690 326 I67

1431 257 1489 308 B.
1525 254 1586 307 F.
1625 249 1843 306 ALBINI
1883 246 2013 302 SEU
2046 240 2316 299 ALCUINI
2349 235 2625 296 OPERUM
2661 234 2836 289 PARS
2869 233 2953 287 III.

3694 223 3795 280 £68

593 402 698 442 non
726 391 810 439 est
837 378 1115 451 generata?
1134 374 1202 428 At
1221 374 1263 426 Si
1291 370 1515 438 teipsum
1536 363 1836 421 consentias
1858 358 2131 451 proprium
2163 358 2208 413 Λ
2236 367 2338 451 ι)οὲ
2352 348 2631 451 esthD‘atris
2658 345 2945 451 secundum
2971 325 3350 451 humanitatem
3669 335 3796 451 qnia

596 425 918 528 geniti;
940 425 1110 534 patris
1140 461 1214 514 tui
1239 425 1564 512 cum.anima
1589 459 1643 506 et
1671 425 1878 511 came,-
1899 425 2141 515 quamvis
2241 456 2272 495 a
2303 440 2397 494 Dei
2429 437 2565 491 Filio
2586 439 2990 532 assumptus-est
3023 427 3350 534 homo,.vel,l
3375 434 3439 534 ut
3451 434 3518 526 ,ιιι
3543 425 3798 534 vis.'ado-

750 513 1294 614 sol-audiasubstantia
1335 545 1502 616 patris
1542 551 1595 598 et
1640 541 1826 594 matris
1862 513 2142 606 procreata
2240 538 2442 602 ptatus.
2473 527 2588 580 Non
2612 540 2739 595 ergo
2763 522 2956 617 omnis.
2975 518 3262 617 assumptio
3287 515 3501 617 adoptio
3520 521 3621 615 est.
3646 513 3804 583 Legi-

601 604 1241 718 sit.:ergo—m-ulto—inagis
1267 604 1531 707 perpende
1557 630 1729 692 oculis
1755 604 1948 689 cordis,
1986 633 2044 680 ut
2072 624 2147 676 in-
2243 618 2426 718 turlin
2471 613 2860 718 Evangelio.‘de
2898 609 3134 709 Christo,
3185 606 3336 718 quod
3365 604 3801 718 assumpsit.

602 692 1657 811 :ciligasovneui—ilatrisulesum.Cliristum
1685 722 1740 774 in
1775 729 1998 786 utraque
2025 716 2149 768 sub-
2245 705 2502 811 diali-alas,
2533 713 2583 757 et
2608 702 2786 757 statuit
2829 715 2982 811 auger
3005 695 3339 811 pina-aiul'vm
3385 692 3799 811 t‘ampliflfaﬂc:

603 805 798 888 stantia
839 826 1109 898 proprium
1157 821 1348 876 Filium
1390 825 1445 871 et
1481 828 1666 868 verum
1708 809 1820 863 ﬁeri
1862 822 2037 877 posse.
2067 805 2151 857 An

605 927 748 980 illius
775 921 1010 992 potentia
1041 919 1092 971 in
1121 916 1223 969 hoc
1255 912 1517 980 impotens
1542 913 1642 969 est,
1672 913 1730 956 ut
1765 902 1865 992 hoc
1901 913 2005 992 non
2032 911 2153 992 pose

605 1015 678 1068 sit
704 985 960 1081 perﬁcere
990 1007 1042 1060 in
1072 1005 1181 1057 lilio
1221 1011 1336 1061 suo,
1366 995 1505 1065 quod
1533 995 1585 1047 in
1615 990 1840 1081 cunctis‘
1853 985 2154 1081 hominibus

610 1075 736 1157 facit
756 1100 902 1154 ﬁeri?
925 1098 1029 1152 Aut
1056 1103 1179 1149 tuus
1200 1099 1353 1162 pater
1389 1085 1658 1155 potentior
1689 1088 1776 1135 est
1810 1077 1938 1161 Deo,
1961 1076 2013 1128 in
2057 1075 2155 1126 hac

609 1199 779 1260 parte,
807 1197 860 1242 et
890 1187 1064 1256 potuit
1090 1193 1138 1237 te
1164 1165 1435 1249 proprium
1473 1174 1639 1228 ﬁlium
1667 1170 1864 1224 habere
1884 1181 1948 1219 ex
1979 1163 2155 1260 anima

610 1250 664 1334 et
688 1250 929 1346 corpore,
958 1273 1122 1344 816
1145 1269 1265 1322 licet
1289 1268 1465 1321 anima
1496 1259 1707 1316 aliunde
1730 1258 1800 1310 sit
1826 1252 2033 1322 corpori
2059 1250 2157 1303 im.

617 1369 815 1422 missa?
841 1364 896 1418 Si
923 1377 1048 1416 vero
1080 1357 1255 1414 nullus
1291 1353 1538 1424 proprius
1573 1348 1717 1415 ﬁlius
1746 1353 1800 1399 et
1825 1357 1983 1398 verus
2010 1350 2159 1410 pote-

616 1457 687 1509 rit
711 1467 847 1517 esse,
886 1451 988 1504 nisi
1031 1463 1096 1502 ex
1140 1442 1436 1500 substantia
1462 1437 1635 1492 Patris
1671 1443 1811 1489 totus
1852 1440 2008 1486 natus
2057 1428 2153 1488 sit;

619 1561 741 1616 ergo
781 1543 834 1598 in
877 1540 1021 1597 omni
1051 1541 1283 1592 humano
1312 1532 1483 1586 nullus
1510 1536 1662 1597 pater
1689 1526 1858 1579 habet.
1889 1519 2158 1616 proprium

622 1611 785 1690 ﬁlium
810 1642 864 1686 et
885 1644 1091 1693 verum,
1114 1626 1214 1682 nisi
1240 1631 1440 1678 tantum
1472 1620 1537 1673 de
1560 1631 1720 1671 carne
1750 1613 1879 1667 sola.
1915 1611 2156 1672 Videsne,

2249 814 2323 864 iv,
2351 799 2427 870 5).
2446 778 2514 851 'In
2550 811 2654 864 qua
2697 793 3055 861 assumptione
3084 789 3278 844 diaboli
3319 786 3462 848 nulla
3488 791 3664 856 potest
3684 798 3805 839 esse

2252 885 2487 955 ad0ptio,
2517 883 2607 938 sed
2632 895 2795 950 prava
2830 879 3071 932 tentatio.
3099 876 3357 930 Placitum
3390 888 3534 936 vero,
3563 875 3685 942 quis
3712 886 3806 925 ne-

2253 976 2385 1038 scit,“
2402 974 2454 1026 in
2483 973 2665 1026 multis
2708 971 2866 1025 rebus
2903 983 3018 1022 esse
3064 983 3242 1037 posse,
3287 981 3388 1020 nec
3429 966 3483 1018 in
3524 964 3806 1039 adoptione
3846 962 3851 967 ’

2252 1064 2399 1118 sola?
2426 1061 2680 1115 Similiter
2707 1068 2761 1112 et
2788 1057 3085 1127 applicatio.
3127 1056 3258 1110 Nam
3288 1054 3483 1122 sapius
3522 1052 3715 1122 legitur
3753 1052 3806 1104 in

2253 1153 2491 1209 historiis
2521 1170 2533 1205 :
2566 1153 2633 1206 Et
2653 1151 2903 1219 applicuit
2923 1150 3028 1203 dux
3050 1148 3136 1202 ille
3162 1147 3244 1200 vel
3264 1147 3350 1200 ille
3374 1153 3550 1199 castra
3578 1145 3646 1198 ad
3673 1143 3810 1197 hanc

2253 1244 2340 1297 vel
2367 1243 2431 1295 ad
2460 1242 2601 1294 illam
2631 1241 2918 1294 civitatem.
2935 1238 2991 1292 Si
3013 1237 3296 1307 applicatio
3323 1245 3406 1290 est
3426 1236 3660 1303 adoptio,
3683 1245 3813 1302 ergo

2257 1330 2526 1398 adoptavit
2553 1329 2821 1383 civitatem
2851 1327 2951 1382 sibi
2979 1327 3032 1380 in
3060 1327 3246 1390 ﬁlium,
3277 1338 3435 1394 quam
3471 1324 3640 1394 magis
3665 1324 3813 1379 venit

2257 1419 2544 1473 debellare.

2304 1505 2415 1590 ‘IX.
2443 1506 2580 1559 Ecce
2608 1512 2662 1560 et
2691 1505 2774 1558 hic
2799 1518 2938 1558 caeca
2965 1502 3188 1556 stultitia
3214 1487 3304 1555 tua
3337 1508 3388 1556 et
3412 1499 3622 1554 indocta
3653 1508 3814 1555 teme-

2258 1599 2394 1652 ritas
2438 1605 2675 1665 apparet,
2721 1608 2824 1664 qua
2853 1609 2957 1648 non
2987 1591 3257 1661 intelligis,
3290 1605 3450 1659 quam
3494 1589 3716 1644 adversa
3762 1597 3817 1642 et

620 1678 946 1794 inuquuantam
974 1678 1251 1773 stultitiam
1277 1715 1377 1767 iste
1404 1719 1526 1763 tuus
1555 1719 1744 1760 sensus
1770 1700 2080 1761 devolvitur,
2109 1704 2160 1749 et
2194 1678 2235 1737 Β
2262 1690 2526 1794 contraria
2556 1684 2734 1794 jojmni1
2761 1684 2952 1783 rationi
2988 1683 3140 1794 ponis
3179 1688 3234 1735 et
3273 1679 3574 1745 conﬁrmas.
3622 1678 3818 1782 adflet?

621 1783 778 1883 quam
803 1808 1069 1865 contraria
1095 1803 1238 1864 omni
1253 1797 1456 1854 'rationi
1485 1805 1537 1850 et
1557 1793 1700 1848 omni
1729 1792 1960 1845 humano
1985 1783 2165 1856 generi

625 1877 848 1960 asseris?
882 1900 980 1953 'I‘ui
1014 1897 1174 1966 igitur
1201 1891 1368 1962 ipsius
1394 1896 1548 1941 utens
1573 1881 1813 1950 exemplo
1841 1889 1893 1934 et
1941 1877 2165 1945 teipsum

627 1993 987 2051 considerans,
1027 1982 1402 2054 proprietatem
1444 1976 1558 2039 filii,
1593 1986 1753 2042 quam
1791 1970 1844 2022 in
1871 1977 1920 2022 te
1950 1966 2166 2030 asseris,

627 2096 885 2148 cognosce
929 2080 983 2131 in
1027 2076 1161 2130 Filio
1200 2073 1294 2127 Dei
1341 2068 1457 2124 ﬁeri
1497 2080 1651 2136 posse
1676 2080 1698 2130 ε,
1720 2070 1774 2117 ει
1814 2061 1904 2129 qui
1947 2060 2169 2148 teipsum

629 2146 863 2228 diiidere
893 2182 998 2222 non
1024 2164 1105 2218 vis
1135 2169 1350 2230 propter
1388 2157 1616 2210 animam
1644 2159 1698 2205 et
1723 2163 1936 2206 carnem
1965 2147 2016 2200 in
2041 2146 2172 2199 duos

629 2263 788 2324 ﬁlios,
827 2256 1096 2325 proprium
1141 2251 1344 2304 scilicet
1388 2257 1442 2299 et
1489 2241 1790 2312 adoptivum
1820 2256 1832 2292 :
1858 2253 1921 2291 ea
1970 2235 2172 2288 ratione

635 2367 732 2406 nec
757 2348 1027 2402 Christum
1062 2341 1297 2396 dividere
1325 2343 1496 2390 tentes
1537 2334 1591 2386 in
1624 2333 1758 2384 duos
1787 2328 1924 2381 ﬁlios
1957 2332 2174 2394 propter

629 2439 875 2509 perfecta:
920 2431 1210 2489 divinitatis
1253 2437 1306 2483 et
1345 2425 1592 2496 perfecta:
1631 2420 1995 2509 humanitatis
2021 2425 2176 2469 natu-

633 2505 766 2594 ram,
795 2528 916 2597 quia
942 2538 1079 2578 unus
1101 2530 1185 2575 est
1211 2518 1468 2572 mediator
1491 2520 1670 2567 noster
1697 2509 1852 2563 Jesus
1873 2505 2135 2597 Christus.

860 2615 1111 2684 Sequitur
1134 2613 1187 2666 in
1213 2615 1360 2663 textu
1387 2603 1548 2658 libelli
1571 2601 1645 2654 tui
1672 2617 1684 2651 :
1719 2617 1735 2647 ι
1765 2597 1945 2685 Igitur,
1978 2593 2176 2685 inquis,

637 2713 680 2766 si
725 2682 1020 2776 adoptionis
1047 2715 1239 2756 nomen
1271 2697 1322 2750 in
1363 2693 1577 2748 Christo
1623 2682 1845 2742 Domino
1886 2682 2177 2738 secundum

640 2773 852 2856 carnem
887 2796 1030 2849 claro
1055 2797 1342 2860 apertoque
1370 2796 1614 2838 sermone
1655 2780 1707 2832 in
1736 2784 1961 2845 utroque
1996 2773 2180 2827 Testa-

640 2897 840 2949 mento,
876 2891 935 2937 ut
959 2896 1049 2935 vos
1091 2875 1428 2940 contenditis,
1467 2869 1701 2938 reperire
1737 2867 2045 2934 nequimus;
2077 2877 2179 2917 ca-

638 2987 748 3031 tera
781 2984 952 3028 tamen
973 2970 1171 3037 omnia,
1195 2981 1311 3038 quae
1333 2961 1630 3031 adoptionis
1650 2959 1812 3012 verbo
1839 2955 2174 3014 conveniunt,

639 3072 692 3123 in
732 3065 923 3122 divinis
972 3061 1122 3116 libris
1161 3057 1450 3127 perspicue
1477 3061 1634 3120 atq-te
1683 3047 1958 3102 manifeste
2002 3038 2180 3098 multis

641 3157 813 3211 modis
839 3152 1191 3220 reperiuntur.
1215 3145 1348 3198 Nam
1379 3142 1524 3211 quid,
1548 3154 1752 3209 quaeso,
1777 3146 1858 3192 est
1883 3136 2096 3190 cuilibet
2123 3135 2182 3187 ﬁ-

641 3248 713 3299 lio
755 3243 982 3310 adoptio,
1016 3239 1115 3293 nisi
1157 3236 1376 3300 electio,
1422 3233 1521 3287 nisi
1554 3230 1741 3302 gratia,
1785 3229 1884 3282 nisi
1913 3228 2180 3289 voluntas,

644 3337 745 3391 nisi
775 3331 1081 3399 assumptio,
1110 3327 1209 3381 nisi
1241 3324 1528 3392 susceptio,
1554 3321 1655 3374 nisi
1683 3320 1933 3388 placitum
1966 3333 2059 3371 seu
2094 3333 2186 3384 ap—

643 3422 889 3494 plieatio?
914 3420 1040 3485 Qua:
1067 3417 1312 3470 universa
1350 3411 1492 3465 nullo
1533 3409 1688 3462 modo
1730 3408 1940 3475 proprio
1968 3421 2029 3458 ac
2057 3419 2186 3458 vero

645 3515 754 3568 ﬁlio
782 3510 1060 3565 convenire
1096 3514 1311 3574 queunt.
1344 3502 1399 3556 Si
1439 3501 1558 3568 quis
1602 3513 1728 3551 vero
1774 3497 1825 3549 in
1856 3496 2052 3549 Christi
2084 3495 2184 3547 hu-

646 3603 956 3658 manitatem
1005 3595 1297 3664 ad0ptionis
1353 3592 1572 3659 gratiam
1617 3603 1809 3657 negare
1854 3587 1982 3648 vult,
2031 3585 2187 3640 simul

647 3700 857 3755 cuncta,
895 3703 1010 3757 quae
1049 3686 1216 3740 dictas
1243 3679 1446 3752 [Forte,
1475 3679 1612 3770 dicta
1659 3675 1802 3745 sunt]
1838 3691 1957 3730 cum
2003 3675 2186 3728 eadem

651 3781 929 3850 adoptione
957 3779 1007 3829 in
1038 3789 1102 3828 eo
1128 3784 1320 3841 negare
1355 3764 1578 3821 studeat.
1607 3784 1623 3816 ι
1645 3764 1781 3829 Quid
1803 3766 2013 3826 horum,
2041 3778 2187 3830 rogo,

652 3888 768 3941 qua:
811 3864 1153 3937 pmposuisti,
1180 3863 1233 3913 in
1277 3858 1488 3928 proprio
1537 3856 1644 3908 ﬁlio
1688 3853 1799 3907 ﬁeri
1847 3869 1948 3906 non
1984 3850 2191 3919 potest?

652 3941 899 4027 Nunquid
934 3969 1040 4007 non
1081 3949 1246 4003 David
1279 3962 1371 3999 rex
1412 3943 1611 4011 majore
1641 3944 1807 4011 gratia
1853 3943 2010 4011 elegit
2043 3941 2192 3995 Salo-

654 4063 860 4103 monem
891 4043 1161 4115 proprium
1204 4039 1366 4090 ﬁlium
1405 4046 1573 4089 suum
1596 4048 1953 4088 successorem
1985 4034 2080 4086 sibi
2111 4048 2193 4087 re-

653 4139 762 4209 gni,
797 4149 956 4204 quam
1000 4131 1131 4184 alios
1156 4128 1292 4180 ﬁlios
1337 4124 1596 4194 proprios,
1625 4138 1758 4191 quos
1799 4122 2014 4209 habuit?
2058 4123 2194 4176 Ecce

655 4317 762 4370 ctio
799 4313 854 4366 in
889 4323 955 4364 eo
991 4306 1112 4366 fuit.
1142 4318 1299 4372 quam
1339 4303 1392 4356 in
1433 4300 1548 4353 aliis
1585 4299 1706 4352 ﬁliis
1736 4298 1867 4361 suis,
1894 4298 2019 4351 licet
2043 4306 2098 4352 et
2121 4299 2192 4352 illi

654 4361 852 4473 proprii
880 4404 1057 4452 essent
1081 4361 1191 4447 ﬁlii.
1223 4391 1325 4447 Sed
1356 4407 1451 4444 nec
1479 4390 1650 4443 omnis
1686 4389 1976 4457 assumptio
2020 4397 2192 4457 potest
2227 4361 2273 4420 θ

656 4504 774 4545 esse
807 4487 1040 4556 adoptio;
1070 4483 1353 4550 assumpsit
1375 4480 1517 4533 enim
1555 4479 1645 4533 Dei
1686 4478 1848 4532 Filius
1875 4493 2090 4531 carnem
2126 4493 2192 4532 ex

658 4586 812 4633 utero
855 4572 1098 4642 virginali
1142 4571 1196 4624 in
1238 4570 1503 4623 unitatem
1544 4581 1652 4618 sua:
1685 4579 1943 4632 personae,
1987 4580 2091 4617 non
2140 4566 2193 4617 in

661 4669 1150 4723 carnemmutatus,
1178 4660 1270 4712 sed
1308 4666 1367 4712 ut
1391 4664 1530 4710 esset
1555 4656 1800 4724 proprius
1837 4653 2001 4705 Filius
2027 4653 2117 4704 Dei
2143 4652 2196 4704 in

663 4758 862 4814 duabus
899 4751 1231 4815 substantiis,
1269 4749 1364 4802 Dei
1406 4749 1604 4802 scilicet
1633 4757 1687 4799 et
1726 4745 1989 4803 hominis;
2035 4744 2196 4797 veluti

667 4855 789 4901 ante
824 4846 1004 4899 fuitin
1050 4856 1156 4897 una
1200 4846 1388 4892 natura
1427 4838 1672 4906 proprius
1715 4835 1807 4888 Dei
1854 4834 2017 4887 Filius
2068 4834 2198 4887 nihil

668 4936 915 4991 amittens
936 4935 1076 5004 quod
1105 4939 1242 4994 erat,
1268 4929 1509 4998 quamvis
1532 4927 1901 4995 assumpsisset
1928 4925 2069 4993 quod
2097 4939 2200 4978 non

666 5036 800 5091 erat,
830 5041 934 5080 non
957 5025 1266 5079 divisionem
1288 5019 1486 5074 faciens
1508 5019 1560 5071 in
1590 5034 1835 5087 personae
1855 5024 2200 5086 proprietate,

670 5134 769 5172 nec
806 5100 1223 5170 commistionem
1264 5113 1319 5165 in
1360 5116 1667 5163 naturarum
1713 5106 2096 5175 conjunctione.
2146 5108 2202 5162 Sl

671 5218 846 5262 autem
874 5212 1089 5275 propter
1115 5202 1524 5269 assumptionem
1547 5198 1628 5252 vel
1648 5198 2030 5264 susceptionem
2058 5199 2205 5252 Chrio

673 5306 785 5350 stus
827 5295 1102 5362 adoptivus
1131 5293 1211 5344 est
1251 5290 1410 5352 ﬁlius,
1438 5289 1527 5358 qui
1570 5303 1632 5342 ex
1665 5287 1880 5356 Virgine
1909 5296 2063 5340 natus
2101 5297 2202 5350 est,

669 5383 822 5451 cuius
846 5396 1084 5451 persona:
1109 5381 1159 5432 in
1194 5384 1375 5431 sancta
1408 5375 1664 5429 Trinitate
1690 5375 1963 5443 adoptivus
1988 5390 2104 5429 esse
2129 5375 2205 5429 di-

679 5469 874 5523 cendus
898 5470 1010 5523 est?
1038 5468 1229 5536 Utique
1266 5466 1479 5520 omnino
1516 5463 1632 5518 Filii
1670 5480 1928 5533 persons.
1974 5465 2087 5533 Ipse
2123 5481 2207 5518 as-

682 5557 903 5624 sumpsit
929 5557 1213 5620 hominem,
1243 5554 1324 5608 vel
1353 5555 1600 5624 suscepit.
1625 5554 1773 5620 Quod
1801 5555 1842 5608 si
1874 5556 1946 5609 ita
1989 5566 2090 5620 est,
2110 5571 2206 5610 ne-

2267 1775 2339 1847 [F
2343 1786 2471 1838 orte,
2519 1772 2735 1844 addens]
2767 1773 2927 1826 etiam
2956 1789 2968 1824 :
3000 1770 3068 1824 Ut
3102 1779 3308 1838 propter
3348 1787 3530 1823 nomen
3573 1772 3703 1823 servi
3751 1770 3817 1822 sit

2265 1883 2462 1938 quoque
2490 1866 2794 1935 adoptivus;
2823 1880 2928 1918 non
2953 1863 3252 1932 intelligens
3281 1862 3418 1930 apud
3457 1860 3688 1930 priorem
3727 1877 3822 1931 po—

2266 1957 2469 2025 pulum,
2493 1955 2583 2023 qui
2616 1957 2747 2009 dura
2790 1953 2921 2024 legis
2961 1953 3216 2006 servitute
3263 1950 3531 2018 subjectus
3572 1960 3671 2015 est,
3700 1966 3824 2020 pro—

2267 2055 2384 2114 pter
2412 2057 2662 2113 magnum
2688 2042 3002 2097 humilitatis
3025 2051 3437 2105 sacramentum,
3468 2043 3822 2110 dispensatio-

2270 2148 2496 2201 nemque
2524 2148 2662 2186 verze
2699 2132 3066 2198 humanitatis,
3107 2147 3316 2186 servum
3359 2147 3387 2184 a
3415 2135 3688 2202 prophetis
3728 2151 3825 2188 no-

2272 2222 2463 2276 minari
2498 2220 2784 2275 Christum.
2825 2221 3103 2290 Aliquibus
3146 2221 3199 2274 in
3240 2221 3369 2275 locis
3414 2221 3652 2290 legimus.
3684 2222 3825 2278 Inter

2271 2311 2409 2365 ﬁlios
2442 2311 2700 2379 siquidem
2730 2310 2930 2379 gratiae,
2960 2310 3012 2363 id
3046 2319 3146 2375 est,
3195 2311 3247 2363 in
3280 2326 3416 2364 novo
3445 2312 3636 2380 populo
3660 2312 3825 2366 Filius

2271 2403 2466 2472 ubique
2491 2402 2812 2456 nominatur.
2841 2402 2968 2468 Quae
2993 2401 3249 2457 vocabula
3291 2403 3344 2456 in
3389 2402 3522 2457 Isaia
3569 2406 3829 2473 propheta

2272 2494 2552 2549 manifeste
2597 2493 2825 2562 quodam
2872 2494 2924 2546 in
2968 2493 3084 2548 loco
3127 2493 3540 2562 distinguuntur,
3571 2495 3661 2548 ubi
3709 2495 3825 2548 ait'

2276 2583 2531 2638 Parvulas
2569 2595 2722 2638 natus
2761 2594 2832 2638 est
2874 2585 3038 2646 nobis.
3077 2593 3123 2636 et
3161 2579 3332 2636 Filius
3373 2584 3526 2636 datus
3569 2594 3642 2637 est
3685 2585 3830 2638 nobis

2276 2671 2429 2743 (Isai.
2461 2689 2537 2736 ix,
2561 2671 2637 2742 6).
2667 2671 2767 2737 Qui
2797 2671 2896 2725 fuit
2919 2671 3169 2740 parvulus
3191 2671 3274 2726 vel
3303 2686 3489 2725 servus
3509 2673 3646 2741 apud
3671 2687 3829 2742 syna-

2275 2779 2465 2835 gogam
2506 2764 2560 2817 in
2599 2765 2786 2818 umbra
2828 2765 3165 2828 servientem,
3213 2763 3349 2833 apud
3379 2764 3731 2827 Christianos,
3777 2763 3832 2816 in

2277 2857 2397 2911 luce
2439 2856 2701 2911 libertatis
2732 2856 2989 2919 viventes,
3025 2854 3191 2909 Filius
3233 2861 3334 2908 es‘t.
3362 2853 3530 2920 Quam
3560 2853 3835 2908 discretio-

2278 2963 2401 3001 nem
2431 2947 2525 3000 ﬁlii
2554 2955 2609 3000 et
2634 2947 2772 3000 servi
2798 2947 2910 3014 ipse
2937 2959 3148 3013 quoque
3179 2946 3432 2998 Dominus
3469 2946 3520 2998 in
3550 2943 3836 3012 Evangelia

2284 3036 2561 3106 designare
2587 3035 2810 3097 videtur,
2835 3032 2922 3085 ubi
2944 3034 3017 3085 ait
3047 3051 3058 3084 :
3087 3031 3275 3086 Servus
3299 3049 3400 3086 non
3419 3041 3587 3084 manet
3610 3033 3662 3099 in
3683 3029 3834 3084 domo

2282 3128 2337 3180 in
2367 3137 2636 3190 wternum,
2657 3124 2830 3178 Filius
2859 3133 3028 3178 autem
3051 3134 3219 3178 manet
3244 3125 3299 3176 in
3320 3133 3584 3177 trternum.
3611 3122 3836 3192 Moxque

2282 3217 2550 3285 subjungit
2570 3216 2750 3269 dicens
2781 3233 2791 3266 2
2827 3213 2885 3268 Si
2922 3212 3089 3267 Filius
3111 3230 3196 3266 vos
3227 3213 3537 3277 liberaverit,
3559 3229 3671 3266 vere
3690 3212 3837 3265 liberi

2283 3308 2426 3359 eritis
2468 3306 2645 3375 (loan.
2689 3321 2807 3366 VIII,
2845 3303 2929 3366 55,
2959 3303 3066 3372 '56).
3096 3304 3196 3368 Qui
3226 3303 3365 3372 apud
3395 3303 3636 3358 inﬁdeles
3672 3303 3842 3356 Filius

2285 3403 2368 3447 est
2409 3391 2546 3448 fabri
2591 3401 2644 3445 et
2683 3407 2867 3445 servus
2900 3408 2912 3443 :
2944 3391 3082 3463 apud
3123 3387 3302 3443 ﬁdeles
3341 3390 3506 3443 Filius
3532 3398 3613 3442 est
3640 3390 3752 3455 Dei,
3786 3398 3839 3444 ct

2287 3483 2426 3537 Deus
2448 3497 2621 3536 verus.

2359 3593 2424 3646 Χ.
2466 3594 2674 3656 Nescio,
2718 3608 2819 3660 qua
2848 3591 3019 3646 fronte
3050 3592 3382 3658 sacerdotem
3405 3592 3622 3656 Christi,
3653 3608 3685 3648 ο
3708 3608 3842 3647 novo

2289 3688 2491 3750 doctor,
2545 3696 2597 3740 te
2648 3684 2949 3738 conﬁtearis
2995 3699 3132 3748 esse,
3182 3685 3306 3738 dum
3352 3684 3622 3738 Christum
3674 3685 3841 3737 Deum

2290 3777 2536 3842 denegas.
2562 3774 2726 3826 Judaei
2745 3773 3060 3826 claudebant
3084 3788 3240 3826 aures
3258 3774 3516 3841 corporis,
3545 3789 3612 3826 ne
3635 3781 3845 3841 aposto-

2290 3864 2398 3917 lum
2430 3865 2588 3933 815
2616 3862 2835 3916 Paulum
2868 3863 3242 3932 prmdicantem
3270 3860 3540 3928 audirent,
3571 3863 3845 3919 Christum

2291 3955 2457 4021 Deum
2485 3969 2601 4008 esse
2631 3973 2642 4006 :
2670 3954 2748 4007 Tu
2783 3948 2983 4007 claudis
3013 3954 3193 4029 oculos
3237 3955 3430 4018 cordis,
3480 3969 3546 4008 ne
3585 3955 3848 4022 intelligas

2291 4047 2533 4100 eumdem
2559 4047 2722 4099 Deum
2749 4060 2886 4099 esse.
2927 4045 3002 4128 De
3035 4061 3140 4114 quo
3172 4046 3282 4114 ipse
3309 4053 3553 4117 egregius
3592 4048 3849 4114 praadiea-

2234 4195 2238 4202 ,
2293 4145 2378 4189 tor
2405 4137 2479 4189 ait
2501 4155 2512 4189 :
2541 4135 2592 4188 Ν
2597 4143 2651 4188 ds
2677 4145 2846 4188 autem
2865 4137 3208 4205 prwdicamus
3234 4131 3496 4189 Christum
3517 4137 3844 4202 cruciﬁxum,

653 4205 822 4292 major
861 4219 1030 4290 gratia
1057 4215 1245 4285 patris,
1280 4213 1447 4280 major
1485 4210 1747 4274 voluntas,
1789 4208 2064 4276 majorque
2088 4209 2196 4262 ele«
2234 4239 2235 4242 η
2293 4228 2504 4280 Domi";
2543 4227 2691 4292 [εδδ.
2728 4225 2825 4278 De;
2863 4225 2945 4277 hic
2981 4235 3027 4279 ει
3071 4205 3204 4292 inf",

2293 4228 2504 4280 Domini
2543 4227 2691 4296 [L'eg.
2728 4225 2825 4278 Dei
2863 4225 2945 4277 hic
2981 4235 3027 4279 et
3071 4225 3234 4296 infra]
3266 4227 3499 4279 virtutem
3543 4235 3588 4279 et
3636 4226 3846 4278 Domini

2296 4316 2600 4383 sapientiam
2631 4312 2680 4383 (1
2708 4311 2828 4366 Cor.
2857 4328 2896 4376 ι,
2921 4312 3009 4376 25,
3034 4312 3144 4382 24).
3164 4313 3229 4365 Ει
3257 4315 3470 4382 quidem
3509 4313 3770 4381 sapientia
3795 4320 3851 4366 et

2299 4405 2468 4458 virtus
2503 4403 2616 4466 Dei,
2649 4401 2872 4455 Domino
2911 4403 3092 4471 utique
3119 4401 3315 4473 [Locus
3356 4411 3658 4471 corruptus.
3689 4402 3850 4456 Forte

2299 4491 2395 4560 leg.
2421 4505 2440 4543 :
2464 4492 2531 4544 Et
2553 4491 2678 4559 quid
2699 4499 2780 4544 est
2803 4492 3060 4558 sapientia
3083 4498 3136 4542 et
3157 4490 3327 4545 virtus
3354 4493 3447 4545 Dei
3476 4493 3727 4546 Dominus
3748 4493 3852 4546 uti-

2299 4583 2445 4653 que].
2474 4583 2585 4636 Nos
2610 4597 2730 4650 ergo
2756 4583 3096 4650 pra'dicamus
3129 4568 3398 4636 Christum
3422 4586 3749 4653 cruciﬁxum,
3773 4587 3853 4639 in-

2301 4672 2435 4740 quit,
2460 4669 2660 4724 Iudicis
2677 4669 2882 4740 quidem
2904 4672 3231 4738 scandalum,
3265 4675 3496 4743 gentibus
3517 4688 3686 4728 autem
3720 4674 3849 4728 uul-

2303 4760 2487 4814 titiam.
2512 4758 2654 4814 Crux
2683 4761 2824 4814 enim
2855 4761 3089 4827 Domini,
3114 4777 3231 4830 quae
3253 4765 3477 4818 stultitia
3505 4764 3770 4834 gentibus,
3800 4771 3854 4818 et

2303 4846 2498 4902 Iudaeis
2542 4848 2846 4902 scandalum
2895 4847 3013 4913 fuit,
3059 4850 3156 4903 tibi
3195 4859 3479 4918 utrumque
3530 4859 3630 4919 est.
3674 4851 3872 4921 Nequa

2303 4937 2445 4990 enim
2474 4943 2564 4988 aut
2593 4935 2816 4990 stultitia
2841 4936 2947 4988 ulla
2983 4937 3156 5003 major
3175 4945 3285 5002 est,
3315 4953 3474 5006 quam
3506 4955 3608 4993 non
3638 4929 3856 4996 credere

2305 5025 2515 5078 veritati
2541 5036 2555 5076 :
2581 5031 2674 5078 aut
2710 5010 2882 5091 majus
2926 5024 3253 5090 scandalum,
3282 5043 3438 5095 quam
3485 5030 3668 5086 audire
3713 5031 3855 5098 quod

2304 5128 2490 5169 verum
2531 5122 2613 5167 est
2640 5109 2796 5167 nolle.
2836 5113 3070 5167 Stultitia
3097 5116 3209 5168 visa
3255 5125 3336 5171 est
3377 5120 3639 5187 gentibus,
3677 5119 3858 5172 Domi-

2307 5218 2436 5259 num
2463 5201 2729 5271 cruciﬁgi;
2759 5211 2814 5256 et
2839 5201 3053 5274 Judais,
3088 5205 3180 5259 Dei
3213 5205 3403 5259 Filium
3437 5206 3595 5270 mori,
3635 5207 3857 5262 scanda-

2306 5291 2413 5345 lum
2442 5289 2557 5343 fuit.
2587 5291 2694 5347 Par
2735 5291 2870 5347 forte
2901 5303 3070 5346 viden
3111 5296 3368 5363 potuisset
3394 5303 3450 5349 et
3494 5294 3736 5364 impietas
3766 5305 3856 5350 tua

2308 5395 2427 5433 cum
2473 5377 2684 5439 Iudaeis,
2731 5381 2834 5432 nisi
2880 5379 3022 5448 quod
3069 5381 3120 5433 in
3166 5382 3268 5435 hoc
3313 5381 3481 5449 majus
3530 5390 3609 5437 est
3651 5384 3857 5444 crimen

2309 5479 2475 5532 tuum,
2519 5470 2658 5536 quod
2705 5469 2775 5521 illi
2807 5484 2926 5523 eum
2977 5473 3238 5540 negabant
3276 5471 3441 5526 Deum
3486 5487 3624 5536 esse,
3671 5473 3726 5526 in
3750 5487 3857 5539 quo

2309 5560 2479 5613 adhuc
2505 5561 2680 5627 passio
2707 5559 3017 5615 ostendebat
3045 5563 3311 5616 hominem
3349 5581 3359 5616 :
3393 5572 3447 5617 tu
3476 5577 3597 5617 eum
3626 5562 3854 5630 deuexas
