4238 6260
326 123 451 130 ῖῤ-
676 119 756 125 ,_.

308 361 414 420 169

628 426 639 436 ,
663 411 702 430 ι

306 577 408 633 per
446 562 552 617 hoc
581 559 658 615 illi
695 574 819 614 eum
855 557 1310 628 persequebantur
1340 554 1402 608 in
1446 560 1615 616 terra,
1658 559 1711 605 tu
1746 564 1869 606 eum

308 649 652 723 persequeris
676 657 732 704 et
756 649 809 703 in
829 647 984 712 coelo,
1012 646 1197 702 nolens
1218 645 1365 700 illum
1389 643 1556 698 Deum
1579 641 1872 723 praedicare

311 721 626 812 regnantem
650 740 705 794 in
730 737 889 802 coelo,
913 737 1066 806 cujus
1097 734 1394 790 ministerio
1421 731 1673 812 iungeris
1692 730 1745 785 in
1772 721 1873 784 Ec-

315 830 498 886 clesia.

382 917 472 974 XI.
502 917 633 973 Post
655 917 848 972 horum
883 917 1067 986 itaque
1092 912 1550 970 enumerationem
1575 910 1876 974 nominum,

315 1007 509 1078 quibus
528 1007 802 1063 Christum
836 1006 1028 1065 niteris
1059 1003 1381 1060 conﬁrmare
1407 1002 1713 1071 adoptivum
1736 1015 1876 1064 esse,

316 1096 469 1153 addis
512 1104 568 1150 et
598 1096 700 1151 hoc
731 1113 744 1148 :
779 1113 798 1146 ι
833 1094 1086 1164 Quisquis
1131 1092 1572 1161 unumquodlibet
1614 1091 1879 1162 denegare

317 1172 634 1250 decreverit,
684 1184 810 1256 quia
855 1199 1020 1238 unum
1057 1183 1260 1251 absque
1304 1181 1410 1236 alio
1458 1189 1605 1236 stare
1647 1179 1877 1249 nequit:

315 1277 446 1345 quin
494 1275 695 1346 potius,
748 1274 1055 1344 quicunque
1101 1271 1190 1328 ille
1236 1280 1342 1337 est,
1386 1269 1611 1326 rationis
1653 1269 1882 1324 veritate

319 1366 615 1430 convictus,
646 1363 777 1442 velit
810 1363 964 1427 nolit,
989 1370 1282 1434 negaturus
1305 1370 1388 1417 cst
1413 1375 1535 1415 eum
1564 1374 1753 1416 verum
1786 1359 1881 1414 ho-

320 1455 539 1510 minem.
570 1473 588 1506 i
632 1451 741 1508 Nos
767 1467 898 1508 vero
920 1467 1105 1517 verum
1142 1451 1415 1506 hominem
1440 1464 1561 1506 esse
1585 1447 1880 1513 Christum,

319 1551 375 1598 et
398 1558 583 1600 veram
605 1557 822 1598 carnem
861 1541 926 1596 de
964 1540 1180 1611 virgine.
1205 1539 1582 1616 assumpsisse,
1619 1537 1886 1593 veraciter

321 1641 376 1690 et
422 1631 739 1690 ﬁducialiter
761 1630 1112 1687 conﬁtemur.
1156 1627 1264 1686 Sed
1301 1637 1356 1684 et
1397 1629 1553 1693 hoc,‘
1567 1627 1711 1697 quod
1758 1625 1880 1681 ais:

323 1740 346 1776 ι
379 1720 480 1790 Qui
508 1721 892 1777 unumhorum
915 1721 1180 1803 denegare
1204 1718 1500 1784 contendit,
1529 1718 1672 1788 quod
1691 1725 1885 1772 cetera

491 1826 596 1866 non
640 1809 872 1880 possint;
910 1830 930 1862 ι
959 1785 1266 1865 nullatenus
1289 1822 1476 1864 verum
1503 1785 1587 1863 est
1615 1824 1630 1860 :
1657 1806 1882 1869 scilicet,
1917 1785 1960 1842 θ

320 1902 464 1973 quod
485 1910 712 1973 propter
736 1901 1156 1972 assumptionem
1184 1901 1490 1958 necessario
1516 1900 1588 1956 sit
1607 1900 1886 1969 adoptivus

321 1993 419 2048 Dei
445 1993 624 2049 Patris
638 1991 805 2048 Filius
844 1992 1006 2047 homo
1029 1991 1095 2048 de
1116 1992 1323 2062 virgine
1342 1997 1522 2056 natus;
1563 1991 1706 2045 sicut
1731 2002 1888 2058 snpe-

324 2085 437 2140 rius
462 2082 828 2153 probavimus.
872 2081 941 2136 Et
984 2081 1028 2137 si
1068 2083 1172 2143 hoc
1196 2068 1361 2137 unum
1397 2095 1520 2136 esse
1559 2094 1665 2136 non
1690 2086 1884 2147 potest,

323 2175 540 2231 (mnino
595 2173 886 2249 secundum
931 2182 1076 2229 tuam
1122 2170 1441 2230 “astutiam
1485 2180 1542 2226 et
1571 2170 1675 2226 alia
1708 2169 1886 2226 omnia

321 2266 622 2338 abiicienda
641 2273 788 2331 sunt,
816 2265 942 2334 quia
977 2265 1081 2321 hoc
1097 2279 1264 2320 un
1285 2264 1400 2334 sine
1424 2263 1586 2334 dubio
1612 2258 1756 2317 stare
1782 2274 1902 2316 non-

320 2366 521 2426 poteat,
548 2356 690 2426 quod
733 2363 952 2425 propter
975 2353 1391 2424 astumptionem
1423 2351 1604 2430 carnis
1625 2351 1698 2406 ait
1727 2349 1890 2417 adop-

325 2449 469 2503 tivus
488 2446 739 2503 Christus
766 2445 860 2500 Dei
878 2437 1070 2504 Patris
1086 2443 1272 2499 Filius.
1580 2459 1582 2461 '

395 2539 511 2595 ΙΙΙ.
541 2539 688 2594 Dicis
715 2556 729 2608 :
767 2557 787 2589 ι
818 2525 970 2604 Quod
994 2524 1508 2605 nomenadoptionis
1532 2533 1716 2589 electae
1739 2547 1892 2588 crea-

329 2639 461 2691 tura:
483 2630 576 2695 sit,
604 2638 660 2684 et
688 2622 1077 2699 ηοω-δρινκ.
1107 2647 1128 2680 i
1158 2628 1226 2682 Et
1252 2627 1356 2683 hoc
1376 2641 1539 2696 quam
1567 2639 1759 2680 verum
1797 2622 1888 2687 sit,

329 2720 505 2776 sciens
538 2721 764 2790 quisque
789 2703 1054 2790 intelligit,
1077 2712 1689 2788 possunt’enim'etmali
1729 2714 1893 2784 adop-

330 2816 468 2869 tivos
493 2815 692 2870 habere
718 2812 875 2875 ﬁlios,
896 2812 1042 2866 sicut.
1056 2818 1111 2866 et
1132 2809 1255 2864 boni
1289 2828 1302 2863 :
1332 2820 1390 2865 et
1403 2810 1506 2866 hoc
1530 2821 1725 2864 nomen
1744 2819 1893 2863 uom-

330 2917 490 2958 mune
517 2911 603 2956 est
629 2902 782 2956 bonis
810 2909 864 2956 et
892 2900 1069 2965 malis,
1095 2900 1221 2970 quia
1246 2900 1298 2954 in
1327 2900 1571 2969 utrisque
1600 2897 1890 2953 invenitur.

331 2991 465 3046 Nam
494 2991 585 3060 qui
615 2990 741 3060 legit
767 2990 1018 3046 historias
1042 2989 1346 3054 saeculares,
1377 2984 1608 3044 inveniet
1633 2995 1690 3044 et
1716 2987 1770 3042 in
1797 3000 1892 3057 pa-

331 3084 486 3154 ganis
521 3084 660 3138 hanc
686 3083 1122 3138 consuetudinem
1167 3082 1465 3150 adoptionis
1484 3097 1602 3157 esse
1630 3097 1643 3135 :
1677 3095 1777 3136 nec
1800 3094 1893 3134 ne-

332 3187 485 3229 cesse
516 3180 599 3227 est
631 3187 842 3241 semper
870 3172 1066 3242 ubique
1100 3186 1218 3226 esse
1264 3171 1622 3241 adoptionem,
1655 3171 1745 3226 ubi
1769 3185 1896 3241 gra-

335 3264 410 3318 tia
451 3271 552 3318 est.
581 3262 787 3316 Dicitur
834 3263 885 3315 in
925 3269 1210 3330 conspectu
1255 3261 1489 3315 custodis
1511 3261 1769 3316 ’carceris
1804 3259 1896 3315 Jo-

337 3352 469 3421 seph
498 3338 765 3404 invenisse
791 3350 1016 3418 gratiam
1067 3348 1238 3419 (Gen.
1275 3364 1462 3413 xxxu,
1489 3348 1552 3402 21
1582 3351 1603 3420 )
1629 3367 1642 3402 :
1679 3364 1784 3402 non
1816 3357 1896 3403 ta-
1935 3341 1953 3354 ’

340 3439 876 3509 incn‘intelligcndum
902 3446 984 3492 est
1009 3437 1254 3506 eumsibi
1282 3438 1561 3506 adoptasse
1589 3439 1641 3492 in
1668 3435 1893 3501 Filium;

219 3531 224 3536 ’
342 3529 434 3583 sed
475 3538 530 3582 et
560 3528 613 3581 in
642 3527 822 3582 multis
850 3527 981 3580 locis
1011 3526 1175 3598 aliter;
1208 3527 1442 3580 inveniet
1466 3527 1694 3594 gratiam
1722 3527 1896 3581 nomi-

343 3619 478 3684 nari,
517 3633 617 3673 nec
641 3633 854 3689 semper
879 3609 946 3673 ad
975 3619 1314 3687 adoptionem
1345 3620 1721 3688 pertinentem,
1763 3619 1902 3675 sicut

342 3719 400 3763 et
423 3706 735 3764 electio'nem
759 3719 815 3764 et
845 3709 1282 3779 assuniptionem,
1318 3717 1372 3764 et
1412 3717 1609 3764 caetera
1659 3709 1898 3772 nomina,

345 3813 462 3868 qua:
488 3801 817 3854 contentiose
857 3799 1211 3868 congregasti,
1256 3807 1314 3851 ut
1339 3797 1634 3853 alllrmares
1662 3811 1904 3854 necessa-

347 3887 426 3940 rio
462 3897 677 3956 propter
704 3888 820 3942 haec
861 3888 1076 3942 nomina
1102 3888 1376 3942 Christum
1409 3902 1529 3942 esse
1561 3888 1931 3957 ad0ptivum;‘

343 3975 486 4045 quod
503 3976 720 4030 omnino
745 3991 931 4030 verum
957 3991 1063 4035 non
1079 3991 1201 4030 esse
1218 3976 1486 4045 intelligit,
1509 3977 1599 4046 qui
1627 3975 1907 4046 diligenter

344 4078 549 4127 sacras,
575 4063 688 4117 sive
715 4062 1000 4130 surculares
1027 4064 1153 4134 legit
1180 4065 1401 4119 litteras.

415 4152 551 4209 Xlll.
597 4151 739 4208 Dicis
776 4137 995 4208 ct'vere
1023 4153 1158 4207 dicis
1187 4169 1201 4206 :
1237 4171 1254 4204 ι
1283 4153 1529 4209 Christus
1561 4155 1760 4210 veritas
1801 4163 1904 4217 est,

342 4243 547 4313 iustitia
575 4252 678 4306 est,
708 4243 931 4312 aequitas
961 4251 1063 4306 est,
1087 4244 1256 4312 pietas
1278 4252 1380 4308 est,
1408 4244 1772 4299 misericordia
1803 4253 1905 4307 est;

347 4349 453 4390 non
483 4335 595 4388 vult
620 4335 686 4388 de
713 4350 773 4388 se
799 4335 1023 4390 credere
1046 4336 1125 4388 vel
1154 4336 1466 4404 prredicare,
1489 4351 1649 4406 quam
1675 4335 1746 4400 id,
1768 4335 1910 4405 quod

1013 353 1423 414 DOGMATICA.
1457 383 1524 414 τ-
1571 349 1728 404 ADV.
1770 340 2064 402 FELICEM
2102 338 2279 427 ιιΒῐξι
2325 336 2427 393 VII.
2469 367 2530 375 —
2575 332 2700 388 LIB.
2747 330 2832 386 lli.

1467 115 1500 120 __
1533 97 1646 120 n..._:.
1683 93 1696 119 '_'
1733 83 1818 119 4.7..
1841 85 1924 114 -τ-η-
1955 81 2040 119 -ι-·;
2115 75 3368 121 ιεῌπὲεέηΓἜ-ῇ-Εῗῗῖςςὲἐηῗμξ-τεεᾛςιπ-

3320 374 3325 378 ,
3424 319 3529 378 £70

307 476 501 536 Deum,
545 475 707 540 quem
745 468 856 538 jam
892 467 1216 523 resurrectio
1255 463 1502 535 probavit
1553 461 1743 517 Deum.
1789 456 1867 512 Ac
1895 460 1942 518 Α
1970 452 2241 517 nobilitas,
2284 456 2511 540 veritas,
2557 454 2612 501 et
2639 444 2888 540 dignitas,
2925 457 3030 540 non
3060 436 3358 540 adoptionis
3384 451 3532 540 corn-

1969 540 2153 596 munio
2178 552 2302 594 cum
2331 535 2562 599 caeteris,
2592 532 2676 587 vel
2717 528 3127 599 nuncupationis
3170 527 3429 596 fragilitas
3453 529 3532 582 in-

1971 639 2056 708 ter
2072 636 2297 684 exteros
2323 643 2336 680 :
2370 625 2495 694 quia
2525 622 2726 678 nullum
2753 620 3060 691 ﬁgmentum
3092 616 3456 706 appellationis
3483 617 3534 670 in

1970 700 2207 782 Christo,
2236 717 2330 788 qui
2358 722 2444 770 est
2468 715 2687 778 veritas,
2736 720 2793 766 et
2820 711 2872 764 in
2910 724 3016 778 quo
3046 708 3221 762 omnis
3257 704 3339 761 est
3371 705 3540 775 pleni—
3648 700 3655 708 ’

1973 810 2101 865 tudo
2127 806 2440 867 divinitatis,
2467 803 2585 859 ﬁeri
2602 802 2807 874 potuit,
2835 797 3091 868 Apostolo
3113 802 3422 858 attestante,
3448 793 3538 862 qui

1974 902 2053 955 ait
2079 919 2092 954 :
2115 900 2214 955 Dei
2245 899 2383 954 enim
2411 895 2585 950 Filius
2629 895 2782 949 Jesus
2811 891 3050 948 Christus
3088 890 3176 960 qui
3205 888 3261 942 in
3284 885 3422 942 uobis
3448 902 3540 956 per

1976 1007 2069 1045 nos
2109 988 2424 1060 prtedicatats
2442 995 2536 1050 est,
2566 1002 2657 1056 per
2678 999 2758 1037 me
2785 982 2872 1054 [η.
2899 998 3002 1034 non
3035 980 3133 1049 fuit
3161 977 3281 1048 Est]
3305 987 3351 1031 et
3394 977 3535 1036 Non,

1976 1079 2066 1135 sed
2095 1077 2188 1132 Est
2213 1079 2271 1132 in
2305 1074 2398 1130 illo
2425 1075 2543 1144 fuit.
2583 1073 2843 1143 Qubtquot
2880 1071 3017 1132 enim
3041 1069 3406 1141 promissiones
3445 1066 3540 1122 Dei

1978 1181 2120 1236 sunt,
2142 1167 2312 1238 iit-illo
2341 1167 2435 1221 Est
2454 1164 2541 1236 (11
2563 1163 2686 1219 Cor.
2710 1180 2751 1229 ι,
2784 1162 2874 1230 i9,
2895 1160 3022 1234 ﬁl).

2047 1280 2217 1352 818
2240 1277 2380 1332 XIV.
2411 1275 2538 1330 litec
2569 1282 2653 1329 est
2676 1283 2910 1346 namque
2935 1285 3145 1327 summa
3172 1270 3546 1342 disputationis

1981 1378 2208 1433 nostrai;
2254 1381 2380 1420 nam
2409 1379 2508 1436 ego
2537 1364 2677 1428 dico,
2706 1373 2762 1417 et
2789 1377 2895 1417 non
2923 1361 3068 1418 solus
3090 1376 3212 1433 ego,
3240 1362 3334 1416 sed
3356 1370 3409 1416 et
3437 1369 3544 1416 tota

1981 1459 2310 1516 unanimitas
2331 1457 2611 1512 catholica:
2647 1454 2901 1510 Ecclesia:
2930 1454 3019 1525 pia
3048 1455 3359 1510 credulitate
3387 1464 3550 1509 testa-

1983 1559 2094 1616 tur,
2115 1548 2286 1605 Deum
2314 1560 2436 1603 esse
2471 1544 2744 1602 Christum
2769 1552 2825 1600 et
2849 1543 3044 1602 Filium
3075 1545 3167 1600 Dei
3192 1560 3394 1609 verum,
3442 1545 3549 1600 imo

1983 1655 2170 1698 verum
2194 1638 2385 1702 Deum,
2414 1637 2507 1709 qui
2528 1647 2686 1693 natus
2704 1645 2787 1692 est
2813 1636 2891 1700 de,
2908 1636 3109 1706 Spiritu
3149 1645 3333 1692 sancto
3359 1645 3414 1691 et
3438 1635 3550 1690 Ma-

1985 1734 2068 1788 ria
2090 1732 2300 1802 virgine
2330 1743 2346 1784 :
2377 1738 2434 1786 tu
2461 1727 2598 1784 dicis
2623 1726 2874 1782 eumdem
2901 1741 3021 1782 esse
3047 1728 3354 1796 adoptivum
3382 1725 3548 1781 ﬁlium
3585 1718 3587 1720 ’

1987 1829 2043 1876 et
2063 1818 2486 1889 nuncupatimm
2509 1814 2840 1884 Deum..iloc
2864 1829 2992 1886 ergo
3034 1829 3064 1869 a
3103 1823 3156 1871 te
3197 1815 3381 1870 audire
3412 1815 3553 1870 desi‘

1985 1912 2135 1972 dero,
2166 1909 2211 1965 si
2239 1909 2388 1964 illum
2416 1908 2509 1977 qui
2535 1902 2827 1962 cruciﬁxus
2868 1912 2972 1969 est,
3003 1912 3058 1959 et
3090 1913 3333 1961 mortuus
3356 1913 3459 1970 est,
3499 1914 3556 1961 et

1986 2003 2071 2058 die
2099 2000 2261 2056 tertio
2301 1998 2617 2062 resurrexit,
2663 1996 2831 2052 Deum
2864 1997 3089 2052 adorare
3117 1997 3300 2052 volunt
3324 1995 3344 2069 [
3370 1995 3551 2062 Forte,
3646 1979 3653 1985 ’

1986 2087 2204 2144 adorari
2233 2085 2459 2160 velis]?
2493 2085 2551 2141 Si
2587 2085 2920 2142 adorandum
2962 2100 3086 2140 eum
3116 2101 3236 2142 esse
3264 2086 3414 2147 dicis.
3448 2087 3554 2141 uti-

1986 2193 2093 2249 que
2135 2170 2530 2248 consequenter
2557 2177 2725 2232 Deum
2769 2191 2910 2242 esse,
2952 2190 3110 2246 quem
3142 2176 3464 2239 adoraveris,
3494 2186 3585 2230 ut.

1991 2269 2213 2324 fatearis
2233 2281 2455 2343 necesse
2474 2274 2579 2331 est,
2607 2281 2684 2322 ne
2713 2274 2768 2323 te
2799 2266 3161 2322 testimonium
3190 2267 3318 2322 illud
3341 2268 3558 2322 damnet

1988 2358 2250 2422 divinum,
2296 2370 2404 2426 quo
2438 2356 2686 2412 diabolus
2731 2357 2950 2414 territus
2985 2357 3212 2413 recessit
3251 2372 3282 2412 a
3324 2356 3554 2422 Christo,

1991 2449 2212 2505 audiens
2237 2447 2308 2503 ab
2346 2462 2413 2503 eo
2443 2465 2456 2501 :
2493 2445 2634 2502 Vade
2668 2457 2825 2513 retro,
2858 2446 3124 2512 Satanas;
3155 2448 3400 2518 scriptum
3437 2457 3512 2502 est
3540 2464 3558 2500 :

1991 2538 2273 2594 Dominum
2308 2537 2476 2592 Deum
2529 2545 2675 2590 tuum
2717 2536 2981 2601 adorabis,
3027 2547 3074 2592 et
3106 2537 3186 2591 illi
3225 2537 3324 2592 soli
3373 2537 3560 2593 servies

1993 2626 2211 2700 (Herc.
2258 2641 2376 2691 mi,
2405 2626 2476 2681 35
2496 2625 2538 2697 ).
2570 2624 2627 2681 Si
2656 2634 2836 2680 autem
2874 2640 2981 2682 non
3026 2625 3359 2681 adorandum
3392 2625 3558 2680 Deum

1991 2721 2246 2786 aestimes,
2273 2720 2366 2790 qui
2392 2719 2685 2775 cruciﬁxus
2708 2723 2822 2782 est,
2848 2732 2978 2788 ergo
3009 2717 3284 2788 culpanda
3310 2725 3436 2773 sunt
3464 2733 3561 2771 an-

1991 2810 2176 2882 gelicae
2214 2815 2530 2880 potestates,
2557 2806 2649 2876 qui
2689 2806 2937 2861 eumdem
2986 2807 3040 2860 in
3089 2806 3283 2862 throno
3326 2815 3560 2877 paternae

1993 2898 2292 2969 maiestatis
2338 2899 2609 2952 sedentem
2668 2897 2894 2952 adorare
2947 2895 3262 2966 probantur,
3309 2896 3564 2976 Apostolo

1996 2999 2308 3053 attestante,
2339 2989 2428 3058 qui
2456 2987 2532 3041 ait
2563 3001 2577 3040 :
2607 2986 2738 3041 Cum
2780 2987 3058 3041 introdurit
3084 2987 3478 3057 primogenitum
3505 2983 3560 3040 in

1997 3084 2170 3137 orbem
2208 3093 2381 3144 teme,
2429 3079 2556 3132 dicit
2598 3093 2616 3130 :
2654 3078 2722 3132 Et
2767 3079 2983 3132 adorent
3022 3094 3140 3132 eum
3184 3093 3359 3153 omnes
3397 3077 3566 3147 angeli

1997 3171 2097 3227 Dei
2144 3170 2347 3242 (Hebr.
2402 3185 2440 3231 r,
2488 3168 2588 3237 6).
2623 3166 2734 3222 Hoc
2763 3180 2891 3221 vero
2937 3164 3004 3220 de
3051 3168 3300 3234 suscepto
3352 3165 3570 3226 homine

1999 3263 2199 3317 dictum
2230 3275 2366 3323 esse,
2396 3258 2630 3313 Joannes
2659 3263 2922 3312 tractator
2944 3254 3182 3323 ejusdem
3215 3256 3452 3326 epistola:
3488 3256 3569 3312 af-

1998 3355 2179 3408 ﬁrrnat
2222 3354 2276 3407 in
2319 3350 2584 3413 homiliis,
2620 3365 2756 3420 quas
2784 3349 2836 3404 in
2858 3350 3102 3404 eamdem
3145 3351 3447 3420 epistolam,
3478 3351 3567 3404 ubi

1999 3443 2114 3496 haec
2143 3441 2339 3510 legitur
2367 3439 2654 3501 sententia,
2698 3439 2996 3507 composuit
3023 3451 3072 3490 ι.
3108 3457 3126 3488 ι
3165 3439 3384 3506 Quoties
3403 3439 3568 3501 enim,

2002 3532 2193 3601 inquit,
2225 3544 2418 3601 magna
2460 3529 2702 3597 quaedam
2733 3536 2787 3582 et
2812 3527 3002 3583 altiora
3045 3530 3283 3588 dicturus
3309 3537 3407 3591 est,
3435 3542 3558 3598 prie

2001 3615 2163 3677 struit
2192 3621 2279 3675 illa
2321 3620 2578 3690 primum,
2615 3627 2669 3671 et
2695 3617 2825 3672 facit
2868 3617 2956 3673 illa
2991 3608 3371 3688 susceptibilia.
3405 3617 3570 3686 Supe-

2003 3715 2114 3769 rius
2139 3713 2281 3767 enim
2305 3712 2519 3765 dixerat
2555 3709 2681 3778 quia
2726 3723 2828 3763 non
2865 3723 2960 3777 per
2994 3708 3283 3777 prophetas
3309 3706 3463 3760 nobis
3491 3705 3570 3758 lo-

2003 3814 2160 3860 cutus
2185 3812 2289 3866 est,
2323 3801 2415 3856 sed
2441 3815 2538 3869 per
2557 3799 2725 3862 illum,
2755 3796 2876 3868 [et]
2916 3793 3039 3864 quia
3072 3794 3113 3849 Ε
3117 3795 3239 3850 ilius
3275 3794 3463 3849 melior
3491 3802 3575 3849 est

2006 3893 2232 3962 angelis,
2261 3889 2404 3958 quod
2426 3903 2492 3946 ex
2524 3887 2640 3955 ipso
2667 3882 3073 3955 argumentatus
3097 3891 3179 3939 est
3202 3884 3416 3938 nomine
3442 3901 3454 3936 :
3487 3883 3574 3938 hic

2007 3988 2181 4034 autem
2218 3978 2331 4046 jam
2363 3989 2425 4028 ex
2454 3973 2557 4027 alia
2587 3987 2645 4028 re
2673 3973 2784 4026 vult
2817 3981 3128 4042 argumenta
3165 3972 3446 4028 deducere.
3497 3972 3574 4026 Ex

2006 4081 2109 4138 qua
2141 4067 2277 4122 ista?
2313 4065 2391 4119 Ex
2433 4065 2746 4118 adoratione
2772 4062 3036 4119 videilcet.
3076 4061 3212 4142 Nam
3256 4071 3405 4118 tanto
3449 4078 3575 4120 eum

2008 4160 2285 4215 meliorem
2312 4157 2666 4219 demonstrat,
2699 4163 2902 4225 quanto
2931 4147 3210 4212 Dominum
3252 4155 3422 4210 servis
3444 4167 3573 4210 con-

2009 4259 2117 4307 stat
2155 4265 2275 4304 esse
2311 4245 2608 4302 meliorem.
2640 4245 2918 4312 Quomodo
2949 4245 2994 4300 si
3032 4247 3151 4314 quis
3192 4243 3247 4298 in
3290 4245 3578 4313 quamdam

2011 4342 2226 4396 domum
2267 4337 2571 4393 introducat
2597 4335 2853 4403 aliquem,
2883 4342 2940 4387 et
2969 4331 3252 4403 confestim
3294 4347 3482 4388 omnes
3517 4332 3579 4387 il—

347 4432 451 4508 est.
482 4443 502 4476 i
529 4423 588 4478 Si
614 4424 814 4478 veritas
849 4433 930 4477 est
952 4423 1228 4486 Christus,
1249 4426 1449 4480 nullum
1478 4427 1662 4496 utique
1687 4425 1909 4497 llgmeu-
1945 4431 2118 4509 Dlius
2163 4429 2354 4484 domus
2395 4425 2664 4496 principes
2711 4421 2954 4488 [Clirys.,
3000 4420 3247 4491 princep's
3267 4420 3288 4494 ]
3308 4421 3494 4490 iubeat
3521 4430 3580 4476 ut

339 4524 464 4579 tum
487 4521 573 4569 est
596 4511 650 4566 in
673 4527 772 4590 eo:
806 4514 928 4569 etsi
955 4513 1156 4568 nullum
1178 4514 1486 4583 ﬁgmentum
1508 4523 1593 4571 est
1617 4516 1670 4570 iri
1691 4530 1778 4582 eo,
1809 4516 1912 4570 uti-
1939 4555 1945 4562 .

351 4616 457 4672 quc
476 4615 640 4656 verus
674 4608 760 4654 est
792 4596 1058 4679 “magna
1094 4602 1374 4670 adoptivus
1416 4603 1521 4658 dici
1559 4619 1666 4659 non
1691 4612 1907 4676 potest:

351 4693 478 4764 quia
504 4692 750 4748 videlicet
778 4692 991 4760 adoptio
1014 4693 1254 4761 quaedam
1288 4701 1373 4748 est
1396 4695 1685 4752 voluntatis
1707 4695 1910 4770 signiﬁ-

351 4783 519 4848 catio,
547 4796 651 4837 non
691 4781 983 4836 nativitatis
1023 4781 1242 4851 veritas.
1283 4780 1409 4835 vuu
1444 4783 1589 4837 enim
1627 4767 1825 4852 saucia
1859 4784 1914 4837 in

353 4875 592 4938 nomine,
635 4872 727 4942 qui
755 4876 974 4942 adoptat
1019 4871 1120 4926 sibi
1156 4870 1321 4935 lilium
1349 4887 1412 4926 ex
1452 4870 1692 4941 quolibet
1716 4870 1912 4940 alieno,

355 4961 506 5017 illum
533 4975 692 5031 quem
725 4951 841 5018 non
886 4962 1048 5017 habet
1084 4961 1359 5032 proprium
1397 4961 1448 5016 in
1494 4973 1704 5018 murra.
1756 4961 1916 5032 Juxta

355 5029 872 5125 Psalmistamvlero,
921 5029 1110 5106 ueritas
1139 5029 1204 5123 de
1226 5061 1386 5106 terra
1436 5059 1553 5103 orta
1596 5060 1677 5106 est
1719 5050 1739 5120 (
1770 5029 1914 5106 Paul.

359 5137 579 5203 Lixum,
629 5137 756 5210 ιαμ
787 5153 945 5194 verus
983 5141 1168 5210 utique
1209 5140 1377 5196 Filius
1407 5141 1522 5203 Dei,
1563 5141 1744 5213 quide
1771 5149 1916 5197 terra

359 5238 558 5286 nostra:
594 5236 822 5294 natura,
851 5227 907 5283 id
929 5237 1042 5296 est,
1063 5231 1132 5286 de
1158 5231 1404 5302 virginali
1450 5246 1616 5287 carne
1635 5238 1787 5288 ortus
1813 5239 1915 5298 est,

357 5329 797 5402 cintus-uerus
834 5317 997 5382 Deus.
1041 5316 1097 5376 'et
1142 5336 1303 5377 verus
1352 5322 1534 5378 homo.
1591 5321 1705 5378 Hoc
1756 5321 1917 5392 igitur

347 5405 505 5481 quod
525 5413 631 5472 est,
656 5405 717 5471 id
746 5414 850 5472 est,
870 5402 1075 5462 veritas
1099 5408 1167 5464 de
1191 5424 1257 5463 eo
1285 5405 1572 5465 credimlli.
1599 5407 1792 5465 Decuit
1818 5409 1914 5465 ita-

359 5513 469 5574 que
483 5498 697 5555 ἀνω
719 5496 900 5553 decuit
917 5535 934 5562 ,
956 5505 1018 5558 ,ut
1040 5497 1094 5552 in
1116 5498 1214 5554 Dei
1242 5498 1378 5556 Filio
1410 5500 1754 5572 proprietatis
1780 5508 1924 5558 esset

363 5697 398 5738 .
430 5605 1082 5746 ἰᾕέῖευιςτρετξιατεοατιων
1095 5608 1728 5736 insignitis?"
1756 5602 1916 5665 θοιπ·

676 5769 952 5829 Parnon.
997 5766 1095 5828 Cl.

2013 4533 2202 4574 omnes
2230 4516 2376 4571 illum
2420 4515 2574 4585 proni
2620 4512 2780 4566 simul
2827 4512 3091 4566 adorent:
3125 4511 3279 4590 itaet
3305 4510 3600 4568 Christum.

2015 4607 2307 4664 secundum
2348 4613 2591 4658 carnem-
2604 4601 2766 4670 jussit
2802 4615 2832 4654 a
2876 4600 3085 4655 cunctis
3128 4599 3332 4671 angelis
3367 4601 3579 4656 adorari

2017 4699 2201 4754 dicens
2231 4713 2245 4750 :
2272 4693 2340 4749 Et
2373 4695 2591 4748 adorent
2629 4709 2745 4746 eam
2790 4707 2965 4746 omnes
3009 4691 3181 4763 angeli
3372 4678 3398 4744 ἰ
3429 4692 3497 4750 Et
3526 4693 3579 4748 in

2019 4789 2263 4860 sequenti
2325 4785 2548 4842 alterius
2604 4783 2835 4839 homilitn
2867 4782 3006 4856 .loco
3057 4779 3305 4838 eumdem
3358 4780 3582 4852 replicat

2020 4897 2236 4938 sensum
2261 4878 2446 4934 dicens
2473 4877 2500 4915 ι)
2528 4893 2540 4929 :
2587 4894 2604 4926 ς
2639 4875 2862 4930 Revera
2887 4887 3135 4946 magnum
3162 4879 3216 4927 et
3242 4869 3489 4928 mirabile
3527 4875 3584 4930 et

2018 4978 2235 5041 stupore
2259 4967 2474 5039 plenum
2511 4974 2614 5030 est,
2645 4979 2862 5019 carnem
2887 4970 3126 5018 nostram
3151 4973 3364 5017 sursum
3395 4964 3584 5019 sedero

2017 5069 2072 5114 et
2095 5058 2310 5114 adorari
2340 5057 2421 5110 ab°
2450 5055 2653 5126 angelis
2680 5062 2736 5110 et
2756 5047 3111 5120 archangelis,
3137 5053 3191 5104 et
3216 5047 3494 5105 cherubim
3530 5061 3586 5108 ct

2017 5144 2308 5218 seraphim.
2351 5147 2462 5202 Hoc
2503 5147 2698 5221 sacpius
2726 5146 2779 5199 iu
2819 5149 2996 5198 mente
3038 5151 3260 5196 versans
3304 5150 3583 5198 excessum

2019 5237 2213 5310 patior,
2236 5247 2293 5292 et
2317 5237 2522 5306 majora
2551 5238 2617 5292 de
2642 5249 2835 5306 genere
2860 5233 3095 5288 humano
3121 5232 3388 5306 imaginor
3417 5251 3430 5288 :
3464 5249 3582 5290 ma-

2018 5327 2136 5397 jora
2161 5326 2356 5396 quippe
2374 5318 2533 5380 video
2547 5332 2604 5379 et
2628 5322 2772 5377 clara
2795 5320 3034 5386 exordia,
3062 5319 3286 5376 multum
3305 5320 3414 5377 Deo
3438 5319 3587 5378 festi-

2025 5415 2295 5471 nationem
2323 5415 2573 5484 [Clirys.,
2601 5411 2824 5466 multum
2849 5410 2959 5480 Deo
2985 5408 3272 5467 festinante
3297 5408 3321 5483 ]
3356 5424 3455 5482 pro
3497 5425 3592 5465 na-

2025 5511 2144 5558 tura
2171 5511 2374 5559 nostra.
2415 5523 2434 5556 ι
2983 5534 2987 5538 -

2098 5609 2304 5674 liidem,
2327 5610 2472 5665 hom.
2498 5610 2551 5674 5,
2575 5625 2724 5665 num.
2751 5612 2802 5665 1.
