4238 6194
764 244 789 261 κ

600 292 697 347 471

1435 282 1494 335 Β.
1535 280 1596 334 F.
1639 276 1859 331 ALBINI
1901 274 2028 329 SEU
2072 269 2341 325 ALCCINI
2381 262 2663 323 OI’ERUM
2702 250 2879 316 PARS
2920 278 3000 316 ιιι.

1901 274 2028 329 SEU
2072 269 2341 325 ALCCINI
2381 262 2663 323 OI’ERUM
2702 250 2879 316 PARS
2920 278 3000 316 ιιι.
3536 284 3562 297 ηε

3714 213 3825 311 in

675 401 788 457 XV.
828 399 981 453 Disce
1024 395 1183 466 igitur
1223 394 1290 445 ab
1325 389 1525 458 angelis
1576 388 1832 448 feliciter,
1883 383 2151 438 Christum
2185 388 2231 446 Α
2256 377 2594 437 confunditis,
2624 378 2695 429 “ut
2732 373 2871 429 inter
2907 374 3073 428 Deum
3110 382 3164 426 et
3189 357 3482 438 hominem,
3526 373 3665 427 inter
3694 373 3826 428 Ver-

613 495 829 545 credere
852 488 1033 546 Deum,
1062 492 1115 536 et
1134 482 1375 542 adorare,
1402 493 1470 531 ne
1493 492 1614 530 cum
1642 474 1852 531 diabolo
1880 471 2165 527 infeliciter

614 580 856 634 dubitare
897 575 1132 645 incipias,
1164 572 1280 635 vel,
1312 570 1451 639 quod
1478 568 1627 638 pejus
1667 577 1768 629 est,
1794 581 1914 620 eum
1946 577 2164 632 negare,

616 672 667 726 in
698 685 802 739 quo
823 667 907 720 ille
943 664 1220 717 dubitabat
1250 679 1261 713 :
1294 660 1381 713 ille
1422 659 1556 713 dixit
1584 676 1595 708 :
1628 657 1686 711 Si
1732 653 1903 707 Filius
1941 652 2036 705 Dei
2083 666 2167 713 es;

619 770 674 815 tu
703 760 832 815 dicis
860 772 874 809 :
902 754 1068 808 Filius
1112 751 1207 805 Dei
1251 766 1353 803 non
1380 758 1453 802 est
1484 760 1501 797 :
1528 745 1669 817 quod
1711 744 1797 798 ille
1826 740 2172 811 interrogavit

619 850 942 910 dubitanter,
971 853 1029 897 tu
1072 856 1233 909 negas
1261 840 1537 911 instanter.
1579 835 1745 889 Nemo
1787 833 1960 886 adhuc
1986 832 2171 884 inven-

622 951 707 994 tus
734 948 815 993 est
837 944 1029 1007 printer
1054 931 1208 1000 hujus
1232 939 1393 986 sectae
1419 938 1687 989 auctores,
1727 923 1816 991 qui
1847 922 2175 990 impietatem

618 1030 932 1085 diabolicam
965 1025 1161 1079 fuerint
1192 1018 1542 1091 supergressi,
1573 1015 1714 1085 quod
1752 1013 1837 1067 ille
1870 1012 1922 1065 in
1954 1010 2178 1065 Domino

623 1124 899 1183 confessus
927 1130 1009 1177 est
1034 1135 1153 1175 esse
1197 1131 1378 1189 posse,
1423 1129 1518 1169 vos
1559 1128 1665 1166 non
1692 1110 1908 1165 creditis
1935 1120 2054 1162 esse
2089 1120 2181 1174 po-

633 1216 808 1270 tuisse.
836 1213 905 1267 At
944 1213 988 1265 si
1028 1210 1114 1264 ille
1138 1206 1480 1262 validissimis
1505 1216 1674 1258 saera:
1711 1198 2003 1266 Scriptura:
2032 1195 2181 1249 testi-

630 1306 818 1361 moniis
854 1302 1094 1373 repulsus
1122 1297 1414 1354 discederet
1442 1309 1475 1348 a
1501 1292 1734 1353 Christo,
1768 1296 1944 1341 tamen
1987 1286 2186 1341 mansit

632 1398 685 1450 in
714 1411 777 1450 eo
807 1408 973 1461 usque
997 1391 1061 1446 ad
1090 1391 1257 1459 ipsam
1287 1398 1502 1440 crucem
1532 1381 1705 1436 omnis
1733 1378 1964 1448 suspicio
1990 1376 2184 1429 divini-

633 1483 761 1537 tatis
787 1482 933 1551 ejus;
965 1495 1062 1533 nec
1092 1488 1218 1532 tunc
1236 1473 1449 1543 quidem
1475 1470 1684 1541 opinari
1713 1483 1833 1523 eum
1863 1466 2056 1520 Filium
2093 1466 2186 1518 Dei

636 1572 813 1631 desiit,
850 1577 1147 1637 postquam
1178 1573 1381 1617 tantum
1419 1562 1471 1615 in
1518 1575 1582 1614 eo
1618 1555 2050 1629 persecutoribus
2081 1555 2191 1607 suis

639 1660 796 1715 licere
823 1655 1086 1724 cognovit.
1115 1652 1218 1706 Sed
1235 1650 1455 1704 callidus
1481 1650 1664 1717 utique
1687 1646 1855 1699 hostis
1882 1646 2023 1697 inter
2051 1643 2191 1711 ipsas

2265 470 2391 523 bum
2411 478 2466 523 et
2492 483 2729 532 carnem,
2753 468 2891 521 inter
2929 476 3227 521 creatorem
3253 475 3308 520 et
3337 473 3661 530 creaturam,
3692 467 3837 520 inter

2268 559 2646 628 suscipientem
2674 544 2729 610 et
2760 563 3064 623 susceptum
3093 553 3289 607 nullam
3322 569 3440 608 esse
3477 552 3832 609 differentiam

2270 648 2542 702 astrnatis.
2584 668 2601 700 ι
2633 646 2784 715 Quod
2825 647 2957 701 dicis
2986 648 3224 717 geminas
3252 661 3347 701 nos
3388 655 3605 702 naturas
3640 648 3695 701 in
3722 648 3831 712 sin-

2271 737 2609 808 gularitatem
2663 736 2822 789 unius
2873 750 3109 805 personae
3160 733 3513 800 confundere,
3563 752 3627 791 ex
3681 748 3835 807 parte

2273 826 2486 895 quidem
2528 841 2712 879 verum
2753 826 2919 890 dicis;
2950 842 3015 881 ex
3042 834 3192 895 parte
3230 841 3358 880 vero
3386 826 3541 881 solito
3568 839 3655 882 tuo
3685 842 3838 882 more

2276 911 2410 968 falso
2438 913 2797 968 calumniaris.
2847 913 2954 968 Nos
2980 928 3209 984 namque
3238 916 3370 970 duas
3395 924 3613 971 naturas
3651 918 3704 972 in
3734 934 3838 974 una

2277 1003 2476 1059 Christi
2504 1019 2751 1075 persona,
2778 1021 2906 1069 non,
2938 1016 2997 1060 ut
3018 1015 3071 1059 tu
3103 1007 3256 1071 dicis,
3288 1023 3410 1061 cum
3439 1007 3678 1077 Eutyche
3709 1025 3841 1064 con-

2278 1092 2444 1159 fusas,
2487 1095 2578 1149 scd
2622 1110 2741 1150 cum
2791 1095 3024 1149 Ecclesia
3071 1096 3335 1151 catholica
3379 1098 3456 1152 sic
3504 1096 3843 1153 ineﬁ‘abiliter

2282 1180 2592 1249 conjunctas
2650 1183 2918 1238 credimus
2974 1193 3030 1238 et
3076 1184 3432 1250 conﬁtemur,
3487 1196 3545 1240 ut
3595 1198 3847 1245 manente

2283 1274 2559 1342 utriusque
2593 1283 2794 1327 naturae
2821 1261 3167 1343 proprietate,
3210 1285 3265 1330 et
3292 1285 3350 1330 ut
3374 1277 3445 1330 ita
3472 1277 3668 1343 dicam,
3700 1279 3848 1333 salva
3878 1346 3881 1347 ν

2286 1363 2593 1432 integritate
2621 1364 2917 1427 ambarum,
2949 1372 3003 1418 et
3025 1365 3202 1418 divina
3236 1367 3503 1430 humanis,
3535 1376 3590 1421 et
3615 1368 3850 1426 humana

2288 1453 2478 1507 divinis
2513 1455 2906 1524 communicent
2933 1474 2944 1507 :
2975 1466 3218 1525 eSsetque
3252 1458 3302 1510 in
3328 1458 3429 1512 hac
3457 1466 3640 1513 sancta
3668 1468 3721 1513 et
3751 1460 3851 1516 mi-

2274 1542 2445 1596 ‘rabili
2472 1543 2843 1613 conjunctione
2880 1560 2984 1599 non
3014 1546 3227 1601 deitatis
3264 1549 3573 1611 conversio,
3625 1547 3717 1603 sed
3747 1550 3853 1603 hu-

2294 1622 2564 1685 manitatis
2604 1633 2893 1687 exaltatio:
2927 1635 2979 1689 id
3008 1644 3106 1699 est,
3147 1652 3251 1690 non
3295 1636 3435 1691 Deus
3469 1654 3760 1694 conversus
3784 1639 3852 1693 in

639 1760 848 1816 quoque
877 1715 1159 1812 corporeus
1188 1740 1463 1809 passiones
1490 1715 1797 1791 omnimodo
1823 1733 2099 1801 pervenire
2122 1733 2185 1784 ad
2218 1715 2262 1773 Β
2291 1720 2586 1784 hominem:
2616 1724 2708 1776 sed
2748 1724 2905 1778 homo
2944 1725 3271 1794 gloriﬁcams
3300 1727 3351 1780 in
3398 1728 3563 1781 Deum
3589 1746 3603 1792 ;
3651 1745 3751 1783 nec
3773 1730 3855 1784 di-

641 1836 734 1889 Dei
764 1833 1106 1903 agnitionem,
1135 1833 1296 1883 etiam
1334 1828 1386 1880 in
1416 1826 1531 1894 ipso
1569 1824 1757 1878 mortis
1798 1822 2044 1884 articulo,
2075 1830 2191 1875 ten-

642 1926 776 1978 tavit
808 1925 988 1977 dicens
1026 1937 1119 1989 per
1170 1935 1281 1982 eos,
1330 1919 1418 1986 qui
1467 1916 1880 1970 crucifixerant:
1918 1913 1977 1967 Si
2025 1912 2194 1965 Filius

646 2014 739 2068 Dei
781 2023 888 2075 est,
923 2012 1195 2065 descendat
1245 2026 1379 2062 nunc
1428 2008 1491 2060 de
1544 2022 1712 2068 cruce,
1761 2014 1806 2056 et
1861 2004 2115 2056 credimus
2152 2005 2197 2055 ei

644 2105 853 2175 (Matth.
902 2118 1067 2165 χχιιι,
1117 2100 1245 2169 42)ι
1280 2098 1499 2179 scilicet,
1549 2104 1610 2148 ut
1647 2102 1824 2147 motus
1867 2091 2202 2145 contumeliis

655 2194 930 2247 verborum
974 2192 1231 2245 Dominus
1268 2189 1541 2240 desereret
1585 2192 1975 2238 sacramentum
2016 2181 2202 2235 salutis

652 2287 914 2341 humanm,
956 2282 1079 2334 dum
1105 2280 1427 2333 irasceretur
1455 2274 1524 2328 ob
1549 2273 1818 2343 injuriam.
1868 2270 1972 2325 Sed
2012 2286 2201 2340 magna

655 2373 744 2426 Dei
787 2369 1077 2426 Salvatoris
1099 2367 1265 2421 nostri
1294 2364 1545 2434 patientia
1576 2361 1828 2430 triumphi
1855 2359 2205 2428 dispensatio-

654 2479 772 2519 nem
807 2469 860 2515 et
896 2456 1273 2526 redemptionis
1312 2463 1505 2507 nostrze
1550 2451 1861 2521 mysterium
1912 2450 1978 2501 ad
2026 2464 2203 2501 resur—

656 2552 902 2609 rectionis
931 2549 1149 2619 gloriam
1180 2544 1504 2606 reservavit,
1538 2541 1725 2608 majori
1765 2540 2027 2607 siquidem
2050 2526 2207 2591 mira-

651 2646 771 2700 culo
831 2650 1072 2696 mortuus
1127 2638 1191 2691 de
1251 2635 1493 2703 sepulcro
1550 2630 1845 2685 resurrexit
1895 2630 1961 2681 ad
2008 2629 2204 2689 vitam,

652 2750 812 2805 quam
841 2734 992 2786 vivus
1013 2726 1378 2785 descendisset
1398 2726 1462 2779 de
1489 2737 1668 2776 cruce.

720 2825 857 2880 XVI.
904 2820 1158 2889 Sequitur
1202 2829 1413 2884 quoque
1453 2815 1506 2866 in
1549 2810 1785 2880 Epistola
1821 2817 1951 2862 tua:
1995 2825 2011 2857 ι
2064 2807 2213 2861 Sicut

656 2931 737 2979 ea,
764 2912 959 2980 inquis,
995 2922 1110 2976 qua:
1138 2906 1202 2960 de
1243 2903 1329 2956 illo
1368 2901 1545 2961 celsa,
1591 2908 1749 2966 atque
1793 2898 2022 2967 gloriosa
2068 2904 2211 2959 sunt,

656 3005 923 3059 credimus
954 3007 1007 3051 et
1044 2996 1403 3051 collaudamus
1426 3033 1439 3055 ,
1496 2991 1567 3043 ita
1610 2988 1965 3042 humilitatem
2012 2986 2128 3054 ejus
2163 2993 2217 3037 et

2292 1812 2410 1864 vina
2440 1821 2630 1867 natura
2654 1816 2921 1870 amisisset
2952 1832 3071 1872 esse
3108 1819 3249 1887 quod
3277 1827 3416 1882 erat,
3458 1820 3512 1874 id
3538 1829 3642 1882 est,
3686 1822 3856 1885 Deus,

2294 1902 2385 1955 sed
2416 1903 2645 1956 humana
2676 1913 2863 1974 natura
2904 1907 3162 1976 inciperet
3202 1923 3320 1962 esse
3365 1910 3507 1979 quod
3543 1925 3647 1963 non
3694 1922 3812 1965 erat
3843 1931 3854 1963 :

2296 1992 2497 2059 sicque,
2530 2002 2589 2046 ut
2631 2010 2768 2063 seepc
2796 1997 3048 2068 diximus,
3092 2008 3146 2051 et
3188 2014 3397 2068 semper
3421 2000 3680 2066 dicemus,
3722 2019 3863 2059 unus

2299 2079 2368 2130 sit
2392 2079 2635 2135 Christus
2659 2098 2722 2136 ex
2761 2084 2965 2138 duabus
2992 2088 3201 2141 naturis
3237 2089 3569 2145 mirabiliter-
3595 2102 3648 2146 et
3677 2093 3862 2147 ineffa-

2301 2169 2479 2223 biliter
2501 2172 2683 2236 unitis,
2715 2182 2857 2228 totus
2896 2191 3033 2230 unus
3059 2186 3112 2229 et
3142 2193 3301 2233 verus
3326 2179 3491 2234 Filius
3514 2181 3628 2236 Dei.
3659 2184 3736 2237 Ac
3772 2201 3864 2254 per

2302 2259 2401 2313 hoc
2430 2259 2483 2311 in
2505 2261 2707 2316 duabus
2732 2265 2936 2329 naturis
2958 2280 3091 2319 unus
3118 2282 3274 2322 verus
3302 2268 3441 2323 Deus
3468 2278 3523 2323 et
3562 2271 3863 2327 nominatur

2302 2357 2356 2402 et
2379 2364 2503 2402 vere
2532 2358 2612 2403 est
2638 2365 2650 2402 :
2681 2353 2804 2419 quia
2833 2354 3080 2409 videlicet
3102 2366 3155 2408 et
3196 2356 3336 2411 Deus
3363 2360 3701 2429 omnipotens
3734 2378 3866 2416 nun-

2304 2457 2462 2509 quam
2484 2442 2550 2496 de
2570 2457 2627 2496 se
2656 2445 2854 2513 aliquid
2878 2447 2989 2499 mlt
3017 2448 3118 2501 dici
3159 2451 3301 2517 quod
3327 2469 3430 2505 non
3454 2452 3522 2506 sit
3552 2471 3563 2505 :
3595 2454 3695 2508 hoc
3722 2455 3866 2508 enim

2306 2546 2335 2582 a
2378 2530 2481 2584 ﬁde
2534 2533 2791 2587 catholica
2836 2537 3052 2589 omnino
3092 2537 3321 2591 alienum
3359 2550 3469 2605 est;
3512 2543 3603 2596 sed
3652 2543 3758 2608 ita,
3813 2552 3867 2597 ut

2308 2617 2561 2683 diximus,
2618 2621 2707 2675 Dei
2757 2622 2921 2677 Filius
2966 2625 3232 2681 hrminem
3279 2632 3585 2699 assumpsit,
3627 2639 3685 2708 ut
3734 2633 3867 2686 nihil

2312 2706 2575 2760 amisisset
2601 2711 2739 2775 quoi
2772 2710 2985 2774 habuit,
3028 2723 3081 2767 et
3111 2730 3251 2769 cum-
3278 2720 3612 2787 Susceptione
3638 2706 3869 2775 hominis

2313 2793 2411 2849 fuit
2436 2812 2595 2851 verus
2643 2797 2808 2854 Filius
2849 2800 2961 2865 Dei,
2995 2803 3131 2857 sicut
3178 2818 3386 2875 semper
3431 2817 3541 2873 est;
3582 2824 3681 2863 nec
3708 2810 3870 2864 etiam

2314 2887 2575 2941 minorata
2602 2898 2681 2943 est
2708 2891 2957 2946 divinitas
2982 2904 3199 2963 prepter
3223 2897 3512 2963 hominem,
3541 2915 3639 2956 nec
3667 2911 3870 2955 mutata

2316 2974 2371 3027 in
2401 2976 2698 3042 hominem;
2737 2978 2875 3034 sicut
2912 2996 3008 3034 nec
3055 2983 3213 3036 homo
3240 2999 3269 3036 a
3301 2994 3488 3038 natura
3529 2988 3872 3042 humanitatis

656 3048 1142 3159 omnia-“indigna,
1199 3100 1316 3155 qua:
1371 3048 1587 3153 propter
1638 3095 1736 3133 nos
1799 3078 2217 3131 misericorditer
2239 3048 2286 3108 (ἶ
2317 3067 2554 3129 recessit,
2586 3075 2645 3120 ut
2672 3084 2777 3122 non
2806 3080 2947 3123 esset
2969 3072 3143 3136 homo,
3181 3076 3273 3127 sed
3302 3084 3488 3128 natura
3527 3077 3872 3131 humanitatis

660 3185 928 3250 suscipere
956 3180 1141 3240 voluit,
1188 3176 1459 3243 deSpicere
1506 3171 1649 3225 nullo
1684 3169 1841 3223 modo
1885 3167 2156 3221 debemus.
2193 3187 2209 3217 ι

662 3272 803 3327 Dicis
832 3270 1008 3335 itaque
1043 3266 1215 3326 illum,
1245 3264 1333 3331 qui
1365 3277 1459 3314 nos
1496 3260 1728 3322 creavit,
1767 3273 1888 3312 cum
1927 3273 2032 3311 non
2072 3270 2218 3311 esse-

662 3377 803 3425 mus,
842 3360 954 3411 hmc
1006 3356 1218 3424 indigna
1265 3352 1444 3406 omnia
1487 3351 1597 3418 pati
1647 3364 1745 3416 pro
1796 3347 1965 3401 nobis.
2010 3346 2219 3399 Scimus

664 3453 784 3521 quis
840 3451 927 3503 ille
980 3457 1093 3509 est,
1151 3445 1240 3514 qui
1302 3458 1399 3497 nos
1458 3441 1689 3503 creavit,
1746 3438 1993 3508 proprius
2053 3436 2219 3490 Filius

665 3541 779 3594 Dei.
813 3537 1085 3603 Quomodo
1113 3540 1286 3601 potest
1325 3530 1489 3600 819
1526 3536 1810 3597 utrumque
1852 3542 1967 3581 esse
2010 3542 2215 3587 verum.

669 3640 726 3684 ut
759 3629 843 3683 ille
872 3626 961 3695 qui
1005 3623 1256 3685 condidit,
1294 3622 1409 3675 haec
1445 3619 1658 3688 indigna
1709 3633 1897 3687 passus
1940 3625 2086 3670 esset
2124 3632 2220 3685 pro

668 3720 845 3783 nobis,
884 3718 926 3771 si
956 3715 1041 3769 ille
1069 3712 1160 3783 qui
1180 3710 1403 3772 creavit,
1454 3717 1534 3762 est
1559 3707 1805 3777 proprius
1834 3706 1997 3758 Filius
2023 3706 2138 3769 Dei,
2170 3715 2223 3759 et

669 3810 753 3862 ille
785 3808 872 3877 qui
909 3819 1097 3874 passus
1122 3810 1233 3865 est,
1281 3799 1557 3867 adoptivus
1596 3796 1701 3850 sit?
1738 3794 2047 3848 Nullatenus
2082 3794 2218 3847 divi-

670 3899 794 3951 dere
825 3896 1055 3963 poteris,
1098 3893 1233 3945 sicut
1277 3891 1393 3958 ipsa
1430 3888 1806 3957 consequentia
1843 3886 2103 3940 sermonis
2145 3886 2217 3938 tui

675 3992 918 4045 testatur,
962 3987 1255 4035 creatorem
1293 3976 1359 4029 ab
1396 3991 1460 4030 eo
1503 3977 1591 4045 qui
1632 3976 1743 4029 haec
1779 3989 1966 4043 passus
2002 3982 2084 4027 est
2124 3988 2220 4041 pro

674 4072 841 4125 nobis.
873 4070 940 4122 At
963 4069 1007 4121 si
1045 4081 1180 4119 unus
1200 4070 1279 4117 est
1316 4066 1368 4116 in
1394 4079 1653 4131 persona,
1684 4078 1821 4115 unus
1855 4070 1936 4116 est
1967 4062 2127 4116 etiam
2169 4062 2219 4114 in

676 4162 997 4231 proprietate
1038 4158 1166 4210 ﬁlii:
1196 4156 1317 4223 quia
1347 4154 1548 4223 proprii
1589 4154 1681 4206 ﬁlii
1713 4161 1764 4207 et
1802 4153 2055 4221 adoptivi,
2086 4154 2223 4205 sicut

675 4267 812 4320 saepe
826 4251 1021 4303 dictum
1033 4257 1134 4313 est,
1148 4248 1261 4302 dua:
1273 4255 1395 4301 sunt
1408 4261 1665 4317 personae.
1681 4245 1821 4299 Deus
1834 4245 1994 4313 igitur
2004 4246 2226 4298 ethomo

675 4339 765 4405 qui
785 4346 1081 4404 assumptus
1102 4345 1203 4400 est,
1236 4353 1338 4389 una
1362 4352 1617 4405 persona;
1644 4344 1696 4389 et
1718 4350 1935 4389 necesse
1956 4343 2039 4397 est
2065 4350 2225 4388 unam

677 4442 793 4481 esse
832 4427 1207 4494 prOprietatem
1244 4425 1295 4477 in
1344 4440 1447 4481 una
1490 4439 1736 4493 persona,
1763 4432 1823 4477 ut
1865 4432 1973 4477 tota
2000 4439 2226 4493 persona

677 4515 919 4583 proprius
930 4516 1000 4567 sit
1012 4514 1169 4578 ﬁlius,
1181 4515 1261 4569 vel
1278 4522 1386 4568 tota
1405 4515 1697 4583 adoptivus.
1712 4513 1827 4568 Una
1840 4529 2065 4581 persona
2079 4523 2129 4568 te
2141 4530 2229 4569 co-

679 4607 753 4675 git
773 4620 928 4657 unam
954 4604 1190 4657 conﬁteri
1207 4604 1585 4673 proprietatem
1608 4602 1699 4656 ﬁlii
1715 4606 1767 4656 in
1782 4602 1985 4656 duabus
2003 4605 2225 4657 naturis.

749 4692 904 4747 XVII.
947 4691 1106 4745 Ponis
1132 4689 1312 4761 itaque
1360 4694 1537 4747 verba
1562 4692 1798 4762 epistolae
1840 4701 2036 4745 nostra
2066 4705 2115 4757 ι,
2141 4694 2230 4748 ubi

684 4791 801 4850 post
844 4784 1243 4838 convenientem
1292 4784 1551 4837 sermonis
1597 4783 1762 4837 nostri
1806 4783 2230 4837 exhortationem

686 4871 949 4925 diximus:
977 4890 994 4921 ι
1022 4871 1064 4926 Ο
1108 4871 1323 4939 quantis
1370 4879 1671 4923 sanctorum
1714 4870 1933 4923 Patrum
1974 4870 2230 4939 exemplis

684 4958 824 5015 hanc
858 4959 1012 5014 ﬁdem
1048 4962 1274 5030 probare
1319 4960 1601 5028 possimus,
1631 4962 1770 5029 quod
1808 4962 2053 5016 Christus
2077 4960 2232 5016 Iesus

688 5065 845 5103 verus
866 5058 945 5103 est
971 5050 1063 5103 Dei
1092 5049 1263 5103 Patris
1278 5049 1461 5113 Filius,
1491 5058 1544 5102 et
1566 5065 1684 5103 mox
1710 5067 1740 5103 a
1760 5053 2104 5122 conceptione
2125 5055 2232 5107 vir-

690 5136 876 5206 ginalis
911 5137 1047 5188 uteri
1072 5152 1229 5189 verus
1253 5134 1539 5206 conceptus
1564 5146 1645 5191 est
1677 5138 1837 5203 Deus,
1864 5155 2024 5196 verus
2062 5151 2115 5197 et
2141 5158 2234 5195 na~

693 5235 775 5299 tus
804 5223 939 5277 Deus
966 5240 978 5285 ;
1017 5244 1033 5272 ι
1063 5233 1115 5276 ει
1143 5225 1207 5275 ad
1242 5208 1355 5276 huic
1382 5224 1654 5293 respondit
1694 5224 2023 5299 [respondes]
2054 5247 2065 5279 :
2100 5248 2117 5278 ι
2143 5228 2235 5282 lla:

694 5320 812 5364 sunt
868 5312 1142 5365 sententiae
1182 5310 1507 5366 credulitatis
1558 5322 1748 5368 vestra:
1801 5315 1865 5369 de
1914 5319 2135 5384 geminis
2184 5318 2239 5370 in

693 5398 901 5454 Christo
941 5400 1163 5462 naturis,
1196 5414 1329 5467 quas
1359 5400 1428 5451 ita
1460 5401 1510 5453 in
1553 5404 1975 5472 singularitatem
2001 5421 2239 5474 persona:

694 5518 785 5624 12a.
820 5506 1248 5627 Vidc‘epistolam
1293 5508 1499 5562 Alcuini
1546 5512 1610 5563 ad
1651 5511 1900 5578 Felicem,
1931 5530 2106 5583 supra,
2135 5514 2236 5569 col.

802 5614 815 5627 .
844 5590 987 5627 num.
1050 5616 1061 5627 .
1367 5605 1371 5611 -

802 5590 987 5639 unum.
1010 5590 1061 5627 αι.
1367 5605 1371 5611 -

2319 3158 2694 3225 proprietatem
2718 3168 2919 3215 natum
2946 3164 3197 3226 servavit,
3229 3173 3283 3217 et
3309 3166 3601 3219 substantia
3630 3166 3871 3221 divinita-

2320 3246 2388 3300 tis
2415 3248 2795 3315 proprietatem
2818 3250 3107 3304 divinitatis
3128 3268 3233 3305 non
3260 3255 3455 3307 amisit.
3488 3255 3686 3309 Tamen
3719 3257 3875 3310 homo

2317 3336 2458 3391 Deus
2498 3345 2580 3390 est
2609 3337 2870 3402 Christus,
2904 3348 2958 3393 et
3000 3340 3139 3394 Deus
3162 3342 3320 3395 homo
3363 3345 3552 3406 factus,
3584 3353 3640 3397 ut
3680 3345 3750 3398 sit
3788 3360 3872 3399 vc-

2319 3440 2457 3488 rum,
2484 3425 2623 3493 quod
2652 3428 2836 3481 beatus
2863 3429 3183 3499 evangelista
3211 3431 3286 3482 ait
3315 3449 3325 3482 :
3372 3429 3589 3483 Verbum
3614 3450 3735 3487 caro
3765 3435 3875 3502 fac-

2320 3524 2428 3567 tum
2467 3516 2660 3570 esuin
2700 3516 2858 3571 Verbi
2907 3518 3118 3572 nomine
3170 3520 3335 3574 Deum
3380 3518 3686 3591 designans,
3739 3533 3792 3576 et
3825 3525 3877 3580 in

2321 3605 2496 3657 carnis
2522 3606 2732 3659 nomine
2756 3605 3021 3683 hominem
3050 3609 3437 3672 demonstrans,
3473 3612 3537 3665 de
3565 3626 3670 3681 quo
3691 3614 3878 3668 beatus

2322 3693 2672 3764 Hieronymus
2696 3704 2882 3748 contra
2900 3696 3234 3751 Jovinianum
3260 3700 3333 3752 ait
3356 3702 3380 3739 δ
3408 3718 3419 3749 :
3458 3719 3475 3749 ι
3499 3701 3731 3755 Verbum
3754 3716 3878 3756 caro

2316 3777 2520 3833 factum
2548 3789 2646 3843 est,
2673 3792 2731 3835 ut
2759 3770 2862 3837 nos.
2882 3786 2945 3837 de
2965 3801 3124 3839 carne
3148 3789 3496 3844 transiremus
3524 3791 3576 3843 in
3603 3790 3835 3845 Verbum
3864 3810 3875 3844 :

2324 3888 2420 3926 nec
2459 3874 2687 3927 Verbum
2713 3875 2869 3929 desiit
2895 3893 3013 3932 esse
3045 3882 3184 3949 quod
3212 3881 3384 3936 fuerat
3415 3899 3428 3933 :
3462 3900 3558 3940 nec
3583 3886 3741 3940 homo
3761 3903 3879 3955 per-

2324 3962 2456 4015 didit
2483 3975 2600 4016 esse
2624 3965 2764 4031 quod
2792 3961 2947 4019 natus
2967 3976 3065 4025 est.
3097 3967 3272 4022 Gloria
3305 3980 3459 4025 aucta
3486 3982 3598 4037 est,
3626 3990 3730 4028 non
3760 3990 3878 4029 mu-

2324 4052 2436 4103 tata
2466 4059 2549 4105 est
2575 4061 2784 4108 natura.
2825 4074 2841 4105 ι
2880 4055 2945 4110 Ει
2964 4058 3151 4112 beatus
3176 4058 3501 4129 Augustinus
3532 4056 3583 4115 in
3614 4063 3750 4118 libro
3774 4064 3881 4142 E_n-

2292 4136 2642 4195 .cliiridion~c
2673 4159 2685 4195 :
2722 4162 2739 4193 ι
2783 4145 2856 4199 De
2896 4163 3000 4215 quo
3047 4150 3370 4213 mediatore,
3422 4153 3613 4221 inquit,
3666 4136 3880 4227 longum

2326 4237 2426 4291 est,
2456 4237 2513 4281 ut
2538 4240 2739 4298 quanta
2773 4233 2989 4300 dignum
3026 4244 3127 4299 est,
3162 4245 3306 4290 tanta
3336 4238 3604 4303 dicantur,
3638 4244 3883 4311 quamvis

2331 4318 2398 4370 ab
2433 4318 2646 4372 homine
2683 4319 2785 4372 dici
2827 4319 2983 4390 digna
3024 4339 3127 4377 non
3163 4327 3384 4394 possint.
3440 4328 3568 4394 Quis
3614 4332 3757 4399 enim
3782 4332 3883 4387 hoc

2331 4409 2497 4462 solum
2525 4412 2935 4479 congruentibus
2962 4416 3190 4483 explicet
3226 4417 3425 4481 verbis,
3470 4421 3611 4487 quod
3645 4420 3880 4481 Verbum

2327 4515 2451 4554 caro
2472 4500 2670 4555 factum
2692 4512 2793 4567 est,
2821 4512 2878 4557 ut
2912 4506 3176 4558 habitaret
3203 4506 3260 4561 in
3289 4508 3440 4561 nobis
3466 4510 3653 4577 (Joan.
3687 4528 3727 4574 ι,
3754 4511 3819 4564 14
3840 4511 3897 4581 ),.

2327 4596 2384 4641 ιιι
2421 4590 2757 4644 crederemus
2786 4591 2839 4643 in
2885 4590 2978 4644 Dei
3021 4592 3195 4646 Patris
3236 4594 3613 4664 omnipotentis
3667 4598 3883 4651 unicum

2327 4678 2521 4731 Filium
2557 4686 2741 4732 natum
2782 4678 2848 4733 de
2886 4679 3087 4749 Spiritu
3119 4693 3304 4737 sancto
3343 4694 3398 4738 et
3424 4684 3599 4753 Maria
3640 4686 3885 4755 virgine?

2327 4765 2509 4835 Itaque
2561 4767 2789 4821 Verbum
2841 4784 2967 4824 caro
3021 4770 3217 4825 factum
3264 4783 3374 4836 est,
3430 4775 3494 4826 ad
3550 4774 3881 4830 divinitatem

2332 4856 2508 4928 [Aug..
2551 4871 2581 4908 a
2608 4858 2901 4928 divinitate]
2932 4860 3146 4927 quidem
3176 4876 3337 4914 carne
3363 4872 3639 4931 suscepta,
3656 4865 3748 4919 sed
3775 4878 3879 4919 non

2332 4956 2384 5009 in
2410 4970 2629 5010 carnem
2658 4957 2935 5010 divinitate
2982 4968 3206 5013 mutata.
3244 4958 3479 5014 Carnem
3498 4977 3657 5031 porro
3680 4965 3768 5018 hic
3793 4964 3883 5018 de-

2332 5046 2519 5099 bemus
2563 5046 2830 5099 hominem
2886 5048 3145 5116 aecipere,
3196 5065 3225 5103 a
3277 5059 3427 5119 parte
3470 5061 3637 5105 totum
3683 5052 3863 5122 signiﬁ

2334 5142 2489 5188 caute
2525 5133 2818 5196 locutione,
2849 5134 2983 5188 sicut
3017 5136 3214 5189 dictum
3252 5146 3371 5191 est:
3405 5138 3663 5202 Quoniam
3694 5156 3790 5191 nov-
3836 5162 3885 5192 ,ι

2338 5223 2572 5290 operibus
2598 5221 2722 5289 legis
2737 5223 3111 5307 justi/ieabitur
3134 5228 3296 5279 omnis
3318 5244 3438 5279 caro
3461 5228 3634 5293 (Rom.
3660 5244 3698 5284 ι(
3772 5229 3883 5297 10),

2340 5313 2391 5364 id
2418 5320 2528 5376 est,
2559 5313 2731 5366 omnis
2757 5314 2932 5367 homo.
2978 5313 3109 5367 Nam
3148 5316 3278 5369 nihil
3315 5325 3515 5369 naturae
3558 5318 3610 5371 bl
3650 5321 3881 5373 uanae-in

2341 5402 2428 5456 illa
2458 5407 2790 5474 susceptione
2834 5406 2915 5460 fas
2944 5416 3025 5460 est
3051 5408 3228 5463 dicere
3255 5408 3504 5473 defuisse,
3549 5425 3595 5463 ει
3628 5436 3642 5466 ι
3680 5414 3883 5467 natura

2414 5516 2441 5555 ι)
2472 5515 2529 5567 S.
2547 5516 2849 5580 Hier.,libr.
2874 5534 2909 5571 ιι
2932 5517 3184 5572 adversus
3200 5517 3551 5583 Iovinianum,
3633 5538 3725 5575 nn.
3749 5521 3838 5576 9.9.

2419 5594 2439 5621 ι
2471 5586 2524 5637 S.
2546 5585 2700 5655 Aug,
2724 5586 2991 5641 Enchirid.
3025 5603 3139 5655 cap.
3164 5588 3248 5642 34.
