4238 6260
396 399 499 457 173

394 607 460 661 de
486 611 719 673 utroque
760 615 890 656 sexu
919 598 1162 654 nascitur
1201 613 1298 669 per
1329 595 1825 667 concupiscentiam
1851 608 1971 649 car-

1090 372 1505 453 DOGMATICA.
1545 412 1615 432 -μ
1651 367 1811 448 Anv.
1854 387 2145 446 [-‘ElJCl-m
2182 348 2363 443 unm
2401 384 2511 441 vu.
2544 414 2614 424 —
2646 384 2775 440 un.
2815 383 2904 439 tv.

3895 27 3910 32 ““
3945 24 4039 41 ’⁵-

3890 72 4039 101 *1”

1223 121 1226 124 -
1265 116 1272 120 ν
1477 111 1520 116 “”
1577 125 1582 128 .
1613 121 1632 128 ,μ
1651 125 1668 128 -
1694 125 1706 131 ,
1727 125 1746 128 -.
1895 118 1898 120 -
2017 117 2026 128 .-
2093 125 2104 128 _
2133 125 2148 128 ._
2227 125 2250 128 _.
2273 125 2276 128 .
2307 125 2320 128 _
2335 121 2442 128 __..--
2489 121 2504 126 ..
2541 123 2566 128 __.
2617 123 2632 128 _
2659 103 2810 126 '2‘.'.‘._"‘_";—
2829 107 2950 130 “fit”:
2965 101 3010 124 Ἴ.
3051 111 3060 116 ’ν
3169 107 3174 110 “
3249 119 3256 124 .
3315 115 3360 124 ..ν-
3387 117 3392 120 -
3447 115 3460 120 -
3551 116 3652 122 τε...-
3773 115 3782 120 -
3799 101 3832 124 :-
3932 108 3951 115 “·“
3990 108 4039 116 ‘-

2070 607 2245 646 t'crum
2268 590 2456 653 Deum,
2481 600 2527 643 ct
2549 590 2714 643 simus
2741 589 2796 643 in
2818 604 2936 643 vero
2952 585 3095 641 FiIio
3111 588 3226 658 ejus
3250 587 3379 643 Jesu
3404 587 3609 644 Clmsto
3632 631 3644 642 .

393 695 502 761 nis,
539 682 666 751 cum
685 691 1011 764 obligatione
1046 689 1260 754 delicti,
1299 686 1452 759 cujus
1478 694 1660 742 reatus
1684 700 1972 759 regenera-
2067 681 2152 736 hic
2177 690 2251 736 est
2282 699 2432 754 uerus
2460 680 2599 736 Deus
2625 690 2673 735 et
2705 680 2809 735 vita
2848 688 3044 735 trterua
3089 679 3152 751 (I
3180 680 3417 741 Joan.'v.
3445 682 3514 736 20
3539 720 3553 733 .
3592 682 3660 739 SI

394 786 539 845 tione
564 766 818 850 diluitur;
868 783 963 840 sed
991 780 1204 852 qualem
1240 779 1309 836 de
1334 779 1543 848 virgine
1570 779 1719 839 nasci
1756 785 1973 849 oporte-

389 877 506 943 bat,
531 881 692 947 quem
712 872 846 931 ﬁdes
862 872 1030 945 820
1049 870 1259 934 matris,
1287 885 1394 924 non
1407 868 1573 925 libido
1593 876 1932 937 conceperat.
1947 886 1965 917 ι

292 1038 297 1039 γ
392 967 469 1026 Illi
498 968 663 1039 igitur
680 964 914 1029 homini,
940 963 1033 1034 qui
1056 977 1125 1018 ex
1150 962 1359 1035 virgine
1393 970 1554 1018 natus
1579 969 1686 1027 est,
1712 959 1972 1031 singulari

393 1072 616 1116 munere
642 1071 756 1142 pra:
782 1055 997 1119 caeteris
1020 1054 1435 1117 sanctisdatum
1463 1063 1568 1117 est,
1597 1062 1658 1109 ut
1680 1053 1866 1109 statim
1903 1067 1971 1107 ex

393 1165 501 1222 quo
545 1150 601 1205 in
648 1155 806 1203 utero
843 1145 1069 1214 virginis
1106 1144 1307 1216 incepit
1350 1144 1513 1200 homo
1555 1143 1695 1208 ﬁeri,
1733 1151 1878 1199 esset
1918 1148 1989 1199 et.

394 1237 554 1294 Deus.
591 1235 741 1294 Unde
775 1244 832 1291 et
858 1235 1050 1292 eadem
1086 1233 1321 1308 gloriosa
1351 1248 1567 1305 semper
1603 1232 1760 1304 virgo
1804 1232 1973 1287 Maria

393 1343 498 1385 non
524 1328 698 1384 solum
741 1326 1000 1392 hominis,
1028 1327 1125 1383 sed
1157 1338 1215 1383 et
1236 1326 1334 1382 Dei
1375 1326 1609 1398 genitrix
1658 1333 1804 1382 recte
1849 1340 1972 1381 cre-

393 1419 564 1478 denda
583 1426 669 1476 est
691 1426 748 1475 et
767 1417 1093 1477 conﬁtenda.

459 1509 644 1567 XVIII.
660 1508 808 1566 inter
831 1509 935 1566 alia
957 1523 1172 1580 quoque
1193 1509 1503 1566 testimonia
1529 1524 1651 1581 qua:
1677 1515 1974 1580 con'grcgas

393 1600 460 1658 de
485 1612 675 1658 sancta
699 1598 1003 1679 Scriptura,
1029 1609 1086 1656 tu
1111 1615 1254 1671 sarpe
1275 1600 1417 1679 dicte
1436 1599 1608 1665 Felix,
1633 1600 1792 1670 ponis
1810 1614 1975 1654 evan-

393 1678 615 1766 gelicam
658 1678 984 1751 sentcntiam
1018 1700 1076 1749 et
1102 1676 1451 1763 apostolicam
1469 1733 1485 1757 ,
1516 1692 1716 1763 quibus
1735 1688 1974 1747 maxime

391 1780 506 1841 tota
531 1778 685 1836 male
727 1779 1064 1836 crediditatis
1085 1787 1199 1835 tua:
1225 1779 1524 1836 destruitur
1558 1779 1813 1851 impietas
1831 1820 1846 1843 ,
1879 1780 1971 1834 nhi

2071 772 2238 844 igitur
2259 771 2426 839 Deus,
2449 771 2748 828 secundum
2785 771 2929 840 quod
2955 770 3175 841 angelus
3202 771 3448 841 praedixit
3488 772 3667 825 ουσιαι

2071 865 2255 920 Maria:
2292 863 2510 935 virgini,
2555 878 2752 918 nomen
2781 870 2869 918 est
2895 862 3246 917 humanitatis
3291 869 3655 932 assumptaa-

2063 957 2167 1015 Dci
2198 957 2367 1023 Filio;
2408 963 2469 1022 et
2510 954 2760 1011 Christus
2798 963 3023 1025 propter
3068 954 3268 1026 regiam
3313 953 3646 1024 dignitatem,

2070 1064 2198 1107 vere
2236 1050 2458 1104 omnino
2498 1049 2693 1121 (juxta
2719 1048 3089 1103 teStimouium
3131 1046 3373 1117 ejusdem
3418 1058 3650 1115 cvange—

2071 1139 2226 1203 listze,
2278 1139 2392 1196 sive
2421 1138 2475 1194 in
2506 1136 2798 1209 Evangelio
2842 1137 2961 1207 ipsa
2988 1136 3229 1193 Veritatc
3259 1136 3473 1191 dicente
3495 1178 3509 1200 ,
3541 1138 3655 1190 sive

2064 1233 2127 1288 in
2154 1232 2379 1304 epistola
2410 1246 2506 1285 sua
2533 1230 2553 1301 )
2584 1229 2725 1286 idem
2766 1230 2913 1301 ipse,
2959 1229 3052 1300 qui
3080 1217 3280 1284 dicitur
3300 1226 3457 1282 .lesus
3497 1226 3655 1283 Chri-
3705 1294 3712 1301 ἡ

2051 1333 2209 1405 .stus,
2236 1338 2400 1378 verus
2441 1330 2525 1379 est
2557 1320 2723 1387 Deus,
2752 1327 2810 1375 et
2832 1322 2997 1375 verus
3034 1317 3207 1373 Filius
3242 1317 3353 1373 Dei.
3385 1317 3491 1372 Aut
3520 1332 3656 1386 ergo

2074 1417 2190 1471 haec
2216 1415 2437 1470 nomina
2465 1411 2697 1468 tollenda
2719 1421 2846 1467 sunt
2887 1410 2955 1465 ab
2981 1409 3314 1465 humanitate
3360 1407 3479 1462 Filii
3514 1408 3606 1462 Dei
3640 1425 3652 1460 :

2071 1520 2188 1575 aut,
2235 1508 2289 1566 si
2328 1509 2445 1565 haec
2489 1508 2709 1563 nomina
2751 1506 2894 1562 illius
2940 1504 3164 1591 [Supple
3194 1518 3211 1556 :
3240 1505 3459 1575 propria
3507 1512 3657 1567 sunt,

2073 1600 2150 1657 re!
2178 1599 2349 1656 simile
2390 1597 2573 1672 quid],
2604 1599 2698 1679 qui
2745 1606 2906 1654 natus
2946 1605 3125 1674 estex
3168 1596 3406 1669 virgine;
3451 1611 3582 1666 ergo
3606 1604 3659 1649 et

2074 1691 2169 1747 ille
2190 1692 2374 1756 homo,
2393 1691 2485 1762 qui
2508 1698 2670 1745 natus
2696 1697 2782 1745 est
2805 1705 2873 1745 ex
2902 1689 3129 1760 virgine,
3161 1697 3216 1743 et
3244 1689 3327 1743 his
3353 1688 3660 1742 nominibus

2073 1790 2317 1846 vocatur,
2343 1796 2526 1836 verus
2567 1789 2652 1837 est
2692 1780 2837 1835 Deus
2881 1789 2940 1835 et
2962 1774 3137 1837 verus
3169 1778 3340 1835 Filius
3387 1779 3501 1833 Dei.
3553 1776 3657 1832 Sed

393 1871 506 1944 ipse
553 1869 806 1927 Salvator
846 1869 1020 1927 oculis
1067 1870 1293 1927 elevatis
1344 1870 1413 1926 ad
1464 1868 1681 1925 Patrem
1726 1870 1803 1925 ait
1840 1885 1856 1924 :
1900 1869 1969 1924 Ut
2005 1854 2048 1913 Β
2073 1873 2199 1945 quia
2222 1872 2291 1927 de
2326 1872 2429 1945 hac
2454 1872 2569 1942 ipsa
2616 1871 2915 1941 qumstione
2948 1870 3102 1941 plura
3130 1870 3382 1926 videntur
3410 1884 3531 1937 esse
3572 1869 3646 1923 di-

391 1971 703 2036 cognoscant
747 1972 809 2017 te
834 1960 1006 2017 solum
1050 1978 1231 2016 rerum
1266 1960 1470 2026 Deum,
1515 1972 1565 2015 et
1593 1977 1747 2033 quem
1785 1961 1973 2015 misisti

389 2052 573 2109 Iesum
611 2051 877 2109 Christum
903 2052 923 2123 (
949 2051 1112 2107 Joan.
1136 2072 1140 2076 ·
1162 2067 1299 2118 xvu,
1327 2053 1362 2107 ὅ
1390 2051 1456 2124 ).:
1485 2060 1650 2124 atque
1686 2055 1883 2108 iterum
1906 2051 1987 2114 de.

391 2140 615 2214 epistola
663 2140 810 2197 beati
838 2139 1070 2197 Joannis
1092 2140 1458 2215 evangelistae',
1495 2142 1588 2198 ubi
1619 2140 1697 2197 ait
1724 2160 1739 2196 :
1771 2141 1841 2196 Et
1888 2159 1976 2195 as-

2075 1960 2264 2026 cenda,
2303 1961 2587 2031 praesentis
2625 1960 2785 2016 libelli
2814 1960 2902 2016 hic
2940 1960 3230 2015 terminum
3259 1973 3463 2029 ponere
3496 1972 3653 2013 cura-

2077 2050 2273 2113 viznus,
2306 2058 2364 2103 ut
2388 2064 2451 2103 ea
2478 2065 2600 2119 quae
2619 2057 2939 2117 sequuntur.
2969 2047 3248 2119 sequentis
3279 2046 3446 2102 libelli
3469 2046 3658 2116 dispu-
3733 2102 3745 2112 ,

2077 2140 2265 2196 talioni
2293 2149 2595 2195 serventur.

398 2264 3649 2292 ’—-————-———.———-—————————-————-————————q-——————-——————

3546 385 3648 441 ιτι
3736 390 3739 393 ’

393 512 462 570 ab
493 508 643 567 omni
670 516 880 580 peccati
909 522 1050 563 nexu
1078 507 1387 563 omnimodo
1410 504 1595 562 libera:
1618 522 1630 557 :
1656 519 1764 559 non
1792 501 1969 575 qualis
1994 507 2040 561 Α
2064 482 2288 571 sumpsit
2317 516 2412 554 nos
2430 539 2446 563 ,
2479 507 2528 552 et
2555 497 2697 551 dedit
2733 495 2880 551 nobis
2916 492 3159 559 sensum,
3193 505 3650 571 utcognoscamus

1682 2377 1916 2467 Lmen
1942 2376 2350 2451 QUARTUS.

373 2569 379 2577 '
459 2564 503 2621 l.
539 2564 797 2636 Sequitur
840 2562 897 2618 in
933 2562 1114 2619 libello
1140 2563 1350 2635 praefati
1386 2564 1631 2628 doctoris
1669 2565 1967 2635 pessimum
2068 2573 2287 2627 aeterna,
2314 2573 2371 2618 ut
2397 2577 2707 2635 cognoscant
2736 2576 2786 2620 te
2812 2566 2984 2621 solum
3006 2585 3183 2625 verum
3215 2570 3405 2643 Deum,
3429 2585 3480 2630 et
3505 2592 3652 2647 quem

389 2665 446 2713 et
471 2655 718 2714 aesculo
749 2650 1005 2711 inautltze
1040 2654 1385 2726 blasphemia:
1413 2665 1816 2728 argumentum,
1861 2672 1971 2729 quo
2067 2654 2259 2721 misisti
2298 2653 2480 2709 Jesum
2511 2652 2777 2724 Christum
2818 2656 3024 2728 (.Joan.
3076 2675 3209 2725 xvn,
3239 2661 3317 2732 5)
3358 2680 3370 2716 :
3421 2664 3489 2718 Et
3514 2668 3658 2735 quod

388 2749 610 2806 omnino
629 2745 836 2802 Christi
856 2746 956 2821 Dei
975 2746 1627 2819 impiissimatemeritate
1649 2750 1975 2806 contradicit
2071 2745 2215 2800 idem
2257 2746 2585 2817 evangelista
2616 2746 2694 2801 ait
2724 2763 2737 2799 :
2765 2744 2835 2801 Ut
2860 2763 3235 2819 cognoscamus
3259 2760 3434 2808 rerum
3465 2754 3656 2822 Deum,

389 2841 686 2906 divinitati,
710 2839 876 2909 Aquod
913 2838 1099 2895 multis
1132 2849 1449 2896 sanctorum
1472 2841 1696 2899 Palmm
1724 2842 1970 2897 testimo—
2072 2846 2122 2892 ιι
2145 2838 2310 2891 timui
2332 2838 2389 2891 ίη
2417 2854 2534 2903 νεῖο
2554 2835 2825 2906 Ιθίιίοείιιδ
2836 2834 2965 2893 Ῑὲεά
2980 2836 3188 2896 (παίδεο
3211 2842 3264 2913 (ι
3288 2844 3447 2900 10ml-
3464 2863 3517 2912 ",
3541 2848 3658 2920 20),

389 2934 498 2991 niis
534 2930 922 2989 destruendum
957 2944 1079 2986 esse
1124 2932 1493 2986 necessarium
1535 2932 1770 2988 videtur.
1819 2930 1969 2998 Qua-
2075 2926 2386 2997 consentire
2424 2926 2621 2989 habes;
2663 2926 2742 2981 vel
2774 2926 2930 2981 'tuam
2971 2932 3293 2987 sententiam
3338 2937 3662 2996 conﬁrmare

388 3030 612 3096 propter
639 3021 900 3078 lectorem
943 3020 1194 3085 obsecro,
1232 3034 1301 3075 ne
1326 3034 1411 3074 me
1442 3014 1752 3091 longiorem
1784 3020 1839 3074 in
1866 3020 1971 3075 hac
2076 3015 2181 3070 alio
2216 3014 2493 3088 [ρων-εει.
2514 3056 2529 3083 ,
2584 3016 2768 3090 aliud]
2809 3019 3015 3090 majore
3047 3022 3291 3093 quolibet
3331 3029 3657 3093 testimonio,

389 3113 534 3170 serie
568 3110 949 3182 disputationis
994 3110 1369 3181 reprehendat.
1426 3108 1668 3181 Simplici
1722 3126 1972 3166 sermone
1995 3159 2042 3192 ρ
2075 3109 2238 3178 quam
2266 3108 2437 3178 ipsius
2464 3108 2731 3171 veritatis.
2782 3111 2864 3164 vel
2898 3102 3031 3167 tanti
3060 3115 3306 3184 apostoli,
3354 3125 3411 3172 et
3432 3134 3662 3192 evange-

393 3203 537 3277 apud
567 3159 843 3260 auditores
868 3202 990 3274 pios
1027 3159 1163 3257 ﬂrdes
1198 3216 1325 3257 vera
1350 3159 1586 3271 proferrfi
1611 3210 1828 3273 potest;
1875 3203 1971 3258 sed
1995 3159 2043 3224 Ο

389 3295 687 3369 impietatis
719 3295 953 3351 assertio
982 3293 1212 3365 plurima
1259 3292 1687 3351 testimoniorum
1732 3293 1969 3350 auctori-
2075 3307 2184 3347 non
2208 3306 2375 3347 ausus
2400 3307 2463 3348 es
2502 3290 2702 3357 facere,
2743 3286 2853 3348 imo
2894 3294 3021 3363 quia
3046 3296 3156 3351 non
3182 3309 3358 3367 potes,
3406 3312 3575 3359 restat
3603 3318 3662 3361 ut

388 3394 505 3443 tate
529 3383 818 3442 diluenda:
848 3392 1117 3459 quatenus
1156 3384 1203 3440 si
1228 3392 1429 3457 nostra:
1451 3384 1736 3455 parvitatis
1778 3374 1972 3440 sensus
2078 3389 2227 3435 tuam
2262 3381 2587 3437 sententiam
2624 3380 2893 3438 damnans
2939 3384 3098 3440 radas
3124 3387 3189 3441 de
3227 3391 3388 3446 corde
3427 3402 3517 3449 tuo
3560 3395 3663 3452 hoc

347 3521 355 3529 .
388 3476 822 3549 contemptibiles
850 3476 1064 3543 habeat,
1095 3475 1288 3532 saltem
1318 3476 1641 3531 multimoda
1679 3474 1974 3531 catholico-

2077 3486 2269 3526 nomen
2296 3470 2364 3553 in.
2382 3470 2599 3528 Christo
2627 3473 3006 3543 nuncupatim
3045 3460 3282 3537 Deitatis
3312 3487 3455 3552 quod
3501 3486 3662 3544 homo

389 3580 515 3622 rum
541 3566 822 3622 doctorum
859 3565 1183 3621 auctoritate
1206 3558 1475 3631 vincatur,
1492 3572 1669 3646 utque
1689 3562 1785 3618 Dei
1810 3562 1969 3619 Chri-
2078 3562 2252 3631 tinxit,
2279 3581 2385 3620 non
2410 3564 2593 3629 Deus;
2613 3565 2756 3635 quod
2785 3565 3022 3623 humana
3054 3568 3313 3639 inventio,
3342 3580 3449 3630 utin
3479 3564 3658 3632 divina

395 3654 472 3712 sti
490 3654 725 3711 donante
748 3662 807 3709 et
821 3654 1116 3710 miserante
1144 3653 1429 3710 clementia
1457 3646 1778 3725 corrigatur.
2077 3655 2371 3713 auctoritas
2393 3657 2717 3727 composuit.
2749 3669 2752 3672 ’

460 3744 527 3800 Il.
568 3744 730 3801 Ponit
746 3746 930 3841 itaque
955 3744 1263 3841 huiusmodi
1294 3746 1496 3802 verba:
1530 3764 1548 3797 ‹
1586 3745 1834 3802 Secundo
1878 3760 1973 3799 au-
2107 3839 2115 3841 4
2148 3746 2232 3802 Ill.
2272 3748 2431 3819 821
2479 3747 2634 3805 Dicat
2656 3748 2847 3806 beatus
2875 3751 3184 3839 Apostolus,
3213 3755 3343 3823 quid
3370 3756 3496 3812 inde
3532 3751 3658 3815 se'n-

388 3849 506 3897 tem
542 3841 722 3908 modo,
766 3840 860 3906 ait,
891 3832 1250 3912 nuncupative
1278 3841 1423 3898 Deus
1450 3842 1672 3907 dicitur,
1718 3842 1859 3899 sicut
1885 3858 1974 3898 su-
2081 3839 2200 3904 tiat,
2229 3839 2314 3893 vel
2342 3840 2410 3896 de
2432 3854 2540 3910 quo
2565 3840 2793 3897 dixisset
2832 3832 2980 3905 illud,
3014 3843 3157 3912 quod
3188 3851 3243 3897 et
3283 3851 3339 3899 tu
3383 3849 3611 3916 posuisti
3644 3866 3658 3906 :

388 3932 577 4003 perins
602 3932 806 3987 dictum
830 3940 913 3987 est
941 3932 1010 3988 de
1035 3933 1241 3989 sanctis
1274 3933 1739 4003 prmdicatoribus,
1771 3935 1838 3990 de
1858 3934 1977 4005 qui-

2081 3927 2186 3993 Qui
2202 3936 2279 3983 est
2302 3944 2460 3998 super
2483 3928 2660 3982 omnia
2684 3927 2825 3983 Deus
2852 3929 3150 3986 benedictus
3173 3933 3228 3986 in
3255 3935 3449 3997 sa'cula
3475 3937 3654 4007 (Rom.

388 4020 497 4076 bis
523 4018 772 4073 Salvator
794 4017 997 4101 Iudaeis
1024 4020 1139 4075 ait:
1168 4019 1227 4076 Si
1247 4022 1384 4076 enim
1424 4021 1545 4076 illos
1573 4020 1708 4075 dixit
1736 4020 1882 4085 deos,
1903 4021 1974 4075 ad
2015 4030 2041 4046 θ
2081 4036 2153 4083 ιι,
2198 4019 2273 4091 5).
2307 4020 2447 4075 Dicit
2470 4020 2655 4091 itaque
2682 4020 2902 4077 Christo
2946 4023 3001 4078 in
3044 4039 3103 4079 se
3152 4025 3443 4095 loquente:
3494 4028 3691 4101 θρίω,

387 4125 525 4184 quos
554 4108 662 4181 psi
690 4126 861 4164 sermo
885 4088 1263 4181 factus'ann.
1290 4127 1353 4176 ι,
1372 4110 1465 4183 35)
1491 4128 1506 4175 ;
1534 4112 1625 4181 qui
1655 4120 1835 4166 tame.)
1865 4125 1973 4166 non
2080 4109 2198 4163 bam
2234 4088 2332 4180 ego
2373 4111 2481 4180 ipse
2507 4088 2786 4165 attat/temo
2827 4128 2939 4166 esse
2978 4130 3012 4167 α
3039 4088 3250 4170 Clu-isto
3276 4133 3372 4187 pro
3403 4088 3659 4188 fratribus

389 4208 589 4257 natura
620 4208 681 4255 ut
708 4199 870 4266 Deus,
912 4200 1009 4256 sed
1036 4216 1135 4272 per
1168 4199 1263 4256 Dei
1291 4200 1519 4272 gratiam
1548 4201 1731 4267 abeo,
1762 4200 1859 4270 qui
1885 4214 1975 4254 ve-
2079 4198 2229 4263 meis,
2271 4200 2362 4270 qui
2405 4208 2527 4254 sunt
2564 4201 2774 4271 cognati
2820 4203 2923 4255 mei
2972 4205 3258 4258 secundum
3306 4206 3539 4273 carnem,
3567 4212 3658 4280 qui

390 4306 495 4348 rus
517 4298 602 4347 est
625 4289 790 4357 Deus,
832 4290 1067 4349 deiﬁcati
1110 4291 1184 4346 dii
1225 4299 1352 4347 sunt
1393 4290 1490 4347 sub
1539 4291 1630 4346 illo
1666 4291 1842 4347 vocati
1874 4305 1890 4344 :
1919 4290 1973 4345 in
2000 4307 2009 4321 '
2070 4298 2200 4347 sunt
2239 4292 2518 4359 Israclila',
2545 4304 2765 4364 quantm
2798 4294 3010 4365 adoptio
3035 4308 3107 4351 est
3132 4296 3363 4365 ﬁliorum
3393 4310 3441 4353 et
3467 4301 3683 4372 gloria,_

388 4386 502 4441 hoc
522 4384 722 4455 quippe
744 4381 933 4438 ordine
956 4380 1054 4437 Dei
1086 4380 1256 4437 Filius
1282 4382 1541 4439 Dominus
1561 4391 1616 4437 et
1646 4381 1976 4452 Redemptor
2018 4425 2021 4429 μ
2081 4392 2127 4438 et
2155 4393 2540 4447 testamentum,
2562 4394 2611 4439 et
2638 4384 2917 4456 legislatio,
2949 4397 2997 4441 et
3021 4386 3341 4458 obsequium,
3371 4402 3417 4445 cl
3444 4393 3661 4462 promis-
3706 4445 3712 4451 .
3742 4446 3745 4451 .

389 4481 585 4531 noster
600 4474 756 4544 juxta
797 4472 1208 4536 humanitatem,
1238 4471 1378 4528 sicut
1408 4473 1465 4527 in
1491 4480 1705 4538 natura,
1741 4476 1817 4527 ita
1840 4481 1897 4527 et
1918 4471 1973 4526 in
2010 4529 2056 4546 _
2082 4475 2181 4537 sio,
2226 4492 2448 4546 quorum
2491 4486 2697 4546 putres,
2736 4492 2802 4531 ea:
2847 4478 3036 4546 quibus
3085 4476 3325 4534 Christus
3355 4462 3661 4546 secundum

660 4529 1282 4643 quamvisexcellentius
1306 4548 1518 4617 cunctis
1553 4529 1776 4624 electus,
1805 4561 1979 4631 veris:

2080 4582 2312 4630 carnem,
2340 4567 2429 4637 qui
2455 4577 2531 4621 est
2569 4583 2726 4638 super
2758 4570 2934 4622 omnia
2961 4569 3103 4625 Deus
3145 4571 3441 4628 benedictus
3470 4575 3526 4628 in
3556 4580 3656 4629 ste-‘
3754 4600 3765 4611 ~-

387 4658 536 4715 éime
558 4664 742 4710 tamen
759 4647 1017 4710 consiliis
1044 4651 1430 4725 communicat,
1453 4651 1594 4707 sicut
1619 4658 1676 4709 et
1698 4652 1753 4705 in
1780 4658 1977 4708 ctetera

623 4740 643 4815 [
671 4742 818 4814 μμ,
848 4741 901 4798 in
926 4741 1139 4797 caeteris
1161 4740 1413 4795 omnibus
1427 4739 1445 4812 j
1468 4780 1483 4803 ,
1516 4739 1569 4795 id
1596 4749 1682 4794 est
1705 4779 1721 4805 ,
1752 4740 1808 4793 in
1835 4754 1976 4808 prte-

386 4835 782 4901 destinatione,
804 4833 860 4888 in
890 4832 1175 4895 electione,
1208 4830 1263 4884 in
1294 4830 1489 4900 gratia,
1532 4830 1976 4900 in'susceptione,

387 4928 450 5000 in
477 4925 851 4996 assumptione
894 4921 1130 4979 nominis
1179 4922 1343 4983 servi,
1392 4926 1557 4991 atque
1596 4919 1976 4991 applicatione,

386 5030 495 5073 seu
517 5024 717 5070 cetera
739 5014 826 5070 his
853 5012 1071 5079 similia,
1099 5017 1162 5066 ut
1182 5009 1327 5065 idem
1347 5008 1439 5079 qui
1456 5009 1825 5065 essentialiter
1850 5024 1976 5067 cum

388 5104 565 5163 Patre
588 5110 646 5161 et
663 5100 866 5175 Spiritu
890 5112 1083 5162 sancto
1119 5102 1175 5158 in
1202 5100 1412 5157 unitate
1446 5100 1662 5157 deitatis
1682 5116 1861 5158 'verus
1894 5110 1981 5159 est

389 5193 566 5261 Deus,
585 5192 705 5266 ipse
725 5194 783 5251 in
802 5193 976 5252 forma
1000 5193 1358 5267 humanitatis
1395 5208 1519 5248 cum
1541 5191 1728 5249 electis
1748 5193 1864 5250 suis
1879 5209 1979 5265 per

391 5272 711 5359 adoptionis
750 5275 979 5357 gratiam
1019 5284 1300 5342 deitieatus
1323 5286 1494 5352 tieret,
1538 5295 1595 5341 et
1619 5277 1977 5357 nuncupative

359 5376 567 5441 ’θαι
603 5374 825 5461 {Quem
864 5364 1032 5446 paulo
1069 5388 1195 5433 ante
1232 5378 1544 5451 evangelico
1585 5378 1894 5449 testimonio
1923 5386 1980 5435 et

394 5466 573 5541 [palm
589 5463 935 5547 evangelista
964 5466 1345 5523 testificatione
1362 5468 1543 5525 dixisti
1563 5482 1750 5523 verum
1776 5466 1972 5524 Deum:

732 5568 881 5612 nunc
932 5551 1072 5610 dicis
1132 5558 1554 5629 nuncupatimm
1614 5558 1819 5613 Deum?
1872 5558 1981 5614 Aut

394 5643 713 5709 seueritati
745 5640 1072 5713 evangelica
1097 5646 1261 5702 etiam
1284 5655 1341 5702 et
1363 5647 1531 5718 ipsius
1554 5648 1802 5705 veritatis
1828 5651 1980 5706 testi-

402 5735 660 5807 Moui,
690 5748 860 5799 quam
882 5733 1139 5803 posuisti,
1178 5736 1268 5791 ubi
1300 5737 1376 5793 ait
1401 5756 1413 5791 :
1446 5736 1572 5792 Herc
1603 5747 1677 5791 est
1713 5740 1847 5794 enim
1878 5742 1979 5795 vita

1432 5932 1435 5935 '
1446 5937 1479 5948 ον

386 6000 511 6048 μὴεῖ-
518 6004 531 6019 ι

2082 4655 2202 4709 cuia
2231 4655 2411 4728 (Rom.
2445 4672 2524 4720 ix,
2572 4658 2607 4710 5
2645 4666 2694 4710 et
2722 4657 2879 4728 seq.).
2929 4657 3172 4732 lntellige
3219 4656 3661 4733 consequentiam

2081 4746 2348 4802 sermonis
2392 4746 2692 4815 apostolici.
2725 4745 2801 4802 De
2838 4740 3093 4806 lsraelitis
3138 4760 3386 4815 testatur,
3419 4755 3575 4821 quasi
3603 4772 3663 4814 se

2082 4850 2345 4892 excusare
2368 4835 2571 4898 volens,
2618 4838 2760 4906 quod
2800 4856 2907 4895 non
2938 4851 3162 4913 propter
3202 4842 3456 4898 invidiam
3486 4826 3659 4917 legem

2082 4919 2296 4982 illorum
2321 4939 2430 4979 non
2454 4934 2698 4983 servaret
2729 4943 2742 4981 :
2774 4929 2871 4984 sed
2896 4930 3023 4984 dum
3050 4931 3334 4986 veritatem
3363 4933 3659 4991 intellexis.

2082 5024 2184 5080 set,
2214 5013 2431 5070 veritati
2477 5014 2698 5073 obedire
2742 5017 2944 5072 mallet.
2981 5017 3123 5073 Dicit
3168 5018 3382 5075 illorum
3428 5026 3661 5094 promis-

2074 5106 2275 5169 siones,
2307 5104 2362 5161 id
2388 5113 2492 5172 est,
2522 5103 2911 5181 lsraelitarum,
2942 5123 3169 5176 quorum
3198 5112 3524 5179 patriarcha:
3562 5132 3658 5186 pa-

2074 5204 2185 5252 tres
2209 5206 2389 5262 erant,
2414 5213 2482 5254 ex
2525 5200 2742 5270 quibus,
2785 5198 2836 5252 id
2870 5206 2973 5264 est,
3022 5200 3369 5269 patriai-chis,
3410 5202 3660 5265 Christus

2074 5286 2371 5343 secundum
2395 5290 2616 5344 carnem
2645 5294 2803 5341 natus
2828 5296 2934 5352 est,
2965 5304 3125 5367 quem
3153 5291 3318 5347 etiam
3344 5308 3507 5365 super
3538 5310 3656 5352 om-

2078 5376 2169 5451 nia
2191 5378 2355 5433 Deum
2384 5378 2722 5435 benedictum
2749 5377 2803 5432 in
2834 5379 3027 5434 saeuiat
3054 5382 3337 5437 nominare
3362 5399 3471 5438 non
3502 5385 3658 5441 dubi-

2083 5467 2217 5521 tavit
2243 5483 2257 5521 :
2304 5466 2491 5533 Deum,
2523 5467 2763 5538 inquam,
2792 5468 3092 5536 nominavit
3116 5469 3443 5527 benedictum
3485 5473 3657 5540 illum,

2082 5559 2175 5628 qui
2206 5566 2365 5614 natus
2409 5568 2494 5614 est
2518 5559 2810 5615 carnaliter
2836 5577 2901 5615 ex
2953 5557 3176 5615 Patrum
3221 5564 3501 5634 progenie,
3551 5583 3659 5622 non

2085 5653 2532 5723 nuncupativum.
2578 5653 2655 5707 De
2701 5668 2807 5722 qua
2859 5653 3128 5708 sententia
3194 5656 3387 5720 beatus
3435 5656 3658 5713 Procles

2085 5742 2715 5812 Constantinopolitanus
2762 5746 3046 5820 cpiscopus
3090 5746 3147 5806 in
3187 5732 3416 5825 epistola
3456 5749 3524 5803 ad
3548 5746 3651 5803 Ar-
