4238 6190
736 284 832 337 175

1532 280 1599 334 'B.
1630 279 1697 333 Γ.
1739 279 1959 334 ALBINI
1997 278 2128 334 SEU
2166 276 2434 333 ALCUlNl
2470 275 2750 333 OPERUM
2791 277 2964 332 PARS
2999 235 3081 333 lli.

3818 279 3916 332 ιτς

733 390 933 446 tncnios
968 390 1041 443 ita
1085 388 1160 441 ait
1188 400 1212 427 ι
1237 402 1253 440 :
1279 404 1307 437 4
1354 386 1632 455 Apostolus
1659 387 1795 440 dixit
1836 400 1955 440 eum
1984 384 2266 447 Christum,
2297 387 2339 441 Α
2368 386 2611 439 eumdem
2642 402 2824 441 verum
2853 387 3019 440 Deum
3050 394 3311 441 monstrat
3353 386 3570 442 dicens:
3610 383 3707 441 Hic
3733 396 3805 442 est
3834 406 3920 443 ve-

732 492 788 536 nt
812 479 1077 541 ostendat,
1107 477 1229 545 quia
1263 476 1549 529 secundum
1588 476 1866 530 veritatem
1908 474 2048 531 Deus
2097 473 2268 527 factus

729 578 811 625 est
834 570 1011 623 homo.
1038 566 1180 619 Dixit
1216 581 1336 619 eum
1361 566 1446 635 qui
1473 576 1567 630 est,
1594 573 1653 619 ut
1679 580 1801 619 eum
1833 566 1948 619 sine
1972 565 2121 619 initio
2149 558 2268 618 esSe

730 659 982 713 declaret.
1012 655 1154 709 Dixit
1181 670 1301 709 eum
1325 671 1477 724 super
1517 655 1707 714 omnia,
1738 662 1796 708 ut
1821 655 1983 709 totius
2011 663 2271 709 creaturae

729 748 1009 802 Dominum
1036 744 1305 814 praedicet.
1334 744 1477 797 Dixit
1504 758 1624 797 eum
1669 732 2004 808 benedictum,
2046 752 2106 797 ut
2147 744 2273 798 ado-

730 852 908 892 remus
938 850 1058 888 eum
1101 844 1352 902 tanquam
1395 834 1806 903 omnipotentem
1847 834 2143 899 humiliter,
2175 849 2273 888 nec

730 936 789 981 ut
813 941 1125 980 conservum
1155 912 1433 979 calumniis
1458 932 1787 994 appetamus.
1826 944 1844 975 ι
1889 912 2272 993 ΙιθηιΕγινίιιυε

729 1017 1008 1085 episcopus
1038 1013 1424 1067 Alexandrinus
1449 1014 1512 1067 de
1550 1013 1755 1068 unitate
1781 1027 2020 1081 persona:
2058 1020 2111 1065 et
2150 1026 2273 1079 pro-

732 1103 964 1172 prietate
986 1102 1037 1155 in
1060 1103 1262 1156 duabus
1289 1100 1491 1155 naturis
1514 1101 1633 1155 Filii
1660 1101 1753 1155 Dei
1784 1102 1810 1141 δ
1836 1119 1848 1154 :
1884 1119 1908 1154 σ
1944 1102 2091 1157 Unus
2114 1103 2275 1171 igitur

731 1202 833 1257 est,
890 1192 1083 1265 inquit,
1124 1199 1188 1246 et
1240 1200 1363 1245 ante
1409 1190 1823 1245 incarnationem
1868 1185 2008 1245 Deus
2064 1189 2272 1267 [Cyril.,

735 1285 876 1339 Dens
916 1282 1116 1353 verus],
1163 1290 1217 1335 et
1245 1281 1333 1349 qui
1379 1281 1433 1335 in
1472 1281 1800 1335 humanitate
1824 1282 2041 1343 mansit,
2092 1282 2144 1334 in
2171 1297 2275 1349 quo

733 1382 848 1427 erat
873 1371 1081 1443 [Cyril.,
1108 1371 1160 1423 id
1186 1371 1325 1438 quod
1351 1369 1509 1441 erat],
1538 1380 1591 1424 et
1631 1378 1732 1432 est,
1774 1378 1829 1423 et
1856 1371 1978 1424 erit.
2011 1369 2126 1423 Non
2169 1371 2275 1425 dis-

734 1463 997 1518 cernendo
1042 1462 1204 1533 igitur
1249 1475 1411 1514 unum
1456 1461 1735 1515 Dominum
1779 1459 1957 1515 Iesum
2007 1460 2276 1516 Christum

734 1559 788 1611 in
840 1557 1108 1613 hominem
1159 1568 1418 1617 seorsum,
1468 1562 1524 1609 et
1569 1569 1806 1609 seorsum
1840 1554 1908 1608 in
1956 1554 2148 1618 Deum,
2180 1555 2274 1609 sed

736 1665 897 1704 unum
936 1648 1287 1715 eumdemque
1330 1645 1508 1701 Jcsum
1556 1644 1823 1700 Christum
1864 1659 1983 1699 esse
2026 1644 2271 1708 dicimus,

2369 490 2458 529 rus
2496 475 2634 531 Deus
2662 488 2707 531 et
2737 479 2837 531 vita
2876 489 3068 531 a‘terna
3104 466 3157 547 (1
3179 478 3351 532 10am
3368 494 3418 542 v,
3444 481 3555 549 ΞΟ).
3582 481 3775 537 Verum
3818 481 3919 536 b0-

2368 566 2565 620 minem
2612 567 2880 622 Christum
2931 569 3470 638 recognoscit,'quia
3530 569 3745 623 Verbum
3797 586 3920 624 caro

2368 656 2529 725 822
2573 656 2767 724 factum
2809 666 2904 721 est,
2942 668 2986 710 et
3013 657 3257 736 habitarit
3284 658 3341 711 in
3370 657 3547 722 nobis;
3572 659 3923 728 eumdcmquc

2368 759 2553 797 verum
2577 742 2740 798 Deum
2763 744 3027 808 ostendit;
3050 745 3175 813 quia
3200 744 3255 797 in
3277 745 3526 813 principio
3547 755 3656 799 erat
3680 744 3922 813 Verbum,

2369 844 2415 887 et
2458 832 2675 887 Verbum
2711 844 2819 887 erat
2854 834 2991 903 apud
3021 833 3203 896 Deum,
3232 844 3280 887 et
3309 835 3444 888 Deus
3472 845 3581 888 erat
3626 834 3862 891 Verbum.
3897 856 3918 891 ι

2370 922 2438 976 Et
2462 921 2618 992 paulo
2658 931 2777 991 post
2813 924 2949 978 idem
2996 922 3283 978 Cassianus
3311 926 3363 977 in
3392 924 3529 980 libro
3560 928 3717 981 tertio
3742 929 3807 981 de
3838 943 3925 983 sa-

2372 1020 2644 1065 cramento
2686 1013 2948 1081 passionis
2982 1012 3205 1077 Christi,
3236 1021 3291 1068 et
3333 1015 3399 1069 de
3425 1016 3629 1071 unitate
3666 1017 3785 1072 Filii
3829 1018 3925 1073 Dei

2372 1104 2641 1158 disserens
2682 1106 2758 1159 ait
2800 1124 2812 1158 :
2857 1124 2876 1156 σ
2922 1105 3103 1175 Itaque
3145 1107 3223 1161 sic
3267 1108 3319 1161 in
3365 1123 3423 1163 se
3448 1116 3614 1164 totum
3655 1112 3927 1168 hominem

2372 1207 2530 1247 verus
2558 1194 2698 1249 Deus
2720 1202 2775 1249 et
2810 1211 3048 1261 summus
3072 1198 3294 1267 accepit,
3320 1210 3374 1253 et
3396 1200 3473 1255 sic
3496 1201 3767 1271 plenitudo
3795 1204 3927 1264 divi-

2374 1282 2578 1347 nitatis,
2617 1284 2839 1339 veritate
2882 1284 3072 1340 divina:
3120 1288 3471 1359 humanrcque
3507 1292 3820 1345 substantia:
3846 1293 3928 1346 in-

2374 1371 2761 1435 confusibiliter
2803 1383 3163 1442 permanente,
3211 1378 3555 1447 semetipsum
3602 1378 3759 1449 pleno
3798 1394 3928 1435 con-

2370 1462 2547 1532 junxit
2568 1465 2791 1530 homini,
2832 1474 2892 1519 ut
2923 1466 3123 1520 unitate
3157 1467 3405 1537 deinceps
3450 1468 3504 1522 in
3530 1477 3786 1524 internum
3816 1483 3929 1524 ma-

2376 1562 2536 1622 nente
2559 1568 2820 1623 personaa,
2848 1570 2948 1611 nec
2983 1556 3142 1611 homo
3167 1555 3412 1628 Christus
3447 1572 3477 1635 a
3507 1565 3606 1613 Sua
3632 1560 3928 1624 divinitate.

2378 1658 2479 1698 nec
2522 1643 2660 1697 idem
2696 1644 2838 1698 Deus
2882 1644 3131 1700 Christus
3167 1661 3197 1700 a
3240 1661 3339 1701 sua
3379 1648 3548 1717 possit
3602 1649 3931 1708 humanitate

736 1756 836 1812 non
886 1740 1189 1809 ignorantes
1201 1707 1541 1791 diﬁ‘ercntias
1584 1742 1915 1799 naturarum,
1954 1734 2048 1789 sed
2077 1748 2170 1789 eas
2198 1707 2278 1787 in;
2308 1707 2352 1765 Β
2381 1727 2605 1801 disiungi
2639 1750 2652 1784 :
2694 1746 2832 1787 unus
2854 1740 3031 1787 tamen
3057 1740 3215 1802 atque
3239 1707 3651 1791 idem.Ch:istus
3671 1746 3727 1793 et
3747 1753 3811 1793 ex
3843 1755 3933 1794 ve-

737 1826 981 1881 coufusas
1004 1824 1143 1877 inter
1181 1838 1238 1877 se
1261 1830 1536 1877 servantes
1563 1820 1773 1891 [Cyril.,
1802 1820 2131 1891 statuentes].
2164 1840 2182 1872 ›
2213 1821 2279 1874 Et

738 1924 854 1985 post
884 1928 1048 1983 pauca
1084 1923 1106 1949 ε
1143 1929 1155 1964 :
1206 1929 1224 1962 ε
1261 1910 1553 1975 Christum,
1590 1911 1780 1979 inquit,
1827 1911 1993 1965 Deum
2039 1925 2203 1963 unum
2225 1918 2281 1965 et

738 2002 1012 2058 Dominum
1035 1999 1371 2063 conﬁtemur,
1394 2015 1497 2053 non
1524 2008 1632 2053 tam
1665 2000 1931 2054 hominem
1958 2014 2078 2054 cum
2107 2000 2281 2054 Verbo

740 2093 1101 2154 coadorantcs,
1135 2104 1201 2143 ne
1237 2089 1510 2143 divisionis
1536 2089 1775 2157 quaedam
1796 2158 1801 2162 .
1824 2090 2029 2157 species
2062 2089 2282 2143 induca-

735 2195 851 2249 tur;
875 2184 967 2237 scd
992 2196 1154 2235 unum
1178 2180 1336 2234 etiam
1355 2187 1412 2233 et
1436 2179 1677 2232 eumdem
1701 2179 2001 2244 adorantes,
2031 2180 2154 2247 quia
2178 2194 2280 2233 non

740 2284 819 2330 est
848 2275 1075 2328 alienum
1105 2287 1135 2324 a
1172 2270 1345 2324 Verbo
1390 2284 1583 2338 corpus
1628 2283 1802 2332 suum,
1848 2283 1969 2323 cum
2018 2283 2123 2337 quo
2169 2256 2282 2337 ipse

740 2369 899 2423 etiam
927 2363 1122 2418 assidet
1148 2360 1432 2431 [Quercet.,
1460 2357 1697 2428 adsedet]
1729 2344 1896 2413 Patri.
1932 2356 2042 2413 Nec
2080 2359 2183 2411 hoc
2207 2359 2282 2411 ita

741 2459 985 2519 dicimus,
1031 2452 1183 2521 quasi
1217 2451 1420 2504 duobus
1468 2448 1590 2502 ﬁliis
1633 2448 2007 2511 assidentihus,
2045 2448 2136 2501 sed
2178 2462 2284 2501 uno

742 2569 859 2608 cum
888 2566 1051 2606 carne
1084 2563 1179 2617 per
1219 2546 1476 2599 unitatem
1505 2563 1519 2597 :
1560 2545 1684 2613 quia
1726 2544 1768 2597 si
1803 2544 1960 2598 talem
1990 2544 2285 2613 copulatio-

742 2658 863 2697 netn
894 2640 1087 2693 iactam
1114 2651 1209 2705 per
1240 2632 1613 2695 substantiam,
1655 2640 1746 2685 aut
1790 2632 1941 2701 quasi
1982 2632 2283 2701 impossibi—

743 2740 866 2793 lem,
894 2738 985 2784 aut
1008 2727 1159 2797 quasi
1197 2715 1383 2795 parum
1406 2724 1652 2778 decoram
1674 2723 2002 2777 voluerimus
2022 2725 2283 2793 accipere,

744 2822 797 2875 in
837 2821 889 2873 id
931 2817 1229 2877 incidimus,
1269 2822 1327 2866 ut
1357 2812 1487 2866 duos
1536 2810 1673 2864 ﬁlios
1713 2825 1832 2864 esse
1871 2810 2126 2865 dicamus.
2181 2810 2288 2865 Nec

744 2907 1060 2979 cnim'[Leg.
1088 2921 1151 2958 ex
1198 2901 1393 2971 Cyriilo
1424 2900 1708 2955 :‘Necesse
1752 2908 1832 2954 est
1879 2899 2042 2970 enim]
2090 2900 2288 2955 discer-

749 3015 871 3054 nere
898 3005 952 3051 et
978 2997 1181 3050 discere
1208 2991 1475 3044 hominem
1508 2997 1827 3057 separatum,
1873 2988 2033 3043 fuisse
2059 2990 2169 3043 sola
2193 2989 2286 3041 lilii

662 3117 669 3123 ο
748 3084 1099 3155 appellatione
1121 3082 1453 3139 honoratum,
1480 3086 1532 3131 et
1561 3091 1745 3130 rursus
1767 3077 2018 3139 Verbum,
2048 3077 2188 3145 quod
2208 3086 2291 3130 est

745 3193 815 3233 ex
838 3178 944 3229 Deo
979 3181 1032 3226 et
1052 3172 1274 3226 nomine
1289 3174 1342 3222 et
1360 3168 1583 3221 veritate
1609 3165 1774 3219 Filius
1794 3165 1889 3219 Dei
1919 3180 1935 3218 :
1966 3166 2058 3219 sed
2088 3167 2288 3219 discer—

750 3281 878 3322 nere
906 3267 957 3317 in
1006 3264 1137 3317 duos
1168 3260 1303 3313 ﬁlios
1353 3273 1459 3312 non
1507 3257 1758 3311 debemus
1804 3271 1965 3309 unum
2012 3256 2291 3310 Dominum

750 3355 931 3423 Jesum
948 3336 1242 3418 Christum.
1283 3368 1300 3398 ι
1337 3346 1465 3401 Item
1488 3346 1676 3400 beatus
1701 3344 1933 3400 Hilarius
1950 3345 2006 3400 in
2026 3346 2165 3400 libro
2193 3362 2290 3399 no-

751 3462 820 3500 no
856 3443 977 3497 ﬁdei
998 3440 1269 3495 catholicae
1293 3436 1319 3477 ἀ
1345 3455 1358 3490 :
1386 3455 1415 3487 ι
1453 3435 1576 3491 Haec
1620 3436 1797 3505 itaque
1833 3435 2075 3489 humana:
2121 3437 2291 3490 beati-

754 3536 948 3591 tudinis
978 3534 1106 3587 ﬁdes
1134 3512 1257 3585 vera
1282 3537 1382 3591 est.
1412 3528 1575 3583 Deum
1601 3537 1654 3583 et
1678 3530 1944 3584 hominem
1968 3530 2289 3599 praedicare,

754 3626 984 3681 Verbum
1012 3631 1065 3678 et
1087 3636 1302 3676 carnem
1335 3618 1596 3674 conﬁteri.
1644 3618 1825 3687 Neque
1854 3619 2019 3672 Deum
2059 3620 2290 3683 nescire,

758 3714 899 3784 quod
922 3722 975 3769 et
1021 3714 1180 3767 homo
1226 3712 1313 3775 sit,
1361 3723 1533 3778 neque
1586 3722 1797 3761 carnem
1846 3708 2111 3777 ignorare,
2154 3710 2295 3777 quod

757 3802 985 3858 Verbum
1010 3802 1097 3855 sit.
1136 3821 1153 3851 ι
1186 3799 1548 3853 Consentanca
1576 3812 1784 3865 quoque
1806 3797 2123 3867 evangelicis
2152 3800 2298 3852 testi-

760 3892 969 3953 muniis,
1021 3888 1424 3957 apostolicisque
1466 3886 1720 3939 doctrinis
1766 3894 1821 3939 et
1865 3896 2165 3946 sanctorum
2196 3888 2297 3941 pa-

759 3993 899 4036 trum
924 3979 1185 4041 sensibus,
1215 3976 1400 4029 beatus
1416 3973 1702 4027 Cassianus
1722 3972 1924 4041 profert
1948 3976 2001 4029 in
2028 3975 2115 4029 illo
2139 3975 2295 4041 libro,

757 4090 913 4144 quem
942 4079 1123 4127 contra
1151 4066 1410 4121 haeretica:
1435 4063 1708 4131 pravitatis
1734 4071 1935 4116 sectam
1978 4065 2191 4133 scripsit
2232 4077 2293 4119 ος

764 4184 781 4213 ι
817 4164 1236 4219 Testamentum,
1263 4154 1452 4222 inquit,
1476 4159 1626 4205 vetus
1648 4151 1916 4205 concinuit
1948 4166 2105 4216 novo,
2134 4146 2311 4219 David,

758 4248 946 4311 Joanni
975 4244 1248 4301 concedat.
1296 4261 1316 4291 ι
1346 4242 1413 4294 Et
1454 4240 1613 4310 paulo
1657 4247 1813 4308 post:
1849 4258 1867 4288 ι
1906 4238 2071 4305 Quem
2116 4256 2298 4295 verum

2379 1818 2536 1876 ritate
2560 1820 2828 1890 passionis
2854 1822 3116 1885 humana),
3139 1838 3257 1893 quae
3284 1815 3463 1879 nostra
3492 1825 3725 1891 fuerant,
3746 1829 3933 1883 redde-

2378 1919 2499 1967 ret:
2542 1920 2599 1967 et
2639 1928 2707 1967 ex
2751 1914 2975 1969 veritate
3018 1914 3377 1984 impassibilis,
3428 1916 3639 1982 divinae,
3686 1933 3803 1986 quae
3836 1933 3959 1973 sua.

2379 2000 2610 2064 fuerant,
2639 2002 2926 2056 tribuisset.
2966 1998 3037 2057 Et
3074 2003 3151 2057 sic
3196 2003 3474 2074 utriusque
3520 2013 3722 2060 naturae
3751 2007 3934 2062 incon-

2380 2088 2496 2144 fusa
2524 2090 3087 2161 veritas‘pcrduravit,
3115 2101 3174 2145 ut
3210 2107 3310 2146 nec
3349 2094 3507 2148 homo
3533 2109 3563 2148 a
3594 2094 3704 2149 Deo
3736 2086 3933 2162 divelli,

2380 2193 2480 2233 nec
2520 2177 2663 2233 Deus
2701 2194 2732 2233 a
2759 2188 3005 2249 suscepto
3045 2181 3216 2250 possit
3260 2182 3475 2237 homine
3500 2185 3758 2252 separari.
3800 2204 3819 2236 ι
3862 2188 3935 2243 De

2356 2316 2357 2319 η
2379 2284 2496 2340 qua,
2512 2270 2672 2324 etiam
2694 2270 2895 2324 unitate
2917 2271 3243 2325 clarissimus
3266 2272 3450 2327 doctor
3472 2273 3661 2328 beatus
3682 2273 3935 2345 Augusti-

2380 2375 2481 2413 nus
2510 2361 2561 2413 in
2588 2359 2725 2414 libro
2752 2359 2925 2429 primo
2969 2360 3035 2414 de
3080 2368 3263 2414 sancta
3309 2361 3571 2416 Trinitate
3621 2377 3737 2433 cap.
3783 2364 3937 2418 tertio

2381 2447 2587 2502 decimo
2626 2448 2764 2501 inter
2787 2447 2890 2502 alia
2916 2448 3078 2502 multa
3104 2449 3379 2505 catholicae
3406 2450 3529 2505 ﬁdei
3557 2452 3935 2507 convenientia

2383 2536 2455 2589 ita
2495 2536 2568 2588 ait
2602 2535 2620 2573 τ
2650 2550 2664 2588 :
2701 2553 2720 2586 ι
2756 2536 2869 2591 Nisi
2898 2546 3075 2591 tamen
3115 2538 3260 2611 idem,
3284 2538 3398 2607 ipse
3422 2534 3566 2594 Esset
3593 2540 3732 2595 ﬁlius
3761 2541 3935 2595 homi-

2382 2624 2485 2684 nis,
2529 2633 2744 2692 propter
2788 2626 3013 2679 i'ormam
3054 2626 3214 2689 servi,
3258 2642 3423 2696 quam
3469 2630 3692 2699 accepit,
3733 2632 3821 2698 qui
3852 2641 3937 2686 est

2383 2712 2546 2766 Filius
2574 2714 2663 2767 Dei
2692 2724 2908 2784 propter
2936 2717 3025 2769 Dei
3057 2715 3303 2781 formam,
3337 2718 3390 2773 in
3417 2734 3519 2787 qua
3563 2728 3666 2784 est,
3708 2738 3814 2775 non
3852 2723 3935 2776 di-

2383 2813 2527 2859 ceret
2555 2807 2822 2875 apostolus
2866 2807 3057 2863 Paulus
3095 2802 3163 2863 de
3187 2804 3513 2880 principibus
3535 2812 3693 2882 hujus
3715 2813 3893 2868 szeculi
3919 2832 3933 2866 :

2387 2893 2446 2947 Si
2470 2895 2604 2946 enim
2630 2897 2998 2964 cognovissent,
3031 2914 3292 2967 nunquam
3316 2899 3591 2954 Dominum
3611 2901 3789 2971 gloria:
3814 2919 3934 2956 cru—-

2388 2981 2663 3047 ciﬁxissent
2692 2981 2744 3050 (Ι
2779 2982 2897 3035 Cor.
2924 2999 2963 3036 ιι
2983 3023 2997 3047 ,
3026 2984 3100 3054 8).
3127 2984 3203 3038 Ex
3242 2983 3579 3041 forma‘enim
3606 2991 3744 3042 servi
3766 2991 3940 3047 cruci-

2393 3067 2528 3121 ﬁxus
2556 3077 2657 3133 est,
2701 3077 2755 3123 et
2798 3080 2975 3125 tamen
3018 3071 3272 3128 Dominus
3314 3075 3495 3144 gloria:
3522 3078 3806 3135 cruciﬁxus
3828 3090 3930 3137 est.

2392 3158 2531 3211 Talis
2554 3160 2697 3212 enim
2726 3168 2841 3213 erat
2886 3161 2971 3214 illa
3010 3163 3297 3231 susceptio,
3323 3179 3442 3232 quae
3471 3165 3637 3221 Deum
3669 3168 3935 3225 hominem

2391 3251 2609 3315 faceret,
2635 3262 2689 3307 et
2731 3254 2995 3309 hominem
3027 3255 3212 3310 Deum.
3260 3276 3279 3307 ι
3311 3256 3440 3311 ltem
3484 3260 3535 3313 in
3570 3261 3755 3315 eodem
3802 3262 3939 3317 libro

2392 3356 2507 3408 cap.
2548 3342 2772 3407 septimo
2817 3338 2879 3392 ετ
2925 3360 2943 3390 ι
2982 3342 3164 3409 Neque
3186 3344 3329 3397 enim
3368 3344 3454 3398 sic
3481 3348 3686 3415 accepit
3713 3349 3937 3404 formam

2393 3430 2551 3493 servi,
2593 3440 2651 3483 ut
2678 3429 2947 3486 amitteret
2984 3430 3207 3485 formam
3244 3432 3358 3497 Dei,
3395 3434 3447 3487 in
3483 3449 3587 3503 qua
3619 3444 3737 3490 erat
3760 3451 3939 3506 aqua:

2392 3520 2456 3574 lis
2498 3518 2659 3573 Patri.
2695 3541 2711 3572 ι

2460 3621 2545 3674 1V.
2588 3620 2644 3675 Si
2683 3631 2808 3690 ergo
2852 3622 2922 3675 ita
2970 3630 3181 3690 accepta
3227 3632 3311 3676 est
3347 3622 3515 3679 forma
3556 3628 3716 3686 servi,
3748 3635 3805 3681 ut
3832 3644 3939 3683 non

2396 3716 2726 3767 amitteretur
2762 3713 2931 3767 forma
2965 3713 3078 3775 Dei,
3118 3729 3239 3768 cum
3264 3723 3321 3768 et
3362 3716 3415 3768 in
3441 3715 3611 3770 forma
3640 3718 3856 3771 serviet
3884 3718 3939 3773 in

2396 3802 2564 3857 forma
2592 3803 2682 3856 Dei
2714 3804 2849 3856 idem
2887 3803 2999 3870 ipse
3044 3803 3113 3857 sit
3158 3803 3325 3858 Filius
3366 3806 3671 3874 unigenitus
3707 3807 3800 3862 Dei
3841 3806 3941 3862 Pa-

2396 3896 2535 3947 tris:
2585 3894 2728 3947 illum
2761 3907 2916 3961 quem
2958 3901 3132 3969 vestra
3167 3894 3437 3947 temeritas
3464 3894 3689 3948 aﬁirmat
3731 3896 3940 3965 adopti-
4000 3896 4007 3897 7

2396 3997 2542 4046 vum,
2588 3983 2725 4035 hunc
2753 3982 2938 4036 beatus
2964 3981 3289 4049 Augustinus
3317 3996 3420 4035 non
3460 3983 3719 4037 dubitavit
3753 3986 3939 4053 unige-

2398 4072 2567 4124 nitum
2596 4071 2889 4125 nominare.
2920 4069 3019 4125 Ubi
3060 4058 3361 4141 unigenitus
3385 4080 3485 4133 est,
3528 4072 3598 4126 ibi
3629 4066 3798 4127 locum
3835 4090 3941 4129 non

2397 4162 2557 4215 habet
2577 4162 2873 4231 adoptivus.
2901 4160 3009 4216 Nec
3026 4163 3313 4217 secundum
3336 4170 3567 4217 vestram
3593 4166 3941 4220 assertionem

2399 4249 2699 4319 unigenitus
2724 4256 2805 4303 est
2842 4256 3043 4302 tantum
3072 4250 3123 4301 in
3147 4248 3324 4303 divina
3361 4258 3569 4315 natura,
3601 4260 3655 4303 et
3679 4252 3943 4322 primogcv

759 4338 1028 4396 horninem
1048 4333 1175 4387 dicit
1196 4329 1382 4393 David,
1410 4330 1531 4397 Quia
1556 4337 1727 4385 mater
1754 4329 1879 4383 Sion
1906 4329 2071 4383 dieil:
2104 4329 2295 4395 Homo,
2327 4349 2373 4407 υ
2400 4337 2543 4393 nitus
2586 4339 2641 4392 in
2684 4339 2949 4402 humana;
2989 4340 3111 4407 quia
3156 4337 3309 4392 beata
3359 4339 3519 4409 Virgo
3566 4341 3791 4396 alterum
3836 4359 3940 4399 non

757 4439 804 4482 et
823 4429 973 4481 homo
1002 4431 1155 4476 natus
1173 4421 1232 4473 in
1262 4435 1342 4479 ea,
1369 4417 1609 4471 eumdem
1638 4431 1821 4470 verum
1852 4419 2017 4473 Deum
2047 4418 2219 4474 credit
2242 4429 2295 4476 et

760 4492 1031 4588 praedicat,
1058 4512 1182 4581 quia
1231 4510 1337 4578 ipse
1386 4505 1622 4576 ίαηάαυει
1652 4521 1765 4558 eam
1806 4506 2095 4563 Altissimus
2126 4509 2295 4579 (Psal.

763 4617 983 4664 uxxvt,
1021 4598 1095 4670 5).
1141 4595 1307 4661 Quem
1335 4608 1518 4647 verum
1562 4592 1830 4646 hominem
1874 4593 2020 4647 nevit
2062 4593 2298 4651 Joannes

762 4673 981 4747 audiens
1010 4703 1130 4744 eum
1159 4686 1456 4739 dicentem:
1497 4680 1739 4745 Quaeritis
1767 4697 1847 4734 me
1870 4681 2099 4736 occidere
2129 4685 2298 4737 Itami-

763 4795 898 4843 nem,
924 4778 1011 4847 qui
1026 4777 1283 4831 veritatem
1310 4771 1508 4825 locutu
1530 4784 1645 4823 sum
1668 4770 1805 4823 vobis
1835 4768 2012 4839 (Joan.
2040 4785 2160 4835 γυι,
2183 4772 2293 4842 .50);

832 4953 860 4981 ι
896 4938 958 4993 Β.
996 4934 1169 4991 Procli
1192 4930 1409 5005 epistola
1436 4936 1493 4984 et
1510 4935 1687 5003 textus
1710 4937 1921 4983 exstant
1948 4928 2005 4982 in
2030 4928 2167 4984 Bibl.
2193 4929 2295 4985 PP.

752 5005 1214 5142 ungsyléyrillus
1234 5070 1383 5142 Alex.
1411 5070 1464 5123 in
1503 5064 1731 5121 Scholiis
1754 5070 1883 5119 tom.
1911 5064 2297 5142 VLInbihtamen

766 5146 915 5200 deest
952 5132 1311 5198 testimonium
1338 5137 1559 5190 alterum
1590 5143 1707 5255 pou
1744 5147 1932 5203 pauca.
1961 5132 2168 5188 Similia
2192 5134 2301 5191 fere

769 5215 927 5255 habnt
954 5209 1181 5255 Cvr-illus
1207 5206 1244 5255 l.
1268 5206 1379 5255 cit.
1404 5218 1527 5255 can.
1558 5203 1584 5255 1
1628 5240 1643 5255 .
1752 5208 1759 5215 ’

769 5215 931 5285 habet
954 5209 1181 5285 Cyrillus
1207 5206 1244 5259 ι.
1268 5206 1539 5285 citncap:
1558 5203 1643 5255 i7.
1752 5208 1759 5215 '
1891 5270 1906 5285 ‘
1936 5270 1947 5282 υ
2062 5270 2093 5285 ν

792 5302 795 5303 ε
839 5291 861 5319 ε
900 5280 958 5334 s.
984 5270 1150 5355 erit.
1180 5290 1282 5355 φη
1321 5271 1392 5355 ibi
1430 5270 1771 5355 ρευιξειρεο
1808 5270 1908 5355 sed
1936 5270 2135 5355 επηριίρ,
2159 5271 2293 5355 loose.

769 5363 1079 5475 biit-fni:
1110 5338 1758 5475 ξεὸῗίει³ιίὲιηῗ⁸ῗί⁰ιξ¹ἐὶ¹ἷ¹
1774 5348 1935 5475 £37"?
1961 5339 2295 5475 J."m‘.i.?.“°‘v';

770 5417 935 5471 Μειιεί
958 5424 1083 5484 pag.
1117 5417 1240 5477 890,
1266 5418 1319 5464 et
1348 5417 1475 5463 tom.
1510 5417 1565 5468 V,
1617 5421 1739 5475 pag.
1781 5417 1914 5471 697;
1961 5418 2017 5461 et
2056 5417 2183 5462 tom.
2235 5417 2297 5475 ν,

769 5492 906 5554 rm
928 5498 969 5538 ιι
1000 5483 1241 5559 Ovem").
1264 5478 1321 5532 ε·
1348 5475 1529 5559 Qui!“
1570 5473 1817 5559 ἓνὶξὲεβν
1844 5490 1965 5559 ηαεε
1994 5476 2083 5541 ²⁴ν
2106 5477 2302 5559 PM“?

753 5544 944 5618 tamen
989 5544 1161 5607 teitus
1203 5544 1785 5611 Gmci'interpretatio
1835 5544 2049 5599 ab’bac
2095 5544 2299 5601 Alcuini

2398 4428 2601 4499 genuit,
2626 4428 2729 4482 nisi
2757 4443 2936 4483 verum
2962 4437 3016 4481 et
3042 4431 3181 4483 hunc
3207 4428 3535 4498 unigenitum
3570 4429 3663 4483 Dei
3691 4429 3865 4485 Patris
3886 4441 3941 4486 et

2397 4533 2570 4573 suum.
2615 4518 2745 4572 Item
2801 4500 3182 4589 primogenitus
3231 4517 3284 4569 in
3336 4518 3683 4578 humanitate.
3745 4526 3803 4572 ut
3864 4521 3943 4575 ait

2396 4607 2728 4683 Evangelista
2750 4622 2766 4659 :
2792 4606 2960 4661 Donec
2982 4605 3173 4673 peperit
3197 4604 3362 4672 ﬁlium
3381 4621 3529 4658 suum
3550 4608 3943 4677 primogenitum

2396 4676 2613 4766 (Mariti.
2640 4711 2687 4758 ι,
2717 4676 2807 4765 25)
2838 4712 2851 4745 ε
2882 4695 2934 4747 in
2964 4694 3141 4747 divina
3180 4708 3306 4747 vero
3340 4676 3824 4771 nauium..qu
3865 4696 3942 4752 ait

2398 4783 2678 4851 Apostolus
2706 4800 2719 4835 :
2754 4781 3134 4852 Primogenitus
3172 4782 3335 4835 omnis
3372 4786 3621 4856 creatum”
3638 4782 3860 4853 (Colon.
3891 4801 3936 4851 ι,

2397 4934 2569 5002 quoad
2593 4934 2753 4988 verba
2782 4932 2972 4989 diﬁ'ert.
3188 5000 3196 5002 ᾗ
3247 5001 3253 5002 γ
3424 4964 3427 4965 ν
3639 4958 3645 4967 ·

2467 5002 2492 5039 ἀ
2535 5001 2592 5055 S.
2632 5002 2796 5055 Hilar.
2830 5003 2919 5056 tib.
2947 5018 3003 5056 ιι
3020 5002 3086 5056 de
3112 5000 3326 5065 Trinit.,
3360 5015 3507 5054 num.
3538 5002 3589 5056 '5.

2473 5078 2497 5110 ο
2532 5072 2662 5141 Quis
2689 5072 2759 5125 sit
2791 5070 2944 5135 liber,
2972 5085 3130 5141 quem
3159 5068 3445 5123 Cassianus
3467 5078 3653 5141 contra
3674 5071 3941 5141 heretica

2398 5140 2671 5209 pravitatis
2695 5150 2915 5201 sectam,
2949 5138 3041 5209 at}!
3064 5138 3130 5192 de
3150 5147 3481 5209 sacramento
3505 5139 3766 5209 passionis
3784 5139 3941 5209 Gju'i;

2401 5155 2671 5209 pravuaus
2695 5155 2915 5201 sectam,
2949 5155 3041 5193 aut
3064 5155 3130 5192 ue
3150 5155 3481 5193 sacramento
3487 5155 3766 5262 (passionis
3784 5155 3941 5196 utn—

2401 5208 2495 5289 sti,
2531 5216 2661 5289 etc._,
2708 5209 2940 5289 scripsit,
3214 5206 3271 5259 In
3290 5207 3463 5289 “libris
3490 5274 3495 5277 _
3522 5223 3553 5263 e
3570 5202 3944 5289 laceratione

2402 5275 2608 5357 Domini
2633 5278 2730 5331 bos
2776 5274 2972 5339 textus,
3006 5274 3099 5344 qm
3124 5274 3213 5332 hic
3255 5274 3510 5343 citantur,
3555 5274 3788 5346 reperire
3834 5293 3940 5333 non

2401 5355 2569 5413 potui.

2478 5412 2495 5450 ί
2539 5412 2596 5467 S.
2626 5415 2759 5474 Aug.
2793 5415 2829 5467 l.
2856 5414 2969 5474 cit.,
3003 5426 3151 5466 num.
3174 5412 3260 5467 26.
3416 5422 3423 5431 ‘

2396 5528 2399 5529 ,
2478 5430 2837 5537 Eiie$"ﬁ;ai'.
2856 5430 2981 5549 θέέίὶ.
3003 5430 3260 5543 ’ἔῗωηὶιῖῐ
3291 5482 3357 5545 η
3399 5508 3402 5512 ι
