4238 6274
359 405 459 464 177

350 625 516 675 stant.
542 615 851 675 Secundum
874 617 1119 701 turmam
1138 621 1417 692 servijpse
1437 630 1525 689 est
1541 630 1702 705 caput
1723 639 1915 694 carpo.

350 711 425 768 ris
455 710 740 783 Ecclesiae.
782 711 859 767 De
906 700 1170 770 sententia
1195 730 1325 771 vero
1374 700 1619 773 doctoris
1654 717 1913 789 gentium,

349 818 511 875 quam
558 793 777 859 beatum
810 803 1167 881 Augustinum
1203 818 1366 877 supra
1414 808 1726 878 exposuisse
1770 807 1912 862 dixi-

348 908 501 949 mus:
537 892 600 951 Si
626 895 763 949 enim
784 895 1161 966 cognouissent,
1191 914 1455 969 ﬂungqu
1495 898 1779 958 Dominum
1798 898 1913 969 glo-

349 981 439 1037 ria:
462 981 844 1050 cruci/ixiuent
866 999 887 1037 :
914 983 1164 1056 egregius
1205 984 1394 1045 doctor
1434 980 1697 1058 Cyrillus‘
1714 986 1770 1041 in
1798 986 1913 1057 epi-

347 1068 482 1126 stola
507 1071 741 1127 secunda
756 1072 823 1128 ad
834 1070 1155 1129 Successum
1170 1075 1245 1130 ait
1260 1088 1291 1117 ι
1317 1093 1331 1130 :
1356 1094 1375 1127 (
1402 1075 1518 1132 Non
1538 1077 1710 1133 solum
1738 1078 1913 1135 Domi-

348 1175 473 1216 num
509 1160 715 1232 gloriae,
741 1163 835 1219 sed
861 1172 917 1219 et
956 1165 1315 1236 Deumsuper
1342 1168 1526 1229 omnia
1568 1168 1910 1226 benedictum

349 1251 401 1306 in
458 1251 656 1309 saecula
705 1253 1048 1311 beatissimus
1099 1255 1297 1312 Paulus
1357 1255 1588 1324 affirmat
1632 1259 1910 1329 proprium

346 1345 492 1400 verbi
529 1359 726 1415 corpus
744 1345 968 1403 aliixum
989 1346 1044 1403 in
1070 1348 1234 1420 ligno.
1274 1369 1294 1403 ι
1325 1339 1523 1406 Petrus
1554 1365 1770 1421 quoque
1798 1351 1908 1408 Ra-

345 1437 638 1501 vennensis
656 1438 938 1510 episcopus
962 1441 1030 1496 de
1049 1440 1151 1511 hac
1174 1435 1360 1514 sancta
1391 1441 1512 1507 ﬁde,
1554 1444 1695 1513 quod
1726 1441 1906 1509 Iesus,

343 1531 432 1601 qui
477 1545 546 1586 ex
575 1531 797 1604 Virgine
835 1524 995 1589 natus
1015 1543 1140 1601 est,
1175 1549 1335 1597 verus
1380 1535 1451 1591 sit
1494 1534 1659 1602 Deus,
1707 1534 1762 1590 in
1807 1550 1907 1592 suo

322 1638 589 1697 (sermone
608 1626 920 1694 conﬁrmat;
949 1626 1025 1683 ait
1050 1628 1193 1684 enim
1222 1628 1494 1691 inter-alia
1529 1629 1809 1685 catholica:
1838 1629 1901 1684 ti-

341 1716 424 1772 dei
465 1717 772 1774 testimonia
800 1718 832 1760 ι)
866 1738 880 1774 :
923 1738 944 1771 (
991 1719 1296 1791 Coneipies,
1343 1721 1516 1791 inquit
1560 1720 1904 1794 angelus,.in

339 1813 517 1873 utero,
546 1817 603 1864 et
638 1811 817 1879 paries
832 1810 1057 1878 Filium,
1103 1821 1158 1867 et
1182 1811 1400 1868 vocabis
1424 1828 1635 1869 .nomen
1661 1811 1779 1882 ejus
1816 1813 1905 1870 Ic-

1050 363 1461 470 oocuariea.
1501 446 1571 457 —
1606 416 1763 471 anv.
1805 410 2100 473 FELICEM
2137 420 2329 510 unm
2358 423 2462 478 vu.
2498 455 2559 465 —
2593 425 2718 486 un.
2759 383 2875 482 ιγ(
2916 497 2920 501 _

2159 65 2180 68 -—
2851 63 2856 66 -
2911 67 2914 70 .
2945 65 3034 74 -._._._
3309 61 3352 70 -—-
3379 57 3388 60 '
3417 57 3420 60 ’
3449 69 3458 74 .
3521 69 3542 74 ..-
3575 69 3580 72 -
3679 67 3704 72 --
3799 77 3802 79 _

1869 85 1956 112 4.;-
1995 73 2002 76 '
2037 59 3740 114 "_*:ﬁ-+AJ:_W1_
3679 95 3694 116 π
3839 85 3848 94 ε
3872 80 4081 142 ἐπεὶ-,ζῆ

1262 114 1273 119 -
1329 107 1352 114 .-
1389 105 1508 114 --ι.
1714 106 1759 121 1.—
1839 105 1850 110 "
1869 103 1878 114 -'
1911 117 1916 122 .
2008 107 2106 129 _,,.P_'
2131 105 2180 130 ’ντ-
2233 125 2248 130 __
2475 125 2480 128 _
2549 119 2572 124 -..
2605 119 2610 122 .
2635 123 2638 126 ,
2659 117 2686 124 .-
2727 107 3326 134 M#ﬂr~—
3341 109 3430 128 ιθ
3457 109 3512 125 -ιτξ
3531 109 3574 128 ἠ..
3599 111 3628 127 .’
3671 123 3680 126 -
3705 111 3742 128 ,τε-
3884 112 3927 125 "re
4038 120 4051 126 ο

2178 130 2187 133 τ
2280 132 2291 133 ί
2388 133 2415 137 να
2434 130 2487 138 ά--ι
2681 131 2706 136 --
2725 133 2728 136 -
2749 131 2756 136 --
2793 129 2875 141 ο---
2907 133 3038 142 .-.η-...-
3115 133 3296 144 ι---ι-’”έ--..-
3348 144 3393 148 __
3475 135 3480 138 -
3523 133 3546 144 τ
3563 135 3578 144 .-
3631 135 3736 146 ’.ιι-..ι
3851 139 3928 150 ν..
4062 152 4081 159 .-

3470 419 3571 475 178

356 525 464 598 l5).
492 502 558 581 Et
582 506 699 597 ipse
736 535 820 583 est
847 537 973 583 ante
998 543 1208 594 euntes,
1249 539 1304 586 et
1345 530 1607 585 omniain
1648 530 1743 585 illo
1777 512 1909 587 'con-
1936 534 1984 592 Δ
2009 536 2275 600 quomodo
2319 537 2637 594 universalis
2684 537 2921 595 Ecclesia
2955 552 3051 607 per
3098 547 3267 592 totum
3313 533 3569 590 mundum
3612 512 3615 520 λ

2011 626 2279 685 communi
2304 631 2718 699 consuetudine,
2759 633 2919 688 etiam
2952 641 3007 688 et
3052 647 3167 695 vos,
3193 640 3253 687 ut
3306 645 3459 685 reor.
3512 628 3568 683 in
3636 625 3647 631 ’

2009 714 2258 781 omnibus
2276 719 2608 777 orationibus
2633 737 2751 792 qua:
2778 722 2832 777 in
2858 724 3141 779 missarum
3170 721 3440 776 solemniis
3477 719 3572 773 de—

2008 811 2314 889 cantantur,
2339 807 2518 867 dicere
2544 812 2713 867 solet:
2752 810 2857 867 Pcr
2887 812 3065 867 Iesum
3093 811 3355 867 Christum
3388 808 3568 863 Domi-3

2010 910 2134 949 num
2159 907 2424 965 nostrum,
2440 901 2529 970 qui
2563 910 2729 956 tecum
2756 902 2870 956 vivit
2896 913 2943 957 et
2991 909 3169 973 regnat
3197 899 3335 955 Deus
3360 900 3413 953 in
3452 898 3571 951 uni;

2008 995 2116 1042 tate
2137 987 2363 1059 Spiritus
2386 991 2555 1045 sancti
2576 1009 2669 1063 per
2694 993 2868 1048 omnia
2887 992 3080 1048 sa’cula
3103 991 3432 1059 sucularum.
3462 988 3569 1055 Sed

2008 1088 2064 1136 et
2088 1082 2201 1152 ipse
2221 1082 2298 1137 ait
2322 1082 2577 1155 apostolis
2603 1084 2736 1148 suis,
2771 1083 2863 1155 (ιυί
2896 1083 3088 1154 passus
3115 1090 3203 1139 est
3246 1090 3569 1155 “(resurre-

2008 1108 2064 1136 cs
2088 1108 2201 1152 spot:
2221 1108 2298 1137 ius
2322 1108 2577 1155 awswus
2603 1108 2736 1148 suis,
2771 1108 2863 1155 qus
2896 1108 3088 1154 passus
3115 1108 3203 1139 ess
3246 1108 3568 1225 (“resurre-

2007 1170 2124 1226 xit:
2154 1170 2293 1226 Data
2318 1181 2395 1227 est
2438 1173 2565 1227 mihi
2588 1173 2754 1228 omnis
2801 1182 3026 1245 potestas
3051 1172 3255 1228 increta
3278 1190 3305 1227 e
3348 1172 3568 1228 interra

2008 1260 2219 1333 (Matth.
2250 1279 2403 1325 xvm,
2428 1264 2536 1336 l8).
2564 1264 2661 1321 Cui
2687 1263 2811 1333 data
2854 1273 3107 1335 potestas,
3135 1264 3237 1333 nisi
3264 1262 3339 1319 illi
3362 1265 3454 1335 qui
3498 1263 3567 1319 de

2007 1352 2224 1424 Virgine
2268 1360 2426 1409 natus
2475 1354 2595 1409 est?
2627 1369 2751 1409 nam
2785 1354 2923 1410 sicut
2958 1352 3130 1424 paulo
3172 1362 3296 1408 ante
3341 1353 3521 1408 dixisti
3551 1371 3595 1405 ελ

2012 1461 2032 1494 (
2060 1442 2157 1497 Dei
2180 1442 2349 1499 Filius
2394 1457 2463 1499 cx
2485 1443 2594 1499 Deo
2620 1445 3043 1501 substantialiter
3071 1452 3251 1510 natus,
3274 1445 3571 1500 essentiali-

2006 1540 2089 1588 ter
2113 1534 2300 1590 habuit
2337 1536 2550 1591 omnem
2588 1516 2907 1607 potestatem
2950 1550 3073 1591 cum
3098 1534 3258 1590 Patre
3284 1542 3339 1590 et
3363 1534 3569 1606 Spiritu

2004 1633 2228 1680 sancto:
2260 1626 2356 1682 sed
2383 1626 2499 1681 haec
2525 1634 2762 1696 potestas
2808 1625 2933 1682 data
2971 1634 3055 1681 est
3077 1625 3213 1680 Filio
3254 1625 3508 1697 Virginis.
3538 1647 3559 1678 ι

2005 1714 2072 1770 Et
2090 1715 2135 1770 si
2163 1729 2376 1773 omnem
2394 1724 2712 1786 potestatem
2753 1717 2933 1783 habet,
2960 1717 3226 1787 quomodo
3245 1726 3421 1787 potest
3447 1730 3566 1772 esse

2005 1814 2064 1860 ut
2101 1820 2211 1860 non
2238 1806 2311 1861 sit
2330 1791 2653 1861 omnimodis
2698 1822 2861 1863 verus
2907 1807 3050 1870 Deus
3094 1816 3146 1865 et
3191 1821 3351 1864 verus
3399 1807 3565 1863 Filius

335 1911 477 1967 sum,
508 1899 653 1969 quod
700 1898 960 1957 Hebraicc
1006 1898 1183 1968 Iesus,
1231 1901 1417 1957 Graece
1466 1909 1663 1981 σωτήρ,
1711 1902 1901 1960 Lanae
1933 1906 1979 1965 Β
2004 1894 2132 1952 Dei?
2158 1895 2366 1967 Moyses
2393 1894 2492 1951 fuit
2519 1896 2659 1952 Deus
2680 1899 3092 1967 nuncupativus,
3115 1908 3291 1953 tamen
3309 1913 3416 1953 non
3439 1899 3562 1953 data

338 1985 584 2044 Salvator
622 1989 1025 2061 interpretatur.
1073 1991 1261 2048 Merito
1302 1993 1465 2064 igitur
1497 1995 1701 2067 Virgini
1747 1995 1894 2051 salva

335 2085 460 2132 sunt
482 2079 665 2133 omnia
708 2094 828 2150 qua:
854 2080 1036 2150 genuit
1076 2080 1427 2137 Salvatorem.
1459 2081 1528 2138 Et
1569 2084 1772 2140 vocabis
1801 2104 1899 2141 uo-

332 2182 450 2223 men
474 2168 590 2237 ejus
630 2168 810 2225 Iesum
850 2168 1228 2246 (Luc.t,_"51),
1256 2173 1382 2242 quia
1430 2174 1484 2228 in
1514 2175 1640 2230 hoc
1682 2177 1898 2234 nomine

334 2256 560 2315 Deitatis
594 2259 851 2316 adoratur
874 2268 985 2316 tota
1029 2261 1282 2331 majestas
1315 2281 1328 2315 :
1380 2278 1569 2320 omnes
1607 2267 1700 2336 qui
1745 2282 1894 2323 com-

332 2356 615 2404 morantur
657 2351 711 2404 in
746 2350 916 2415 cmlis,
946 2352 1185 2408 universi
1210 2352 1301 2423 qui
1328 2352 1572 2423 habitant
1613 2356 1670 2411 in
1716 2359 1894 2425 terris,

328 2440 509 2496 cuncti
536 2441 627 2511 qui
654 2441 709 2496 in
754 2440 1019 2511 profundo
1060 2451 1308 2499 tenentur
1345 2443 1571 2512 inferni,
1604 2447 1731 2504 huie
1772 2465 1897 2520 pro-

327 2537 580 2586 sternunt
603 2531 829 2598 nomini,
873 2533 976 2589 hoc
1002 2534 1251 2589 adorant.
1296 2533 1434 2592 Audi
1469 2535 1786 2608 Apostolum
1814 2541 1896 2595 di-

326 2629 539 2674 centem
565 2635 579 2673 :
612 2618 679 2673 Ut
704 2623 760 2675 in
785 2624 990 2676 nomine
1013 2621 1143 2677 Iesu
1168 2624 1320 2680 omne
1361 2638 1496 2695 genu
1524 2628 1766 2696 ﬂectatur
1787 2646 1891 2685 cae-

326 2709 559 2775 lestium,
618 2712 941 2766 terrestrium
992 2720 1040 2766 et
1069 2712 1394 2787 infernarum
1419 2714 1643 2788 (Philip.
1676 2735 1741 2783 n,
1778 2718 1888 2793 l0).

326 2797 441 2856 lloe
488 2814 682 2855 nomen
726 2810 825 2866 est,
873 2803 1016 2873 quod
1051 2804 1196 2859 dedit
1220 2800 1378 2861 caecis
1414 2806 1609 2874 visum,
1651 2811 1891 2867 auditum

323 2891 525 2957 sunlis,
576 2892 781 2948 claudis
829 2909 1071 2959 cursum,
1122 2911 1425 2953 sermonem
1473 2900 1674 2965 mutis,
1724 2902 1889 2958 vitam

324 2985 575 3050 mortuis,
625 2988 898 3054 totamque
941 2980 1137 3042 diaboli
1184 2996 1503 3059 potestatem
1545 2991 1610 3046 de
1656 2992 1891 3049 obsessis

322 3077 639 3149 corporibus
661 3075 830 3133 virtus
869 3075 988 3147 ejus
1026 3078 1256 3134 nominis
1293 3078 1565 3151 ell'ugavit.
1611 3082 1678 3137 Et
1710 3085 1755 3139 si
1795 3100 1891 3141 no-
1927 3107 1931 3111 ·

323 3181 445 3239 men
475 3174 685 3222 tantum
705 3176 809 3233 est,
834 3176 1035 3237 quanta
1056 3170 1324 3237 potestas?
1353 3167 1458 3225 Sed
1496 3172 1618 3242 quis
1647 3183 1731 3229 est
1759 3176 1882 3243 iste,

2006 1993 2090 2041 est
2100 1987 2150 2041 ei
2174 1986 2350 2043 omnis
2368 1994 2605 2058 potestas
2630 2006 2645 2043 :
2671 1988 2790 2043 ideo
2810 1988 3043 2045 secundo
3069 1989 3334 2059 percussit
3352 1998 3564 2060 petram

2001 2076 2069 2131 ad
2104 2078 2417 2134 eliciendam
2446 2095 2662 2151 aquam.
2703 2079 2969 2151 Quidquid
3020 2096 3149 2137 vero
3178 2082 3562 2141 miraculorum

1989 2162 2247 2243 Christus
2294 2166 2462 2237 gessit
2503 2168 2555 2221 in
2586 2169 2828 2247 mundo,
2892 2169 3017 2225 dum
3042 2169 3239 2227 visibiii
3277 2173 3561 2242 prtesentia

1998 2262 2346 2312 conversatus
2366 2265 2449 2311 est
2474 2256 2614 2313 inter’
2658 2256 2919 2324 homines,
2950 2260 3166 2331 propria
3192 2261 3391 2316 virtute
3434 2261 3564 2318 fecit

1997 2354 2056 2401 ut
2074 2354 2263 2417 potens
2283 2354 2338 2410 et
2357 2361 2515 2404 verus
2540 2348 2698 2404 Deus.
2734 2337 2981 2420 Nunquid
3009 2350 3203 2421 aliquis
3250 2359 3557 2415 sanctorum

1996 2453 2093 2508 per
2115 2454 2174 2494 se
2204 2439 2379 2508 potuit
2420 2440 2619 2511 aliquid
2648 2434 2825 2497 facere
2857 2443 3059 2512 absque
3085 2456 3150 2498 eo
3179 2442 3269 2514 qui
3291 2443 3400 2497 ait:
3435 2440 3560 2498 Sine

1995 2543 2075 2580 me
2101 2526 2231 2580 nihil
2253 2529 2463 2598 potestis
2499 2528 2672 2598 facere
2708 2527 2889 2601 (Iona.
2918 2546 3011 2595 xv,
3039 2529 3138 2601 5)?
3176 2532 3270 2586 Dic
3297 2546 3426 2603 ergo
3453 2540 3506 2585 tu
3536 2572 3553 2597 ,

1994 2614 2137 2670 unde
2160 2614 2216 2669 in
2261 2615 2479 2672 nomine
2505 2614 2630 2693 Iesu
2678 2609 2855 2674 tantas
2892 2608 3115 2675 virtutes
3162 2611 3560 2693 fecerint‘apo-

1994 2705 2139 2771 stoli,
2171 2706 2216 2761 si
2241 2705 2355 2776 ipse
2373 2705 2529 2762 Iesus
2552 2721 2658 2763 non
2686 2708 2872 2764 habuit
2905 2710 3183 2781 propriam
3214 2719 3556 2782 potestatem,
3590 2764 3596 2769 .

1992 2796 2087 2851 sed
2111 2796 2552 2868 nuncupativam?
2576 2798 2669 2854 Dic
2717 2813 2948 2870 quoque,
2983 2814 3131 2870 rogo,
3163 2800 3253 2868 qui
3281 2799 3551 2855 contradi-

1993 2885 2072 2940 cis
2092 2886 2356 2942 divinitati
2387 2886 2616 2952 Iesn,‘et
2645 2904 2751 2944 non
2785 2888 2868 2943 vis
2896 2887 2951 2943 in
2988 2903 3055 2943 eo
3094 2896 3411 2958 potestatem
3438 2905 3559 2946 esse

1991 2978 2285 3047 propriam,
2312 2979 2417 3035 sed
2446 2994 2638 3035 munus
2694 2980 3224 3051 alterius,’quomodo
3270 2992 3325 3038 et
3363 2998 3556 3038 nomen

1990 3066 2106 3137 ejus
2137 3058 2337 3124 tantum
2387 3078 2706 3139 potestatem
2737 3070 2942 3137 habuit,
2972 3058 3076 3142 qua
3121 3072 3252 3143 ipse,
3280 3072 3431 3143 cujus
3456 3076 3561 3131 hoc

1995 3177 2188 3217 nomen
2216 3172 2318 3225 est,
2348 3168 2408 3217 ut
2444 3172 2497 3217 tu
2526 3163 2865 3233 blasphemas
2886 3204 2903 3231 ,
2961 3166 3144 3236 eguit?
3170 3165 3449 3233 Quomodo
3502 3158 3614 3243 in

320 3256 412 3328 qui
433 3266 660 3313 vocatur
690 3258 795 3313 hoc
832 3257 1080 3313 nomine?
1102 3246 1511 3333 DicatAngelps
1539 3280 1552 3315 :
1586 3262 1654 3317 Et
1692 3261 1888 3331 Filius,
1915 3248 1964 3314 ϐ
1992 3255 2208 3310 nomine
2230 3252 2345 3324 ejus
2375 3256 2645 3310 daemones
2664 3253 2844 3325 ejecti,
2876 3256 3077 3312 debiles
3101 3258 3307 3320 curati,
3357 3260 3556 3315 mortui

320 3346 517 3419 inquit,
546 3346 800 3402 Altissimi
824 3347 1088 3404 vocabitur
1112 3347 1262 3421 (Luc.
1292 3366 1339 3414 ι,
1368 3349 1496 3421 52).-
1512 3352 1737 3421 Videtis,
1760 3357 1887 3427 quia

1990 3343 2235 3399 suscitati
2260 3343 2419 3399 sunt?
2446 3343 2635 3401 Petrus
2664 3344 2807 3399 enim
2831 3343 3103 3419 apostolus
3127 3344 3319 3401 claudo
3339 3346 3432 3407 illi,
3465 3349 3556 3418 qui

318 3440 456 3508 quod
487 3438 1077 3527 concepitVirgo,‘non
1109 3442 1322 3497 terreno
1362 3444 1622 3513 germine,
1650 3447 1759 3517 sed
1780 3461 1889 3509 eo:-
1988 3433 2208 3527 δεᾴθδῖξί
2232 3433 2300 3489 δά
2320 3434 2618 3527 ερθίέίοεθιη
2655 3442 2864 3504 Pomm
2898 3434 3101 3527 ιεῐηῐδῧν
3129 3435 3183 3489 θη
3221 3439 3444 3503 nomine:
3476 3439 3556 3492 ίιι·

319 3528 436 3583 lesti
474 3537 740 3597 conceptu
772 3530 935 3601 Virgo
969 3531 1196 3600 peperit,
1227 3530 1320 3600 sed
1349 3533 1491 3589 Deus
1526 3538 1761 3607 suscepit
1798 3530 1888 3594 Fi-

319 3617 445 3675 lium
482 3629 533 3687 ρ.
575 3618 715 3690 Ergo
759 3619 851 3690 qui
896 3618 964 3674 de
1009 3620 1111 3674 hac
1155 3608 1447 3678 nativitatis.
1464 3623 1699 3687 humano
1726 3628 1886 3684 modo

317 3692 576 3783 disputat,
603 3709 671 3763 ad
696 3723 910 3763 omnem
935 3709 1104 3780 tendit
1129 3710 1261 3765 tanti
1282 3699 1538 3782 genitoris
1562 3712 1832 3783 iniuriam.
1860 3738 1877 3771 ι

382 3782 638 3874 δεῖν.
666 3798 924 3871 lntellige,
960 3814 994 3853 ο
1021 3798 1237 3874 indocta
1276 3802 1570 3868 temeritas,
1613 3782 1742 3875 quid
1764 3817 1887 3878 post

317 3900 588 3947 tantorum
618 3891 834 3946 Patrum
874 3891 1176 3945 testimonia
1217 3891 1445 3963 relinqui
1485 3895 1657 3964 possit
1681 3911 1884 3953 nuncu-

314 3985 543 4052 pationis
569 3984 623 4039 in
651 3984 866 4039 Christo
886 3984 969 4040 vel
988 3985 1306 4056 adoptionis.
1334 3987 1473 4044 Dicit
1492 3988 1606 4059 ipsa
1632 3990 1880 4048 Veritas:

316 4074 464 4141 Quod
490 4077 637 4131 Deus
673 4078 967 4148 conjunxit,
991 4080 1143 4134 homo
1171 4097 1273 4136 non
1295 4093 1495 4154 separet
1520 4082 1731 4154 (Matth.
1767 4103 1879 4151 xix,

315 4163 388 4236 6).
425 4165 573 4220 Deus
604 4164 880 4236 conjunxit
906 4168 1139 4238 seipsum
1169 4169 1417 4225 humanae
1462 4179 1689 4239 naturae,
1713 4184 1771 4228 ut
1795 4189 1881 4231 es-

311 4262 390 4310 set
436 4268 578 4311 unus
607 4254 747 4310 Deus
783 4255 836 4310 in
859 4254 1074 4335 duabus
1120 4259 1325 4313 naturis
1352 4299 1367 4323 ,
1419 4267 1475 4313 et
1524 4276 1664 4315 unus
1715 4260 1880 4320 Filius

312 4343 400 4402 Dei
424 4365 439 4401 :
467 4349 594 4418 quis
620 4355 703 4402 est
728 4347 816 4418 qui
841 4347 1011 4434 possit
1045 4362 1296 4417 separare
1333 4349 1473 4418 quod
1500 4347 1655 4406 Iesus
1679 4353 1879 4408 aduna-

312 4438 400 4505 vit,
425 4439 510 4495 vel
536 4437 782 4493 dividere
808 4438 949 4509 quod
991 4438 1131 4493 Deus
1156 4438 1469 4509 conjunxit?
1517 4438 1649 4497 Nam
1678 4442 1722 4496 si
1747 4443 1885 4499 duas

314 4543 563 4598 personas
591 4528 647 4582 in
693 4544 800 4583 uno
825 4528 1039 4584 Christo
1080 4539 1297 4601 propter
1343 4541 1582 4603 apertam
1633 4531 1909 4605 blasphea

1988 3525 2123 3595 quit,
2155 3523 2284 3579 Iesu
2324 3522 2519 3580 Christi
2555 3522 2708 3597 surge
2755 3536 2802 3580 et
2831 3526 3041 3580 ambula
3088 3527 3219 3597 (Act.
3255 3546 3337 3593 ιιι,
3365 3529 3440 3600 6).
3492 3529 3557 3585 Et

1985 3615 2178 3669 iterum
2209 3615 2263 3669 in
2293 3614 2509 3671 civitate
2535 3614 2701 3686 Ioppe
2729 3616 2796 3669 ad
2842 3628 2964 3670 eum
3002 3616 3093 3685 qui
3118 3617 3186 3672 ab
3241 3620 3397 3675 anuis
3432 3630 3554 3676 octo

1984 3707 2311 3779 paralyticos
2344 3706 2557 3779 iacebat
2599 3707 2652 3762 in
2690 3706 2863 3762 lecto:
2899 3705 3072 3762 Enen
3096 3748 3109 3773 ,
3159 3720 3312 3763 sanat
3338 3720 3386 3764 te
3410 3750 3425 3776 ,
3475 3711 3551 3766 in-

1984 3798 2120 3869 quit,
2147 3797 2304 3853 Iesus
2325 3795 2585 3864 Christus,
2609 3812 2762 3869 surge
2786 3791 2833 3851 et
2863 3807 3033 3853 sterne
3060 3798 3153 3853 tibi
3185 3798 3320 3866 (Act.
3347 3800 3550 3870 mu).
3647 3838 3655 3848 .

1983 3890 2180 3947 Paulus
2214 3904 2426 3962 quoque
2459 3890 2529 3945 ad
2581 3885 2827 3959 spiritum
2852 3884 3133 3943 Pithonis:
3166 3887 3445 3959 Ρνιιτὶρὶο,
3471 3888 3550 3944 ἰη-

1982 3984 2118 4054 quit,
2150 3982 2243 4038 tibi
2259 3982 2313 4039 in
2354 3981 2561 4036 nomine
2594 3978 2721 4033 Iesu
2762 3976 2976 4041 Christi,
3007 3978 3091 4032 exi
3115 3979 3179 4032 ab
3198 3995 3291 4062 ‘ea.
3337 3978 3401 4033 Et
3424 3981 3549 4039 exiit

1978 4072 2046 4127 ab
2060 4065 2466 4143 ea‘dma'ﬂum
2493 4069 2629 4140 (Act.
2656 4083 2739 4131 xv,
2772 4067 2880 4140 l6).
2901 4066 3071 4135 Quam
3097 4066 3250 4140 longe
3279 4084 3406 4142 ergo
3428 4071 3544 4126 tunc

1979 4161 2322 4217 imbecillitas
2346 4172 2377 4215 ι
2406 4159 2633 4215 1)οωίηο
2661 4158 2840 4225 fuerit,
2866 4160 2991 4216 hinc
3020 4156 3288 4231 intellige,
3333 4163 3549 4231 quando

1977 4267 2085 4327 nec
2105 4251 2179 4306 illi
2209 4249 2503 4306 imbecilles
2530 4249 2762 4327 fuerunt,
2790 4250 2881 4320 (ιυί
2908 4249 3033 4304 talia
3062 4264 3162 4321 per
3197 4265 3392 4307 nomen
3426 4252 3544 4324 ejus

1979 4324 2158 4402 facere
2168 4342 2481 4415 potuerunt,
2504 4343 2645 4413 quod
2673 4320 2760 4397 ille
2782 4357 2880 4413 per
2900 4320 3095 4397 nomen
3122 4340 3278 4397 suum
3302 4320 3548 4412 potenter

1977 4438 2103 4496 fecit
2129 4453 2145 4492 :
2173 4435 2433 4509 siquidem
2460 4435 2656 4491 nemini
2692 4433 3054 4505 apostolorum
3093 4442 3211 4504 post
3239 4433 3337 4489 Dei
3365 4448 3542 4489 resnro

1978 4530 2272 4587 rectionem
2296 4528 2381 4586 vel
2407 4530 2712 4589 daemones,
2759 4525 2844 4581 vel
2893 4526 3232 4582 inﬁrmitates
3273 4525 3543 4582 obstitisse

314 4621 463 4675 miam
495 4620 692 4699 timeas
736 4618 913 4685 fateri,
942 4630 1125 4699 tamen
1151 4621 1331 4677 omnia
1366 4637 1486 4691 quae
1506 4623 1712 4678 duabus
1748 4640 1875 4694 per-
1908 4609 1953 4667 Ι)
1977 4619 2312 4691 agnovimus.
2367 4617 2615 4686 Nunquid
2645 4616 2910 4689 in,seipso‘
2933 4616 3179 4673 infirmus
3201 4616 3306 4672 'l‘ttit
3329 4658 3343 4681 ,
3389 4616 3541 4684 cujus

312 4711 447 4766 sonis
474 4694 657 4766 ineSSe
680 4721 900 4765 necesse
932 4694 1034 4773 est,
1058 4710 1111 4764 in
1154 4718 1243 4764 tua
1299 4711 1633 4795 confessiope
1680 4713 1876 4767 contir-

312 4817 449 4858 tuare
478 4816 585 4857 non
623 4798 849 4857 metuis:
890 4797 1078 4855 Nonne
1123 4799 1228 4854 duo
1256 4807 1413 4866 sunt,
1452 4800 1543 4870 (ιυί
1589 4815 1750 4856 verus
1790 4811 1874 4857 est

312 4893 458 4961 Deus,
482 4903 539 4952 et
572 4894 667 4967 qui
728 4882 1117 4967 nuncupativlus
1170 4890 1346 4947 Deus?
1379 4907 1556 4947 nonne
1607 4892 1766 4947 etiam
1818 4902 1873 4949 et

312 4984 407 5041 duo
424 4996 571 5053 sunt,
594 4985 689 5057 qui
708 4983 986 5054 adoptivus
1007 4974 1090 5044 est
1110 4982 1297 5048 Filius,
1320 4993 1374 5039 et
1396 4984 1484 5038 ille
1501 4984 1591 5054 qui
1611 5000 1770 5041 verus
1789 4994 1873 5041 est

312 5069 500 5131 Filius?
530 5076 655 5131 Alia
686 5074 880 5145 quippe
906 5080 991 5128 est
1004 5087 1231 5143 persona
1252 5070 1367 5128 veri
1392 5072 1507 5137 Dei,
1533 5073 1635 5129 alia
1663 5091 1872 5132 nuncu-

312 5164 460 5229 βαιίγὶ
487 5184 500 5218 :
531 5173 588 5221 et
611 5164 720 5220 alia
755 5171 840 5221 est
861 5178 1084 5234 persona
1114 5161 1225 5217 veri
1248 5161 1366 5217 Filii
1390 5158 1508 5228 Dei,
1540 5162 1706 5219 altera
1734 5166 1868 5222 ado-

313 5252 430 5322 ptivi
459 5254 574 5312 lilii.
606 5257 802 5312 Omnis
841 5257 1019 5328 itaque
1046 5255 1138 5327 qui
1162 5252 1520 5325 evangelicam
1548 5255 1676 5327 legit
1699 5258 1867 5313 histo-

314 5342 455 5411 riam,
480 5345 786 5417 intelligere
806 5354 981 5416 potest
1030 5345 1170 5416 quod
1213 5344 1367 5400 Iesus
1411 5353 1465 5398 et
1500 5343 1749 5403 Christus
1773 5363 1868 5403 no-

314 5432 445 5493 mina
461 5442 589 5493 sunt
610 5420 966 5492 humanitatis
989 5437 1043 5491 in
1067 5436 1201 5497 Filio
1222 5436 1336 5492 Dei.
1369 5436 1435 5491 Et
1461 5435 1505 5490 si
1529 5433 1683 5491 Iesus
1709 5436 1867 5493 Chri-

314 5532 432 5591 stus,
465 5516 556 5603 qui
583 5536 749 5595 natus
779 5534 866 5582 est
890 5543 956 5583 ex
972 5530 1207 5601 Virgine,
1233 5545 1338 5587 non
1390 5538 1473 5587 est
1495 5544 1653 5585 verus
1679 5530 1822 5587 Deus
1850 5572 1864 5597 ,

364 5663 1196 5791 i%i£."’:~.i°£‘aiai§f‘a¥a

373 5734 411 5776 δ
431 5734 623 5793 Petrus
658 5734 1049 5808 tlhrysologus,
1079 5753 1238 5793 serm.
1273 5737 1391 5803 lll,
1424 5752 1539 5807 pag.
1573 5734 1694 5802 956,
1731 5744 1858 5791 tom.

316 5788 393 5862 in
412 5798 539 5866 snt
569 5806 675 5863 re.
1336 5842 1337 5845 γ
1808 5822 1809 5825 γ

159 6251 170 6254 “
227 6251 735 6274 *————_vr,

1978 4711 2112 4767 ﬁdes
2134 4710 2299 4765 etiam
2323 4723 2421 4782 per
2440 4708 2574 4764 alios
2611 4723 2776 4779 super
2802 4703 3057 4763 universa
3102 4709 3374 4782 regnavit?
3402 4708 3543 4775 Quid

1974 4809 2059 4858 est
2089 4808 2268 4856 autem
2290 4800 2435 4872 quod
2454 4799 2568 4870 ipse
2602 4799 2753 4870 cujus
2781 4799 3033 4870 potestati
3056 4801 3276 4870 derogas
3307 4798 3538 4869 disoipu-

1972 4891 2046 4961 lis,
2062 4891 2175 4947 suis
2195 4890 2273 4947 ait
2292 4871 2320 4947 τί
2355 4890 2422 4946 In
2461 4871 2665 4946 nomine
2715 4907 2827 4945 meo
2872 4890 3130 4945 dtmonia
3154 4890 3363 4961 ejicite?
3385 4891 3533 4947 Nun-

1969 4984 2099 5054 quid
2154 4983 2225 5040 ad
2278 4991 2596 5056 potestatem
2648 4974 2998 5037 exercendam
3045 4979 3260 5035 nomine
3309 4980 3535 5041 alterius

1971 5076 2140 5146 eguit,
2169 5077 2264 5148 qui
2286 5074 2459 5148 ipsum
2487 5086 2678 5129 nomen
2707 5086 2858 5126 suum
2884 5078 3203 5140 potestatem
3229 5086 3347 5129 esse
3373 5072 3533 5129 fecit?

1972 5164 2079 5223 Sed
2104 5165 2234 5237 quid
2271 5164 2447 5222 adhuc
2475 5161 2770 5219 addicitur?
2813 5159 2966 5225 Ecce,
2997 5161 3192 5233 inquit,
3227 5163 3347 5218 dedi
3392 5164 3532 5219 vobis

1967 5266 2271 5327 potestatem
2309 5254 2549 5320 calcandi
2586 5269 2741 5323 super
2770 5262 3025 5324 serpentes
3060 5264 3107 5308 et
3156 5245 3464 5325 scorpiones,
3486 5266 3536 5311 et

1968 5363 2121 5418 super
2147 5360 2349 5402 omnem
2374 5346 2607 5400 uirtutem
2639 5344 2837 5398 inimici
2865 5342 3015 5412 (Luc.
3049 5361 3102 5409 x,
3135 5344 3243 5417 15).
3278 5344 3441 5415 Quem
3475 5352 3530 5398 tu

1968 5432 2382 5514 nuncupatin
2407 5441 2573 5497 Deum
2596 5441 2752 5508 dicis,
2775 5442 3058 5515 Apostolus
3083 5441 3324 5496 scribens
3348 5440 3413 5494 ad
3439 5439 3528 5497 Tiﬂ-

1970 5545 2106 5603 tum,
2128 5548 2377 5606 magnum
2424 5533 2591 5590 Deum
2636 5535 2914 5590 nominare
2961 5545 3075 5599 non,
3095 5529 3397 5589 dubitavit:
3426 5532 3529 5601 Αρ-
3610 5603 3616 5607 ν

2042 5680 2063 5710 ι
2106 5670 2273 5732 Edit.,
2322 5684 2341 5715 ‹
2369 5665 2482 5721 Non
2510 5677 2779 5723 terrenum
2809 5668 3169 5736 germenest,
3191 5661 3285 5717 sed
3308 5661 3536 5718 cmleste

1971 5740 2130 5814 Virgo
2164 5736 2400 5812 peperit;
2433 5739 2524 5797 sed
2554 5737 2696 5793 Deus.
2720 5732 2953 5807 suscepit
2976 5732 3188 5789 Filium.
3222 5751 3245 5784 ι
