4238 6192
548 204 648 260 179

1395 209 1456 264 Β.
1490 209 1560 264 F.
1601 207 1824 264 ALBlNl
1865 207 1995 265 SEU
2034 207 2308 295 ALCUINI
2345 207 2631 266 OPERUM
2670 209 2848 282 PARS
2884 210 2970 267 Ill.

3689 213 3792 279 £80

541 322 718 387 paruit
745 322 904 384 enim,
925 321 1124 392 inquit,
1145 324 1316 392 gratia
1351 321 1448 376 Dei
1487 319 1775 377 Saluatoris
1801 333 1963 377 nostri
2008 338 2119 374 om-
2146 328 2195 384 Α
2222 336 2342 376 esse
2370 322 2528 377 desiit
2552 322 2839 378 inﬁrmitas
2886 323 3268 380 imbecillitatis
3296 325 3564 380 humanm.
3621 325 3794 382 Omne

545 415 695 465 nibus
724 411 1017 466 hominibus
1041 412 1282 466 erudiens
1313 429 1425 479 nos,
1453 423 1510 467 ut
1549 414 1856 484 abneguutes
1885 410 2120 483 imp-icta?

549 513 648 558 tem
671 513 717 556 et
745 504 1022 558 sn'cularia
1051 505 1310 558 desideria
1338 506 1508 560 sobrie
1531 516 1582 560 et
1602 507 1750 575 justo
1783 516 1830 558 et
1868 505 1950 575 pie
1976 505 2119 558 riva-

547 612 662 648 mus
697 612 751 649 ιιι
775 595 870 648 hoc
892 595 1106 660 steculo,
1135 607 1490 666 exspectantes
1535 598 1738 652 beatam
1768 614 1906 669 spem
1932 607 1982 652 et
2025 599 2122 652 ad-

548 696 751 741 ventum
775 685 957 755 gloritr
984 688 1158 757 magni
1181 686 1277 741 Dei
1312 686 1601 744 Saluatoris
1632 691 1794 743 nostri
1820 690 1948 744 Jesu
1969 687 2122 744 Chri-

548 779 614 830 sti
639 777 764 848 (Tit.
797 794 859 842 ιι,
890 777 998 851 Η).
1026 778 1189 848 Cujus
1209 781 1491 835 sententia:
1520 797 1736 836 sensum
1768 782 1957 836 beatus
1998 782 2124 836 Hie-

551 883 806 938 ronymus
850 870 904 924 in
952 878 1124 925 tractu
1151 870 1392 940 ejusdem
1437 871 1688 942 Epistula:
1717 873 1789 927 ita
1828 874 2118 942 exposuit:

555 979 575 1012 ι
611 959 711 1018 ιηή
743 963 1067 1033 est,-inquit,
1100 964 1260 1020 Arius
1306 966 1560 1036 serpens?
1595 966 1685 1020 ubi
1717 966 2010 1022 Eunomi‘us
2033 981 2124 1022 eo;

551 1052 738 1108 tuber?
772 1053 992 1126 Magnus
1005 1055 1144 1111 Deus
1169 1056 1328 1112 Jesus
1355 1056 1602 1113 Christus
1629 1057 1876 1113 Salvator
1903 1060 2117 1124 dicitur,

551 1162 659 1202 non
685 1148 1069 1218 primogenitus
1099 1151 1275 1204 omnis
1320 1140 1604 1217 creaturte,
1637 1160 1741 1206 non
1765 1151 1998 1206 Verbum
2028 1151 2128 1212 Dei

552 1247 607 1291 et
657 1238 917 1309 sapientia
959 1239 1127 1312 εει
1155 1239 1298 1313 (qua:
1327 1251 1453 1297 sunt
1503 1243 1885 1314 appellationes
1932 1244 2126 1299 divinze

550 1332 915 1403 generationis
935 1333 987 1404 ι’]
1013 1349 1028 1387 :
1059 1336 1152 1412 sed
1180 1334 1336 1391 Iesus
1357 1346 1413 1392 et
1430 1336 1699 1402 Christus,
1715 1353 1834 1408 qua:
1867 1321 2128 1393 vocabula-

551 1421 810 1491 assumpti
857 1422 1092 1479 hominis
1121 1433 1264 1479 sunt.
1320 1425 1504 1496 Neque
1535 1442 1664 1482 vero
1719 1427 1883 1482 alium
1935 1426 2122 1484 Jcsum

553 1509 848 1575 Christum,
878 1512 1041 1566 alium
1067 1514 1298 1568 Verbum
1343 1515 1595 1581 dicimus,
1621 1524 1681 1570 ut
1736 1532 1871 1572 nova
1905 1518 2126 1575 hzeresis

554 1600 943 1668 calumniatur;
976 1604 1072 1658 sed
1104 1605 1352 1659 eumdem
1386 1613 1442 1660 ct
1465 1613 1590 1660 ante
1630 1605 1823 1662 siccula
1856 1605 1941 1679 [8.
1972 1607 2120 1672 Hier.

2217 425 2345 480 ergo
2369 413 2581 482 penitus
2605 413 2708 468 hoc
2737 413 3043 469 testimonio
3072 413 3368 486 [Querut.,
3400 415 3792 490 testimonium]

2217 502 2533 574 mysterium
2552 511 2608 557 et
2630 512 2854 573 sumpta:
2882 505 3062 559 carnis
3105 513 3160 560 et
3204 505 3458 575 perfecta:
3496 505 3793 562 divinitatis

2217 593 2484 663 exposuit.
2535 592 2729 650 Dicens
2765 594 2908 649 enim
2946 604 3040 648 :et
3078 595 3122 649 si
3149 595 3478 665 cognovimus
3530 594 3794 651 Christum

2218 683 2502 738 secundum
2543 700 2751 738 carnem
2779 723 2794 748 ,
2839 692 3237 739 sacramentum
3267 683 3463 739 nati'in
3490 699 3655 740 carne
3697 684 3794 740 Dei

2223 776 2432 832 locutus
2478 783 2581 830 est.
2613 773 2885 844 Adjiciens
2913 784 3095 830 autem
3125 793 3138 829 :
3188 793 3326 829 nunc
3365 794 3470 831 non
3502 776 3622 847 jam
3651 777 3797 831 mi-

2219 889 2369 936 mus,
2413 871 2524 925 vim
2563 869 2820 941 deposita
2840 871 3174 928 inﬁrmitatis
3216 870 3368 927 licuit
3396 857 3797 945 [cau..'expn-

2221 960 2376 1034 cuit].
2407 960 2484 1016 Ac
2509 977 2606 1033 per
2623 961 2728 1015 hoc
2752 961 2988 1032 cognitio
3010 962 3153 1018 illius
3183 959 3384 1034 [Cass.,
3412 963 3649 1034 cognitio
3679 960 3794 1034 illa]

2223 1053 2402 1108 carnis
2421 1051 2486 1106 ad
2524 1050 2969 1122 signiﬁcationem
2997 1052 3230 1122 pertinet
3249 1052 3503 1116 hominis,
3532 1051 3798 1121 ignoratio

2224 1150 2402 1196 autem
2425 1142 2492 1196 ad
2519 1141 2782 1206 honorem.
2817 1141 3128 1197 divinitatis.
3163 1141 3278 1198 Hoc
3306 1150 3391 1197 est
3408 1142 3551 1196 enim
3573 1142 3752 1197 dicere
3779 1161 3792 1195 :

2223 1230 2551 1300 cognovimus
2581 1219 2864 1300 Christum
2905 1230 3188 1284 “modum
3231 1247 3442 1284 carnem
3466 1270 3483 1296 ,
3525 1229 3796 1298 quandiu,

2223 1321 2367 1392 quod
2411 1320 2704 1375 secundum
2749 1335 2967 1376 carnem
2992 1331 3439 1392 cognosceretur,
3495 1321 3631 1375 fuit:
3661 1336 3798 1374 nunc

2216 1412 2335 1481 jam
2363 1429 2466 1466 non
2491 1414 2724 1467 nouimus
2749 1453 2764 1477 ,
2821 1421 3104 1483 postquam
3132 1430 3255 1469 esse
3276 1413 3458 1469 divisit
3484 1411 3682 1486 [ϐαι.
3707 1411 3802 1466 de-

2225 1502 2392 1576 sivit].
2423 1503 2624 1558 Natura
2673 1506 2815 1561 enim
2842 1506 3023 1561 carnis
3067 1506 3120 1560 in
3173 1507 3467 1576 spiritalem
3505 1513 3589 1560 est
3625 1513 3802 1559 trans-

2226 1595 2333 1649 lata
2370 1595 2766 1662 substantiam;
2803 1605 2857 1652 et
2882 1597 3008 1675 illud
3031 1598 3173 1668 quod
3205 1596 3377 1651 fuerat
3397 1597 3663 1668 quondam
3699 1593 3800 1653 lio-

554 1693 701 1746 addit
729 1709 747 1747 :
776 1701 830 1748 et
849 1702 972 1763 post
1020 1695 1256 1769 saecula].
1283 1707 1336 1751 et
1364 1706 1489 1752 ante
1511 1699 1764 1754 mundum
1794 1706 1847 1753 et
1871 1707 1991 1768 post
2015 1698 2127 1752 Ma-

2232 1684 2411 1748 minis,
2445 1682 2644 1738 factum
2685 1695 2770 1741 est
2805 1694 2976 1740 totum
3015 1685 3131 1740 Dei.
3160 1685 3227 1740 Et
3253 1685 3370 1739 ideo
3388 1685 3507 1755 jam
3536 1699 3639 1737 non
3662 1681 3805 1736 nori-

554 1775 722 1850 riam;
790 1785 899 1841 imo
951 1775 1018 1842 ex
1060 1787 1234 1842 Maria
1280 1805 1530 1858 maguum
1593 1790 1760 1845 Deum
1799 1791 2126 1861 appellamus

556 1874 890 1932 Salvatorem
923 1887 1164 1933 nostrum
1191 1879 1373 1936 Iesum
1419 1881 1712 1947 Christum,
1735 1883 1827 1953 qui
1858 1884 2003 1938 dedit
2043 1899 2128 1940 se-
2155 1932 2160 1937 .

556 1967 840 2038 metipsum
864 1984 973 2038 pro
996 1971 1171 2025 nobis.
1207 1990 1225 2022 ι
1855 2043 1859 2047 η

625 2059 714 2114 Vl.
753 2059 887 2128 Quis
921 2070 1005 2117 est
1031 2078 1159 2118 vero
1201 2065 1291 2133 qui
1314 2063 1654 2134 judicaturus
1691 2076 1776 2122 est
1827 2068 2084 2146 mundum
2109 2109 2125 2133 ,

559 2151 723 2206 homo
773 2162 982 2209 tantum
1024 2157 1332 2222 solitarius,
1363 2158 1446 2212 vel
1479 2158 1622 2214 Deus
1661 2159 1801 2214 ﬁlius
1851 2161 2130 2216 hominis?

558 2242 907 2313 Nequaquam
943 2247 1015 2300 ita
1065 2248 1409 2304 adversarius
1443 2266 1501 2304 es
1530 2252 1773 2315 veritati,
1829 2261 1890 2306 ut
1933 2252 2131 2308 audeas

557 2335 927 2391 contradicere
984 2337 1151 2408 ipsius
1201 2340 1458 2395 Veritatis
1505 2342 1826 2402 testimonio,
1860 2358 1980 2414 quae
2014 2330 2125 2398 ait.

558 2424 690 2478 Cum
718 2427 906 2480 sederit
928 2428 1072 2497 ﬁfius
1097 2430 1322 2485 hominis
1360 2432 1413 2486 in
1455 2432 1576 2487 sede
1603 2435 1888 2504 majestatis
1915 2434 2126 2506 (Matth.

560 2533 672 2580 xix,
703 2516 815 2581 28).
839 2517 1080 2588 Itemque
1106 2521 1382 2589 apostolus
1407 2523 1606 2578 Paulus
1629 2526 1898 2590 eumdem,
1921 2526 2012 2595 qui
2050 2522 2131 2590 iu-

559 2607 837 2665 dicaturus
859 2619 942 2665 est
962 2612 1237 2674 mundum,
1270 2613 1436 2668 Deum
1473 2617 1692 2669 omnino
1727 2615 2029 2678 afﬁrmavit,
2053 2615 2134 2670 di-

450 2731 457 2736 -
561 2714 688 2753 cens
717 2701 781 2753 ad
814 2701 1116 2756 Romanos:
1153 2704 1396 2775 A.’ioquiu
1432 2705 1691 2776 quomodo
1706 2707 1968 2776 judicabit
1993 2705 2132 2760 Deus

561 2793 700 2845 hunc
727 2795 978 2848 mundam
1021 2795 1197 2866 (Rom.
1231 2814 1313 2861 ιιι,
1336 2797 1420 2868 6);
1455 2799 1556 2862 nisi
1586 2798 1743 2863 forte,
1766 2800 1888 2869 quia
1909 2799 2134 2868 Aposto-

563 2881 646 2938 lus
673 2883 725 2937 in
757 2885 858 2939 alia
886 2887 1119 2956 Epistola
1161 2904 1259 2942 nos
1302 2888 1722 2945 mauifestaudos
1751 2901 1874 2945 ante
1899 2891 2132 2945 tribunal

563 2979 764 3033 lilii-isti
798 2977 882 3048 (11
913 2975 1034 3033 Cor.
1080 2997 1133 3047 v,
1167 2981 1283 3050 l0);
1326 2983 1378 3037 in
1427 2983 1566 3049 alia,
1614 2993 1736 3038 ante
1780 2984 2010 3039 tribunal
2039 2985 2134 3039 Dei

2233 1791 2348 1828 mus
2374 1771 2638 1828 Christum
2687 1775 2973 1829 secundum
3002 1792 3229 1839 carnem,
3254 1776 3380 1846 quia
3424 1775 3673 1842 absorpta
3705 1787 3804 1843 per

2229 1868 2463 1922 divinam
2512 1868 2843 1938 majestatem
2895 1869 3206 1927 inﬁrmitate
3245 1886 3525 1942 corporea.
3554 1870 3688 1924 nihil
3717 1884 3804 1925 sa-

2227 1975 2323 2014 cro
2353 1959 2554 2015 resedit
2581 1961 2791 2032 corpori
2816 1974 2884 2014 ex
2927 1976 3036 2032 quo
3065 1957 3403 2017 imbecillitas
3427 1961 3482 2015 in
3506 1974 3580 2015 eo
3622 1958 3805 2014 carnis

2228 2048 2398 2118 possit
2440 2050 2675 2120 agnosci.
2732 2049 2810 2105 Ac
2832 2065 2930 2119 per
2974 2051 3078 2106 hoc
3129 2049 3389 2120 quidquid
3430 2049 3606 2104 fuerat
3656 2048 3807 2120 prius
3849 2052 3853 2055 ’

2229 2143 2543 2198 substantiae
2567 2141 2813 2214 duplicis,
2842 2143 3041 2199 factum
3082 2154 3166 2198 est
3201 2143 3416 2198 virtutis
3438 2144 3619 2198 unius.
3668 2141 3802 2198 Cum

2231 2231 2415 2301 utique
2445 2232 2646 2307 non-sit
2666 2232 2884 2287 dubium
2917 2231 3223 2298 Christum,
3271 2234 3362 2303 qui
3404 2233 3694 2289 cruciﬁxus
3721 2239 3808 2287 est

2230 2337 2297 2376 ex
2322 2321 2631 2376 inﬁrmitate
2653 2331 2854 2386 nostra,
2890 2331 3061 2378 totum
3097 2324 3277 2378 vivere
3319 2339 3386 2378 ex
3413 2324 3692 2394 majestate
3718 2323 3803 2376 di-

2232 2412 2374 2466 vina.
2406 2433 2424 2464 ι
2457 2413 2524 2466 Et
2580 2412 2741 2481 paulo
2770 2421 2892 2482 post
2914 2411 3056 2484 (cap.
3089 2408 3194 2484 ⁷5).
3232 2432 3250 2464 ι
3294 2412 3438 2469 Bene
3497 2429 3626 2484 ergo
3665 2412 3806 2483 Apo-

2233 2510 2402 2564 stolus
2439 2510 2661 2565 missum
2686 2525 2745 2565 se
2777 2511 2916 2565 sicut
2941 2526 2972 2564 a
2997 2509 3108 2565 Deo
3132 2510 3314 2575 Patre,
3339 2511 3411 2565 ita
3431 2518 3486 2564 et
3509 2527 3537 2563 a
3573 2509 3680 2563 Deo
3713 2507 3806 2562 Fi-

2235 2605 2306 2658 lio
2335 2607 2633 2675 prmdicans
2670 2607 3060 2663 confessionem
3085 2609 3270 2662 statim
3311 2608 3604 2662 Dominica:
3631 2606 3809 2659 incar-

2236 2697 2468 2754 nationis
2489 2697 2732 2766 adjuuxit
2767 2701 2985 2756 dicens:
3021 2698 3125 2764 Qui
3151 2700 3418 2754 suscitavit
3447 2715 3565 2752 eum
3603 2715 3634 2750 α
3675 2714 3809 2750 mor-

2237 2789 2338 2841 tuis
2365 2783 2505 2858 (Gal.
2528 2805 2568 2854 l,
2597 2788 2682 2856 1);
2711 2804 2896 2844 verum
2927 2789 3133 2844 scilicet
3181 2789 3444 2844 incarnati
3470 2787 3564 2843 Dei
3611 2803 3808 2856 corpus

2238 2878 2554 2934 suscitatam
2581 2894 2612 2933 a
2663 2881 2891 2936 mortuis
2919 2880 3117 2934 docens
3161 2879 3314 2948 juxta
3346 2880 3471 2934 illud
3500 2898 3513 2933 :
3561 2879 3629 2934 Et
3655 2879 3700 2933 si
3728 2893 3812 2931 eo-

2239 2971 2508 3036 gnovimus
2551 2967 2813 3023 Christum
2844 2970 3126 3024 secundum
3154 2986 3384 3033 carnem.
3411 2970 3545 3024 bene
3572 2969 3806 3024 addens:

566 3067 742 3138 (Rom.
776 3086 885 3137 xiv,
925 3069 1048 3142 10')?
1073 3057 1110 3111 ’δ
1140 3072 1272 3127 Ama
1304 3074 1489 3135 vitam,
1520 3090 1640 3129 ama
1688 3075 1913 3129 salutem
1952 3083 2131 3136 tuam,

2238 3057 2327 3110 sed
2353 3075 2489 3111 nunc
2505 3058 2624 3127 jam
2648 3075 2751 3126 non
2774 3060 3006 3118 novimus
3031 3075 3049 3112 :
3083 3060 3185 3114 hoc
3211 3059 3353 3112 enim
3379 3074 3438 3114 se
3462 3059 3514 3114 in
3540 3074 3604 3114 eo
3649 3070 3810 3113 nosse

568 3178 687 3215 ama
719 3177 841 3216 cum
880 3179 974 3233 per
997 3179 1156 3233 quem
1181 3165 1489 3235 redemptus
1511 3181 1593 3231 es,
1619 3175 1798 3221 metue
1824 3182 1946 3220 cum
1970 3181 1999 3219 a
2030 3181 2138 3236 quo
2240 3147 2370 3201 dicit
2400 3147 2692 3201 secundum
2724 3163 2958 3212 carnem,
2989 3149 3130 3218 quod
3157 3150 3280 3203 sita
3311 3149 3538 3203 mortuis
3585 3148 3814 3204 suscita-

563 3252 884 3321 judicandus
918 3270 995 3307 es.
1028 3253 1172 3310 Velis
1193 3255 1335 3308 enim
1366 3256 1526 3320 nolis,
1558 3255 1982 3310 manilestandus
2010 3264 2136 3310 ante
2237 3246 2325 3294 ωε
2349 3254 2364 3292 ³
2389 3240 2442 3293 in
2477 3256 2542 3293 θο
2592 3255 2722 3294 vero
2748 3254 2804 3294 se
2833 3255 2955 3294 eum
2992 3239 3106 3309 iam
3158 3257 3264 3295 ηοη
3312 3253 3470 3295 ηοεδθ
3518 3239 3810 3296 secundum

569 3345 803 3401 tribunal
833 3347 1035 3401 Christi
1065 3364 1153 3412 es;
1201 3358 1255 3404 et
1289 3349 1524 3418 seposita
1573 3349 1864 3418 impietatis
1890 3347 2129 3418 blasphe-

571 3437 701 3499 mia,
723 3451 786 3490 ac
815 3438 1098 3492 verborum
1124 3438 1416 3494 inﬁdelium
1445 3439 1791 3504 eantilena,si
1817 3437 1959 3492 aliud
1987 3446 2142 3509 putas

570 3525 806 3578 tribuna!
838 3525 930 3579 Dei
959 3543 1078 3580 esse
1106 3544 1269 3598 quam
1297 3528 1522 3595 Christi,
1547 3531 1733 3586 venias
1757 3538 1881 3584 ante
1910 3529 2143 3584 tribunal

572 3615 796 3679 Christi,
824 3623 876 3669 et
894 3615 1134 3670 invenies
1161 3626 1390 3687 utroque
1418 3620 1737 3675 documento
1763 3619 2141 3690 inexplicabili,

574 3708 746 3775 ipsum
779 3706 1012 3760 trihunal
1054 3705 1144 3760 Dei
1181 3721 1299 3761 esse
1347 3708 1488 3776 quod
1512 3709 1736 3769 Christi,
1760 3718 2036 3778 totamque
2090 3709 2142 3762 in

573 3814 681 3851 uno
705 3798 838 3852 Filio
865 3798 992 3852 .lesu
1016 3797 1231 3853 Christo
1257 3798 1552 3854 divinitatis
1581 3800 1871 3868 potentiam
1895 3809 1949 3854 et
1972 3799 2146 3853 Patris

575 3888 668 3942 Dei
693 3889 1047 3956 uiajexmtem.
1066 3890 1216 3964 idem
1244 3907 1455 3961 quoque
1481 3891 1735 3960 peclatus
1750 3892 1986 3964 gentium
2014 3907 2147 3961 pra:-

575 3982 782 4036 dicator
809 3981 895 4033 ubi
930 3963 1110 4037 carnis
1129 3983 1581 4052 dispensationem
1608 3994 1661 4040 et
1685 3963 1869 4041 veram
1890 3986 2146 4042 divinita-

579 4074 650 4127 tis
685 4071 1054 4129 eelsitudinem
1101 4073 1316 4131 Christo
1353 4077 1526 4133 inesse
1581 4079 1822 4136 scribens
1866 4079 1933 4134 ad
1959 4077 2150 4135 Coriu-

579 4164 720 4218 thios
747 4165 979 4219 ostendit
1006 4183 1019 4218 :
1055 4163 1110 4219 Si
1143 4155 1471 4234 hoveramus,
1498 4169 1610 4236 ait,
1663 4169 1936 4241 Christum
1966 4188 2151 4228 secun-

578 4256 704 4309 dum
727 4273 955 4321 carnem,
987 4256 1077 4310 sed
1121 4275 1255 4311 nunc
1286 4259 1394 4324 iam
1433 4276 1535 4314 non
1578 4263 1811 4315 novimus
1831 4261 1883 4332 (Ι
1890 4262 1918 4316 1
1940 4261 2150 4328 (ἔσται,

581 4347 702 4416 16);
744 4348 796 4400 in
823 4347 909 4402 his
932 4348 1139 4402 scilicet
1161 4349 1498 4417 paucissimis
1523 4351 1700 4404 verbis
1725 4366 1977 4422 magnum
1999 4351 2153 4408 Chri-

2240 3343 2482 3394 carnem,
2509 3330 2652 3400 quod
2681 3338 2927 3386 cessante
2957 3331 3134 3386 carnis
3162 3330 3452 3402 fragilitate
3479 3333 3532 3386 in
3555 3333 3663 3388 sola
3691 3347 3812 3388 eum

2241 3421 2452 3478 noverit
2479 3421 2571 3476 Dei
2599 3435 2718 3476 esse
2755 3421 2972 3477 virtute.
3013 3442 3031 3474 ι

2313 3533 2421 3594 Vill.
2459 3534 2596 3588 Audi
2636 3533 2798 3608 igitur
2823 3533 2952 3602 quid
2999 3533 3139 3588 idem
3187 3534 3457 3603 apostolus
3499 3534 3566 3588 de
3603 3531 3819 3588 Christo
3857 3530 3867 3536 ’

2243 3625 2391 3687 dicit,
2417 3635 2600 3678 utrum
2646 3624 2795 3679 illum
2840 3625 3110 3679 hominem
3140 3625 3221 3677 vel
3250 3625 3411 3677 etiam
3434 3623 3602 3676 Deum
3621 3620 3820 3676 voluis-

2243 3725 2326 3771 set
2351 3716 2572 3783 intelligi
2600 3735 2612 3768 :
2644 3708 2725 3767 Ait
2752 3717 3183 3786 experimentum,
3209 3715 3401 3782 inquit,
3427 3713 3662 3783 qua'ritis
3676 3712 3819 3766 illius

2243 3809 2332 3877 qui
2357 3808 2410 3859 in
2439 3822 2519 3858 me
2540 3800 2770 3874 loquitur
2794 3802 3124 3876 Christus(ll
3142 3801 3265 3858 Cor.
3297 3820 3416 3865 xm,
3440 3804 3532 3876 5)?
3561 3802 3678 3869 Quo
3703 3804 3820 3858 loco

2239 3898 2367 3962 yolo
2390 3896 2738 3951 utedisseras
2762 3895 2913 3960 mihi,
2937 3911 2970 3950 ο
2995 3894 3141 3950 Felix
3165 3896 3177 3948 !
3209 3895 3349 3950 hunc
3369 3912 3525 3965 quem
3554 3895 3717 3966 825
3743 3897 3822 3951 Io-

2247 3989 2338 4059 qui
2367 3987 2650 4058 Apostqus
2678 3987 2816 4040 intra
2847 4001 2905 4041 se
2950 3983 3100 4049 dicit,
3129 3986 3289 4040 homo
3341 3987 3410 4040 sit
3440 4002 3508 4040 an
3539 3987 3715 4041 Deus?
3761 3986 3819 4042 Si

2248 4086 2428 4144 homo.
2460 4082 2726 4152 quomodo
2752 4083 2804 4136 iu
2845 4081 3005 4135 corde
3051 4080 3166 4149 ejus
3206 4097 3402 4151 corpus
3424 4081 3569 4150 loqui
3611 4090 3824 4150 poterat

2251 4175 2507 4230 alterius?
2534 4174 2590 4229 Si
2614 4174 2775 4238 Deus,
2792 4189 2921 4244 ergo
2948 4189 3053 4228 non
3076 4175 3237 4227 homo
3247 4173 3512 4236 Christus,
3540 4173 3632 4228 sed
3649 4173 3817 4254 Deus:

2251 4264 2378 4333 quia
2399 4279 2518 4319 cum
2544 4263 2752 4317 locutus
2779 4263 2833 4316 in
2852 4262 3106 4330 Apostolo
3131 4261 3379 4314 Christus
3399 4263 3486 4321 sit.
3519 4269 3576 4317 et
3595 4261 3748 4330 .loqui
3767 4262 3821 4314 iu

2255 4367 2321 4408 eo
2344 4368 2451 4408 non
2475 4353 2709 4421 potuerit
2747 4352 2847 4405 nisi
2895 4351 3075 4405 Deus:
3110 4366 3238 4420 ergo
3294 4350 3504 4406 locutus
3545 4361 3628 4407 est
3655 4352 3709 4406 iu
3755 4367 3822 4407 eo

583 4404 665 4496 sti,
678 4404 1062 4495 incarnationis
1081 4404 1390 4511 mysterium
1421 4404 1974 4513 demonstranszme
1996 4404 2155 4502 verba
2186 4404 2232 4462 υ
2915 4441 3094 4509 itaque
3121 4404 3252 4494 nihil
3274 4404 3396 4496 esse
3542 4404 3823 4514 jam—quod

582 4533 774 4588 beatus
796 4531 1086 4588 Cassianus
1138 4533 1406 4588 catholico
1432 4550 1704 4605 exponens
1739 4552 1899 4592 sensu
1931 4537 2068 4609 (Lib.
2093 4555 2155 4594 ιιι

583 4626 650 4680 de
674 4624 916 4691 Incarn.,
939 4640 1059 4695 cap.
1089 4624 1144 4696 5)
1172 4645 1184 4679 :
1220 4613 1242 4677 ξ
1284 4626 1541 4682 Ascendit
1588 4645 1748 4700 ergo,
1801 4630 1993 4700 inquit,
2018 4647 2154 4700 quo-

587 4713 874 4771 dammodo
894 4717 1049 4786 quasi
1092 4717 1142 4772 in
1199 4716 1444 4772 altiorem
1472 4718 1693 4788 gradum
1743 4720 2001 4776 doctrina:
2025 4736 2156 4791 apo-

590 4805 792 4861 stolica:
813 4807 1145 4877 prasdicatio,
1171 4815 1226 4864 et
1249 4808 1371 4864 licet
1395 4823 1588 4864 sensus
1610 4807 1682 4862 ibi
1701 4809 1752 4862 in
1781 4818 2007 4879 utroque
2025 4824 2156 4864 con-

592 4898 794 4961 veniat,
823 4910 1215 4955 sacramentum
1255 4909 1435 4956 tamen
1490 4898 1744 4970 perfectae
1773 4898 1913 4962 ﬁdei,
1945 4906 2160 4954 senten-

594 4986 669 5042 tia
697 4990 1033 5059 expressiore
1061 4991 1376 5056 conﬁrmat,
1403 4993 1586 5049 dicens
1614 5011 1624 5045 :
1659 4991 1726 5045 Et
1761 4992 1806 5046 si
1831 4992 2160 5062 cognouimus

595 5079 877 5134 secundum
903 5099 1106 5137 carnem
1131 5082 1418 5149 Christum,
1442 5085 1532 5139 sed
1572 5101 1708 5138 nunc
1743 5084 1860 5154 jam
1890 5099 1993 5136 non
2021 5083 2162 5136 novi-

596 5187 745 5235 mus;
773 5170 1018 5225 videlicet
1056 5172 1180 5239 quia
1208 5173 1359 5240 prius
1396 5188 1515 5227 eum
1555 5181 1609 5227 et
1656 5172 1924 5228 hominem
1967 5171 2165 5228 scimus

597 5269 653 5314 et
680 5260 868 5324 Deum,
913 5274 1054 5313 nunc
1101 5249 1314 5314 tantum
1361 5259 1526 5316 Deum
1568 5262 1863 5336 [Quercet.,
1908 5270 2165 5318 cunctan—

600 5351 726 5406 dum
756 5350 964 5423 Deum].
1011 5350 1268 5406 Cessante
1295 5350 1602 5410 inﬁrmitate
1627 5357 1807 5410 carnis
1835 5355 1964 5410 nihil
1999 5355 2053 5409 iu
2103 5371 2169 5411 eo

597 5437 710 5510 jam
740 5442 1010 5503 novimus,
1059 5441 1162 5495 nisi
1189 5441 1441 5494 virtutem
1469 5433 1799 5501 divinitatis:
1843 5447 1965 5516 quia
1998 5454 2168 5504 totum

605 5527 661 5584 in
690 5527 798 5583 Deo
818 5528 1011 5600 [Cass.,
1040 5532 1092 5584 in
1111 5531 1196 5604 eo]
1220 5533 1393 5587 virtus
1417 5540 1502 5591 est
1523 5533 1818 5602 majestatis
1841 5536 2054 5606 divinte,
2077 5535 2168 5592 ubi

681 5653 707 5680 ι
747 5639 870 5697 Haec
905 5643 1092 5699 desunt
1114 5646 1251 5714 apud
1274 5644 1674 5715 Hieronymum.

2260 4545 2447 4592 contra
2474 4535 2589 4589 haec
2615 4533 2717 4589 dici
2756 4541 2934 4602 queat.
2961 4532 3069 4587 Nec
3113 4533 3523 4604 disjunctiouem
3552 4542 3646 4589 aut
3691 4533 3824 4588 divi-

2260 4628 2466 4682 sionem
2492 4625 2725 4695 aliquam
2754 4626 2894 4679 inter
2920 4624 3192 4679 Christum
3219 4625 3334 4680 ﬁeri
3357 4634 3412 4680 et
3440 4626 3605 4680 Deum
3633 4637 3822 4694 posse,

2261 4718 2387 4788 quia
2414 4724 2557 4772 totus
2581 4717 2634 4771 in
2664 4716 2880 4772 Christo
2905 4715 3068 4781 Deus,
3099 4724 3154 4771 et
3176 4724 3320 4770 totus
3341 4717 3398 4770 in
3420 4716 3532 4770 Deo
3553 4715 3820 4771 Christus.

2262 4809 2416 4863 Nulla
2445 4809 2535 4864 hic
2556 4809 2720 4876 recipi
2748 4809 3013 4877 separatio
3035 4816 3233 4878 potest,
3247 4807 3390 4861 nulla
3415 4804 3693 4869 diseissio;
3718 4817 3822 4858 una

2259 4906 2467 4952 tantum
2494 4906 2574 4954 est
2595 4897 2845 4966 simplex,
2876 4913 2980 4952 una
3010 4889 3217 4952 tantum
3235 4911 3362 4950 sana
3401 4894 3665 4949 confessio
3691 4895 3825 4951 ado-

2261 5003 2402 5053 rare,
2425 5003 2626 5050 amare,
2653 4988 2828 5043 colere
2847 4987 3116 5043 Christum
3159 4987 3346 5041 Deum.
3373 4985 3675 5041 Concordat
3693 5003 3826 5058 quo-

2262 5097 2365 5153 que
2389 5083 2579 5136 beatus
2605 5079 2970 5151 Hieronymus
2988 5078 3421 5148 praescriptorum
3457 5079 3701 5135 sensibus
3724 5079 3827 5135 Pa-

2264 5181 2428 5236 trum,
2451 5172 2595 5242 quod
2617 5173 2778 5226 homo
2803 5177 3108 5247 assumptus
3129 5183 3160 5222 a
3186 5168 3351 5222 verbo
3376 5167 3469 5224 Dei
3502 5171 3555 5224 in
3579 5171 3826 5248 divinita-

2268 5264 2335 5317 tis
2365 5262 2692 5333 gloriﬁcatus
2737 5261 2807 5314 sit
2833 5259 3070 5330 potentia
3094 5266 3254 5327 atque
3281 5259 3506 5337 indivisa
3549 5262 3829 5331 majestate

2269 5355 2411 5410 Deus
2438 5370 2575 5410 unus
2597 5354 2850 5408 adoretur
2896 5352 2952 5406 in
2991 5350 3222 5417 Christo,
3253 5354 3393 5409 hunc
3426 5355 3673 5410 eumdem
3710 5368 3831 5410 sen-

2271 5459 2390 5496 sum
2421 5444 2474 5498 iu
2525 5443 2662 5496 libro
2690 5442 2853 5494 tertio
2889 5439 3404 5498 Commentariorum
3438 5444 3683 5500 Ieremia:
3710 5457 3832 5513 pro

2273 5533 2446 5602 pheta:
2474 5532 2780 5600 expressius
2813 5545 3015 5600 ponens
3039 5573 3056 5599 ,
3098 5534 3190 5589 ubi
3242 5536 3321 5592 ait
3353 5536 3434 5608 (in
3489 5552 3605 5608 cap.
3658 5535 3794 5605 xvu)
3816 5570 3832 5586 .

2348 5646 2374 5684 δ
2414 5645 2573 5700 Deest
2600 5644 2820 5713 aliquid.
