4238 6260
400 331 498 393 i8l
522 362 525 365 -

392 551 529 605 ml,
552 537 632 608 5),
659 552 788 609 ergo
817 537 1086 594 maledicti
1119 547 1278 618 erunt
1305 542 1398 610 qui
1421 540 1611 597 Jesum'
1627 550 1834 599 tantum
1868 543 1968 599 ho-

392 620 966 717 minemconﬁteutur.
999 630 1150 701 Quod
1179 634 1226 690 si
1266 636 1422 691 nobis
1473 632 1775 706 oppositum
1803 634 1966 691 fuerit

389 721 535 794 quod
561 731 620 777 et
642 736 742 778 nos
769 723 1051 779 credamus
1070 724 1124 780 in
1151 738 1275 780 eum
1293 725 1385 796 qui
1413 725 1576 781 dicit:
1609 723 1766 780 Nunc
1789 734 1962 779 autem

356 854 364 863 .
386 811 623 884 quwritis
645 811 1025 881 meinterﬁeere
1037 814 1293 868 hominem
1306 855 1321 879 ,
1341 815 1432 885 qui
1453 815 1716 869 ueritatem
1736 813 1876 870 nobis
1885 813 1964 868 lo-

384 911 539 957 eutus
557 917 695 966 sum,
720 918 877 971 quam
889 901 1067 957 audiui
1091 920 1123 957 a
1142 902 1254 959 Deo
1269 920 1289 958 :
1305 905 1409 964 hoc
1427 903 1689 959 Abraham
1705 920 1809 959 non
1818 903 1959 974 fecit,

385 1006 477 1046 nos
497 990 673 1062 facitis
684 1008 840 1062 opera
861 993 1019 1046 uestri
1039 988 1219 1047 Patris
1240 992 1556 1065 (loaa.vm,
1582 992 1705 1066 40);
1734 1008 1959 1065 respon-

384 1082 635 1155 debimus
659 1082 790 1140 illud
829 1083 1217 1156 apostolicum:
1250 1085 1377 1142 Etsi
1394 1084 1657 1143 Christum
1676 1088 1961 1160 aliquando
2006 1157 2010 1160 Q

378 1168 541 1242 iuta
555 1178 766 1231 carnem
786 1176 1133 1247 cognouimus,
1159 1176 1251 1230 sed
1279 1194 1418 1231 nunc
1436 1177 1683 1245 jam-nan
1697 1179 1953 1234 novimus.

380 1264 623 1337 Denique
666 1265 810 1321 idem
838 1265 1111 1337 apostolus
1157 1267 1211 1329 in
1249 1266 1514 1338 principio
1538 1267 1791 1338 Epistula:
1843 1282 1954 1326 sua;

378 1355 573 1412 scribit
595 1354 663 1411 ad
688 1353 910 1413 Galatas
933 1373 948 1410 :
978 1353 1181 1412 Paulus
1208 1355 1475 1437 apostolus
1503 1358 1606 1412 non
1639 1357 1704 1411 ab
1727 1357 1953 1413 homini-

378 1443 477 1500 bus
501 1460 663 1517 neque
701 1462 795 1517 per
821 1442 1082 1519 hominem
1100 1472 1127 1510 ,ν
1145 1446 1361 1525 (ed-per
1399 1445 1581 1502 Iesum
1603 1443 1868 1502 Christum
1903 1455 1952 1501 et

376 1531 545 1589 Deum
575 1530 817 1600 Patrem,
840 1534 931 1606 qui
961 1535 1233 1591 suscitauit
1267 1552 1384 1590 eum
1427 1553 1468 1591 a~
1511 1537 1754 1602 mortuis,
1777 1547 1828 1591 et
1863 1537 1952 1607 qui

376 1638 575 1685 meeum
628 1631 749 1678 sunt
781 1639 957 1679 omnes
997 1622 1186 1693 fratres
1227 1622 1370 1696 (Gal.
1395 1641 1435 1690 ι,
1468 1625 1492 1679 Ι
1525 1665 1542 1691 ,
1588 1624 1666 1695 2).
1699 1623 1759 1680 Si
1804 1625 1948 1680 enim

376 1727 523 1768 mors
553 1702 808 1784 absorpta
837 1713 1000 1770 estin
1023 1713 1248 1770 victoria
1280 1713 1334 1786 (Ι
1359 1712 1482 1769 Cor.
1520 1729 1613 1781 xv,
1633 1713 1748 1786 54),
1776 1730 1947 1787 quare

1127 297 1537 397 DOCMATlCA.
1580 370 1641 380 —
1684 341 1843 395 μων.
1880 339 2172 399 FELICEM
2207 345 2386 402 unm
2424 348 2531 404 vu.
2562 380 2632 391 —
2658 350 2784 405 LIB.
2826 352 2909 406 IV.

1873 69 1880 72 _
1971 63 2034 76 ..τ-
2087 57 2156 74 -τρ
2179 51 2296 68 ,,τ.-.-τ
2323 45 2432 58 --ον
2451 39 2574 60 1'1"":
2593 39 2654 58 τε...
2671 45 2740 56 -ι--
2874 41 2943 73 ’4
3015 39 3022 42 “
3201 51 3214 58 -
3266 44 3306 65 ·-
3348 54 3425 67 ..μ-,ι
3470 66 3485 71 .-
3624 64 3655 70 ο
3678 74 3689 79 ν
3934 70 3941 73 Δ
4138 74 4149 77 _

1230 37 4155 121 ,τπδ’-τω
3502 74 3525 83 ι
3578 78 3765 105 ...μείς
3784 82 4155 119 se}...

1202 110 1241 117 ___
1617 111 1649 121 γ
1716 98 2269 127 -ι-ς-ιυ-ρι-σ-τπξξ-ερξιῑσῌ,
2272 102 2369 129 *δι”-’νγ
2412 96 2493 131 3"“)
2528 96 2665 133 fa"???
2702 104 3067 135 Wr-‘Wﬁa,
3548 130 3551 131 ν
3950 126 3963 131 ⁷

2172 140 2179 148 η
3027 144 3038 153 ο

3528 357 3628 419 182

400 461 425 499 s
456 440 515 501 Si
534 443 840 500 maledictus
866 456 939 500 est
975 447 1127 502 homo
1150 448 1238 519 qui
1257 448 1473 517 conﬁdit
1504 450 1559 504 in
1583 451 1789 507 homine
1819 450 1953 523 (lor.
1985 455 2034 513 Α
2060 468 2220 512 verus
2245 466 2406 514 estet
2424 459 2518 515 Dei
2545 459 2746 517 Filius:
2778 463 3027 533 idemque
3053 464 3211 520 homo
3249 465 3389 522 Deus
3409 480 3630 538 propter

2065 545 2272 614 Deum;
2311 557 2366 603 et
2385 548 2526 605 idem
2564 550 2706 604 Deus
2733 551 2894 607 homo
2926 561 3146 623 propter
3167 553 3456 612 hominem.
3482 568 3544 611 ut
3573 558 3627 613 in

2066 632 2279 691 homine
2314 652 2636 710 quocunque
2682 639 2860 694 anima
2888 648 2945 695 et
2973 656 3185 711 corpus.
3211 642 3337 699 Hzec
3358 659 3485 715 ergo
3504 661 3627 701 um-

2048 730 2149 778 ‘tas
2173 732 2228 778 et
2270 727 2470 784 veritas
2491 728 2546 783 in
2583 728 2817 784 Christo
2841 744 3180 801 nequaquam
3234 742 3355 803 post
3395 734 3629 806 Virginis
3681 764 3690 774 -

2062 819 2276 881 partum
2329 823 2524 886 empta,
2556 817 2650 872 sed
2678 817 2734 871 in
2756 817 2872 887 ipso
2901 818 3137 890 Virginis
3161 829 3319 877 utero
3344 823 3654 894 conjuncta

2060 912 2223 975 atque
2244 906 2392 960 unita
2428 917 2530 962 est.
2563 908 2856 980 Diligenter
2883 910 3081 968 etenim
3122 928 3428 984 prtecavere
3468 915 3625 974 debe-

2060 1007 2213 1059 mus,
2264 1003 2326 1049 ut
2353 994 2626 1052 Christum
2655 1014 2762 1053 non
2791 1000 2960 1071 826
3002 1002 3162 1058 modo
3189 1019 3353 1059 unum
3381 1011 3505 1074 post
3529 1003 3628 1060 ba-

2058 1080 2331 1148 ptlsmum,
2359 1081 2445 1140 vel
2473 1087 2953 1153 resurrectionem;
2994 1090 3089 1145 sed
3117 1104 3330 1163 semper
3353 1109 3538 1159 unum,
3558 1109 3627 1150 ex

2057 1183 2165 1239 quo
2186 1181 2478 1241 conceptus
2502 1182 2587 1229 est
2614 1175 2668 1228 in
2721 1182 2875 1231 utero
2900 1176 3143 1248 virginali
3167 1218 3184 1243 ,
3233 1181 3584 1237 conﬁteantur
3608 1201 3622 1236 :

2057 1258 2183 1328 quia
2235 1259 2568 1317 intoleranda
2595 1262 2931 1335 blasphemia
2958 1273 3058 1332 est,
3088 1275 3149 1321 ut
3180 1270 3351 1325 etiam
3390 1271 3435 1326 si
3483 1287 3625 1327 nunc

2053 1362 2177 1403 eum
2198 1356 2363 1405 unum
2409 1349 2524 1420 jam
2544 1367 2665 1409 esse
2687 1355 2810 1425 quis
2831 1358 3108 1424 concedat,
3130 1359 3416 1429 aliquando
3444 1370 3622 1419 tamen

2052 1453 2157 1493 non
2183 1454 2370 1506 unum,
2409 1443 2504 1497 sed
2538 1443 2673 1500 duos
2696 1443 2862 1501 fuisse
2883 1439 3189 1504 contendat.
3218 1449 3309 1507 Sic
3350 1453 3494 1509 enim
3522 1453 3623 1509 iste
3648 1486 3651 1488 -

2053 1526 2201 1584 Felix
2232 1545 2353 1586 cum
2366 1533 2481 1588 suis
2500 1534 2818 1603 sequacibus
2840 1535 2896 1590 in
2917 1539 3157 1606 sequenti
3176 1536 3476 1595 litterarum
3497 1556 3622 1597 sua-

2012 1614 2017 1620 ’
2054 1633 2173 1673 rum
2194 1620 2334 1676 serie
2358 1622 2520 1677 etiam
2562 1623 2764 1680 sentire
2794 1624 3008 1681 videtur
3033 1644 3046 1680 :
3079 1645 3099 1678 ι
3127 1624 3184 1683 Si
3209 1628 3352 1683 enim
3377 1669 3394 1695 ,
3441 1630 3535 1695 ait,
3560 1640 3621 1686 ut

2052 1721 2148 1761 vos
2170 1708 2350 1775 vultis,
2379 1710 2541 1766 homo
2570 1722 2878 1782 assumptus
2902 1729 2932 1768 a
2965 1713 3104 1771 Filio
3130 1715 3248 1783 Dei,
3278 1733 3400 1774 mox
3427 1735 3457 1774 a
3485 1735 3617 1776 eon-

373 1818 482 1858 ηου
507 1802 689 1861 carnis
707 1777 1006 1871 inmitius,
1042 1818 1162 1874 qua;
1195 1777 1416 1876 propter
1467 1777 1760 1861 hum—anan)
1796 1777 1947 1861 .salu-
1978 1777 2023 1837 Β
2048 1798 2292 1868 ceptione
2317 1801 2594 1872 virginalis
2620 1777 2768 1858 uteri
2792 1820 2956 1861 verus
3004 1815 3294 1878 conceptus
3324 1819 3408 1865 est
3435 1810 3574 1867 Deus
3599 1853 3615 1877 ,
3700 1854 3705 1867 .

373 1900 480 1949 tem
503 1900 778 1964 assumpta
805 1901 910 1959 est,
932 1893 986 1947 in
1034 1891 1330 1949 divinitatis
1364 1894 1644 1950 transierit
1691 1894 1946 1964 majesta-

371 1989 501 2044 tem,
534 1988 597 2036 ut
625 1979 827 2037 iaceret
876 1989 1165 2052 utrumque
1190 1984 1394 2038 unum?
1436 2003 1455 2037 ι
1490 1983 1606 2039 Νοιι
1637 1983 1727 2040 hic
1753 1983 1944 2041 beatus

372 2069 731 2143 Hieronymus
775 2071 1144 2141 confusionem
1182 2072 1410 2130 duarum
1437 2065 1683 2146 designat
1723 2083 1941 2130 natura-

370 2177 512 2230 rum,
534 2162 629 2219 sed
654 2164 913 2219 unitatem
944 2165 1217 2235 potentiae,
1244 2174 1307 2221 ut
1344 2166 1627 2223 credamus
1648 2171 1816 2241 unam
1845 2183 1940 2244 po-

369 2253 591 2309 tentiam
615 2253 913 2310 divinitatis
940 2255 993 2310 in
1028 2254 1243 2312 Christo
1271 2256 1497 2313 Domino
1515 2258 1626 2313 Deo
1651 2256 1855 2324 nostro,
1870 2274 1940 2315 ne

368 2342 577 2402 dicatur
626 2344 858 2401 dualitas
903 2343 1204 2417 maiestatis
1231 2347 1287 2403 in
1332 2347 1550 2405 Christo
1598 2350 1655 2404 in
1704 2364 1811 2427 quo
1856 2359 1941 2406 est

368 2433 546 2491 unitas
570 2434 856 2492 individua
902 2451 1166 2507 personae.
1220 2437 1353 2493 Item
1382 2438 1522 2494 idem
1551 2439 1643 2511 qui
1677 2455 1839 2512 supra
1884 2450 1939 2497 et

367 2523 509 2581 trude
535 2540 695 2595 supra
725 2540 740 2580 :
775 2543 796 2577 s
825 2526 930 2582 Per
956 2528 1072 2583 haec
1102 2543 1316 2599 quoque
1354 2530 1633 2597 discimus,
1655 2531 1821 2588 Deum
1845 2549 1932 2589 so-

366 2611 477 2667 lum
512 2628 673 2670 nosse
696 2614 1050 2691 cogitationes
1075 2612 1387 2675 hominum.
1412 2617 1471 2675 Si
1514 2628 1694 2676 autem
1721 2621 1787 2676 de
1812 2621 1934 2677 Sal-

367 2712 553 2760 vatore
614 2705 811 2762 dicitur
853 2725 865 2761 :
928 2705 1121 2764 Videas
1177 2707 1333 2764 Iesus
1368 2709 1701 2781 cogitationes
1755 2727 1935 2765 eorum

300 2848 311 2853 ,
366 2793 519 2866 (Lac.
544 2812 622 2864 ιι,
656 2796 781 2868 l7);
832 2797 1116 2871 nullusque
1142 2807 1322 2870 potest
1338 2799 1521 2854 videre
1542 2799 1893 2871 cogitationes
1917 2838 1932 2863 ,

366 2887 475 2942 nisi
496 2887 642 2943 solus
670 2887 809 2944 Deus
838 2908 871 2943 τι
903 2904 1035 2961 ergo
1068 2896 1139 2945 'et
1179 2888 1428 2946 Christus
1477 2889 1619 2946 Deus
1647 2889 1774 2963 [est]
1798 2931 1813 2956 ,
1841 2890 1935 2961 qui

365 2983 637 3032 scrutatur
660 2978 915 3043 corda,et
934 2975 1122 3033 reddet
1137 2978 1424 3048 unicuique
1447 2978 1737 3033 secundum
1769 2993 1933 3049 opera

364 3082 482 3122 sua.
514 3086 532 3119 ι
564 3065 708 3124 idem
734 3083 947 3153 quoque
966 3068 1103 3125 libro
1129 3069 1287 3125 tertio
1304 3069 1358 3124 in
1384 3067 1550 3171 Amos
1575 3070 1930 3171 prophetam
1955 3105 2005 3171 ο

370 3176 393 3210 s
433 3157 586 3214 Tunc
638 3160 851 3230 quoque
907 3160 1294 3231 primogenitus
1344 3158 1571 3230 pupulas
1616 3158 1713 3215 Dei
1766 3158 1932 3214 Israel

365 3246 565 3322 [Hier.,
592 3250 982 3322 primogenitus
1029 3250 1194 3307 Filius
1223 3250 1343 3317 Dei,
1372 3250 1598 3322 populus
1629 3250 1815 3323 Israel]
1839 3252 1932 3323 qui

362 3336 418 3392 in
454 3340 788 3413 unigenitum
811 3349 865 3396 et
890 3356 1015 3398 vere
1058 3341 1249 3397 Filium
1276 3342 1369 3397 Dei
1412 3343 1636 3397 miserat
1670 3357 1887 3398 manum
1913 3383 1928 3407 ,

362 3435 566 3485 sterno
589 3429 756 3486 luctui
779 3431 1009 3486 traditus
1032 3441 1138 3497 est,
1159 3439 1215 3486 et
1236 3430 1528 3487 novissima
1554 3429 1688 3500 ejus,
1703 3430 1818 3486 sive
1839 3431 1931 3500 qui

363 3534 487 3576 cum
532 3534 599 3577 eo
646 3529 823 3589 erant,
868 3522 1222 3577 amaritudine
1272 3530 1397 3579 sunt
1440 3522 1648 3592 repleti.
1710 3541 1728 3575 ι
1784 3520 1930 3576 Idem

362 3623 575 3680 quoque
596 3610 1001 3666 inlachariam
1030 3610 1123 3666 lib.
1147 3611 1323 3685 primo
1351 3629 1363 3664 :
1401 3628 1419 3661 ι
1447 3610 1557 3665 Nec
1593 3611 1811 3687 mirum,
1832 3610 1928 3674 ait,

340 3699 409 3756 “si
429 3698 675 3756 Christus
693 3699 905 3755 dicatur
927 3699 1287 3770 omnipotens,
1318 3701 1404 3754 cui
1445 3698 1642 3754 tradita
1660 3708 1734 3753 est
1764 3698 1930 3752 omnis

362 3799 585 3851 potestas
600 3791 654 3846 in
675 3787 800 3846 caelo
818 3798 868 3844 et
892 3790 946 3844 in
975 3800 1114 3844 terra
1161 3786 1373 3861 (Matth.
1417 3803 1565 3855 xxiv,
1597 3788 1706 3859 l8).
1735 3787 1803 3842 Et
1838 3787 1930 3858 qui

361 3880 530 3936 dicit:
562 3878 753 3936 Omnia
776 3896 892 3952 qaa'
915 3876 1091 3934 Patris
1131 3887 1275 3947 sunt,
1306 3894 1421 3932 mea
1442 3877 1769 3961 sunttloan.
1796 3893 1927 3941 xvn,

361 3965 477 4039 ιο).
517 3987 536 4023 ι
1768 4023 1773 4028 .

432 4056 563 4114 Vill.
603 4057 881 4126 Quomodo
911 4058 1205 4115 catholicus
1237 4059 1493 4115 aestimari
1518 4067 1718 4129 potest,
1757 4060 1848 4128 qui
1877 4068 1932 4113 et

359 4156 630 4207 tantorum
655 4147 933 4203 doctorum
955 4148 1279 4203 testimoniis
1307 4163 1413 4202 non
1442 4147 1636 4211 credit,
1665 4161 1768 4201 nec
1797 4161 1927 4216 apo-

360 4239 551 4298 stolica
587 4238 657 4295 ad
682 4237 1056 4313 credulitatem
1084 4246 1332 4294 movetur
1359 4237 1701 4301 auctoritate,
1728 4251 1826 4291 nec
1845 4236 1927 4291 di—

360 4332 498 4386 vina:
521 4344 618 4401 per
636 4326 973 4409 evangelicas
1005 4327 1243 4401 paginas
1260 4325 1525 4381 consentit
1544 4325 1801 4380 veritati?
1822 4323 1928 4396 lgi-

2045 1903 2207 1945 verus
2227 1897 2284 1944 et
2302 1891 2633 1955 uatusDeus,
2661 1895 2928 1963 quomodo
2958 1896 3071 1965 ipse
3091 1895 3259 1953 Filius
3284 1898 3471 1971 Deiex
3486 1917 3616 1959 voce

2044 1975 2230 2033 forma:
2277 1979 2488 2035 servilis
2532 1983 2873 2052 prophetiam
2927 1985 3137 2041 Veteris
3189 1987 3517 2046 Testamenti
3547 1994 3620 2050 de

2041 2066 2723 2136 semetipso-testimonium
2747 2073 3017 2153 perhibet,
3052 2077 3195 2146 quod
3220 2093 3287 2132 ex
3313 2087 3468 2137 utero
3494 2097 3613 2137 ma-

2038 2155 2138 2210 tris
2163 2170 2352 2212 serms
2372 2159 2442 2214 sit
2462 2160 2745 2227 formatus,
2769 2163 2886 2233 ipso
2910 2165 3122 2223 dicente
3148 2184 3246 2238 per
3270 2171 3458 2227 Isaiam
3486 2190 3613 2244 pro-

2036 2247 2256 2316 phetam
2280 2263 2297 2302 :
2324 2247 2394 2302 Et
2423 2266 2558 2304 nunc
2585 2251 2696 2306 hinc
2722 2253 2850 2307 dicit
2875 2253 3153 2323 Dominus,
3183 2257 3419 2327 formans
3446 2278 3527 2317 me
3544 2280 3611 2319 ea:
3676 2262 3679 2267 “

2039 2345 2184 2391 utero
2220 2331 2421 2394 servitia
2441 2341 2561 2407 sibi,
2580 2352 2637 2396 ut
2661 2342 2908 2399 reducam
2925 2344 3091 2402 Iacob
3113 2348 3184 2402 ad
3204 2366 3345 2417 eum,
3364 2362 3414 2407 et
3441 2352 3612 2409 Israel
3635 2422 3638 2424 γ

2038 2426 2185 2500 [non]
2208 2431 2602 2501 eongregabitur
2618 2432 2779 2505 (Isa.,
2793 2451 2939 2499 ms,
2954 2435 3028 2509 5).
3043 2458 3061 2490 ι
3078 2437 3392 2509 Considera,
3417 2443 3611 2513 lector,

2034 2516 2318 2588 diligenter
2364 2522 2506 2588 quod
2543 2520 2631 2576 ille
2661 2520 2754 2593 [F.
2776 2562 2793 2589 ,
2819 2525 2950 2594 quid
2995 2526 3106 2600 ille]
3137 2529 3263 2584 velit
3289 2532 3356 2587 dc
3395 2532 3613 2591 Christo

2034 2610 2277 2682 intelligi,
2310 2614 2400 2683 qui
2429 2615 2584 2671 nobis
2611 2616 2957 2688 improperat,
2981 2621 3117 2678 velle
3145 2625 3518 2698 eumdem,qui
3540 2646 3609 2685 ex

2033 2709 2188 2758 utero
2216 2704 2465 2777 virginali
2503 2714 2758 2778 tanquam
2807 2724 3036 2779 sponsus
3089 2716 3353 2784 processit
3376 2718 3442 2772 de
3486 2719 3607 2773 tha-

2032 2789 2176 2847 lamo
2199 2808 2315 2859 suo,
2340 2794 2511 2851 Deum
2548 2812 2733 2852 verum
2761 2813 2880 2855 esse
2911 2799 3131 2872 [Supple
3151 2819 3171 2857 :
3194 2804 3532 2879 conceptum]
3554 2821 3610 2862 et

2034 2891 2240 2938 natum.
2270 2884 2412 2941 Dicit
2436 2888 2579 2944 enim
2605 2904 2622 2943 :
2651 2890 2717 2954 si,
2760 2899 2816 2943 ut
2846 2907 2930 2946 ros
2946 2891 3094 2946 vultis
3111 2907 3131 2945 :
3157 2896 3499 2966 perspicuum
3526 2911 3612 2954 est

2033 2986 2158 3026 eum
2179 2974 2321 3029 nolle
2347 2976 2491 3045 quod
2518 2977 2675 3033 nobis
2698 2977 2884 3048 objicit
2908 2981 3041 3037 velle
3067 3000 3079 3036 :
3121 2991 3281 3055 atque
3305 3001 3459 3041 suam
3478 3002 3603 3044 scu-

2035 3062 2257 3117 tentiam
2281 3065 2598 3136 prophetico
2649 3066 2918 3128 allirmare
2948 3072 3137 3129 nititur
3158 3066 3503 3145 testimonio,
3547 3091 3610 3135 ut

2035 3152 2206 3224 magis
2228 3168 2420 3212 servus
2439 3157 2513 3213 sit
2528 3172 2596 3213 ex
2624 3167 2778 3216 utero
2804 3159 3066 3217 formatus
3093 3179 3252 3233 quam
3272 3165 3435 3232 Deus,
3448 3183 3607 3237 quem

2032 3243 2210 3299 omnis
2232 3246 2494 3329 catholica
2516 3246 2758 3329 Ecclesia
2786 3251 2901 3320 ipso
2927 3267 3094 3307 sacra:
3118 3255 3480 3324 conceptionis
3504 3256 3604 3312 ini-

2032 3334 2108 3391 tio
2132 3327 2301 3393 Deum
2322 3351 2507 3394 verum
2538 3327 2824 3395 cunlitetur
2851 3356 2914 3395 ac
2939 3341 3192 3409 praedicat
3213 3360 3226 3396 :
3244 3351 3302 3398 ut
3330 3352 3453 3415 pote
3478 3334 3606 3417 quia

2034 3423 2100 3477 de
2127 3422 2333 3496 Spiritu
2361 3435 2550 3482 sancto
2575 3434 2630 3480 ct
2657 3427 2822 3488 Maria
2855 3427 3065 3500 virgine
3093 3442 3408 3501 conceptum
3434 3430 3490 3488 et
3515 3450 3608 3493 na-

2021 3520 2149 3589 tum
2176 3514 2483 3584 evangelica
2505 3516 2816 3571 testimonio
2837 3526 3045 3573 certum
3084 3518 3264 3574 habet.
3295 3520 3432 3588 Quid
3462 3523 3605 3602 enim

2033 3604 2099 3659 de
2135 3603 2248 3661 Deo
2266 3606 2370 3661 nisi
2392 3606 2535 3663 Deus
2562 3608 2710 3664 nasci
2736 3608 2962 3667 debuit?
3334 3676 3339 3682 _

2101 3693 2191 3749 ιχ.
2232 3693 2340 3751 Iste
2366 3697 2531 3752 etiam
2578 3696 2727 3752 Felix
2771 3689 2912 3754 hunc
2941 3699 3356 3758 conditionalem
3391 3719 3606 3760 servum
3652 3704 3663 3715 ⁴

2032 3785 2226 3855 δειιρὶιιε
2252 3785 2388 3840 solet
2413 3785 2703 3853 afﬁrmare.
2732 3803 2839 3843 non
2892 3788 3195 3862 intelligens
3238 3793 3379 3863 quod
3413 3793 3607 3848 divina:

2033 3877 2444 3947 dispensationis
2514 3888 2860 3934 sacramento
2928 3894 3115 3934 servus
3180 3881 3600 3935 nominaretur:

2033 3964 2237 4020 scilicet
2281 3980 2386 4021 non
2414 3966 2738 4031 conditione,
2768 3975 2827 4020 ut
2855 3966 3103 4034 superius
3124 3966 3376 4033 diximus,
3407 3968 3603 4023 debitae

2030 4052 2325 4113 servitutis.
2354 4054 2448 4108 sed
2472 4053 2752 4124 implendas
2772 4062 3011 4125 paternae
3030 4055 3321 4113 voluntatis
3349 4057 3401 4113 in
3426 4057 3598 4123 salute

2030 4142 2263 4196 humana
2293 4140 2593 4198 voluntaria
2612 4142 2938 4200 obedientia.
2967 4143 3110 4224 ⁸Νιιιιι
3134 4146 3188 4201 in
3210 4145 3424 4224 Christo
3445 4149 3605 4219 quid-

2031 4232 2160 4303 quid
2187 4240 2397 4305 gestum
2424 4241 2527 4299 est,
2550 4242 2719 4290 totum
2752 4222 3043 4292 voluntatis
3075 4235 3199 4309 fuit,
3217 4222 3338 4294 (non
3364 4239 3604 4303 necessi-

2032 4323 2158 4379 tatis
2181 4363 2197 4389 ,
2238 4324 2330 4394 qui
2357 4323 2613 4396 Apostolo
2643 4334 2873 4382 testante
2896 4367 2910 4391 ,
2952 4326 3242 4382 humiliavit
3276 4328 3606 4398 semetipsum

364 4429 739 4477 turtotasacra
754 4417 1031 4489 Scriptura
1070 4416 1227 4488 hujus
1243 4416 1383 4472 ﬁdeli
1405 4414 1683 4472 catholica:
1696 4414 1924 4488 fulgore,
1961 4446 2010 4507 ο
2035 4414 2204 4485 factus
2229 4413 2469 4507 obediens
2514 4411 2666 4470 Patri
2694 4432 2856 4488 usque
2882 4414 2952 4470 ad
2984 4426 3221 4483 mortem,
3255 4423 3468 4507 mortem
3509 4433 3609 4475 au—

361 4512 516 4581 quasi
535 4510 711 4575 stellis
751 4510 1053 4566 lucentibus
1080 4509 1132 4563 in
1162 4507 1319 4574 ctelo,
1356 4507 1635 4573 clarescit;
1680 4522 1782 4563 nec
1827 4504 1933 4561 ulla
1964 4502 1997 4507 ⁷
2035 4515 2135 4560 tem
2159 4506 2329 4559 crucis
2351 4502 2604 4577 (Philipp.
2635 4523 2694 4571 ιι,
2722 4506 2798 4577 8).
2827 4505 2945 4560 Alia
2975 4515 3058 4562 est
3084 4520 3314 4577 namque
3357 4504 3606 4561 volunta-

363 4602 421 4658 in
463 4599 571 4655 illis
611 4597 910 4655 divinitatis
954 4599 1282 4670 nuncupatio
1334 4598 1450 4653 sive
1478 4595 1596 4669 [F.,
1624 4596 1761 4669 sine]
1794 4598 1935 4652 veri-

363 4691 493 4748 tatis
514 4688 753 4763 potentia
793 4688 1010 4745 Christo
1044 4688 1349 4751 ascribitur,
1382 4687 1477 4743 sed
1505 4688 1686 4742 omnia
1715 4676 1931 4757 propria

363 4784 567 4840 virtute
583 4781 871 4838 sanitatum
904 4777 1183 4849 beneficia,
1211 4776 1298 4833 vel
1328 4777 1600 4849 signorum
1630 4776 1886 4831 miracula
1912 4818 1926 4841 ,

362 4887 696 4947 quacunque
732 4870 933 4944 gessit,
981 4858 1103 4940 eum
1160 4865 1371 4924 eilicere
1417 4874 1700 4923 testantur.
1750 4865 1932 4936 Neque

365 4963 512 5019 enim
536 4962 756 5020 dubium
776 4969 861 5018 est
905 4954 1034 5031 quin
1060 4954 1176 5031 ipse
1218 4958 1432 5028 propria
1456 4949 1723 5028 potestate
1754 4956 1933 5013 omnia

367 5052 557 5110 fecerit
574 5071 697 5127 qua!
712 5056 779 5111 de
803 5070 869 5112 eo
893 5054 1031 5110 mira
1051 5053 1334 5123 legtmtur:
1366 5046 1820 5121 vehementerque
1843 5062 1936 5105 ca—

365 5141 598 5201 vendum
619 5153 709 5200 est
750 5158 820 5200 ne
846 5130 1046 5214 aliquid
1081 5143 1137 5198 in
1168 5137 1584 5198 ChristoJallaci
1635 5141 1936 5201 imitatione

363 5241 616 5308 putemus
642 5240 846 5299 actum,
872 5233 966 5289 sed
988 5233 1175 5289 omnia
1217 5245 1546 5303 quaecunque
1570 5229 1651 5285 vel
1676 5231 1729 5285 in
1760 5233 1936 5289 nomi-

365 5325 524 5384 nibus
541 5364 561 5393 ,
595 5323 682 5381 vel
711 5324 767 5379 in
787 5326 1041 5394 operibus
1060 5325 1312 5397 leguntur
1327 5324 1393 5387 de
1417 5310 1731 5390 illo,‘cuncta
1767 5325 1935 5382 solida

362 5415 591 5481 veritate
608 5409 735 5472 aéta
763 5413 847 5471 vel
861 5413 1002 5470 dicta
1018 5417 1322 5481 credamus,
1340 5418 1464 5487 quia
1491 5416 1780 5487 iuveritate
1792 5418 1934 5474 nulla

364 5492 602 5584 ﬁgmenti
620 5506 969 5567 obumbratio
992 5505 1221 5563 inveniri
1248 5508 1463 5579 poterit.
1500 5508 1607 5565 Sed
1636 5508 1727 5578 qui
1778 5523 1938 5575 venis

362 5614 573 5675 semper
590 5588 703 5663 erit
728 5596 873 5654 Deus
899 5598 953 5652 in
982 5596 1092 5652 Deo
1119 5597 1294 5662 Patre,
1323 5614 1482 5657 verus
1526 5608 1607 5655 est
1630 5599 1697 5654 in
1720 5599 1935 5655 homine

363 5700 415 5751 ei
439 5692 603 5765 Deus.
631 5692 701 5749 Et
736 5688 826 5761 qui
854 5702 1014 5744 verus
1036 5694 1119 5741 est
1139 5688 1371 5746 hominis
1403 5690 1544 5746 illius
1564 5730 1578 5755 ,
1630 5690 1770 5745 idem
1821 5691 1932 5759 ipse

2035 4595 2114 4651 ria
2142 4597 2437 4661 humilitas,
2467 4597 2570 4651 alia
2596 4597 2807 4651 servilis
2840 4596 3151 4653 necessitas.
3180 4597 3434 4666 Quaedam
3461 4597 3603 4651 enim

2033 4684 2099 4739 de
2122 4683 2339 4740 Christo
2376 4700 2471 4755 per
2493 4686 2879 4757 proprietatem
2907 4696 3111 4744 naturae
3139 4688 3404 4746 dicuntur,
3432 4692 3492 4739 ut
3522 4692 3607 4738 est

2032 4774 2153 4839 via,
2202 4773 2402 4830 veritas
2427 4784 2481 4830 ct
2531 4776 2676 4844 vita;
2727 4779 2972 4856 quaedam
3015 4792 3111 4847 per
3162 4773 3603 4845 signiﬁcationem

2035 4883 2212 4924 rerum
2234 4884 2331 4940 per
2354 4868 2502 4924 illum
2528 4872 2880 4942 gerendarum
2904 4885 2933 4923 a
2977 4867 3252 4938 prophetis
3279 4867 3345 4921 de
3371 4880 3436 4920 eo
3461 4880 3600 4936 pne-

2037 4961 2210 5017 dicata
2237 4971 2381 5018 sunt.
2426 4962 2544 5030 Quo
2596 4975 2791 5034 genere
2838 4959 3122 5017 locutionis
3167 4973 3380 5013 servum
3431 4957 3606 5013 nomi-

2037 5052 2157 5106 nari
2202 5068 2231 5107 a
2261 5052 2537 5125 prophetis
2571 5052 2844 5107 Christum
2887 5050 3213 5106 credendum
3242 5059 3353 5114 cst;
3384 5049 3451 5105 de
3498 5063 3605 5119 quo

2033 5143 2179 5198 enim
2222 5145 2482 5215 propheta
2511 5143 2613 5197 hoc
2641 5141 3006 5197 testimonium
3033 5142 3273 5213 protulit,
3303 5143 3354 5196 in
3383 5156 3449 5195 eo
3493 5147 3605 5195 sta-

2037 5234 2132 5289 tim
2162 5233 2501 5304 suhjunctum
2529 5240 2646 5287 est:
2677 5232 2809 5287 Dedi
2831 5243 2878 5289 te
2906 5234 2959 5287 in
2981 5232 3145 5288 lucem
3177 5234 3423 5303 gentium,
3455 5240 3508 5283 ut
3530 5231 3603 5284 sis

2037 5324 2181 5379 salus
2207 5310 2324 5379 mea
2344 5339 2505 5394 usque
2528 5322 2597 5375 ad
2621 5333 2906 5377 extremum
2928 5332 3076 5377 terrm
3105 5321 3238 5393 (Isa.
3268 5336 3410 5380 xux,
3434 5317 3505 5391 6).
3540 5316 3605 5372 Et

2037 5431 2103 5470 ne
2131 5415 2231 5469 iste
2259 5415 2431 5468 honor
2458 5419 2622 5467 tantxe
2669 5414 2800 5468 lucis
2828 5428 3024 5483 parvus
3053 5413 3315 5473 videatur,
3340 5411 3390 5463 iu
3413 5424 3476 5463 eo
3504 5409 3600 5462 ad-

2029 5504 2244 5574 junxit:
2274 5500 2436 5571 Reges
2483 5502 2742 5568 ridebunt,
2773 5514 2822 5557 et
2875 5510 3180 5572 consurgent
3213 5500 3464 5569 principes
3488 5539 3502 5561 ,
3553 5508 3603 5551 et
3671 5499 3674 5503 ’

2035 5596 2325 5650 adorabunt
2352 5604 2560 5665 propter
2586 5593 2888 5655 Dominum,
2909 5594 3033 5661 quia
3070 5591 3240 5658 ﬁdelis
3278 5598 3374 5649 est,
3401 5597 3449 5642 et
3483 5604 3607 5642 san-

2032 5699 2171 5743 etum
2203 5686 2392 5751 Israel,
2422 5687 2509 5755 qui
2547 5684 2695 5755 elegit
2737 5694 2785 5739 te
2815 5684 3001 5755 (llud,
3024 5698 3072 5746 γ,
3097 5682 3171 5752 7).
3204 5679 3483 5749 Quomodo
3508 5695 3610 5735 au—
