4238 6198
657 234 758 294 183

1500 237 1557 293 s.
1600 238 1657 296 ι’.
1690 236 1912 300 nam:
1953 237 2085 296 seu
2125 233 2401 294 ALCUINI
2438 200 2947 305 ornabit-rius
2970 235 3056 294 ιιι.

3797 235 3913 297 IM-

655 361 781 416 tem,
812 354 858 410 si
903 369 1092 412 servus
1117 363 1221 422 est,
1248 356 1504 412 adoratur
1529 371 1576 430 a4
1599 357 1816 429 regibus
1866 365 1921 414 et
1973 356 2228 428 principi-
2254 361 2302 417 Α
2338 370 2369 409 a
2393 320 2602 421 Verbo;
2631 355 2734 410 sed
2753 354 2927 426 ipsum
2946 355 3182 411 Verbum
3218 355 3314 413 Dei
3340 370 3450 412 sua:
3477 355 3656 412 carnis
3679 371 3920 430 suscep-

655 445 791 501 bus?
825 443 902 502 De
921 459 1028 517 quo
1047 453 1104 501 et
1123 446 1284 515 paulo
1302 456 1429 502 ante
1447 447 1587 502 idem
1612 448 1876 518 propheta
1904 448 1980 501 ait
2003 463 2068 501 ex
2088 446 2230 515 ejus-

655 537 776 591 dem
804 549 1032 608 persona
1070 550 1232 606 quem
1275 550 1489 592 servum
1509 523 1513 526 ’
1535 537 1850 608 prophetice
1893 537 2227 592 nominavit:

659 629 841 683 Posuit
892 645 992 693 me,
1022 627 1218 698 inquit,
1239 630 1376 685 sicut
1397 611 1665 700 sagittam.
1700 646 1721 679 ι
1751 627 1999 684 Christus
2027 636 2228 694 autem,

657 729 716 773 ut
735 719 924 774 beatus
955 717 1310 792 Hieronymus
1337 718 1428 786 (In
1480 735 1597 788 cap.
1638 705 1764 787 ius
1793 717 1966 790 lsaite)
2006 718 2114 784 ait,
2167 718 2234 772 de

657 795 840 865 multis
868 800 1095 880 sagittis,
1121 818 1178 865 et
1219 808 1344 865 liliis
1371 809 1640 881 plurimis,
1661 825 1767 866 una
1794 809 1987 882 sagitta
2017 808 2190 877 electa
2215 849 2230 876 ,

649 911 715 971 et
730 898 897 956 Filius
926 885 1242 971 unigenitus
1270 907 1374 963 est,
1395 899 1481 955 cui
1510 907 1566 955 et
1613 906 1839 970 paterna
1862 913 1967 955 vox
1996 913 2121 955 mox
2151 913 2236 955 re-

657 992 907 1064 spondit:
949 989 1138 1046 Seruus
1164 1007 1309 1045 meus
1336 1007 1391 1045 es
1411 999 1469 1044 tu
1489 988 1684 1056 Israel,
1713 990 1839 1061 quia
1875 989 1931 1044 in
1957 997 2007 1044 te
2035 988 2234 1060 gloriﬁ-

657 1085 814 1140 cubor
844 1083 979 1155 (Isa.
1026 1099 1178 1154 nix,
1202 1081 1282 1154 3).
1311 1079 1521 1144 Seruus,
1551 1081 1678 1152 quia
1705 1096 1828 1137 cum
1856 1081 1912 1136 in
1941 1078 2114 1136 forma
2138 1079 2235 1135 Dei

657 1173 1065 1250 e_sset,-l‘ormam
1083 1173 1224 1230 servi
1244 1162 1334 1228 est
1349 1173 1613 1250 fdignatus
1630 1174 1909 1228 assumere
1931 1188 1943 1225 :
1965 1178 2020 1226 et
2039 1169 2232 1236 Israel,

631 1248 782 1340 “quia
810 1254 967 1321 natus
994 1265 1062 1320 de
1087 1263 1314 1324 semine,
1336 1248 1663 1321 Judzeorum.
1700 1263 1962 1334 Quodque
1995 1264 2062 1320 de
2089 1263 2236 1319 nullo

655 1356 764 1412 alio
797 1370 1077 1413 servorum
1132 1355 1357 1428 intelligi
1384 1363 1593 1426 potest,
1637 1353 2066 1428 jungiturzquia
2092 1357 2148 1410 in
2188 1365 2238 1409 te

657 1445 1010 1520 gloriﬁcabor.
1068 1445 1210 1501 Dicit
1261 1445 1408 1500 enim
1449 1445 1563 1514 ipse
1591 1444 1976 1518 intEvangelio
2005 1463 2019 1498 :
2051 1442 2234 1509 Pater,

659 1534 897 1606 glariﬁra
953 1549 1138 1588 nautea
1202 1543 1349 1588 tuum
1405 1532 1588 1604 (Joan.
1652 1543 1767 1606 xu,”
1828 1531 1921 1605 28)
1965 1547 1982 1587 :
2036 1532 2129 1604 qui
2183 1531 2238 1586 in

658 1622 864 1693 psalmo
915 1621 1154 1692 loquitur
1174 1622 1240 1677 ad
1291 1621 1526 1678 Filium:
1566 1623 1825 1694 Exsurge,
1863 1623 2033 1696 gloria
2081 1639 2233 1687 mea,

2331 447 2476 502 tione
2513 454 2831 517 conceptum
2854 487 2868 510 ,
2920 446 3220 517 ipsamque
3242 461 3463 504 carnem
3503 446 3665 502 Verbi
3694 447 3791 503 Dei
3817 448 3916 504 ln-

2330 534 2644 594 carnatione
2666 543 3005 601 conceptam.
3033 554 3052 587 ι
3081 534 3192 590 Nec
3211 535 3514 590 mirandum
3543 535 3698 596 estsi
3724 537 3914 594 hatre-

2331 621 2472 678 ticns
2498 619 2774 678 Christum
2799 661 2815 687 ,
2843 611 2936 692 qui
2978 637 3044 677 ex
3076 622 3296 693 Virgine
3347 631 3507 679 natus
3558 631 3680 687 est,
3729 624 3898 681 Deum

2331 711 2753 787 nuncupativum
2773 726 3016 769 asserere
3043 713 3259 777 audeat,
3291 712 3385 782 qui
3410 713 3659 769 eumdem
3683 712 3898 770 servum

2331 801 2686 864 omnimodis,
2740 793 3072 872 propheticis
3099 803 3424 859 testimoniis
3475 818 3582 858 non
3632 803 3904 860 catholico

2332 905 2495 950 sensu
2529 883 2838 959 iam
2865 894 3086 960 astruit,
3112 893 3376 970 nobisque
3402 909 3501 974 pro
3519 894 3676 964 culpa
3694 894 3916 966 objicit,

2330 982 2468 1038 velle
2513 996 2640 1042 eum
2669 982 2858 1052 quies
2902 982 3124 1054 Virgine
3165 992 3324 1040 natus
3352 991 3463 1046 est,
3502 995 3689 1038 verum
3733 982 3900 1040 Deum

2332 1073 2649 1144 praedicare.
2673 1071 2813 1129 Hinc
2834 1073 2979 1148 enim
3001 1073 3166 1141 totius
3193 1072 3396 1128 erroris
3422 1072 3505 1128 sui
3526 1071 3738 1135 videtur
3753 1073 3906 1144 origo

2330 1163 2681 1234 processisse,
2718 1172 2779 1218 ut
2818 1173 2885 1219 ex
2914 1177 3072 1218 servo
3112 1161 3342 1232 quodam
3369 1161 3680 1230 adoptivum
3706 1159 3908 1216 Filium

2333 1251 2513 1308 facere
2555 1252 2820 1322 potuisset
2858 1250 3055 1324 [Edit.,
3086 1250 3265 1307 facere
3293 1266 3398 1308 non
3430 1243 3718 1322 potuisset,
3762 1267 3918 1306 erro-

2334 1341 2474 1414 nec],
2498 1339 2784 1398 vel-Deum
2809 1343 3247 1413 nuncupativum.
3280 1342 3406 1398 Tria
3433 1343 3633 1418 quippe
3674 1340 3912 1396 allirmat

2334 1433 2391 1488 in
2421 1431 2662 1499 Christo,
2719 1431 2776 1488 id
2801 1441 2904 1496 est,
2967 1431 3110 1502 quod
3136 1447 3325 1489 servus
3386 1434 3459 1488 sit
3507 1431 3915 1497 eonditionalis,

2335 1524 2478 1595 quod
2508 1523 2651 1581 illius
2675 1523 2960 1596 adoptivus
2981 1564 2996 1590 ,
3045 1533 3102 1580 et
3128 1524 3271 1581 Deus
3298 1517 3725 1595 ‘nInimpativus.
3779 1523 3912 1580 Tria
3937 1568 3940 1571 .

2337 1629 2550 1688 quoque
2571 1631 2603 1672 e
2630 1615 2902 1672 contrario
2929 1623 3111 1687 negat,
3139 1616 3244 1672 hoc
3273 1623 3377 1682 est,
3399 1615 3542 1686 quod
3567 1615 3727 1672 verus
3764 1615 3909 1672 Deus

655 1710 958 1787 psalterium
986 1719 1038 1768 et
1064 1711 1284 1766 'citltara
1313 1709 1484 1783 (Psal.
1512 1728 1620 1780 LVI,
1648 1712 1726 1785 9),
1756 1712 1813 1769 id
1867 1719 1973 1778 est,
1993 1712 2244 1768 omnium.
2263 1699 2311 1760 Β
2338 1716 2654 1764 nasceretur
2705 1723 2774 1765 ex
2793 1707 3059 1780 Virgine;
3103 1706 3190 1764 vel
3239 1707 3380 1766 idem
3403 1747 3418 1773 ι
3475 1708 3567 1778 qui
3618 1715 3776 1763 ηαιιιε
3798 1716 3877 1764 αἱ
3897 1751 3917 1778 ,

661 1802 916 1858 virtutum
942 1803 1159 1858 chorus.
1195 1823 1214 1856 ι
1245 1802 1370 1859 limo
1407 1802 1590 1874 itaque
1634 1802 1892 1873 praelatus
1918 1803 2080 1860 Pater
2116 1803 2239 1860 Hie

660 1896 934 1963 renymns,
957 1891 1229 1947 Christum
1281 1906 1312 1948 a
1340 1893 1690 1950 conditionali
1716 1901 1917 1952 nostra
1942 1895 2240 1952 necessita-

661 1978 731 2034 tis
755 1972 1293 2060 scrvitiqseparans,
1345 1980 1440 2036 ait.
1473 1981 1552 2037 Ex
1606 1996 1715 2053 quo
1765 1982 2085 2056 intelligitur
2128 2000 2237 2041 non

657 2056 1212 2144 communi'humanze
1262 2071 1586 2130 conditionis
1626 2089 1778 2132 more
1819 2072 2095 2132 Christum
2122 2091 2238 2133 ser-

659 2151 784 2218 vum
810 2163 1216 2239 nominari,sed
1253 2163 1434 2220 sitiori
1460 2166 1719 2237 mysterio
1761 2167 1960 2224 debere
1989 2167 2234 2240 intelligi.
2276 2225 2280 2229 _

661 2255 719 2311 Si
750 2271 878 2328 ergo
916 2273 1105 2314 servus
1145 2267 1228 2314 est
1270 2257 1539 2326 Christus,
1568 2261 1839 2331 quomodo
1882 2269 2063 2318 tantos
2113 2261 2241 2318 fecit

659 2344 880 2412 liberos,
918 2347 1171 2419 Apostolo
1200 2356 1429 2406 testante
1453 2391 1470 2415 ,
1517 2351 1611 2421 qui
1636 2351 1715 2408 ait
1743 2371 1758 2407 :
1782 2351 1908 2410 Non
1929 2348 2108 2410 sumus
2142 2373 2239 2410 an-

660 2437 797 2491 cilla:
831 2437 954 2506 ﬁlii,
981 2437 1072 2494 sed
1096 2437 1296 2506 liberm,
1320 2456 1438 2512 qua:
1476 2439 1714 2497 libertate
1761 2440 2001 2499 Christus
2039 2443 2238 2500 non-li-

661 2524 853 2604 beravit
884 2522 1025 2594 (Gal.
1054 2541 1127 2590 IV,
1154 2525 1266 2597 3i).
1312 2527 1379 2584 Et
1405 2527 1521 2600 ipsa
1549 2529 1764 2588 Veritas
1813 2531 1869 2588 in
1907 2532 2232 2604 Evan‘gelio:

661 2611 722 2667 Si
742 2614 884 2683 ﬁlius
914 2631 998 2670 vos
1028 2609 1344 2685 liberaverit,
1373 2637 1488 2676 uere
1535 2620 1688 2677 liberi
1724 2624 1873 2682 eritis
1893 2623 2077 2695 (Joan.
2107 2641 2235 2691 Vill,

658 2700 769 2763 36).
803 2702 936 2758 Nam
960 2704 1008 2759 si
1028 2720 1216 2772 omnes
1242 2709 1413 2764 sancti
1461 2709 1616 2766 liberi
1659 2720 1786 2768 sunt
1811 2713 2107 2769 secundum
2135 2715 2240 2769 Vc-

661 2792 859 2858 ritatis,
889 2808 1008 2862 qua:
1030 2793 1276 2859 Christus
1309 2806 1414 2865 est,
1434 2815 1643 2868 vocem,
1673 2803 1943 2873 quomodo
1981 2803 2069 2860 ille
2094 2803 2240 2860 solus

659 2882 920 2936 remansit
963 2898 1151 2940 servus
1184 2887 1275 2954 qui
1301 2902 1488 2944 omnes
1523 2891 1576 2946 in
1620 2906 1680 2948 se
1707 2892 1991 2948 credentes
2036 2893 2237 2949 liberos

659 2973 832 3029 facit?
867 2961 943 3026 De
959 2974 1163 3045 [quibus
1182 2985 1238 3029 et
1260 2975 1384 3031 alibi
1409 2978 1485 3032 ait
1509 2997 1521 3030 :
1553 2979 1680 3033 lam
1701 2997 1804 3034 non
1828 2981 2000 3038 dicam
2029 2998 2115 3036 vos
2133 2999 2237 3037 ser-

659 3079 767 3127 αις,
796 3061 885 3116 sed
906 3064 1097 3117 amicos
1125 3063 1307 3134 (Joan.
1330 3080 1420 3130 xv,
1444 3064 1530 3137 15)
1559 3085 1573 3121 :
1601 3066 1667 3121 Et
1687 3068 1739 3120 in
1771 3068 1960 3122 eodem
1995 3068 2236 3140 Evange-

657 3147 770 3206 lioi
801 3151 1009 3216 Servus,
1044 3154 1236 3225 inquit,
1263 3173 1365 3210 non
1414 3165 1588 3210 manet
1615 3158 1668 3211 in
1697 3157 1851 3211 domo
1880 3159 1932 3212 in
1962 3168 2236 3226 mternum,

663 3243 834 3293 Filius
869 3252 1039 3296 autem
1064 3255 1238 3299 manet
1260 3245 1441 3314 (Joan.
1475 3247 1720 3319 vnt,55).
1751 3247 2010 3304 Dominus
2037 3257 2236 3316 autem,

663 3338 718 3382 ut
745 3326 819 3383 ait
852 3339 1072 3386 sanctus
1104 3333 1467 3403 Augustinus,
1499 3336 1553 3391 in
1581 3335 1755 3393 forma
1802 3338 1967 3406 servi,
1991 3355 2100 3396 non
2127 3355 2242 3395 ser-

663 3437 761 3478 vus
789 3441 800 3475 :
832 3416 932 3478 sed
957 3423 1010 3480 in
1041 3423 1212 3482 lorma
1239 3427 1385 3482 servi
1407 3427 1665 3487 Dominus
1686 3429 1808 3486 l‘uit.

732 3513 897 3583 827
935 3513 1004 3568 Χ.
1045 3513 1196 3582 Quod
1219 3515 1427 3573 veroin
1445 3517 1567 3588 ipsa
1587 3520 1958 3576 sacratissima
1987 3523 2242 3578 incarna-

664 3602 827 3656 tionis
846 3601 1048 3684 Christi
1071 3593 1283 3675 origine
1303 3604 1446 3661 Deus
1472 3620 1635 3662 verus
1661 3617 1952 3679 conceptus
1981 3611 2074 3675 sit,
2102 3612 2241 3666 mul-

664 3703 839 3747 torum
896 3694 1286 3751 catholicorum
1334 3699 1658 3754 testimoniis
1712 3699 1935 3755 Patrum
1984 3699 2239 3757 allirmari

662 3792 870 3854 potest,
925 3802 1154 3858 quorum
1195 3802 1362 3860 pauca
1414 3789 1502 3844 hic
1557 3777 1842 3860 subjicere.
1871 3792 2182 3848 curavimus
2221 3810 2234 3844 :

665 3878 792 3946 quia
823 3892 908 3931 res
925 3878 991 3933 de
1014 3893 1120 3949 qua
1144 3879 1323 3952 agitur
1344 3887 1454 3934 tam
1493 3879 1639 3934 clara
1676 3889 1758 3950 est
1782 3890 1838 3938 et
1866 3890 2015 3948 nota,
2047 3890 2238 3939 ut‘non

663 3968 845 4023 multis
886 3970 1122 4040 indigeat
1148 3972 1393 4036 testibus,
1433 3972 1586 4049 cujus
1613 3982 1710 4049 tot:
1736 3985 1867 4046 sunt
1905 3984 2072 4032 testes
2106 3987 2240 4048 quot

664 4049 864 4135 ﬁdeles.
904 4058 1044 4114 Dicit
1075 4075 1206 4131 ergo
1245 4045 1438 4118 beatus
1472 4045 1808 4134 Augustinus
1846 4065 1898 4120 in
1928 4066 2069 4122 libro
2095 4045 2236 4138 siepe

661 4148 932 4222 nominato
979 4150 1321 4223 Enchiridion
1365 4154 1507 4224 (cap.
1550 4154 1651 4234 36)
1686 4175 1699 4210 :
1737 4175 1756 4208 ι
1796 4157 2050 4228 Nunquid
2075 4168 2234 4214 antea

662 4235 760 4290 fuit
789 4237 983 4302 homo,
1010 4247 1065 4292 et
1112 4241 1214 4292 hoc
1241 4240 1291 4292 ei
1341 4240 1613 4310 singulare
1657 4244 1978 4301 beneﬁcium
2027 4250 2234 4316 prmsti-

2333 1812 2496 1854 verus
2521 1799 2593 1854 sit
2617 1797 2787 1855 Filius
2804 1799 2938 1866 Dei;
2978 1808 3034 1855 et
3060 1798 3204 1870 quod
3229 1799 3532 1857 nullatenus
3568 1799 3685 1856 iieri
3732 1798 3909 1872 ponit

2334 1897 2394 1945 ut
2417 1886 2689 1960 baptismi
2716 1891 3124 1962 regeneratioae
3179 1905 3288 1962 non
3337 1898 3526 1962 egeat,
3581 1890 3674 1961 qui
3714 1904 3912 1948 servus

2335 1981 2619 2038 sitnatus.
2681 1981 2789 2039 Sed
2815 1980 2931 2056 jam
2982 1991 3195 2053 tempus
3235 1992 3321 2040 est
3374 1991 3433 2039 ut
3487 1983 3719 2039 testium‘
3763 1984 3918 2040 nube

2334 2072 2674 2143 opprimatur
2713 2113 2730 2139 ,
2806 2073 2900 2145 qui
2951 2071 3181 2145 caligine
3235 2072 3385 2145 impii
3449 2072 3653 2130 erroris
3709 2075 3874 2130 obum
3892 2104 3919 2116 -

2334 2160 2547 2217 bratur.

2403 2242 2779 2346 nimi-rius
2805 2272 3064 2328 virtutum
3104 2273 3344 2329 omnium
3374 2282 3534 2345 atque
3559 2283 3920 2331 ornamento-

2337 2374 2482 2427 rum,
2512 2367 2569 2415 et
2593 2360 2882 2427 sicut‘vita,
2911 2361 2986 2417 ita
3008 2372 3064 2417 et
3090 2362 3395 2434 eloquentia
3418 2365 3661 2434 insignis,
3691 2365 3744 2420 in
3767 2365 3908 2421 libro

2337 2450 2462 2508 ildei
2489 2451 2724 2530 secundo
2750 2451 2892 2525 (Lib.
2923 2470 2965 2509 ιι
3007 2455 3071 2510 de
3111 2453 3326 2522 Trinit.,
3371 2473 3425 2511 ιι.
3477 2457 3547 2512 25
3575 2466 3630 2513 et
3657 2457 3765 2523 εις
3802 2457 3906 2515 lib.

2338 2559 2415 2608 ιιι,
2444 2559 2500 2597 ιι.
2531 2529 2617 2614 5):
2647 2562 2665 2594 ι
2696 2529 2864 2608 Unus,
2894 2544 3090 2614 inquit,
3110 2532 3418 2618 unigenitus
3446 2547 3586 2603 Deus
3611 2548 3663 2602 in
3689 2564 3922 2620 corpus-

2337 2631 2443 2688 culi
2481 2633 2704 2688 humani
2753 2633 2922 2690 forma
2955 2628 3118 2706 [Hil.,
3156 2635 3408 2710 formam]
3447 2646 3648 2696 sancta:
3678 2640 3911 2710 Virginis

2338 2730 2492 2776 utero
2515 2723 2750 2778 insertus
2769 2724 3092 2781 adhaerescit
3120 2723 3251 2798 [ld.,
3283 2728 3586 2801 accrescit],
3611 2731 3703 2799 qui
3729 2735 3915 2786 omnia

2339 2815 2599 2881 continet,
2626 2825 2680 2870 et
2705 2817 2843 2870 intra
2874 2833 3034 2887 quem
3059 2829 3251 2874 cuncta
3277 2828 3431 2885 sunt,
3475 2821 3692 2876 humani
3726 2829 3914 2892 partus

2339 2906 2458 2979 lege
2507 2907 2800 2979 profertur.
2825 2930 2844 2964 ι
2879 2909 3011 2966 item
3060 2912 3111 2966 in
3161 2912 3349 2969 codem
3403 2913 3541 2970 libro
3575 2934 3587 2969 :
3627 2934 3645 2965 ι
3676 2913 3910 2985 Angelus

2342 3001 2494 3055 testis
2522 3010 2606 3055 est
2629 3042 2644 3066 ,
2694 3001 3288 3071 Deusnobiscum'est,
3326 3006 3443 3070 ille,
3473 3008 3564 3076 qui
3597 3007 3853 3062 nascitur.
3873 3026 3894 3062 ι

2342 3086 2470 3140 item
2499 3084 2613 3157 ipse
2641 3088 2694 3141 in
2716 3087 2854 3143 libro
2883 3105 3025 3144 nono
3067 3108 3099 3144 τί
3137 3109 3155 3142 ι
3186 3091 3351 3147 Natus
3395 3095 3559 3164 igitur
3605 3095 3917 3168 unigenitus

2340 3177 2484 3233 Deus
2503 3192 2570 3232 ex
2606 3178 2998 3252 homine_[ld.,
3029 3197 3096 3238 ex
3127 3183 3368 3256 Virgine]
3405 3185 3584 3251 homo,
3624 3194 3678 3241 et
3715 3202 3920 3243 secun-

2339 3268 2465 3324 dum
2492 3268 2882 3340 plenitudinem
2914 3279 3214 3342 temporum
3237 3273 3289 3329 in
3318 3277 3608 3346 semetipso
3634 3289 3890 3348 provectu

2339 3374 2435 3416 rus
2468 3368 2554 3416 est
2581 3359 2750 3416 Deum
2779 3361 3054 3418 hominem
3102 3361 3212 3438 [ld.
3233 3405 3248 3430 ,
3276 3376 3631 3435 provccturus
3657 3370 3709 3423 in
3743 3369 3910 3426 Deum

2339 3444 2658 3525 hominem'].
2710 3451 2865 3508 Hunc
2914 3458 3014 3524 per
3064 3455 3244 3510 omnia
3301 3458 3592 3530 evangelici
3645 3458 3912 3522 sermonis

2337 3542 2559 3600 modum
2587 3543 2790 3610 munit,
2817 3551 2879 3599 ut
2911 3559 2970 3599 se
2995 3544 3089 3600 Dei
3113 3544 3307 3601 Filium
3339 3549 3561 3606 credere
3583 3549 3830 3614 doceret,
3855 3556 3919 3605 et

2339 3632 2575 3688 hominis
2601 3631 2796 3689 Filium
2846 3635 3141 3704 praedicare
3189 3635 3326 3709 [Id.,
3600 3638 3909 3713 praedicari]

2338 3721 2653 3777 admoneret
2687 3744 2699 3775 ;
2729 3723 2953 3800 locutus
2973 3734 3029 3778 et
3064 3740 3256 3794 gerens
3299 3728 3464 3800 homo
3490 3725 3742 3786 universa
3792 3745 3908 3800 qua

2339 3807 2434 3862 Dei
2463 3819 2611 3875 sunt,
2660 3810 2884 3880 loquens
2912 3812 3102 3868 deinde
3147 3826 3202 3869 et
3229 3831 3422 3886 gerens
3468 3817 3613 3884 Deus,
3660 3822 3908 3880 universa

2337 3913 2458 3968 qua:
2483 3899 2718 3954 hominis
2741 3910 2885 3956 sunt.
2909 3921 2928 3955 ι
2964 3901 3108 3959 Idem
3137 3921 3350 3977 quoque
3373 3909 3428 3964 in
3454 3914 3718 3981 prooemio
3737 3929 3906 3985 expo-

2337 3988 2550 4045 sitionis
2584 3989 2858 4062 Evangelii
2901 3994 3195 4051 secundum
3226 3997 3533 4056 Matthmum
3579 4015 3605 4043 ε
3657 4023 3669 4059 :
3731 4024 3749 4056 ι
3777 4003 3907 4062 Erat

2338 4096 2573 4152 namque
2612 4083 2849 4153 primum
2893 4089 3259 4145 necessarium
3289 4092 3474 4158 nobis,
3520 4102 3582 4150 ut
3606 4111 3742 4151 unus
3767 4096 3908 4153 Deus

2335 4171 2509 4226 nostri
2537 4187 2698 4228 causa
2726 4173 2888 4230 homo
2925 4185 3087 4232 natus
3112 4189 3548 4250 cognosceretur.
3585 4203 3602 4233 ι
3640 4183 3908 4254 Theophi-

2336 4257 2420 4314 lus
2444 4274 2658 4328 quoque
2687 4261 2970 4330 cpiscopus
3016 4263 3412 4321 Alexandrinus
3458 4266 3512 4320 in
3538 4269 3762 4337 epistola
3805 4271 3907 4328 Pa-

664 4335 773 4379 uun
834 4337 933 4390 est,
997 4327 1968 4434 quttsingularilef'pmmeﬂfﬂur
2027 4327 2502 4434 Ιξούηιῖυδειιςιιί
2534 4327 3159 4416 ιιίιίιιειιιοιιιὶιειιιιιιειί
3199 4355 3480 4416 nativitate
3506 4327 3905 4427 protulittesti-

661 4430 849 4488 nempe
875 4432 938 4470 cx
959 4433 1066 4487 quo
1088 4418 1247 4474 boum
1268 4433 1387 4474 esse
1407 4422 1589 4491 coepit,
1629 4437 1735 4476 non
1763 4422 1905 4478 aliud
1928 4425 2091 4493 coepit
2113 4441 2232 4481 esse

2335 4439 2572 4492 monium
2612 4455 2624 4491 :
2662 4457 2683 4489 ι
2715 4438 2862 4494 Unus
2892 4439 3057 4496 Filius
3087 4442 3262 4517 Patris
3309 4449 3583 4518 nostrique
3613 4449 3902 4519 mediator,

659 4520 820 4576 ‘ll'am
842 4506 931 4559 Di“
959 4504 1123 4601 Filius
1150 4527 1162 4562 ε
1189 4510 1360 4579 ethoc
1383 4512 1643 4568 υηίουεεῑ
1665 4526 1887 4584 Propter
1907 4515 2074 4570 Deum
2099 4517 2232 4572 Ver—
2335 4545 2434 4587 nec
2454 4531 2811 4601 mqualitalem
2840 4532 2955 4601 cjus
2988 4537 3169 4591 amisit
3187 4515 3204 4601 ,i
3233 4554 3331 4596 nec
3361 4556 3390 4594 a
3421 4504 3603 4596 nostro
3630 4504 3905 4601 consortio

659 4601 819 4662 hum,
849 4597 988 4666 quod
1035 4599 1126 4654 illo
1173 4611 1422 4672 suscepto
1463 4619 1590 4659 caro
1622 4605 1826 4662 factum
1879 4617 1996 4674 est,
2048 4611 2231 4681 utique

2334 4597 2616 4694 separatus
2642 4634 2725 4680 est
2756 4597 3038 4681 invisibilis
3075 4629 3216 4686 Deus
3265 4630 3317 4704 [ιι
3355 4641 3412 4687 et
3453 4615 3850 4690 visibilisDcus
3885 4653 3903 4691 τ

659 4691 829 4755 Deus;
867 4690 968 4761 [ull
1005 4693 1454 4760 quemadmodum
1483 4703 1564 4749 est
1606 4712 1710 4751 una
1741 4713 1971 4767 persona
2007 4703 2234 4772 quilibet

2336 4715 2619 4770 invisibilis
2649 4716 2829 4788 homo]
2862 4727 2916 4772 et
2949 4719 3177 4774 visibilis
3201 4721 3383 4786 homo,
3440 4722 3492 4776 in
3544 4721 3719 4777 forma
3760 4728 3912 4782 servi

658 4781 850 4844 homo,
883 4782 1062 4857 anima
1090 4822 1104 4843 ,
1143 4782 1390 4847 scilicet,
1425 4784 1709 4839 rationalis
1743 4795 1798 4840 et
1825 4802 1985 4852 caro,
2041 4791 2115 4843 ita
2163 4795 2232 4847 sit

2334 4805 2700 4869 absconditus,
2733 4818 2785 4860 et
2816 4807 3072 4862 Dominus
3097 4808 3280 4877 gloria:
3303 4810 3640 4867 coniessrone
3677 4814 3903 4870 creden-

658 4851 904 4924 Christus
930 4886 1030 4924 una
1060 4887 1288 4940 persona
1321 4871 1556 4927 Verbum
1583 4880 1638 4926 et
1667 4873 1847 4928 homo.
1884 4895 1902 4925 ι
1946 4875 2076 4930 Item
2106 4879 2231 4934 Ful-

658 4962 868 5028 gentins
907 4962 957 5016 in
990 4964 1126 5018 libro
1152 4965 1432 5020 catholicae
1464 4963 1586 5021 lidei
1612 4964 1749 5034 (Lib.
1780 4965 1846 5020 de
1867 4965 2000 5022 Fide
2032 4971 2104 5033 ad,
2131 4969 2231 5025 Pe—

659 5058 826 5111 trum,
869 5065 987 5120 cap.
1020 5052 1106 5121 l8)
1148 5072 1160 5105 :
1195 5072 1213 5105 ι
1246 5053 1601 5122 Firmissime,
1627 5062 1824 5133 inquit,
1847 5073 1993 5130 tene,
2029 5073 2085 5120 et
2107 5065 2231 5119 nul-

663 5138 869 5193 latenus
897 5141 1109 5199 dubites
1135 5185 1149 5208 ,
1190 5162 1296 5201 non
1323 5164 1541 5204 carnem
1577 5153 1777 5212 Christi
1807 5157 1926 5212 sine
1951 5157 2234 5214 divinitate

661 5240 972 5298 conceptam
998 5233 1049 5286 in
1066 5245 1219 5290 utero
1242 5239 1493 5313 Virginis,
1528 5248 1843 5318 priusquam
1869 5252 2231 5321 susciperetur

713 5384 1150 5472 ῘΪῘ-,δχηίίθτῖυελ
1191 5392 1300 5472 "(to
1347 5401 1686 5472 promminm,
1745 5404 1899 5472 cujus
1950 5401 2133 5461 tamen
2166 5405 2223 5461 S.

659 5449 1010 5537 μιὲθῖυιιξηιιιδ
1034 5459 1089 5537 in
1111 5449 1364 5531 Catalogo
1394 5467 1625 5534 (iperum
1744 5449 1932 5527 lliiatjii

659 5530 725 5600 (ιιΔ
746 5525 884 5600 quod
927 5528 1173 5600 similiter
1227 5554 1254 5587 ιι
1298 5525 1563 5592 Cassiano
1597 5525 1715 5596 Lib.
1757 5525 2222 5600 viide

657 5595 876 5656 εῖιίιίιυί
900 5610 1036 5650 "um:
1063 5598 1412 5660 desideratur.
1442 5608 1640 5664 Tcxtus
1675 5595 2224 5682 vet-oiapud—Cassia:

2327 4895 2460 4950 tium
2487 4900 2888 4967 comprobatus.
2922 4898 3104 4967 Neque
3141 4901 3286 4954 enim
3331 4902 3564 4970 privavit
3587 4919 3708 4960 eum
3737 4905 3901 4964 Pater
3958 4935 3960 4937 >

2328 4996 2534 5044 natura:
2553 5003 2663 5045 sua:
2694 4991 2928 5054 nomine,
2949 4998 3231 5058 postquam
3260 5007 3358 5060 pro
3389 4995 3544 5050 nobis
3578 4995 3739 5053 homo
3767 5013 3899 5069 pau-

2328 5093 2424 5146 per
2448 5078 2674 5135 eﬂ'ectus
2702 5089 2786 5134 est
2824 5096 2838 5132 ε
2865 5082 2976 5134 ncc'
3017 5080 3068 5132 in
3099 5077 3332 5137 Jordane
3379 5082 3538 5140 lluvio
3568 5087 3894 5157 baptizatum

2331 5169 2502 5226 altero
2541 5171 2832 5240 appellavit
2858 5170 3139 5235 vocabulo,
3169 5172 3260 5226 sed
3289 5171 3482 5229 Filium
3509 5177 3841 5247 unigenitum
3877 5191 3894 5231 :

2335 5257 2412 5313 Tu
2436 5275 2512 5325 es,
2543 5259 2736 5328 inquit,
2767 5258 2939 5312 Filius
2981 5277 3124 5314 mcus
3156 5262 3394 5330 dilectus,
3422 5266 3473 5320 in
3499 5283 3599 5337 quo
3627 5267 3753 5322 mihi
3773 5267 3896 5322 bene

2331 5423 2458 5485 num
2482 5410 2554 5463 ita
2588 5419 2781 5485 sonat:
2821 5428 2839 5485 ς
2871 5410 2998 5485 Erat
3019 5429 3248 5484 namque
3272 5419 3502 5485 primum
3529 5420 3890 5478 necessarium

2331 5478 2504 5560 nobis,
2524 5487 2581 5532 ut
2610 5478 2925 5560 Unigenitus
2943 5482 3080 5536 Deus
3103 5478 3452 5543 nostri-causa
3475 5491 3657 5557 homo,
3685 5491 3735 5546 id
3749 5489 3892 5560 quod

2332 5555 2444 5620 tum
2463 5565 2589 5620 Anon
2609 5558 2743 5610 erat,
2777 5555 3101 5620 gigneretur.
3127 5576 3143 5607 ι

2401 5619 2427 5656 ι)
2462 5616 2621 5672 Uncis
2642 5616 3050 5677 inclusadesunt
3075 5626 3127 5681 in
3156 5626 3467 5697 Thcophilo.
