4238 6258
387 350 515 424 'iss
1140 361 1553 420 DOGIIATICA.
1592 376 1661 404 -έ-
1697 363 1856 419 suv.
1881 359 2187 417 usuusu
2211 357 2404 419 unm
2444 364 2551 419 vu.
2586 393 2655 403 -
2690 360 2819 421 LIB.
2862 363 2947 417 ιιι.

411 477 700 550 conplet“
721 476 934 549 (Matth.
958 493 1043 544 ιιι,
1071 476 1179 549 i7).
1208 498 1228 530 ι
1270 477 1585 533 Ambrosius
1624 475 1853 561 eximius
1873 472 1968 527 Dei
1996 477 2044 532 Δ
2077 470 2418 561 t..iiteretice!
2442 472 2626 527 desine
2647 469 3142 541 judicarejudicem
3160 477 3329 561 tuum,
3348 471 3449 561 sed;
3461 471 3625 527 adora

412 567 685 633 sacerdos,
734 568 789 621 in
842 566 981 621 libro
1015 567 1108 636 qui
1149 574 1234 622 est
1260 567 1327 621 ad
1354 565 1610 637 virgines,
1654 558 1730 621 ita
1758 578 1965 618 mcmo-
2069 558 2137 615 in'
2153 561 2313 617 caelis
2331 563 2534 626 Deum,
2580 576 2740 632 quem
2769 561 2934 614 Deum
2960 560 3411 630 magusadoravit
3437 559 3493 615 in
3519 568 3625 616 ter-

3527 362 3628 419 186

2331 53 2350 57 _
2465 47 2478 54 μ,
2565 43 2574 48 σ
3307 55 3320 58 -
3389 45 3458 58 μ’...
3471 45 3506 50 ⁵⁷-
3581 47 3584 50 ¹
3595 57 3600 62 ,
3671 58 3696 61 _
3743 59 3746 62 ,
3757 55 3806 62 .——._
4068 58 4079 63 ι

1923 85 1932 88 -
1961 71 1986 84 σι
2097 91 2144 110 τι
2159 61 2230 102 Ἄ...
2287 81 2314 98 _-
2333 77 2498 100 _.___..
2423 73 2450 78 ι·
3621 65 3730 92 -ι-τπε
3743 55 3902 96 κεπτ
3957 89 3972 92 -
3988 68 4043 79 τε·
4060 82 4097 103 η

1323 109 1348 114 _
1375 105 1428 114 μ.-
1463 89 2124 120 -Μκε
2145 99 2176 114 ,τ
2317 121 2324 124 _
2377 107 2414 126 ...ι-
2452 124 2459 129 Δ
2483 111 2494 126 ._
2551 111 2572 126 τ
2607 123 2616 126 _
2731 107 2744 114 -
2795 123 2806 126 _
2865 113 2888 118 __
2901 101 3106 130 *κη-...Ξ
3127 107 3160 124 _.__
3175 111 3178 114 .
3191 99 3298 128 urg-urb
3315 101 3426 128 ,τετυ-ις
3435 99 3564 128 sla-.215-
3633 103 3642 110 -
3655 99 3754 116 -ιιητη
3773 95 3896 132 πράξῃ...
3911 115 3926 130 Ι,
3953 105 3982 120 ,,,,ι
4032 108 4097 129 τ’...

412 664 497 713 rat
519 667 547 737 ξ
800 673 820 707 ι
847 654 1397 732 Gloriosavirginitas
1420 666 1477 712 et
1501 654 1756 725 przeciara
1785 653 1969 731 fecunf-

412 746 571 801 ditas.
587 745 849 801 Dominus
873 745 1057 801 mundi
1077 745 1338 810 nascitur,
1362 753 1421 800 et
1439 744 1614 805 nullus
1632 752 1716 800 est
1740 744 1969 813 gemitus
2006 794 2015 803 ε

395 834 709 906 “parientis,
743 835 869 906 quia
898 832 999 891 las“
1031 842 1147 891 erat
1194 846 1255 890 ut
1290 835 1399 890 Deo
1426 844 1679 893 nascente
1715 834 1969 889 meritum

412 931 679 981 cresceret
732 923 1019 990 castitatis.
1057 943 1077 977 ι
1129 923 1798 994 Iiieronymuscatholicac
1846 921 1968 977 ﬁdei

412 1013 604 1070 doctor
627 1006 973 1069 clarissimus"
991 1013 1046 1067 in
1086 1013 1226 1069 libro
1248 1014 1315 1067 ad
1341 1006 1685 1070 Ειιοιθᾶιὶιιιιι
1709 1013 1970 1085 virginem

414 1094 605 1176 (Epist.
632 1101 726 1168 22,
747 1117 803 1156 ιι.
824 1100 917 1172 29.)
941 1116 956 1155 :
992 1119 1011 1152 ι
1039 1100 1158 1167 Dei,
1189 1102 1363 1172 inquit
1385 1142 1401 1167 ,
1424 1096 1595 1158 Filius
1639 1118 1739 1173 pro
1788 1110 1971 1157 nostra

412 1196 586 1252 salute
627 1178 863 1251 hominis
899 1192 1072 1249 factus
1120 1202 1204 1249 est
1245 1193 1406 1248 ﬁlius.
1458 1194 1653 1250 Decem
1697 1191 1832 1266 [Αι.,
1860 1191 1971 1272 No-

414 1284 557 1353 vem]
578 1285 854 1341 mensibus
874 1286 904 1326 ὶι
926 1284 981 1340 in
1006 1293 1181 1365 utero,
1210 1293 1271 1340 ut
1283 1293 1558 1351 nascatur,
1581 1294 1967 1357 exspectat,....

415 1389 471 1436 et
502 1376 612 1445 ille,
640 1378 794 1449 cujus
819 1378 1020 1449 pugillo
1043 1449 1045 1452 g
1069 1378 1303 1458 mundus
1349 1370 1642 1433 includitur
1682 1375 1880 1456 [Hier.,
1919 1386 1975 1430 et

396 1469 511 1543 ille
535 1446 735 1541 pugillo
764 1446 1019 1523 mundum
1040 1446 1363 1538 includens],
1392 1465 1644 1537 praesepis
1668 1446 1976 1520 continetur

416 1542 696 1629 angustiis.
728 1578 748 1613 ι
778 1556 910 1613 Item
935 1555 1104 1627 ipsius
1115 1556 1171 1611 in
1184 1555 1576 1623 commentario
1590 1554 1741 1611 Isaias
1759 1554 1837 1627 (In
1852 1570 1972 1625 cap.
2007 1542 2014 1551 ’

416 1666 493 1707 vn
523 1650 627 1705 lsa.
652 1689 670 1713 ,
706 1662 859 1705 mm.
886 1647 979 1718 14)
1010 1661 1027 1702 :
1059 1665 1079 1698 ι
1106 1646 1364 1705 Dominus
1390 1632 1849 1711 enim‘virtutum,
1882 1646 1975 1716 qui

359 1795 365 1800 ,
415 1750 497 1802 est
522 1739 635 1794 Rex
662 1738 865 1809 glorias,
886 1737 1004 1807 ipse
1021 1735 1297 1793 descendit
1320 1735 1375 1790 in
1399 1732 1613 1795 uterum
1632 1735 1972 1807 virginalem,

2046 649 2165 703 -ris.
2198 668 2218 701 ›
2274 648 2405 705 item
2454 650 2647 705 beatus
2692 648 2834 709 Beda
2887 648 3167 718 presbyter
3212 648 3267 702 in
3296 649 3629 718 expositione

2066 736 2374 805 apostolicae
2400 737 2789 794 exhortationis
2828 736 2897 791 ad
2942 738 3222 807 episcopos
3273 738 3628 806 Ephesion

2068 825 2255 897 (Beda,
2286 827 2341 881 in
2366 841 2484 899 cap.
2515 843 2587 881 xx
2613 827 2729 881 Act.
2778 827 2991 897 apost.),
3023 826 3111 882 ubi
3139 828 3252 882 ait:
3284 826 3354 882 In
3391 844 3495 899 quo
3542 845 3627 883 vos

2071 918 2298 991 Spiritus
2316 930 2526 975 sanctus
2544 916 2713 991 posuit
2733 920 2993 991 episcopos
3014 937 3184 992 regere
3197 920 3483 977 Ecclesians
3510 921 3626 986 Dei,

2067 1025 2225 1080 quam
2256 1010 2524 1080 acquisivit
2564 1010 2815 1081 sanguine
2838 1024 2936 1063 suo
2977 1008 3115 1076 (Act.
3146 1024 3237 1075 xx,
3263 1010 3353 1081 28)
3384 1012 3403 1069 ι
3457 1029 3477 1062 ι
3509 1010 3625 1066 Νοιι

2070 1104 2350 1172 dubitavit,
2370 1102 2565 1176 inquit,
2591 1105 2903 1176 sanguinem
2924 1104 3019 1189 Dei
3037 1104 3215 1160 dicere
3236 1114 3455 1177 propter
3467 1107 3624 1162 unio-

2040 1212 2195 1253 .nem
2222 1213 2464 1268 persona:
2488 1198 2545 1252 in
2574 1197 2780 1253 duabus
2805 1196 3012 1251 naturis
3032 1193 3271 1265 ejusdem
3294 1195 3420 1252 Iesu
3462 1195 3627 1253 Chri-

2070 1288 2173 1354 sti,
2204 1295 2423 1359 propter
2466 1301 2628 1358 quam
2672 1294 2728 1340 et
2771 1285 2950 1341 dictus
2974 1285 3225 1352 cstillius
3251 1286 3513 1352 hominis,
3537 1287 3630 1356 qui

2070 1386 2156 1433 est
2178 1378 2232 1432 in
2259 1372 2414 1433 ctelo.
2457 1375 2641 1432 Cesset
2660 1390 2790 1447 ergo
2833 1374 3113 1431 Nestorius
3140 1375 3308 1431 ﬁlium
3338 1377 3569 1433 hominis
3594 1394 3626 1432 a

2072 1465 2210 1521 Filio
2247 1466 2344 1521 Dei
2388 1480 2663 1545 separare,
2707 1474 2761 1521 et
2786 1465 2919 1557 duos
2941 1465 3043 1520 sibi
3068 1464 3249 1521 facere
3294 1465 3560 1522 Christos.
3597 1487 3620 1521 ι
3704 1459 3709 1462 ’

2073 1557 2326 1613 Dicamus
2357 1564 2412 1612 et
2454 1572 2552 1612 nos
2584 1574 2599 1610 :
2631 1556 2821 1613 Cesset
2846 1557 3028 1626 itaque
3071 1555 3223 1611 Felix
3252 1555 3525 1613 Christum
3578 1558 3632 1613 in

2073 1645 2209 1701 duos
2235 1637 2505 1710 ﬁlios,‘vel
2532 1645 2586 1699 in
2616 1645 2749 1701 duos
2774 1643 2904 1701 deos
2927 1644 3184 1712 dividere,
3214 1660 3284 1700 ne
3307 1640 3634 1701 Nestorianae

2075 1734 2171 1805 ﬁat
2204 1734 2535 1790 inﬁdelitatis
2572 1735 2845 1806 particeps
2879 1735 3041 1804 :quia
3078 1736 3221 1806 quod
3258 1734 3537 1792 Nestorius
3578 1737 3634 1792 in

421 1801 476 1891 et
506 1801 781 1898 ingressus
809 1801 998 1879 est-et
1042 1830 1290 1894 egressus
1332 1822 1649 1879 orientalem
1684 1801 1918 1894 portam.
1950 1801 1970 1878 ί
1998 1807 2052 1865 Β
2075 1801 2303 1881 numero
2329 1801 2710 1896 personarum,
2742 1801 2843 1880 hoc
2869 1801 3017 1879 Felix
3040 1801 3113 1879 in-
3140 1839 3364 1879 numero
3404 1824 3634 1880 ﬁliorum

411 1911 543 1977 item
590 1908 919 1983 Augustinus
942 1951 958 1978 ,
1005 1900 1162 1981 cujus
1207 1928 1370 1981 supra
1412 1912 1606 1983 sazpius
1649 1914 1979 1969 mentionem

416 2002 644 2059 iecimus
670 2020 685 2057 :
723 2021 741 2054 ι
777 2002 847 2058 Ut
880 2012 1084 2068 autem,
1112 2002 1287 2072 inquit
1310 2002 1509 2074 (Serm.
1532 2002 1640 2058 Sin
1660 2003 1843 2058 Natali
1874 2003 1982 2058 Do-

414 2087 585 2161 mitii),
611 2090 857 2147 homines
882 2100 1235 2148 nascerentur
1256 2107 1322 2148 ex
1346 2092 1479 2158 Deo,
1506 2093 1737 2163 primum
1770 2109 1839 2149 ex
1863 2108 1981 2149 om-

418 2178 577 2237 nibus
602 2189 762 2236 natus
789 2190 873 2236 est
890 2180 1033 2237 Deus
1062 2196 1081 2237 :
1107 2180 1355 2238 Christus
1376 2182 1520 2238 enim
1548 2181 1717 2249 Deus,
1747 2192 1804 2239 et
1824 2182 1981 2259 Chri-

421 2277 533 2328 stus
560 2280 722 2327 natus
746 2286 816 2327 ex
839 2271 1081 2339 homine,
1114 2288 1221 2329 non
1262 2272 1509 2343 quasivit
1534 2273 1635 2329 nisi
1665 2282 1894 2349 matrem
1923 2275 1980 2329 in

368 2396 371 2397 ν
416 2366 587 2430 terra,
624 2362 716 2433 qui
760 2360 875 2432 jam
914 2362 1132 2420 Patrem
1178 2363 1412 2421 habebat
1442 2365 1497 2420 in
1525 2357 1885 2422 cmichatus
1911 2380 1981 2421 ex

418 2456 547 2523 Doo,
574 2473 672 2528 per
699 2473 860 2527 quem
886 2456 1013 2514 iacti
1047 2473 1261 2526 sumus;
1296 2466 1453 2523 natus
1490 2475 1559 2515 ex
1595 2460 1846 2531 Virgine,
1885 2475 1981 2530 per

414 2559 573 2618 quem
610 2545 1050 2603 reiormaremur.
1085 2568 1105 2602 ι
1160 2548 1294 2605 Item
1345 2547 1585 2618 ejusdem
1640 2544 1709 2605 in'
1751 2551 1979 2620 epistola

414 2644 487 2695 ad
510 2638 856 2706 Volusianum
885 2637 1078 2709 (Epist.
1118 2638 1240 2705 157,
1268 2653 1388 2709 cap.
1414 2638 1470 2711 ι)
1500 2657 1514 2694 :
1554 2658 1573 2691 ι
1604 2640 1673 2695 Ει
1695 2640 1807 2709 ipse
1828 2640 1982 2713 Moy-

417 2741 507 2785 ses
528 2739 583 2805 et
616 2727 803 2784 cmteri
836 2729 1111 2798 prophetae
1146 2730 1491 2791 veraeissime
1518 2729 1800 2785 Dominum
1826 2732 1984 2788 Chri-

412 2830 552 2878 sttmn
582 2821 1065 2893 prophelaverunt,
1093 2829 1151 2877 et
1180 2821 1229 2877 ei
1256 2822 1479 2892 gloriam
1525 2836 1773 2893 magnam
1818 2824 1980 2881 dede-

418 2920 542 2966 runt
564 2932 575 2965 :
602 2914 750 2968 hunc
762 2926 869 2965 non
884 2914 1141 2979 tauquam
1167 2910 1382 2966 Patrem
1408 2913 1509 2967 sibi
1527 2911 1707 2985 μείς..
1726 2923 1981 2983 tanquam

417 3014 598 3071 parem
620 2999 771 3073 sibi],
796 3014 895 3056 nec
919 2999 974 3053 in
1004 2999 1193 3054 eadem
1214 3000 1598 3056 miraculorum
1628 3004 1864 3071 potentia
1891 3019 1981 3057 su-

418 3091 709 3161 peribrem,
740 3090 833 3145 sed
860 3087 1016 3158 plene
1040 3087 1224 3160 [Aug.,
1251 3088 1429 3161 plane]
1482 3090 1765 3147 Dominum
1811 3093 1976 3149 Deum

418 3180 689 3243 omnium,
743 3186 801 3234 et
860 3179 1134 3234 hominem
1186 3186 1403 3249 pr0pter
1454 3180 1721 3236 hominem
1776 3183 1979 3239 factum

417 3277 701 3325 venturum
717 3268 1232 3338 praenuntiaveruut.
1253 3289 1270 3319 ι
1299 3267 1429 3323 item
1449 3268 1738 3341 Gregorius
1750 3271 1984 3327 Nazian-

421 3373 587 3413 zenus
630 3357 808 3429 (Orat.
858 3360 948 3425 ‘58,
1005 3358 1060 3413 in
1104 3355 1297 3414 Christi
1326 3358 1542 3432 Natio.)
1576 3376 1590 3416 :
1626 3380 1644 3413 ι
1672 3362 1804 3418 Cum
1832 3378 1982 3435 ergo,

310 3492 311 3497 η
417 3446 627 3518 inquit,
664 3450 1020 3521 processisset
1056 3463 1124 3504 ex
1165 3449 1385 3520 Virgine
1425 3450 1566 3505 Deus
1608 3451 1662 3505 in
1702 3467 1789 3517 ea,
1821 3468 1982 3522 quam

418 3532 804 3612 assumpset'rat,
833 3540 1074 3594 humana
1103 3547 1294 3594 natura
1321 3579 1338 3605 ,
1388 3556 1550 3594 unum
1577 3556 1607 3595 e
1637 3541 1844 3598 duobus
1879 3543 1981 3598 sibi

417 3626 654 3685 invicem
670 3627 964 3693 contrariis
990 3628 1229 3685 existens
1247 3643 1409 3686 carne
1432 3644 1495 3693 ac
1518 3629 1735 3700 spiritu,
1760 3631 1903 3687 aliud
1926 3632 1982 3689 in

418 3720 586 3777 Deum
626 3721 918 3789 Mur
940 3762 957 3789 ,
994 3722 1138 3798 aliud
1166 3722 1381 3779 deitatis
1415 3723 1646 3794 gratiam
1674 3734 1914 3794 praestat.
1952 3745 1971 3779 ι

416 3812 551 3869 item
574 3796 1022 3891 beatusﬂyrillus
1048 3822 1236 3869 contra
1260 3811 1565 3868 Nestorium
1593 3813 1785 3886 (Epist.
1822 3815 1884 3883 4,
1913 3796 1982 3873 ad

415 3903 746 3981 Nestorium)
777 3924 793 3961 :
827 3925 845 3958 ι
881 3905 1064 3978 Neque
1086 3906 1254 3971 enim,
1285 3906 1480 3976 inquit,
1507 3906 1683 3976 primo
1710 3916 1870 3963 natus
1898 3917 1985 3965 est

416 3994 579 4050 homo
598 3996 902 4052 communis
942 3995 1010 4051 de
1053 4003 1241 4051 sancta
1273 3995 1505 4066 Virgine,
1538 4004 1593 4051 et
1622 4004 1747 4051 tunc
1769 3997 1980 4052 demum

414 4084 736 4140 inhabitavit
762 4086 816 4138 in
848 4100 915 4141 eo
936 4086 1174 4141 Verbum
1210 4105 1223 4139 :
1253 4086 1347 4142 sed
1390 4085 1444 4140 in
1473 4086 1588 4155 ipsa
1612 4086 1765 4140 vulva
1800 4095 1982 4141 utero-

412 4193 519 4250 que
564 4176 814 4247 virginali
852 4190 911 4231 sc
946 4190 1068 4231 cum
1095 4190 1261 4232 carne
1288 4175 1594 4243 conjunxit,
1625 4184 1682 4231 et
1726 4178 1983 4232 sustinuit

411 4266 815 4339 generationem
843 4263 1113 4319 carnalem
1141 4264 1324 4320 carnis
1369 4279 1480 4321 sum
1522 4263 1658 4337 [Al.,
1686 4266 1838 4320 carui
1866 4280 1980 4321 sua:

412 4357 749 4415 nativitatem
779 4369 929 4410 suam
961 4352 1204 4427 faciens].
1238 4374 1255 4407 ι
1291 4355 1482 4411 Petrus
1516 4368 1732 4426 quoque
1761 4354 1986 4411 Raven»

2079 1915 2259 1974 facere
2283 1916 2515 1983 videtur,
2541 1932 2704 1990 unum
2732 1914 3031 1987 adoptivum
3050 1956 3068 1982 ,
3092 1922 3148 1970 et
3170 1915 3331 1969 alium
3356 1916 3655 1986 proprium:

2077 2004 2281 2063 faciens
2301 2004 2407 2078 [ut]
2432 2006 2628 2061 Filium
2656 2005 2753 2062 Dei
2783 2010 2880 2076 per
2918 2020 3083 2060 unam
3110 2005 3443 2061 divinitatem
3470 2005 3638 2075 majc-
3710 2008 3717 2014 ’

2077 2096 2255 2163 statis,
2274 2086 2334 2151 in
2355 2096 2488 2151 duas
2512 2096 2715 2152 dividat
2759 2101 3051 2164 potestates
3074 2134 3089 2160 ,
3142 2109 3302 2149 unam
3342 2095 3638 2165 propriam,

2078 2187 2305 2243 alteram
2348 2186 2782 2255 nuncupativam.
2818 2183 3028 2249 Nonne,
3064 2175 3294 2253 quaso,
3343 2183 3398 2237 hi
3453 2199 3641 2240 omnes
3684 2232 3691 2239 ,

2079 2275 2235 2347 quasi
2263 2274 2579 2346 prophetico
2597 2274 2725 2329 olim
2762 2271 2955 2344 spiritu
2975 2313 2992 2339 ,
3021 2273 3091 2328 ad
3128 2271 3481 2329 confutandas
3504 2272 3643 2329 blas-

2076 2363 2318 2434 phemias
2348 2372 2488 2429 tuas,
2544 2363 2660 2418 haec
2708 2361 2999 2417 dixerunt?
3039 2361 3120 2417 'I‘u
3163 2361 3310 2417 enim
3360 2361 3641 2418 Dominum

2076 2452 2245 2525 329
2279 2438 2519 2508 nostrum
2545 2451 2880 2507 Salvatorem
2926 2451 3116 2507 fateris
3161 2449 3434 2506 Christum
3473 2466 3636 2517 esse;

2078 2543 2249 2600 Deum
2266 2557 2405 2599 vero
2444 2558 2625 2614 negas.
2667 2541 2776 2599 Nec
2802 2542 2905 2598 hoc
2932 2542 3049 2599 solo
3088 2549 3377 2598 contentus
3418 2556 3500 2609 es,
3536 2542 3640 2599 nisi

2080 2633 2244 2711 etiam
2276 2640 2333 2689 et
2357 2647 2571 2689 servum
2596 2647 2724 2687 eum
2746 2630 3041 2688 aii‘lrmares
3054 2644 3174 2700 esse
3193 2630 3637 2686 conditionalem:

2079 2725 2158 2781 illi
2183 2740 2311 2795 vero
2338 2738 2547 2791 omnes,
2578 2739 2717 2795 quos
2754 2723 3281 2795 praenominavimus,
3334 2730 3391 2787 ει
3432 2721 3525 2777 alii
3555 2722 3641 2780 his

2080 2817 2253 2881 multo
2272 2816 2455 2886 plures
2474 2816 2726 2871 catholici
2745 2815 2846 2869 viri
2862 2813 3136 2870 Christum
3157 2814 3438 2868 Dominum
3468 2815 3636 2870 Deum

2044 2920 2051 2928 '
2078 2921 2265 2962 verum
2286 2907 2731 2977 prmdicaverunt.
2760 2905 2839 2981 Illi
2866 2902 3079 2961 bestam
3106 2905 3377 2976 Virginem
3415 2906 3640 2963 Mariam

2080 2997 2177 3052 Dei
2211 2997 2524 3068 genitricem
2549 2996 2855 3064 aliirmant;
2879 3006 2937 3052 tu
2959 3011 3085 3054 vero
3110 3014 3215 3056 non
3241 3007 3449 3054 tantum
3469 3000 3643 3055 homi-

2082 3088 2180 3151 nis,
2215 3080 2374 3157 quem
2400 3086 2672 3147 ChriStum
2700 3082 2979 3154 nominas,
3026 3087 3120 3144 sed
3167 3089 3310 3145 servi
3361 3076 3636 3157 cujusdam

2084 3178 2394 3249 genitricem
2425 3166 2589 3248 impia
2612 3178 2848 3234 novitate
2878 3177 3097 3233 credere
3141 3185 3197 3233 et
3225 3178 3530 3248 praedicare
3560 3177 3640 3232 vi-

2083 3262 2243 3323 deris.

2155 3378 2263 3432 XII.
2304 3378 2523 3449 Insuper
2544 3388 2600 3435 et
2632 3366 3013 3436 auctoritatem
3034 3387 3232 3436 nostra:
3257 3378 3378 3435 ﬁdei
3402 3380 3584 3452 poscis
3606 3396 3636 3435 a

2082 3468 2256 3531 nobis,
2282 3470 2373 3538 qui
2396 3469 2540 3524 credi
2567 3469 2735 3539 possit
2760 3483 2948 3527 verum
2990 3468 3160 3525 Deum
3183 3484 3304 3525 esse
3346 3470 3639 3535 hominem,

2081 3558 2173 3627 qui
2197 3572 2265 3613 ex
2294 3567 2446 3615 utero
2476 3560 2722 3630 virginali
2749 3546 2909 3617 natus
2935 3567 3038 3615 est.
3069 3559 3215 3616 Dicis
3238 3553 3382 3615 enim
3422 3578 3439 3615 :
3472 3578 3492 3612 ι
3526 3560 3642 3628 Qua

2081 3651 2420 3718 auctoritate,
2463 3651 2605 3706 idem
2623 3650 2785 3707 homo
2810 3651 3120 3707 Dominicus
3144 3666 3213 3706 ex
3237 3659 3394 3707 utero
3452 3648 3642 3707 matris

2081 3754 2240 3796 verus
2261 3738 2401 3795 Deus
2429 3749 2739 3813 conceptus,
2777 3746 2841 3798 et
2855 3755 3019 3797 verus
3047 3740 3189 3797 Deus
3228 3750 3387 3796 natus
3425 3757 3456 3795 a
3484 3740 3637 3795 nobis

2080 3830 2422 3899 praedicatur,
2452 3844 2576 3886 cum
2600 3829 2673 3886 sit
2697 3839 2891 3887 natura
2929 3846 3091 3886 verus
3116 3830 3297 3894 homo,
3326 3837 3382 3884 et
3408 3838 3506 3898 per
3529 3843 3641 3883 om-
3746 3834 3749 3839 '

2083 3919 2466 3976 nia-subditus
2514 3920 2657 3975 Deo?
2681 3940 2701 3972 ο
2741 3919 2801 3976 Si
2827 3914 3204 3975 auctoritatem
3234 3919 3643 3990 quatris-quare

2085 4006 2250 4062 Deum
2279 4022 2461 4061 verum
2504 4000 2855 4077 prcdicemus
2878 4008 2972 4080 qui
2995 4016 3154 4065 natus
3175 4017 3268 4083 est.
3300 4024 3367 4065 ex
3391 4009 3607 4083 Virgine
3625 4052 3645 4079 ,

2080 4094 2250 4151 habes
2275 4095 2331 4149 in
2357 4094 2723 4164 superioribus
2757 4087 3047 4153 multorum
3088 4081 3330 4164 Patrum,
3375 4081 3509 4167 quos
3534 4116 3634 4171 po-

2080 4184 2307 4251 suimus,
2329 4200 2455 4240 non
2469 4187 2915 4242 contemnendam
2942 4187 3333 4243 auctoritatem.
3357 4187 3556 4244 Tamen
3586 4189 3631 4243 si

2080 4275 2295 4333 illorum
2319 4274 2637 4333 auctoritati
2665 4266 2883 4334 credere
2908 4279 3108 4344 renuis,
3155 4276 3239 4332 vel
3267 4277 3437 4347 ipsius
3464 4280 3639 4339 sancti

2083 4362 2338 4437 Spiritus,
2364 4380 2461 4437 per
2485 4381 2643 4435 quem
2673 4374 2728 4422 et
2750 4365 2819 4421 de
2846 4381 2954 4436 quo
2976 4366 3065 4421 illa
3093 4365 3353 4421 mirabilis
3393 4365 3511 4421 Filii
3540 4365 3640 4423 Dei

411 4449 597 4540 nensis
622 4447 926 4540 episcopus-
947 4445 1001 4499 in
1027 4445 1469 4540 eademepistola
1500 4446 1640 4540 unde
1654 4447 1826 4540 paulo
1854 4458 1979 4540 ante
2010 4482 2058 4540 ι)
2083 4457 2360 4527 conceptio
2388 4457 2443 4511 in
2490 4464 2644 4540 utero
2683 4457 2929 4528 virginali
2962 4456 3103 4512 facta
3129 4464 3229 4520 est,
3256 4458 3438 4522 crede,
3490 4458 3646 4529 cujus

412 4538 695 4611 posuimus
721 4534 1022 4604 exemplum
1050 4546 1071 4574 ε
1121 4551 1135 4589 :
1174 4554 1192 4586 ς
1222 4537 1493 4602 Verbum,
1520 4536 1877 4607 iuquit,.caro
1902 4536 1981 4592 fa-

411 4637 558 4684 ctum
586 4636 713 4689 est,
742 4632 803 4677 ut
845 4624 1007 4678 homo
1033 4639 1197 4678 carne
1223 4634 1630 4694 promoveretur
1673 4625 1726 4680 in
1752 4626 1979 4696 gloriam

411 4717 529 4783 Dei,’
549 4733 658 4773 non
680 4722 743 4768 ut
762 4713 901 4768 Deus
926 4712 981 4766 iu
1000 4712 1179 4785 carnis
1198 4720 1501 4767 verteretur
1522 4712 1773 4782 injuriam
1802 4731 1814 4765 :
1842 4712 1980 4769 sicut

411 4809 542 4873 dicit
565 4803 887 4879 Apostolus;
921 4800 1023 4868 Qui
1042 4818 1096 4856 se
1116 4798 1293 4872 jungit
1319 4800 1561 4868 Domino,
1593 4819 1727 4857 unus
1764 4804 1986 4875 spiritus

411 4908 484 4953 est
512 4896 566 4971 (I
595 4895 726 4951 Cor.
756 4910 831 4959 VI,
861 4891 959 4964 17)
992 4910 1004 4946 :
1040 4891 1108 4946 Et
1136 4891 1404 4960 quomodo
1456 4906 1597 4956 non,
1651 4893 1868 4963 quando
1908 4902 1979 4950 se

409 4984 585 5060 jungit
610 4988 757 5043 Deus
783 4984 1005 5057 homini,
1034 4997 1174 5038 unus
1199 4988 1285 5036 est
1304 4974 1486 5038 Deus?
1502 5001 1521 5034 ι
1548 4981 1614 5037 Et
1637 4980 1763 5055 pust
1775 4999 1977 5055 pauca:

480 5153 507 5183 ι
548 5139 608 5195 S.
635 5137 986 5200 Ambrosius;
1016 5135 1192 5205 potius
1235 5138 1421 5205 auctor
1450 5130 1689 5205 incertus
1715 5134 1980 5205 sermonis

416 5211 506 5267 lli
568 5210 627 5264 in
681 5206 862 5261 Natali
897 5199 1147 5269 Domini,
1183 5220 1241 5259 ιι.
1292 5203 1363 5267 4,
1390 5200 1542 5256 inter
1594 5199 1728 5272 Opp.
1772 5200 1828 5256 S.
1864 5202 1977 5257 Au-

450 5279 632 5337 ustini.

416 5300 744 5403 “Suam:
771 5344 1053 5413 mensibus.
1088 5344 1164 5396 ita
1189 5342 1350 5398 etiam
1378 5342 1585 5413 legebat
1618 5339 1974 5413 Martianmus.

306 5454 313 5475 ι
418 5418 625 5505 Vulgati
653 5415 747 5505 alii
777 5428 983 5505 omnes,
1011 5412 1088 5465 ait
1113 5411 1453 5505 doctissimus
1480 5412 1771 5492 Vallarsius
1801 5411 1853 5463 in
1882 5426 1980 5465 n0-

417 5480 629 5548 vissima
647 5486 782 5543 edit.
807 5484 965 5553 Oper.
1007 5482 1177 5553 sancti
1200 5480 1814 5553 Ilicronymiqnostriquc
1845 5495 1972 5535 mss.

417 5561 625 5619 codices
651 5550 868 5612 habent
888 5567 1082 5605 novem.
1126 5550 1439 5618 Quanquam
1482 5551 1603 5605 alibi
1632 5566 1734 5604 non
1770 5550 1977 5615 ignora-

420 5646 535 5689 mus
554 5630 743 5687 decem
782 5620 1072 5680 recenseri,
1108 5635 1219 5690 non
1243 5620 1339 5673 abs
1395 5620 1715 5690 Hieronymo
1745 5626 1971 5690 tantum,

400 5684 597 5761 ηῆἷιῖι
766 5694 931 5751 etiam
959 5684 1309 5757 scriptoribus
1330 5684 1831 5761 ειιιῑίίιιιίδνῖηυηεθδει
1860 5689 1975 5753 qui”

618 5892 651 5923 .
674 5902 679 5911 ι

600 5940 607 5951 \

2082 4546 2368 4601 adventum
2405 4532 2665 4615 quaerenti
2713 4544 2918 4616 Virgini
2964 4544 3232 4614 quomodo
3278 4545 3393 4601 ﬁeri
3436 4549 3645 4618 possint

2081 4648 2201 4704 quas
2230 4633 2301 4692 ah
2330 4632 2520 4710 angelo
2542 4632 2684 4687 dicta
2713 4640 2838 4688 sunt
2863 4633 2945 4699 ei,
2974 4634 3115 4689 idem
3151 4637 3509 4709 archangelus
3532 4639 3641 4694 Ga-

2079 4722 2219 4779 briel
2242 4736 2273 4776 a
2298 4721 2408 4777 Deo
2427 4722 2624 4777 missus
2649 4721 2824 4777 eidem
2846 4723 3051 4796 Virgini
3076 4728 3471 4795 praenuntiavit.
3498 4726 3645 4781 Nun-

2080 4802 2211 4885 quid
2238 4812 2383 4868 aliud
2402 4813 2576 4884 potuit
2603 4813 2826 4887 angelus
2870 4817 3149 4884 nuntiare,
3194 4818 3296 4873 nisi
3335 4816 3476 4886 quod
3505 4816 3580 4871 illi
3608 4833 3639 4871 a

2077 4903 2192 4959 Deo
2228 4904 2594 4979 omnipotente
2621 4906 2932 4962 mandatum
2963 4909 3111 4962 erat?
3160 4907 3295 4974 Quid
3322 4907 3452 4962 dicit
3479 4922 3640 4977 ange-

2078 4991 2197 5050 lus?
2226 4991 2452 5060 Spiritus
2480 5004 2697 5051 sanctus
2720 4995 3039 5067 superveniet
3065 4996 3119 5050 in
3160 5006 3208 5049 te
3226 5037 3241 5062 ,
3271 5006 3320 5050 et
3347 4994 3507 5054 virtus
3542 4998 3637 5054 Ai-

2078 5145 2181 5200 bus
2208 5143 2441 5199 infantes
2463 5144 2516 5199 in
2545 5154 2701 5199 utero
2724 5144 2920 5204 gestari
2944 5143 3134 5199 solent.
3159 5146 3451 5203 Auctorum
3474 5163 3633 5204 supra

2079 5214 2267 5283 viginti
2295 5214 2597 5283 testimonia
2643 5214 2695 5267 in
2726 5214 2866 5269 hanc
2894 5216 3215 5268 sententiam
3254 5218 3452 5272 indicat
3477 5214 3636 5273 Baiu-

2079 5281 2195 5337 zius
2225 5283 2276 5335 in
2304 5284 2445 5337 notis
2474 5282 2543 5352 ad
2560 5281 2810 5351 Cypriani
2837 5283 3115 5352 epistolam
3141 5286 3207 5339 ad
3237 5286 3585 5342 Fortunatum
3616 5306 3630 5340 :

2087 5367 2184 5425 nos
2226 5352 2395 5404 multo
2436 5351 2588 5420 plura
2606 5350 2815 5425 eorum
2824 5350 3046 5425 __aﬁ'erre
3088 5370 3385 5424 possemus,
3416 5358 3507 5425 qui
3533 5370 3637 5411 nou

2087 5422 2187 5475 nisi
2216 5436 2405 5475 novem
2432 5431 2769 5474 enumerant.
2794 5422 2926 5475 Vide
2949 5422 3394 5485 etiameruditam
3414 5422 3636 5478 adnota-

2085 5492 2283 5544 tionem
2313 5490 2364 5543 in
2406 5490 2547 5543 hunc
2574 5489 2750 5542 locum
2774 5491 3068 5547 doctissimi
3100 5493 3273 5547 Gazmi
3302 5492 3367 5546 ad
3396 5491 3636 5550 Cassiani

2085 5559 2204 5614 libri
2229 5560 2397 5630 vlide
2425 5558 2860 5630 incarnat.,cup.
2888 5561 2974 5625 56,
3008 5570 3117 5613 ηοῑ.

2159 5644 2178 5679 ς
2222 5628 2353 5683 Vide
2375 5644 2553 5699 supra,
2585 5628 2685 5682 col.
2714 5628 2833 5683 177⁷.
