4226 6178
573 243 674 299 187

1427 240 1483 293 Β.
1524 238 1586 291 F.
1617 234 1839 291 ALBINI
1878 231 2009 289 SEU
2049 228 2322 286 ALCUINI
2359 230 2646 289 OPERUM
2684 231 2865 288 PARS
2902 231 2984 288 Ill.

3734 227 3833 285 I88

570 365 762 420 tissimi
779 361 1104 417 obumorabit
1146 362 1238 414 tibi
1269 361 1528 427 :idcoque
1565 354 1702 427 quod
1746 362 1992 408 nascetur
2012 367 2077 406 ex
2100 362 2149 403 te
2175 348 2227 407 Α
2251 361 2586 416 quascunque
2634 347 2775 401 hanc
2814 345 2973 402 ﬁdem
3007 343 3076 400 de
3100 342 3317 402 Christo
3368 341 3498 402 Iesu
3552 359 3586 399 a
3612 316 3834 402 sanctis

570 470 835 522 sanctum,
860 456 1127 511 vocabitur
1149 453 1321 507 Filius
1348 451 1442 505 Dei
1472 450 1623 519 (Luc.
1655 465 1697 514 ι,
1722 447 1835 515 55).
1864 446 1999 499 Dum
2027 451 2151 497 ante

574 554 644 605 ah
671 548 863 617 angelo
887 541 1095 602 dictuui
1113 556 1198 599 est
1227 560 1242 597 :
1276 544 1391 597 Erit
1422 543 1559 595 enim
1609 555 1830 607 magnus
1857 578 1872 600 ,
1898 553 1946 589 et
1981 533 2151 588 Filius

573 643 829 697 Altissimi
861 640 1135 694 vocabitur
1162 635 1355 705 (lbid.,
1384 651 1432 688 ι’.
1465 632 1582 702 5'2),
1606 632 1766 685 modo
1787 629 1919 685 dicit
1942 647 1955 681 :
1976 624 2152 681 Filius

536 756 539 757 ν
573 735 705 797 Dei;
727 744 788 787 nt
812 748 972 801 quem
1000 739 1158 785 antea
1185 727 1519 782 Altissimum
1542 725 1772 788 dixerat,
1798 722 1955 776 modo
1982 720 2152 773 Deum

571 823 901 880 ostenderet.
954 819 1259 875 DeJoauue
1319 818 1516 871 dicitur
1557 815 1628 869 ab
1686 813 1877 869 eodem
1914 808 2149 880 angelo:

518 950 519 953 η
575 912 803 983 Magnus
830 914 928 966 erit
952 927 1130 965 rorant
1158 909 1267 963 Deo
1295 907 1462 979 (Ibid.
1486 924 1534 961 ιο.
1568 906 1679 974 13).
1716 904 1816 959 Hic
1844 904 1987 957 enim
2019 898 2154 954 dici-

573 1014 665 1059 tur
692 1020 914 1074 magnus
951 1003 1021 1056 ad
1044 1001 1448 1056 distinctionem
1479 997 1624 1052 illius
1656 1014 1667 1049 :
1700 1005 1749 1050 et
1780 993 1829 1047 F
1832 995 1957 1047 ilius
1988 990 2153 1044 Altis-

571 1096 725 1154 simi;
755 1104 815 1147 ut
864 1092 1214 1159 iutelligeres,
1244 1091 1403 1145 aliter
1426 1088 1686 1145 Joannem
1715 1101 1968 1158 magnum
2020 1082 2150 1147 diei,

572 1186 730 1240 aliter
752 1182 961 1247 Iesum,
1002 1180 1101 1254 "qui
1128 1181 1523 1252 praenuntiatus
1570 1188 1657 1234 est
1704 1179 1774 1233 ab
1815 1175 2024 1247 angelo.
2058 1172 2168 1255 Ille.

574 1280 736 1333 homo
763 1293 1011 1347 magnus,
1060 1277 1148 1331 hic
1175 1290 1401 1345 magnus
1430 1274 1571 1328 Deus
1598 1289 1612 1327 :
1647 1271 1786 1326 idem
1826 1284 1958 1339 ergo
1983 1266 2150 1320 Filius

570 1369 832 1424 Altissimi
860 1356 953 1441 q'ui
1001 1368 1055 1422 in
1084 1377 1240 1423 utero
1289 1365 1537 1435 virginali
1588 1362 1879 1432 conceptus
1905 1367 1962 1414 ct
1988 1368 2149 1413 natus

570 1469 676 1522 est,
705 1460 849 1513 idem
883 1460 1044 1525 homo
1074 1459 1127 1512 in
1176 1468 1419 1527 tempore
1453 1464 1670 1511 creatus
1718 1468 1785 1508 ex
1833 1461 2010 1506 matre
2057 1449 2149 1518 qui

571 1547 715 1604 Deus
757 1556 841 1603 est
892 1557 1019 1602 ante
1060 1556 1303 1616 tempora
1352 1555 1515 1600 natus
1547 1559 1612 1598 es
1644 1543 1825 1598 Patre.
1882 1541 1938 1597 Si
1987 1540 2153 1611 igitur

572 1642 717 1696 idem
748 1641 911 1695 homo
929 1640 1021 1709 qui
1049 1639 1211 1702 Deus,
1238 1647 1294 1694 et
1323 1638 1464 1693 idem
1494 1637 1636 1691 Deus
1677 1636 1769 1705 qui
1808 1636 1988 1693 homo,
2012 1633 2155 1688 desi-

2255 440 2506 495 Patrilzus
2530 440 2924 511 promulgatam
2946 438 3260 494 subvertere
3286 438 3515 505 nititur;
3548 452 3651 493 nec
3678 436 3836 493 nobis

2254 528 2466 583 Iaudem
2504 537 2811 599 qumrentcs
2829 569 2844 593 ,
2871 527 2964 583 sed
2992 526 3317 582 catholicam
3348 526 3510 581 ﬁdem
3535 524 3833 625 defenden—

2254 630 2354 683 tes,
2386 620 2563 689 parati
2589 619 2926 685 satisfacere,
2954 628 3218 688 quantum
3254 618 3413 674 nobis
3444 616 3627 674 divina
3665 616 3834 673 dona-

2252 712 2393 766 verit
2411 711 2607 781 gratia,
2632 710 2786 769 omni
2810 711 3051 781 poscenti
3093 725 3195 766 nos
3222 710 3488 765 rationem
3527 709 3686 777 ﬁdei,
3711 726 3833 767 cre-

2253 802 2445 858 dentes
2466 811 2777 859 sanctorum
2805 802 3030 856 Patrum
3062 800 3410 864 testimoniis,
3433 808 3489 857 et
3506 799 3833 871 evangelica:

2254 893 2586 957 auctoritati,
2614 908 2807 948 sensus
2825 902 3042 948 nostros
3062 892 3445 964 subjicientes;
3472 892 3833 963 prredicantes

2252 997 2441 1038 verum
2471 984 2638 1039 Deum
2683 987 3002 1054 conceptum
3033 999 3155 1040 esse
3202 992 3257 1038 et
3316 993 3503 1039 natum
3549 982 3825 1041 Christum

2206 1120 2209 1121 ν
2256 1074 2349 1128 Dei
2380 1073 2577 1129 Filium
2608 1093 2621 1127 :
2656 1074 2868 1130 dicente
2895 1084 3081 1130 saneta
3112 1074 3320 1145 synodo
3352 1072 3779 1130 Chalcedonensi
3813 1094 3827 1129 :

2252 1164 2421 1237 830
2481 1162 2787 1236 Sequamur
2823 1163 3068 1248 [Patrum
3120 1172 3432 1219 nostrorum
3490 1166 3827 1231 sententias,

2254 1271 2421 1309 unum
2442 1264 2498 1310 et
2518 1254 2766 1310 eumdem
2803 1255 3126 1310 conﬁtentes
3153 1253 3439 1308 Dominum
3469 1254 3654 1310 Iesum
3673 1255 3831 1311 Chri-

2254 1356 2419 1414 stum,
2446 1348 2831 1429 convenienter
2873 1347 3200 1414 edocentes,
3239 1346 3540 1419 perfectum
3581 1350 3829 1404 eumdem

2254 1438 2558 1500 divinitate.
2584 1448 2640 1493 et
2658 1436 2957 1511 perfectum
2980 1438 3228 1493 eumdem
3255 1438 3595 1493 incarnatum
3619 1437 3785 1493 Deum
3814 1457 3828 1492 :

2256 1539 2315 1584 ut
2338 1531 2453 1601 ipsa
2486 1531 2702 1586 Veritas
2730 1531 2785 1593 in
2813 1530 3103 1602 Evangelia
3132 1537 3424 1600 utrumque
3473 1545 3531 1584 se
3574 1530 3726 1595 dicit,
3777 1540 3833 1585 et

2255 1621 2449 1677 Filium
2478 1621 2574 1677 Dei
2616 1612 2672 1677 et
2724 1621 2891 1677 ﬁlium
2924 1619 3196 1683 hominis;
3237 1620 3314 1674 ait
3350 1621 3495 1676 enim
3525 1635 3712 1675 caeco:
3747 1618 3824 1674 Tu

571 1740 664 1784 nat
685 1730 863 1783 omnis
885 1692 1138 1783 hairetica
1170 1728 1409 1799 pravitas
1430 1767 1444 1790 ,
1476 1726 1559 1779 vel
1590 1726 1863 1780 hominem
1889 1724 2033 1779 hunc
2057 1738 2154 1793 pu-
2188 1692 2232 1750 Β
2260 1713 2427 1769 credis
2455 1715 2509 1767 in
2540 1712 2740 1769 Filium
2767 1714 2901 1769 Dei?
2923 1724 2979 1770 et
3006 1713 3363 1785 interroganti
3392 1713 3515 1782 quis
3551 1720 3719 1776 esset,
3748 1727 3838 1768 re-

573 1833 695 1873 rum
728 1819 950 1875 credere
973 1858 989 1882 ,
1032 1818 1115 1873 vel
1142 1833 1359 1873 servum
1386 1817 1681 1886 przcdicare
1705 1814 2122 1872 conditionalem
2141 1855 2157 1879 ,

573 1909 660 1964 vel
685 1909 740 1963 in
764 1909 901 1963 duos
923 1908 1164 1963 dividere
1188 1908 1348 1971 ﬁlios,
1365 1921 1525 1976 quem
1547 1907 1790 1978 angelica
1819 1906 2159 1962 adnuntiatio

571 2020 874 2062 unumesse
900 2005 993 2060 Dei
1025 2003 1194 2059 ﬁlimn
1224 2003 1493 2073 przedixit,
1527 2012 1587 2056 ut
1609 2003 1664 2056 in
1688 2010 1919 2056 tractatu
1947 2000 2156 2072 prtel‘ati

572 2098 729 2167 Bcdge
753 2097 1053 2169 presbyteri
1077 2097 1273 2168 legitur
1293 2095 1437 2167 (cap.
1474 2096 1546 2168 I),
1570 2111 1733 2165 quem
1764 2096 1819 2149 in
1841 2095 2001 2150 Lucte
2023 2094 2162 2148 seri-

572 2194 683 2264 psit
731 2191 1078 2259 Evangelium
1136 2207 1151 2242 :
1209 2208 1229 2240 ι
1266 2189 1473 2254 Ilomo,
1506 2188 1702 2258 inquit.
1756 2196 2070 2255 assumptus
2100 2188 2154 2242 in

575 2283 745 2337 Denm
774 2280 1105 2335 clariﬁeatus
1126 2288 1209 2333 est
1231 2294 1295 2334 ea
1318 2279 1565 2334 claritate
1593 2294 1755 2350 quam
1787 2279 2022 2334 Verbum
2062 2279 2155 2334 Dei

577 2374 768 2431 habuit
789 2375 1101 2443 priusquam
1127 2372 1362 2428 mundus
1404 2380 1552 2426 esset
1577 2374 1716 2442 apud
1765 2370 2003 2436 Patrem,
2056 2373 2160 2429 hoc

575 2477 681 2532 est,
723 2476 781 2519 ut
808 2467 948 2521 idem
978 2466 1099 2519 Filii
1128 2480 1323 2521 nomen
1351 2466 1597 2520 eamdem
1623 2463 1828 2519 Christi
1868 2478 2155 2533 personam

579 2561 743 2614 homo
769 2558 911 2613 Deus
957 2556 1152 2629 [Brda,
1184 2558 1346 2611 homo
1375 2570 1497 2611 cum
1522 2555 1656 2628 Deo]
1686 2556 1876 2624 plenus
1903 2556 2075 2626 gratia
2104 2563 2161 2611 et

574 2648 805 2704 veritate
853 2648 1168 2702 sortiretur.
1210 2665 1229 2698 ι
1293 2646 1424 2700 Item
1481 2647 1535 2700 in
1595 2644 1784 2701 eodem
1850 2653 2083 2700 tractatu
2140 2663 2155 2700 τ

579 2759 601 2792 ι
640 2739 867 2810 Ideoque
897 2750 943 2793 et
971 2741 1110 2811 quod
1135 2750 1377 2794 nascetur
1412 2755 1477 2795 ex
1514 2748 1564 2793 te
1590 2748 1855 2807 sanctum,
1884 2739 2161 2793 vocabitur

582 2828 756 2885 Filius
788 2831 904 2885 Dei.
944 2833 1023 2886 Ad
1054 2832 1456 2893 distinctionem
1506 2842 1708 2889 nostra:
1739 2833 2044 2890 sanctitatis
2067 2832 2158 2889 Je-

580 2940 676 2978 sus
720 2923 1069 2995 singulariter
1111 2932 1338 2978 sanctus
1376 2926 1684 2980 nasciturus
1724 2926 2003 2981 asseritur.
2048 2924 2159 2981 Nos

2258 1806 2515 1876 spondit:
2553 1805 2620 1859 Et
2646 1806 2824 1860 vidisti
2861 1822 3002 1872 eum,
3034 1816 3083 1860 et
3119 1806 3209 1877 qui
3240 1804 3472 1877 loquitur
3495 1816 3686 1870 tecum,
3727 1806 3837 1877 ipse

2256 1905 2333 1951 est
2368 1896 2550 1967 (Joan.
2585 1912 2663 1961 Ix,
2695 1897 2787 1964 55,
2816 1897 2932 1967 '56).
2966 1897 3095 1952 Item
3144 1898 3236 1952 ubi
3284 1898 3360 1951 ait
3393 1910 3408 1950 :
3458 1896 3588 1951 Cum
3639 1899 3837 1953 venerit

2257 1993 2401 2062 [ilius
2423 1995 2651 2049 hominis
2678 1996 2732 2050 in
2758 1996 3029 2067 majestate
3056 2013 3155 2050 sua
3176 1994 3326 2067 (Luc.
3352 2011 3427 2062 lx,
3450 1994 3562 2067 26).
3603 1995 3840 2053 Naturae

2260 2085 2315 2139 iu
2345 2084 2564 2142 Christo
2616 2087 2751 2142 duas
2795 2085 3138 2153 conﬁtemur,
3192 2094 3248 2141 et
3296 2086 3429 2141 duas
3457 2088 3834 2158 Operationes;

2258 2191 2423 2231 unam
2453 2184 2633 2231 tamen
2659 2177 3018 2241 divinitatem,
3043 2192 3151 2232 non
3180 2178 3334 2233 duas.
3360 2176 3514 2235 Sicut
3538 2179 3687 2235 enim
3709 2195 3835 2235 cum

2258 2268 2490 2324 dicimus
2520 2283 2534 2320 :
2559 2268 2722 2323 homo
2750 2268 2900 2332 vidit,
2931 2284 3041 2324 non
3067 2278 3246 2326 tamen
3294 2278 3441 2329 totus
3481 2270 3644 2328 homo
3678 2272 3835 2339 vidit,

2258 2363 2353 2419 sed
2383 2364 2527 2441 oculi
2561 2366 2933 2426 tantummodo
2960 2381 2975 2421 :
3002 2366 3081 2422 sic
3103 2381 3226 2423 cum
3248 2366 3479 2423 dicimus
3501 2406 3517 2431 ,
3540 2365 3685 2421 Deus
3710 2380 3835 2437 pas-

2259 2470 2352 2511 sus
2378 2464 2482 2519 est,
2514 2456 2609 2510 sed
2630 2470 2793 2511 carne
2812 2456 2947 2512 sola.
2969 2457 3090 2512 Alia
3117 2458 3263 2513 enim
3292 2465 3419 2513 sunt
3445 2471 3609 2526 opera
3649 2456 3706 2511 in
3733 2456 3834 2511 hu-

2258 2562 2422 2602 mano
2441 2561 2669 2616 corpore
2698 2547 2913 2616 capitis,
2946 2547 3051 2602 alia
3080 2548 3308 2619 pedum;
3337 2562 3462 2601 nam
3504 2548 3839 2619 unumquod-

2258 2656 2365 2711 que
2393 2642 2696 2696 membrum
2725 2642 2893 2696 habet
2937 2650 2992 2697 et
3042 2658 3177 2711 opus
3226 2657 3383 2697 suum
3430 2642 3665 2712 speciale
3688 2683 3703 2709 ,
3740 2643 3837 2699 sed

2234 2749 2425 2807 unum
2446 2743 2533 2789 est
2557 2748 2786 2803 corpus,
2839 2743 2895 2788 et
2918 2750 3057 2789 unus
3096 2734 3279 2800 homo,
3335 2735 3389 2789 in
3415 2750 3523 2806 quo
3546 2743 3841 2806 operantur

2258 2834 2421 2897 caput
2439 2834 2495 2883 et
2520 2828 2685 2897 pedes
2710 2868 2724 2891 ,
2766 2826 2946 2882 anima
2973 2836 3193 2900 regente
3219 2837 3274 2883 et
3302 2827 3629 2885 viviﬁcante.
3665 2826 3839 2882 Aliter

2258 2919 2404 2975 enim
2443 2920 2605 2975 sentit
2637 2920 2863 2975 livorem
2893 2934 3112 2991 corpus,
3164 2920 3323 2975 aliter
3371 2920 3586 2975 animus
3612 2917 3836 2973 verbum

502 3051 518 3063 .
570 3014 768 3085 quippe
787 3056 801 3076 ,
837 3015 937 3069 etsi
967 3016 1141 3070 sancti
1166 3012 1484 3079 efﬁciamur,
1515 3029 1619 3068 non
1652 3022 1833 3069 tamen
1856 3016 2153 3070 nascimur.
2185 3037 2231 3099 ϐ
2261 3012 2489 3075 durum,
2538 3018 2719 3064 tamen
2763 3025 2904 3065 unus
2930 3020 3014 3065 est
3044 3010 3207 3065 homo
3235 3025 3250 3063 :
3278 3012 3358 3065 sic
3382 3019 3468 3065 est
3495 3024 3634 3064 unus
3670 3006 3835 3071 Deus,

573 3105 669 3162 Ille
698 3115 877 3163 autem
905 3106 1051 3163 solus
1078 3105 1349 3161 veraciter
1378 3116 1599 3161 sanctus
1627 3116 1733 3171 est,
1755 3106 1871 3177 qui,
1899 3116 1958 3162 ut
1983 3107 2154 3177 ipsam

577 3199 988 3268 conceptionem
1012 3206 1221 3253 naturze
1243 3196 1608 3268 corruptibilis
1629 3198 1897 3263 vinceret,
1918 3212 1983 3253 ex
2012 3213 2163 3253 com-

576 3288 840 3345 mixtione
860 3290 1094 3345 carnalis
1106 3289 1313 3358 eopuke
1333 3295 1623 3357 conceptus
1638 3304 1742 3344 non
1758 3272 1859 3344 est.
1880 3287 2158 3354 Sanctum,

499 3419 504 3422 -
576 3381 775 3450 inquit,
806 3380 1079 3435 vocabitur
1110 3379 1156 3433 Ρ
1159 3379 1282 3435 ilius
1316 3379 1602 3447 Dei.,Quid
1638 3379 1727 3434 hic
1760 3379 1922 3443 dicis,
1964 3377 2158 3434 Nesto-

575 3474 751 3538 riane,
780 3473 875 3543 qui
904 3472 1118 3529 beatam
1147 3471 1370 3528 Mariam
1418 3487 1623 3542 negans
1648 3472 1741 3527 Dei
1771 3486 1899 3534 esse~
1931 3471 2161 3543 genitri-

575 3580 733 3629 cem,
771 3571 1015 3633 apertam
1069 3563 1263 3618 niteris
1313 3565 1628 3635 impugnare
1666 3563 1971 3617 veritatem.
2022 3562 2162 3618 Ecce

578 3658 747 3713 Deum
794 3654 929 3710 dixit
985 3663 1476 3725 superventurum,
1538 3654 1632 3707 Dei
1668 3654 1865 3707 Filium
1921 3653 2160 3708 nascitu-

580 3764 700 3802 rum
737 3768 746 3799 :
786 3744 1070 3814 Quomodo
1107 3758 1238 3815 ergo
1267 3751 1361 3798 aut
1399 3743 1491 3797 Dei
1532 3742 1699 3797 Filius
1730 3743 2005 3797 Deusmon
2040 3752 2159 3797 est:

584 3846 678 3893 aut
705 3854 824 3908 quae
857 3837 1027 3892 Deum
1053 3836 1242 3901 edidit,
1266 3833 1537 3905 quomodo
1565 3833 1818 3898 θιὸτοκος,
1850 3832 1903 3888 id
1929 3840 2034 3897 est,
2070 3831 2161 3886 Dei

580 3925 817 3998 genitrix
848 3941 956 3979 non
982 3941 1104 3980 esse
1128 3925 1336 3994 potest?
1370 3944 1388 3975 ι

650 4015 787 4069 XIII.
828 4013 927 4067 llis
952 4023 1007 4069 et
1033 4014 1337 4082 huiusmodi
1368 4013 1799 4070 testimoniorum
1827 4011 2165 4067 auctoritati-

544 4176 547 4179 Α
576 4108 680 4163 bus
708 4104 909 4162 suﬁ‘ulti
936 4105 1070 4159 nihil
1100 4105 1246 4160 aliud
1272 4106 1338 4160 de
1366 4105 1584 4161 Christo
1608 4106 1882 4162 credimus
1916 4106 2001 4161 vel
2028 4122 2167 4177 prte-

578 4201 848 4261 dicamus,
880 4197 985 4253 nisi
1016 4196 1115 4251 illa
1136 4211 1256 4267 quae
1303 4196 1628 4250 sanctissimi
1662 4196 2032 4252 Ecclesiarum
2070 4198 2164 4252 Dei

580 4291 831 4345 doctores
854 4289 1012 4345 nobis
1038 4287 1401 4352 tradiderunt,
1442 4301 1739 4357 omnesque
1770 4286 2039 4343 novitates
2068 4303 2167 4342 vo-

577 4384 785 4438 biscum
808 4388 1157 4438 exsecrantes
1181 4389 1236 4435 et
1256 4378 1688 4434 contradicentes
1712 4377 1859 4431 omni
1883 4376 2164 4440 doctrinae,

2261 3098 2354 3168 qui
2380 3113 2573 3167 passus
2599 3106 2683 3152 est
2708 3106 2763 3152 et
2791 3113 2897 3152 non
2922 3112 3149 3170 passus;
3177 3113 3372 3168 passus
3399 3104 3484 3152 est
3509 3096 3563 3151 in
3588 3096 3838 3152 humani-

2264 3197 2393 3255 tate,
2434 3196 2491 3245 et
2518 3200 2624 3245 non
2649 3203 2844 3259 passus
2866 3190 2919 3245 in
2932 3190 3230 3245 divinitate.
3254 3188 3407 3246 Unde
3435 3198 3489 3246 et
3510 3206 3649 3246 unus
3665 3189 3838 3245 Filius

2262 3279 2357 3336 Dei
2387 3278 2443 3334 in
2471 3292 2577 3333 una
2604 3294 2836 3349 persona
2862 3291 2917 3334 et
2958 3279 3167 3335 duabus
3196 3278 3409 3334 naturis
3456 3279 3613 3351 digne
3639 3281 3837 3350 pieque
3914 3318 3921 3321 -

2263 3370 2601 3428 conﬁtendus
2628 3380 2730 3427 est.
2792 3371 2921 3428 Sine
2974 3371 3084 3427 Deo
3116 3373 3294 3429 Verbo
3346 3380 3629 3446 segregate
3656 3369 3837 3425 carnis

2264 3472 2458 3520 natura
2484 3480 2592 3519 non
2619 3473 2698 3520 est
2721 3473 2979 3535 concepta
3010 3466 3063 3519 in
3089 3465 3337 3536 virginali
3362 3473 3550 3530 utero;
3580 3461 3673 3519 sed
3701 3460 3839 3516 inef-

2265 3556 2502 3612 fabiliter
2552 3556 2646 3611 Dei
2683 3554 2918 3612 Verbum
2946 3556 3159 3610 unitum
3190 3564 3273 3610 est
3326 3554 3511 3616 carni.
3544 3561 3605 3608 ut
3628 3564 3756 3604 vere
3781 3559 3838 3604 et

2264 3650 2542 3705 inconiuse
2584 3648 2855 3719 perfectus
2883 3648 3037 3705 ﬁeret
3086 3649 3292 3702 homoo:
3330 3646 3475 3701 unde
3507 3658 3633 3706 eum
3662 3642 3836 3698 homi-

2265 3755 2388 3795 nem
2418 3740 2656 3795 simulet
2682 3740 2851 3794 Deum
2881 3738 3203 3794 conﬁtemur
3242 3737 3529 3792 habentem
3561 3735 3616 3789 in
3662 3733 3842 3805 seipse

2266 3842 2576 3903 utrumque,
2604 3840 2660 3887 et
2695 3838 2944 3885 naturam
2972 3829 3153 3892 Verbi,
3178 3843 3281 3899 qua
3306 3827 3448 3883 Deus
3464 3837 3568 3893 est,
3590 3836 3645 3881 et
3676 3834 3837 3881 natu-

2264 3939 2382 3980 ram
2414 3922 2615 3984 carnis,
2642 3936 2749 3991 qua
2786 3920 2929 3975 idem
2967 3917 3112 3973 Deus
3132 3918 3293 3973 homo
3319 3924 3421 3972 est.
3453 3916 3620 3973 Totus
3649 3925 3705 3971 et
3719 3930 3845 3985 per-

2266 4015 2443 4071 fectus
2468 4014 2611 4069 Deus
2639 4013 2694 4068 in
2721 4012 2939 4069 homine
2960 4050 2977 4075 ,
3029 4018 3085 4067 et
3110 4008 3381 4081 perfectus
3405 4010 3565 4065 homo
3600 4010 3654 4065 in
3684 4009 3794 4065 Deo
3822 4026 3837 4062 :

2266 4121 2406 4161 unus
2431 4104 2575 4160 Deus
2607 4112 2663 4159 et
2699 4118 2841 4159 unus
2879 4102 3061 4167 homo,
3091 4102 3255 4157 etiam
3304 4108 3360 4155 et
3405 4116 3547 4179 unus
3569 4098 3840 4155 Christus.

2268 4197 2370 4264 Qui
2415 4202 2605 4251 contra
2661 4193 2823 4262 hujus
2872 4193 2998 4248 ﬁdei
3045 4193 3331 4247 veritatem
3365 4190 3552 4247 venire
3602 4196 3843 4243 tentave-

2270 4288 2342 4341 rit
2364 4328 2377 4349 ,
2419 4285 2727 4341 nullatenus
2779 4284 3102 4349 catholicus,
3153 4284 3248 4339 sed
3297 4281 3676 4338 schismaticus
3701 4280 3847 4343 csti-

2274 4375 2503 4430 mandus
2530 4381 2632 4428 est.

1895 4576 2129 4637 LIBER
2170 4573 2536 4651 QUINTUS.

652 4761 695 4817 I.
728 4760 908 4817 Multis
935 4759 1200 4830 siquidem
1227 4760 1612 4829 praetermissis
1633 4774 1752 4829 qua:
1779 4760 1833 4814 in
1858 4760 2041 4816 libello
2074 4767 2166 4815 tuo
2192 4758 2247 4821 D
2268 4759 2483 4816 Veritas
2532 4759 2777 4830 recipere
2833 4757 3051 4824 renuit,
3074 4754 3473 4812 obmutescere
3498 4766 3626 4808 eum
3657 4752 3849 4823 preci-

580 4851 866 4925 leguntur,‘
905 4853 1105 4922 quibus
1156 4851 1346 4906 niteris
1384 4849 1675 4913 afﬁrmare,
1731 4849 2023 4904 Dominum
2072 4866 2170 4905 no-

586 4955 759 5001 strum
786 4942 971 4999 Iesum
1019 4941 1295 4997 Christum
1328 4939 1498 4993 Deum
1539 4953 1725 4991 verum
1759 4952 1864 4991 non
1891 4952 2010 4992 esse
2035 4977 2049 5001 ,
2101 4937 2168 4991 ad

583 5050 725 5105 qum,
747 5041 1021 5105 quantum
1036 5032 1196 5087 nobis
1209 5030 1387 5085 divina
1406 5028 1703 5083 donaverat
1722 5027 1915 5097 gratia,
1945 5041 2171 5096 respon-

586 5125 867 5191 debamus,
896 5126 1114 5181 tandem
1144 5122 1235 5179 illo
1256 5120 1622 5193 pervenimus,
1646 5119 1738 5174 ubi
1764 5118 1997 5175 destruis
2026 5116 2169 5188 quod

587 5202 888 5279 :ediﬁcasti,
941 5224 995 5271 et
1042 5215 1322 5272 conﬁteris
1362 5229 1482 5284 quas
1532 5211 1759 5283 negasti.
1812 5209 1932 5266 Jam
1989 5210 2170 5266 nescio

586 5316 766 5362 utrum
805 5308 1027 5363 subdola
1057 5307 1404 5362 simulatione
1449 5306 1720 5377 prioribus
1751 5304 1859 5359 tuis
1903 5302 2169 5359 sermoni-

587 5396 689 5453 bus
718 5399 913 5455 melius
934 5400 1284 5465 crederetur,
1316 5399 1515 5469 quibus
1538 5398 1853 5454 multimoda
1882 5412 2169 5467 argumen-

592 5488 797 5543 tatione
852 5492 1138 5545 veritatem
1194 5490 1510 5561 impugnare
1543 5491 1830 5562 probaris;
1898 5498 1990 5543 aut
2047 5502 2170 5560 cum

590 5578 806 5634 diabolo
828 5580 1020 5634 timore
1046 5584 1368 5650 perterritus
1398 5582 1585 5637 nolens
1625 5581 1900 5655 Christum
1931 5579 2022 5633 Dei
2078 5578 2170 5632 Fi-

594 5668 724 5725 lium
759 5683 879 5726 esse
908 5672 1213 5738 conﬁteris;
1243 5672 1394 5741 t'lljllS
1418 5674 1783 5729 testimonium
1814 5672 2011 5740 ubique
2058 5671 2173 5739 ipsa

2269 4857 2457 4927 piens;
2485 4855 2610 4925 quia
2632 4854 2727 4910 tali
2760 4852 3045 4909 laudatore
3064 4851 3179 4920 ipse
3209 4847 3306 4902 Dei
3335 4845 3505 4900 Filius
3530 4844 3849 4915 dedignatus

2268 4954 2353 5000 est
2380 4944 2683 5016 praedicari.
2717 4943 2864 4999 Dicis
2888 4941 3034 4997 enim
3065 4937 3316 4995 eumdem
3354 4950 3475 4991 esse
3516 4933 3715 4991 Filium
3750 4936 3847 4994 Dei

2271 5035 2363 5106 qui
2407 5044 2493 5091 est
2533 5045 2587 5091 et
2636 5035 2779 5091 ﬁlius
2806 5032 3065 5096 hominis,
3103 5036 3160 5083 et
3185 5026 3357 5081 ﬁlium
3384 5025 3620 5083 hominis
3644 5026 3738 5099 qui
3764 5038 3848 5084 est

2271 5127 2439 5183 Filius
2463 5127 2583 5191 Dei,
2611 5135 2673 5181 ut
2691 5142 2755 5181 ex
2787 5114 2892 5178 tuis
2917 5120 3100 5176 verbis
3135 5117 3385 5189 cognosci
3409 5126 3624 5189 poterat
3650 5137 3664 5173 :
3698 5138 3717 5170 ι
3745 5118 3849 5186 Qui

2272 5216 2457 5282 illum,
2498 5216 2703 5285 inquis,
2730 5214 2831 5269 sibi
2855 5227 2921 5268 ex
2943 5219 3100 5266 utero
3124 5210 3334 5275 matris,
3364 5210 3571 5267 scilicet
3619 5210 3689 5267 ab
3735 5210 3853 5280 ipso

2273 5316 2535 5378 conceptu
2584 5308 2640 5361 in
2693 5302 3068 5375 singularitate
3108 5316 3218 5356 sua:
3262 5316 3507 5372 persona:
3553 5301 3628 5356 ita
3676 5300 3852 5356 univit

2275 5406 2438 5468 atque
2460 5395 2769 5461 conseruit,
2804 5402 2863 5447 ut
2892 5391 2987 5447 Del
3033 5390 3205 5449 Filius
3247 5400 3392 5455 esset
3424 5392 3659 5449 hominis
3685 5390 3855 5455 ﬁlius,

2274 5503 2381 5543 non
2424 5474 2786 5542 mutabilitate
2814 5492 3042 5548 naturae,
3074 5484 3167 5539 sed
3216 5483 3526 5555 dignatione
3556 5501 3569 5537 :
3602 5481 3853 5538 similiter

2275 5586 2330 5632 et
2347 5578 2583 5633 hominis
2626 5576 2769 5631 ﬁlius
2796 5582 2939 5629 esset
2964 5574 3062 5630 Dei
3093 5575 3293 5641 Filius,
3326 5590 3433 5631 non
3489 5572 3854 5647 yers’ihilitate

2276 5668 2609 5733 substantiae,
2638 5667 2729 5724 sed
2758 5668 2812 5722 in
2839 5666 2931 5722 Dei
2961 5666 3096 5724 Filio
3117 5676 3263 5724 esset
3287 5682 3446 5723 verus
3468 5664 3659 5720 Filius.
3696 5680 3714 5712 ι
3742 5660 3854 5715 Nec
