4238 6264
1702 68 1789 83 τῐ-ντ

1290 96 1293 97 ν
1318 104 1331 107 .,
1364 76 1681 109 nim

360 312 525 385 ιω

743 528 1009 602 probaris,
1035 527 1289 601 dum’tibi
1331 527 1435 599 ipsi
1468 542 1568 598 per
1594 526 1739 582 vices
1778 525 1983 581 discor-

421 624 553 678 dare
576 620 800 677 videris.
844 618 916 675 In’
952 619 1057 676 hac
1081 619 1228 675 enim
1272 618 1539 675 sententia
1573 626 1663 673 tua
1687 612 1985 673 catholicus

419 714 680 772 aestimari
712 712 1002 784 potuisses,
1031 712 1077 769 si
1101 710 1254 783 prius
1276 711 1507 781 teipsum
1533 710 1591 765 in
1616 709 1879 780 pravitate
1905 707 1984 763 tui

418 805 749 861 erroris-ou
770 802 1103 859 meum
1133 800 1280 861 Dicis
1302 801 1482 871 itaque
1499 840 1516 867 ,
1547 810 1605 856 ut
1628 801 1686 855 in
1706 798 1805 855 Dei
1825 796 1981 853 Filio

417 909 541 948 sere
562 901 708 951 essu
730 890 939 958 Filius;
966 890 1013 948 si
1033 897 1121 947 est
1147 890 1202 945 in
1225 904 1355 946 vero
1372 888 1471 944 Dei
1498 888 1637 945 Filio
1657 887 1852 955 Filius,
1878 886 1978 959 qui

418 995 502 1042 est
521 984 792 1051 Christus,
822 985 1061 1055 igituret
1085 998 1248 1040 verus
1264 990 1350 1039 est
1372 981 1543 1038 Filius
1563 1021 1582 1047 ,
1620 980 1749 1053 quia
1769 980 1826 1036 in
1848 974 1981 1035 γεω

420 1078 551 1134 nihil
574 1084 756 1149 potest
784 1077 932 1133 aliud
954 1091 1078 1134 esse
1105 1062 1212 1133 nisi
1236 1074 1458 1131 veritas.
1489 1074 1560 1130 Et
1583 1072 1790 1141 nullum
1816 1073 1983 1129 habet

417 1166 593 1223 locum
629 1167 847 1237 adoptio
877 1167 932 1223 in
954 1165 1239 1222 nativitats
1263 1163 1529 1221 veritatis.
1561 1163 1713 1220 Unus
1736 1170 1822 1220 est
1848 1177 1981 1234 ergo

416 1257 511 1314 Dei
531 1257 701 1315 Filius
710 1258 981 1325 Christus,
1003 1258 1146 1314 Dens
1166 1265 1226 1314 et
1242 1257 1403 1314 homo
1420 1259 1581 1312 verus
1604 1263 1660 1311 et
1685 1254 1978 1326 perfectus,

414 1357 479 1403 ut
506 1347 649 1419 sape
673 1350 879 1406 dictum
904 1357 1008 1404 est.
1041 1346 1530 1423 Adiungisquoime
1558 1364 1574 1402 :
1610 1363 1716 1401 non
1738 1345 1846 1400 duo
1878 1344 1977 1410 dii,

415 1439 558 1507 quod
590 1447 781 1496 contra
822 1439 1163 1511 temetipsum
1196 1437 1446 1510 "pugnare
1488 1436 1836 1493 manifestum
1870 1442 1975 1491 est.

412 1527 754 1599 Namsidno
1047 1539 1599 1610 sunt,ergononest
1642 1529 1698 1585 in
1736 1529 1977 1586 eoDeus

406 1612 844 1689 'verus,etDeus
882 1622 1305 1694 nuncupaﬁvus,
1364 1621 1457 1678 sed
1509 1628 1595 1677 est
1644 1630 1788 1677 IIII
1833 1619 1977 1675 Deus

412 1728 594 1781 verus,
622 1715 750 1786 quia
778 1715 922 1773 Deus
944 1715 1145 1771 veritas
1162 1722 1266 1780 est,
1293 1721 1350 1769 et
1368 1728 1477 1769 non
1503 1720 1591 1769 est
1615 1712 1886 1768 simulatio
1912 1711 1968 1767 in

412 1823 499 1875 eo,
524 1808 620 1884 sed
639 1812 806 1864 totius
824 1806 947 1863 fons
968 1807 1241 1865 veritatis;

481 1901 546 1957 ll.
586 1886 845 1972 Seniuitur
861 1910 919 1956 et
935 1899 1107 1956 altera
1136 1900 1192 1955 in
1220 1898 1403 1955 libello
1426 1907 1520 1954 tuo
1542 1896 1808 1955 sententia
1825 1896 1967 1968 prio-

412 1990 561 2047 ribus
586 1992 697 2046 tuis
726 1992 909 2047 verbis
958 2006 1065 2047 non
1098 1991 1455 2071 conveniens.
1486 2007 1507 2040 ι
1536 1990 1735 2059 ipsum.
1768 1988 1968 2058 inquis,

410 2080 682 2153 credimus
702 2094 890 2136 verum
914 2078 1269 2151 etgproprium
1296 2078 1392 2134 Dei
1435 2077 1652 2143 Filium,
1684 2092 1758 2131 ac
1780 2090 1969 2131 verum

408 2169 609 2237 Deum,
649 2170 744 2240 qui
769 2170 1061 2226 secundum
1106 2167 1333 2224 formam
1382 2167 1480 2224 Dei
1505 2167 1591 2249 bis
1614 2167 1830 2239 genitus
1851 2174 1966 2232 est;

407 2260 583 2333 primo
599 2252 848 2318 videlicet
882 2261 949 2318 de.
979 2260 1139 2317 Patre
1172 2260 1289 2316 sine
1318 2274 1485 2316 carne
1508 2261 1714 2330 absque
1742 2269 1917 2316 matre
1945 2278 1959 2314 :

408 2354 647 2410 secundo
667 2367 799 2409 vero
818 2368 885 2409 ex
917 2361 1089 2407 matre
1112 2367 1234 2409 cum
1261 2366 1425 2407 carne
1461 2350 1580 2406 sine
1604 2349 1786 2407 Patre.
1812 2350 1968 2406 Illum

407 2460 595 2521 verum
614 2444 784 2500 Deum
803 2460 869 2499 ex
885 2453 1115 2514 utroque
1126 2452 1348 2514 parente
1367 2442 1708 2499 ineﬁ‘abiliter
1728 2444 1967 2514 genitum

405 2538 705 2603 credimus,
751 2538 840 2592 cui
869 2537 1031 2593 Pater
1058 2552 1154 2607 per
1182 2536 1351 2592 David
1376 2536 1612 2606 loquitur
1640 2553 1655 2589 :
1680 2535 1841 2606 831
1882 2533 1969 2590 Ea:
1995 2605 1997 2607 ι

403 2638 555 2686 sitm
573 2638 697 2686 ante
712 2627 989 2697 luciferum
1004 2629 1157 2700 genui
1174 2638 1242 2683 te.
1254 2648 1273 2681 ι
1290 2627 1456 2683 Paulo
1473 2636 1597 2682 ante
1617 2626 1799 2682 dixisti
1810 2625 1969 2682 Chri-

404 2730 553 2778 stum
575 2720 715 2778 duos
730 2722 935 2777 habere
955 2730 1157 2791 patres.
1190 2718 1359 2774 David
1387 2718 1595 2774 scilicet
1640 2716 1964 2781 naturalem,

403 2822 462 2870 et
476 2812 644 2871 Doum
668 2811 885 2869 Patrem
900 2828 966 2869 ex
985 2812 1301 2882 adoptione:
1331 2811 1420 2866 hic
1440 2825 1591 2877 vero,
1618 2809 1813 2865 horum
1830 2808 1968 2866 obli-

404 2908 494 2957 tus
524 2902 845 2967 verborum,
874 2902 957 2957 ais
983 2918 997 2954 :
1026 2899 1399 2955 secundouero
1420 2912 1490 2955 ea:
1516 2908 1686 2954 matrs
1715 2900 1829 2955 sine
1869 2916 1967 2970 ρα-

403 3004 499 3049 tre.
530 2993 684 3061 Quod
709 3002 997 3064 utrumque
1025 3009 1215 3049 verum
1240 3002 1478 3049 essenon
1505 2993 1722 3063 poterit,
1742 3001 1806 3048 ut
1828 2993 1965 3049 duos

401 3083 947 3186 liabeat,et‘nullum
972 3084 1179 3186 habent
1205 3083 1472 3186 Christus,
1500 3085 1792 3141 secundum
1820 3085 1963 3156 quod
1984 3119 2035 3186 ο

401 3174 563 3230 homo
580 3183 682 3241 est,
706 3170 941 3237 Patrem.
971 3175 1028 3233 Si
1051 3191 1180 3249 ergo
1213 3176 1505 3233 secundum
1547 3185 1699 3233 tuam
1749 3186 1967 3234 senten-

402 3266 535 3320 tiam
560 3281 721 3322 verus
743 3266 841 3323 Dei
875 3267 1044 3324 Filius
1075 3269 1161 3323 bis
1194 3269 1411 3339 genitus
1433 3276 1547 3333 est,
1596 3276 1653 3324 et
1676 3276 1761 3324 est
1805 3284 1966 3325 verus

400 3351 498 3410 Dei
520 3354 686 3411 Filius
712 3356 767 3411 in
800 3366 1033 3428 utraque
1070 3359 1391 3423 nativitate‘,
1428 3366 1654 3429 paterna
1680 3359 1966 3416 scilin

400 3454 665 3511 materna,
693 3448 962 3516 quomodo
990 3454 1166 3516 potest
1202 3444 1317 3502 ﬁeri
1348 3454 1409 3501 ut
1444 3462 1553 3502 non
1581 3447 1692 3502 sint
1717 3448 1823 3502 duo
1864 3447 1963 3504 ﬁlii
1990 3520 1993 3523 Ἴ
2028 3498 2029 3501 η

397 3552 469 3593 ex
502 3546 674 3594 matre
691 3538 833 3603 nati;
859 3553 1019 3603 unus,
1050 3553 1208 3608 quem
1235 3547 1292 3593 tu
1316 3539 1517 3595 asseris
1540 3539 1804 3595 catholica
1833 3554 1964 3596 voce

397 3643 588 3689 verum
608 3628 959 3685 esse‘Filium‘
974 3629 1099 3694 Dei;
1128 3629 1281 3696 alter,
1324 3644 1485 3700 quem
1510 3637 1603 3685 tua
1629 3631 1961 3702 perversitas
2003 3683 2011 3691 .

398 3734 592 3778 verum
614 3737 722 3777 non
746 3736 869 3783 esse
893 3718 1089 3779 Filium
1126 3721 1219 3778 Dei
1254 3720 1517 3777 aﬁirmat?
1546 3722 1746 3779 Verum
1772 3730 1829 3780 et
1854 3739 1963 3780 non

394 3816 589 3869 verum
611 3811 915 3869 nullatenus
939 3830 1104 3892 unum
1131 3829 1250 3871 esse
1271 3824 1482 3886 potest;
1509 3818 1590 3875 sic
1612 3819 1774 3875 etiam
1802 3835 1965 3877 verus

397 3900 563 3964 ﬁlius,
591 3908 650 3957 et
674 3916 782 3960 non
802 3918 967 3960 verus
1006 3904 1147 3962 ﬁlius
1167 3907 1472 3964 nullatenus
1486 3925 1638 3965 unus
1666 3925 1790 3969 esse
1812 3920 1965 3983 pote-

397 3991 474 4046 rit
495 3990 639 4047 illius
663 4009 679 4045 ε
702 4007 806 4048 nec
830 3992 1145 4052 Deusvems
1168 4005 1224 4053 et
1247 3997 1389 4055 Deus
1415 4001 1809 4071 nuncupatims
1823 4018 1962 4058 unus

394 4094 518 4136 esse
544 4080 780 4149 poterit:
817 4082 945 4151 quia
973 4083 1118 4140 aliud
1145 4094 1230 4141 est
1248 4088 1570 4145 omnimodis
1584 4090 1795 4156 “veritas
1818 4091 1979 4145 divit

395 4171 584 4227 uitatis
605 4210 622 4236 ,
648 4176 710 4225 et
734 4170 881 4227 aliud
899 4175 1226 4245 nuncupatio
1249 4176 1392 4231 nuda
1419 4177 1655 4242 deitatis,
1685 4186 1763 4233 uti
1792 4194 1957 4251 supra

1804 54 2183 85 '€W_
2200 58 2263 75 ‘5‘:

1129 280 1548 384 uocantes.
1576 354 1646 366 —
1680 324 1843 381 λων.
1880 322 2173 390 rsum
2209 323 2392 380 LIBRI
2428 325 2539 381 Vll.
2573 356 2646 367 —
2678 325 2807 383 un.
2849 327 2910 382 v.

422 437 729 500 mirandum
765 443 852 495 est
889 436 939 494 si
981 437 1052 494 ab
1082 436 1206 493 aliis
1251 439 1309 493 in
1337 436 1601 493 catholica
1645 433 1980 506 professione
2003 436 2058 497 Δ
2080 449 2191 500 res.
2217 450 2433 517 omnem
2453 438 2656 495 erroris
2676 439 2957 510 perﬁdiam
2983 440 3265 498 destruere
3288 442 3343 498 in
3378 448 3433 499 te
3450 447 3655 515 potuis-
3774 478 3779 483 -

2656 54 2803 63 ν....,,μ--ι-ε-
2848 54 2891 65 γ,
2932 54 3055 57 7f“—

2274 54 2645 73 AﬁﬂLH--J“*“

3548 330 3652 387 190

2079 534 2184 592 set,
2212 535 2463 598 tuamque
2493 529 2901 602 intelligentiam
2933 547 3187 589 revocare
3215 534 3285 590 ad
3326 537 3653 607 agnitionem

2079 619 2325 676 veritatis
2348 621 2570 678 valeret.
2597 623 2678 678 Ex
2704 624 2809 681 bac
2830 633 2978 681 certe
3009 620 3191 683 radice
3220 629 3384 685 totius
3420 628 3652 686 inﬁdeli-

2079 707 2208 762 tatis
2232 715 2339 764 tuz
2362 711 2561 779 spinae,
2584 718 2645 765 ut
2674 711 2906 780 videtur,
2936 724 3317 771 succreverunt
3334 756 3351 783 ,
3379 718 3522 788 quod
3560 726 3654 773 tuo

2077 812 2241 854 sensu
2641 802 2874 868 videtur,
2921 803 3092 860 ﬁlium
3134 806 3291 862 aliter
3334 821 3493 877 posse
3531 824 3655 864 esse

2075 888 2352 959 proprium
2370 928 2389 954 ,
2420 889 2527 945 nisi
2552 904 2620 946 ex
2649 899 2841 947 natura
2873 900 3158 962 parentum
3195 904 3343 953 totus
3365 905 3650 965 nascatur;

2077 993 2187 1034 non
2816 997 2941 1038 esse
2978 982 3148 1068 ﬁlium
3178 986 3452 1058 proprium
3480 988 3653 1058 patris

2078 1064 2703 1139 matrisque'tthicet
2743 1071 2974 1128 nobilior
3007 1064 3199 1130 natura
3223 1090 3343 1146 qua:
3377 1076 3432 1132 in
3466 1084 3652 1145 teest,

2077 1158 2257 1215 anima
2276 1159 2503 1227 scilicet,
2532 1174 2599 1215 ex
2621 1160 2839 1217 illorum
2860 1171 3053 1219 natura
3076 1179 3183 1221 non
3206 1175 3351 1223 esset
3370 1177 3650 1240 generata,

2077 1249 2172 1306 sed
2204 1264 2274 1306 ex
2305 1250 2513 1317 nihilo,
2540 1259 2603 1307 ut
2631 1253 2865 1319 asseris,
2900 1261 3106 1310 creata.
3142 1255 3272 1324 Quae
3307 1266 3393 1313 est
3430 1258 3545 1314 hac
3581 1259 3653 1315 ab

2075 1342 2223 1397 omni
2248 1343 2457 1398 ratione
2479 1358 2669 1400 aversa
2693 1353 2800 1400 tua
2830 1346 3031 1402 mentis
3057 1349 3271 1405 caecitas
3291 1390 3307 1416 ,
3340 1350 3431 1421 qui
3468 1351 3522 1407 in
3554 1351 3652 1409 Dei
3726 1406 3731 1411 .

2075 1432 2252 1489 Patris
2273 1435 2435 1491 unico
2454 1445 2511 1491 et
2536 1437 2757 1508 proprio
2788 1435 2927 1493 Filio
2948 1453 3071 1496 esse
3102 1455 3211 1496 non
3238 1457 3399 1511 posse
3431 1452 3653 1500 conten-

2075 1525 2182 1592 dis,
2217 1526 2361 1596 quod
2389 1528 2446 1583 in
2478 1529 2654 1598 teipso
2692 1543 2815 1585 esse
2847 1529 3149 1587 nullatenus
3184 1546 3382 1604 negate
3412 1535 3653 1603 poteris?
3744 1564 3749 1567 ι

2076 1615 2137 1672 Si
2158 1616 2321 1689 igitur
2342 1632 2411 1673 ex
2436 1618 2618 1674 anima
2642 1626 2700 1675 et
2718 1634 2883 1676 carne
2910 1627 3053 1677 totus
3072 1635 3133 1677 es
3151 1623 3403 1693 proprius
3426 1622 3569 1677 ﬁlios
3595 1630 3653 1678 et

2074 1722 2239 1766 verus
2282 1708 2566 1782 parentum
2611 1719 2828 1768 tuorum
2850 1753 2867 1778 ,
2907 1728 3076 1783 quare
3117 1729 3224 1769 non
3266 1713 3437 1769 multo
3481 1715 3653 1785 magis

2070 1802 2249 1858 credis
2286 1802 2457 1858 Deum
2492 1803 2913 1874 omnipotentem
2939 1819 3125 1860 verum
3152 1802 3207 1859 et
3242 1804 3520 1875 proprium
3559 1804 3651 1861 Fi-

2070 1892 2234 1959 lium,
2262 1908 2328 1950 ex
2356 1895 2577 1968 Virgine
2603 1904 2792 1951 natum
2819 1896 2874 1951 in
2899 1894 3108 1951 duabus
3140 1896 3452 1955 substantiis
3480 1897 3648 1953 Deum
3756 1930 3759 1931 ν

2068 1984 2344 2040 hominem
2366 2024 2386 2052 ,
2419 1986 2621 2044 habere
2655 1987 2933 2058 potuisse?
2975 1986 3224 2059 Nunquid
3266 1988 3531 2058 impotens
3563 1998 3649 2045 est

2068 2076 2211 2131 Deus
2231 2076 2296 2132 in
2314 2090 2375 2133 se
2400 2078 2664 2150 perﬁcere
2688 2079 2834 2148 quod
2869 2087 3064 2149 potens
3101 2087 3183 2136 est
3217 2080 3273 2135 in
3306 2078 3647 2152 uniuscujus—

2068 2182 2173 2236 que
2198 2168 2432 2224 hominis
2453 2169 2735 2226 nativitate
2760 2168 3013 2227 efﬁcere?
3031 2171 3138 2227 Aut
3155 2186 3285 2244 ergo
3305 2175 3644 2245 temetipsum

2068 2261 2247 2318 divide
2266 2262 2321 2318 in
2342 2261 2477 2329 duos
2496 2262 2657 2329 ﬁlios,
2684 2265 2959 2335 proprium
2976 2256 3052 2321 ex
3079 2281 3242 2324 carne
3259 2275 3315 2323 et
3339 2268 3667 2340 adoptivum

2068 2367 2137 2408 ex
2165 2354 2347 2409 anima
2373 2354 2689 2425 parentibus
2715 2354 2852 2419 tuis,
2883 2365 2979 2412 aut
3012 2357 3060 2412 si
3098 2358 3203 2415 hoc
3227 2359 3519 2415 absurdum
3549 2362 3647 2418 tibi

2066 2443 2207 2501 forte
2230 2444 2498 2513 videatur,
2525 2448 2760 2504 concede
2785 2447 2897 2505 Deo
2922 2448 3069 2516 Patri
3103 2465 3168 2505 ea
3194 2450 3340 2522 lege,
3370 2453 3455 2508 vel
3482 2454 3647 2509 etiam
3678 2498 3683 2501 .
3748 2508 3751 2509 ν

2065 2538 2396 2609 potentiore,
2419 2540 2697 2610 proprium
2734 2549 2789 2597 et
2829 2556 2956 2598 vere
2988 2542 3185 2597 Filium
3211 2560 3278 2599 ex
3306 2543 3526 2616 Virgine
3552 2562 3649 2601 na-

2018 2654 2021 2656 »
2066 2635 2180 2681 tum
2213 2626 2416 2683 habere
2448 2629 2723 2699 potuisse,
2755 2644 2859 2700 qua
2898 2638 2952 2687 te
2986 2631 3070 2687 vis
3109 2640 3322 2688 tuorum
3360 2634 3672 2705 parentant

2064 2717 2343 2789 proprium
2371 2732 2493 2774 esse
2522 2718 2729 2787 ﬁlium;
2756 2720 3002 2791 quamvis
3030 2722 3335 2780 nullatenus
3363 2725 3647 2795 adaequare

2064 2809 2239 2878 [sissis
2275 2808 2420 2864 illam
2454 2808 2779 2866 ineﬁ'abilem
2819 2811 2912 2866 Dei
2949 2820 3005 2867 et
3040 2813 3273 2868 hominis
3304 2814 3358 2868 in
3386 2831 3493 2870 una
3518 2831 3646 2886 per-

2066 2912 2198 2953 sona
2234 2898 2571 2975 nativitatem
2590 2938 2606 2964 ,
2635 2906 2706 2954 et.
2730 2900 3157 2957 convenientiam
3193 2902 3437 2960 humana:
3462 2898 3648 2962 condi-

2065 2990 2230 3047 tionis
2273 2990 2671 3046 consuetudini.
2721 2991 2831 3047 Aut
2879 3001 2933 3048 te
2981 3009 3111 3068 ergo
3163 2992 3463 3053 naturalem
3510 3014 3647 3071 nega

2057 3080 2235 3165 'ﬁlium
2260 3094 2381 3138 esse
2404 3096 2471 3137 ex
2499 3082 2694 3144 anima:
2730 3085 3027 3142 substantia
3063 3097 3347 3158 parentum
3384 3097 3596 3150 tuorum
3627 3111 3642 3147 ε
3690 3134 3699 3141 .

2066 3180 2160 3227 aut
2180 3172 2291 3229 Deo
2314 3164 2551 3229 concede
2576 3175 2855 3253 proprium
2883 3190 2947 3231 ex
2976 3177 3223 3249 virginali
3262 3186 3415 3235 utero
3446 3180 3646 3237 habere

2064 3262 2292 3329 Filium;
2320 3264 2555 3323 maxime
2589 3264 2717 3334 quia
2755 3265 2877 3320 talis
2904 3266 3083 3322 unitas
3110 3274 3193 3322 est
3235 3267 3289 3322 in
3328 3267 3438 3325 Deo
3461 3278 3518 3325 et
3543 3258 3669 3327 ho-'

2064 3350 2241 3416 mine,
2268 3359 2331 3405 ut
2353 3340 2565 3427 situm
2606 3366 2835 3423 persona
2864 3353 2960 3409 Dei
2996 3354 3336 3428 hominisque
3353 3400 3369 3426 ,
3396 3358 3524 3417 licet
3548 3362 3648 3418 ho-

2061 3442 2224 3499 minis
2250 3444 2324 3498 sit
2357 3444 2574 3515 proprie
2616 3441 2771 3516 quod
2796 3448 3042 3504 mortalis
3082 3448 3214 3518 fuit,
3252 3452 3311 3509 et
3348 3454 3646 3511 divinitatis

2061 3536 2203 3605 quod
2228 3552 2443 3609 semper
2470 3537 2590 3594 fuit.
2619 3539 2690 3596 Et
2720 3540 2860 3607 sicut
2889 3544 3116 3615 teipsum
3150 3543 3433 3599 mortalem
3458 3554 3513 3600 et
3542 3546 3646 3601 im-

2061 3627 2346 3684 mortalem
2370 3643 2491 3685 esse
2511 3644 2619 3685 non
2640 3631 2892 3703 deneges,
2919 3633 2995 3688 ita
3021 3641 3076 3689 et
3092 3631 3339 3689 Christus
3365 3619 3646 3693 divinitate

2060 3717 2276 3789 quidem
2307 3718 2659 3786 immortalis,
2691 3736 2855 3778 carne
2900 3722 3013 3778 sola
3048 3723 3292 3779 mortalis
3328 3734 3447 3781 erat
3476 3741 3492 3780 :
3522 3742 3644 3796 qua:
3764 3759 3770 3769 -

2060 3815 2241 3865 tamen
2268 3808 2384 3879 eius
2416 3826 2545 3866 caro
2573 3811 2785 3869 devicta
2823 3819 2996 3868 morte
3028 3810 3214 3884 (juxta
3240 3829 3423 3868 veram
3458 3823 3513 3868 et
3550 3829 3643 3868 ca-

2060 3900 2312 3956 tholicam
2338 3899 2532 3963 ﬁdem)
2556 3917 2703 3958 nunc
2726 3903 2891 3958 etiam
2918 3903 2987 3957 ad
3018 3902 3293 3958 dexteram
3325 3900 3503 3972 Patris
3530 3902 3644 3959 col-

2058 3982 2262 4055 locata,
2292 4001 2351 4047 et
2375 3992 2431 4046 in
2456 3992 2755 4048 divinitatis
2781 3993 3078 4063 potentiam
3107 3991 3404 4065 gloriﬁcata
3442 3991 3641 4048 immu-

2058 4075 2293 4139 tabiliter
2324 4090 2517 4153 regnat
2562 4083 2617 4138 in
2658 4083 2829 4139 edis.
2878 4082 2955 4141 De
3001 4084 3089 4149 bis
3121 4083 3239 4159 jam'
3269 4086 3517 4157 superius
3553 4100 3645 4164 me

2056 4172 2169 4228 scio
2192 4170 2411 4227 uberius
2439 4172 2765 4243 disputasse,
2788 4182 2968 4230 tamen
2990 4181 3212 4245 propter
3232 4178 3511 4230 sententia
3539 4175 3651 4229 hu~

392 4265 731 4335 ostendimus
753 4265 809 4321 in
833 4254 1014 4339 Moyse
1033 4276 1088 4323 et
1114 4271 1324 4326 caeteris
1363 4273 1602 4340 sanctis;
1634 4265 1735 4330 sed
1750 4282 1960 4330 utrum-

2076 4277 2139 4317 us
2165 4261 2622 4333 opportunitatem
2643 4302 2659 4327 ,
2689 4262 2780 4318 hic
2801 4262 3005 4334 aliquid
3043 4258 3381 4335 respondisse
3408 4262 3460 4317 in
3500 4279 3644 4334 pne-

392 4372 503 4429 que
528 4358 584 4413 in
603 4372 711 4414 una
725 4373 965 4431 .persona
986 4361 1290 4419 nullatenus
1312 4378 1433 4420 esse
1458 4366 1681 4437 poterit,
1703 4366 1830 4438 quia
1850 4365 1957 4422 alia

2055 4350 2194 4407 senti
2221 4350 2343 4408 loco
2365 4351 2560 4407 melius
2580 4346 2877 4418 mstimavi;
2905 4352 3033 4424 quia
3054 4353 3180 4409 dum
3200 4340 3547 4411 adversarius
3570 4369 3637 4409 ea

390 4422 479 4504 est
502 4422 755 4530 velitati;
800 4451 1056 4524 dignitas.
1104 4452 1207 4510 alia
1259 4422 1679 4527 nuncupationis'
1710 4422 1952 4531 largitas.
1985 4481 2012 4542 ι

2076 4441 2253 4513 'epetit
2276 4456 2397 4513 qua;
2428 4451 2555 4498 ante
2576 4443 2775 4515 posuit,
2806 4422 3169 4499 necessarium
3194 4449 3278 4498 est
3302 4450 3362 4497 ut
3384 4422 3643 4513 repetitio

389 4538 710 4611 Quicunque
727 4557 858 4598 vero
883 4544 1024 4599 hanc
1048 4545 1442 4601 simulationem
1469 4550 1841 4620 nuncupatim
1872 4552 1956 4608 vel

386 4631 727 4706 appellativa
752 4633 1066 4700 divinitatis,
1093 4636 1306 4692 scilicet
1324 4637 1381 4691 in
1401 4638 1736 4697 humanitate
1755 4641 1954 4699 Christi

388 4723 663 4781 allrmare
692 4723 904 4790 nititur,
933 4724 1237 4783 nullatenus
1281 4724 1617 4786 Nestorianai
1662 4729 1957 4801 impietatis

386 4812 605 4873 foveam
635 4814 866 4885 evadere
890 4816 1111 4888 poterit,
1146 4854 1151 4881 ί

454 4904 548 4963 Ill.
587 4906 660 4965 Ut
684 4916 866 4964 autem
891 4886 1366 4966 hanc’dudlitatem
1390 4926 1635 4983 persona
1659 4913 1714 4969 in
1736 4907 1956 4972 Christo

386 4993 565 5051 Vitare
587 5003 644 5052 te
661 4996 800 5053 velle
834 4997 1067 5056 videaris
1085 5040 1101 5065 ,
1130 5000 1287 5071 ponis
1322 5001 1551 5073 exempli
1585 5004 1759 5073 gratia
1784 5005 1956 5061 banti-

388 5102 516 5145 nem
540 5101 610 5144 ex
633 5088 815 5146 saliua
836 5098 894 5148 et
910 5107 1134 5165 corpore
1150 5109 1317 5150 unum
1333 5107 1452 5150 esse
1475 5094 1645 5151 ﬁlium
1670 5106 1955 5168 parentum

387 5192 630 5237 suorum.
665 5177 960 5249 «Etlieet,
990 5184 1106 5252 ais,
1150 5200 1218 5243 ex
1254 5184 1364 5242 Deo
1400 5185 1569 5251 Deus,
1597 5194 1654 5242 et
1687 5179 1849 5244 homo
1887 5203 1953 5243 ex

388 5267 608 5327 homine
628 5266 688 5323 in
712 5267 1089 5341 singularitate
1119 5290 1396 5345 personae,
1428 5292 1566 5331 unus
1607 5284 1770 5348 atque
1811 5278 1953 5334 idem
1988 5282 1989 5285 “

386 5359 460 5415 sit
482 5357 735 5415 Christus
755 5358 890 5428 Dei;
920 5361 1061 5418 sicut
1080 5365 1384 5438 quicunque
1412 5368 1573 5423 homo
1598 5382 1666 5423 ex
1686 5368 1863 5424 anima
1889 5369 1955 5425 de

576 5458 797 5531 creata.
820 5459 879 5509 et
908 5466 1075 5511 carne
1105 5470 1174 5510 ex
1208 5460 1434 5531 utroque
1472 5468 1695 5533 parente
1725 5459 1953 5537 formata

388 5554 529 5599 unus
549 5545 637 5623 est
670 5541 917 5616 utrisque
946 5545 1288 5623 parentibus,
1314 5552 1482 5620 patris
1513 5552 1595 5608 sui
1630 5553 1877 5610 videlicet
1901 5559 1955 5609 et

389 5633 577 5693 matris
794 5636 830 5688 ἰ
862 5620 976 5692 Hoc
1003 5636 1182 5708 itaque
1205 5642 1505 5712 exemplum
1522 5684 1540 5710 ,
1568 5644 1613 5701 si
1641 5644 1778 5699 bene
1800 5643 1956 5699 intel-

390 5722 643 5800 ﬁcerent:-
667 5728 705 5787 ἐ
722 5737 807 5795 te,
834 5736 998 5800 atque
1023 5730 1066 5785 si
1100 5730 1324 5800 teipsum
1350 5734 1614 5802 sagaciter
1649 5735 1955 5792 considera-

2056 4549 2273 4604 quoque
2295 4548 2429 4589 mea
2460 4533 2826 4603 reSponsionis
2852 4540 3130 4597 occurrat,
3158 4546 3227 4587 ne
3258 4531 3397 4589 forte
3425 4543 3635 4605 repetat

2058 4624 2176 4697 [F.,
2206 4622 2440 4695 reputet]
2479 4637 2587 4677 non
2624 4623 2827 4679 habere
2852 4623 2997 4693 quod
3028 4632 3215 4694 contra
3242 4640 3365 4680 eum
3396 4625 3633 4682 dicatur.

2122 4738 2286 4809 332
2320 4736 2409 4792 iV.
2453 4736 2621 4805 Igitur
2654 4751 2752 4807 per
2788 4736 3082 4795 latissimos
3108 4749 3308 4797 sanctis
3342 4741 3634 4813 Scriptura:

2054 4842 2305 4896 campos,
2342 4827 2498 4896 quasi
2530 4826 2802 4898 paenitens
2829 4827 3076 4899 aliqua,a
3117 4844 3176 4884 se
3208 4830 3454 4901 superius
3492 4831 3634 4887 bene

2053 4917 2263 4989 prolata
2304 4919 2597 4975 decurrens
2621 4958 2638 4985 ,
2685 4919 2878 4988 quaerit
2920 4920 3217 4977 sententias
3262 4935 3431 4977 sacra
3474 4919 3629 4977 Scri-

2092 5017 2248 5077 ειη-ω,
2280 5009 2473 5079 quibus
2499 5010 2715 5082 pristini
2755 5011 2959 5066 erroris
2995 5020 3198 5067 sectam
3235 5010 3505 5068 amrtnare
3531 5029 3629 5070 va-

2080 5086 2194 5166 eat;
2236 5100 2332 5156 sed
2364 5100 2492 5156 dum
2531 5115 2638 5155 non
2686 5100 2888 5170 poterit
2944 5100 3185 5157 invenire
3227 5102 3370 5172 quod
3403 5105 3626 5173 quierit,

2050 5187 2336 5256 pravitatis
2362 5201 2474 5242 suae
2496 5198 2658 5243 sensu
2683 5196 2885 5244 sanctae
2910 5187 3200 5260 Scriptura:
3227 5194 3521 5251 sententias
3546 5195 3630 5251 in-

2053 5278 2338 5349 terpretari
2363 5294 2467 5333 non
2498 5278 2747 5334 desistit:
2773 5288 2833 5334 ut
2851 5294 2916 5335 ex
2935 5281 3110 5336 tribus
3130 5280 3371 5352 Apostoli
3395 5288 3631 5349 aucturi-

2052 5379 2171 5427 tate.
2196 5368 2478 5426 sententiis
2506 5367 2729 5440 intelligi
2753 5378 2947 5441 potest.
2986 5370 3146 5429 Ponit
3179 5376 3324 5431 enim
3360 5377 3428 5433 de
3462 5379 3629 5435 mira-

2052 5462 2177 5528 bili,
2216 5470 2272 5517 et
2312 5462 2388 5516 ab
2428 5454 2546 5532 ipsa
2589 5461 2827 5518 Veritate
2866 5462 3081 5521 laudata
3117 5468 3447 5537 professione
3480 5470 3637 5527 beati-

2052 5551 2198 5607 Petri
2214 5551 2471 5623 principis
2490 5552 2854 5622 apostolorum
2866 5556 3179 5625 huiusmodi
3200 5574 3435 5624 sensum,
3458 5558 3626 5620 veluti

2052 5644 2263 5698 exsuis
2287 5644 2465 5699 verbis
2492 5644 2662 5700 videri
2689 5658 2865 5724 potest
2896 5668 2907 5703 :
2957 5668 2974 5697 ι
3010 5648 3365 5720 Singulariter
3394 5665 3627 5721 namque

2020 5749 2023 5753 '
2051 5733 2240 5789 beatus
2262 5732 2753 5804 Petrus'apostolus
2782 5737 2836 5792 iu
2860 5753 2923 5793 eo
2956 5737 3110 5791 simul
3148 5729 3281 5796 duas
3316 5749 3534 5796 naturas
3566 5742 3624 5799 in

3488 54 4027 73 ατς-γ-ο-ννίψ-Ϊξενπε-κ-νῆ
4056 54 4071 59 ν

2302 70 2311 73 ν
2370 70 2373 71 ν
2438 76 2441 79 _
2482 78 2495 79 γ
2928 70 2941 71 γ
2982 70 2987 71 γ
3562 78 3569 85 .
3622 72 3639 73 κ
3738 70 3807 77 ντβ

2294 98 2341 103 ι·
2412 82 2495 107 ίτιΑ-ιι
2518 96 2813 121 *κρι-Ἷ-ξν-ξνκα-ᾼῌ
2892 96 3039 113 ειη-ηιμ·-
3056 100 3061 103 -
3090 95 3389 117 ⁷⁷⁷ξτῄτ⁴ιιιαμ¹ηῠνιῗῖ
3408 92 3491 107 νειμ-...⁷
3692 100 3719 105 ι,
3756 104 3765 105 κ
3976 102 3987 103 κ
4010 106 4031 107 η

2460 124 2463 127 .
2576 126 2583 127 κ
2622 114 2653 121 ιδ
2698 114 2709 121 τ
2804 118 2851 129 ς-
2890 118 3259 135 δικεᾼμεεμι
3284 114 3695 135 .ριγ>ωλῑίιμτέ³πν-σ-ιδ-“
3552 114 3633 135 "Si
3698 114 3941 135 πνέει-Ἀ
3868 116 3887 123 ’“
3950 132 3959 135 ην

3056 120 3091 123 Α
3104 126 3147 135 ,η
3158 122 3199 135 δέ
3206 130 3223 137 -
3232 126 3271 137 r_
3284 114 3941 149 -¢:f.’ﬁtﬂﬁ%‘fff“z‘:ﬁ
3950 132 3975 135 "-
