4238 6190
568 272 664 332 iOl

1289 280 1294 281 “
1400 276 1459 330 Β.
1500 273 1560 330 F.
1601 273 1826 330 ALBlNl
1865 275 1995 331 SEU
2037 265 2309 342 ALCUINI
2345 258 2629 331 OPERUM
2667 261 2844 329 PARS
2882 275 2983 329 ili.-

3699 272 3798 325 itﬂ

568 403 673 442 una
698 383 925 457 persena
944 427 958 452 ,
993 387 1102 442 Deo
1130 385 1230 442 Sibi
1261 386 1559 451 rcvelaute,
1599 385 1876 441 confessus
1907 386 1982 439 ait
2015 404 2028 440 :
2059 384 2134 438 Tu
2169 388 2209 444 Α
2309 385 2371 439 ν.
2413 384 2520 440 Sed
2545 387 2787 454 quamvis
2813 387 3104 441 habeamus
3132 384 3464 439 abundanter
3486 383 3798 454 probatissi-

567 494 621 532 es
648 476 880 534 Christus
904 476 1076 532 Filius
1095 477 1191 540 Dei
1211 479 1306 531 uiri
1328 477 1539 549 (Matth.
1566 493 1672 540 xvi,
1699 477 1806 548 i6).
1828 477 1888 532 In
1909 492 1974 532 eo
1991 477 2136 531 enim

559 568 711 639 quod
737 568 814 625 ait
842 587 854 623 :
891 569 970 624 Tu
996 587 1050 625 es
1077 567 1342 636 Christus,
1370 571 1437 625 ad
1463 571 1851 626 humanitatem
1878 570 1994 639 ejus
2019 585 2140 640 per-

475 661 477 664 ⁴
570 660 725 725 tinet,
750 660 805 714 in
829 675 935 729 qua
952 658 1171 730 junctus
1196 669 1280 716 est
1303 659 1504 733 [Forte,
1533 671 1727 718 unctus
1745 662 1847 734 est]
1875 680 1889 716 :
1913 663 1967 718 id
1994 663 2136 734 quOd

569 747 774 804 addidit
799 767 813 803 :
847 747 1020 804 Filius
1040 749 1136 818 Dei
1156 751 1274 815 viri,
1301 750 1368 805 ad
1387 751 1718 806 divinitatem
1746 751 1929 822 ipsius,
1956 753 2010 806 in
2030 767 2137 821 qua

567 838 926 915 casentiaiiter
952 854 1112 896 verus
1148 838 1315 898 Filius
1352 840 1444 895 Dei
1481 849 1594 906 est,
1635 841 1905 896 convenit.
1943 861 1962 893 ι
2003 841 2136 896 lem

568 929 806 1000 ejusdem
825 930 966 986 beati
990 929 1135 986 Petri
1155 919 1411 1004 principis
1436 931 1796 1002 apostolorum
1825 933 1891 989 de
1916 932 2138 988 Actibus

567 1018 928 1088 apostolon
966 1019 1172 1090 profert
1204 1021 1395 1085 verba,
1434 1020 1523 1076 ubi
1559 1020 1807 1077 Cornelio
1841 1031 1898 1077 et
1933 1023 2019 1078 his
2045 1024 2136 1093 qui

567 1123 690 1163 cum
719 1123 786 1164 eo
815 1115 970 1164 erant
995 1109 1217 1165 verbum
1240 1109 1334 1165 Dei
1354 1109 1668 1180 praedicavit
1695 1129 1708 1164 :
1747 1129 1765 1160 ι
1799 1110 1897 1178 Qui
1927 1128 2136 1178 rursus,

565 1197 761 1267 inquit,
787 1198 855 1254 de
880 1198 1038 1269 hujus
1061 1198 1390 1256 humanitate
1418 1200 1718 1270 sigillatim,
1745 1201 1885 1257 sicut
1908 1203 1962 1257 in
1990 1203 2139 1268 Acti:

565 1288 669 1344 bus
695 1288 1057 1359 apostolorum
1091 1289 1306 1361 legitur,
1333 1289 1472 1346 idem
1498 1290 1769 1361 apostolus
1805 1290 2052 1348 Cornelio
2083 1301 2138 1349 et

565 1378 730 1433 sociis
756 1376 874 1446 ejus
903 1378 1044 1434 inter
1076 1386 1270 1435 cetera
1307 1378 1680 1450 evangeiizans
1713 1379 1788 1433 ait
1833 1397 1845 1432 :
1887 1380 2064 1435 Iesum
2101 1398 2134 1436 α

566 1462 866 1530 Nasareth,
897 1465 1154 1536 quomodo
1191 1467 1342 1536 ungit
1369 1482 1486 1522 eum
1519 1467 1658 1522 Deus
1695 1466 1897 1538 Spiritu
1932 1479 2132 1536 sancto,

561 1562 609 1608 et
639 1555 848 1609 uirtute.
877 1554 979 1609 Hic
1003 1556 1330 1625 pertransivit
1370 1556 1492 1611 bene
1519 1557 1792 1627 faciendo,
1820 1567 1870 1612 et
1896 1560 2132 1615 sanando

559 1659 735 1698 omnes
749 1651 1014 1716 oppressos
1039 1663 1071 1700 α
1094 1645 1320 1712 diabolo,
1339 1649 1585 1716 quoniam
1604 1647 1740 1702 Deus
1765 1657 1874 1702 erat
1900 1663 2016 1703 cum
2039 1648 2131 1704 illo

559 1731 698 1800 (Act.
729 1748 781 1798 x,
804 1732 916 1806 38).
935 1732 1048 1789 Non
1072 1733 1202 1790 dicit
1223 1752 1237 1788 :
1258 1715 1399 1790 Deus
1423 1746 1537 1805 erat
1559 1736 1686 1805 ipse,
1711 1735 1823 1801 sed,
1851 1735 1992 1791 Deus
2018 1747 2130 1793 erat
2160 1715 2205 1775 Β

559 1838 678 1876 cunt
698 1821 809 1876 illo.
834 1813 975 1878 Nam
993 1813 1039 1878 si
1065 1825 1355 1880 secundum
1376 1837 1558 1880 veram
1579 1825 1966 1897 professionem
1991 1829 2132 1884 Deus

555 1925 719 1967 verus
744 1922 888 1968 esset
916 1909 1076 1969 homo
1104 1913 1191 1968 ille
1218 1923 1498 1986 susceptus
1518 1930 1552 1969 a
1573 1916 1767 1982 Verbo,
1791 1931 2131 1987 nequaquam

507 2046 520 2054 ,
559 2008 740 2056 tantus
763 2002 1036 2073 apostolus
1063 2004 1284 2071 auderet
1306 2005 1488 2062 dicere
1511 2023 1526 2059 :
1549 2005 1692 2066 Deus
1715 2017 1828 2060 erat
1861 2023 1994 2075 cum
2012 2008 2125 2075 illo,

558 2093 654 2148 sed
679 2095 860 2164 potius
887 2113 901 2148 :
931 2093 1069 2150 Deus
1102 2104 1214 2150 erat
1251 2097 1377 2166 ipse.
1417 2116 1436 2150 ι
1479 2095 1718 2153 Tertiam
1753 2113 1967 2169 quoque
2001 2115 2128 2156 sen-

557 2177 775 2240 tentiam
819 2185 962 2241 beati
1002 2185 1152 2241 Pauli
1188 2188 1556 2257 praedicator-is
1592 2191 1794 2262 egregii
1819 2193 1997 2261 ponit,
2037 2193 2128 2248 ubi

555 2275 634 2331 ait
662 2294 675 2329 :
713 2294 732 2326 ι
773 2275 1034 2342 Quoniam
1063 2277 1201 2334 Deus
1223 2288 1333 2334 erat
1361 2279 1415 2335 in
1441 2278 1646 2338 Christo
1673 2282 1924 2342 mundum
1952 2300 2130 2340 recon-

556 2369 743 2424 cilium
771 2369 870 2424 sibi
893 2369 976 2441 (II
1002 2368 1124 2425 Cor.
1151 2386 1206 2437 ν,
1242 2371 1351 2443 i9).
1382 2371 1498 2428 Non
1524 2373 1635 2439 ait,
1662 2368 1802 2429 Deus
1837 2384 1949 2429 erat
1977 2375 2129 2430 Chri-

551 2470 662 2515 stus
679 2500 698 2524 ,
729 2461 852 2525 sed,
883 2461 1024 2517 Deus
1051 2469 1162 2517 erat
1191 2464 1247 2518 in
1273 2462 1482 2528 Christo
1503 2503 1519 2530 ,
1551 2480 1658 2520 non
1695 2467 1838 2535 quod
1859 2465 2124 2533 Christus,

555 2551 719 2606 homo
739 2549 987 2606 videlicet
997 2561 1323 2623 assumptus,
1341 2554 1481 2610 Deus
1505 2570 1610 2610 non
1634 2555 1736 2621 sit,
1755 2557 1848 2612 sed
1873 2557 1997 2626 quia
2020 2573 2127 2614 non

553 2649 766 2705 natura,
789 2641 883 2696 sed
910 2642 1081 2712 gratia
1114 2649 1274 2712 atque
1298 2637 1691 2714 nuncupatione
1719 2646 1790 2701 sit
1817 2647 2008 2701 Deus.»
2026 2648 2121 2703 Vi-

555 2731 710 2798 dete,
740 2731 916 2787 videte
935 2772 950 2796 ,
975 2729 1236 2796 lectores,
1263 2748 1459 2788 novum
1495 2743 1693 2788 sancta:
1723 2732 2014 2805 Scriptura;
2039 2736 2124 2790 in-

555 2825 877 2894 terpretem,
904 2820 994 2888 qui
1034 2820 1226 2875 nititur
1259 2820 1425 2876 Deum
1467 2820 1768 2894 disjungere
1803 2825 1870 2878 ab
1908 2825 2124 2879 homine

553 2919 864 2979 assumpto;
893 2918 948 2964 et
984 2926 1052 2966 ex
1090 2928 1198 2966 uno
1236 2913 1345 2970 Deo
1381 2913 1734 2984 Rédemptore
1775 2925 1960 2972 nostro
1991 2919 2125 2974 duos

551 2994 763 3052 eﬂicere
793 2997 939 3060 deos,
977 3013 1141 3053 unum
1171 3014 1377 3065 verum,
1408 3001 1633 3056 alterum
1665 3005 2079 3072 nuncupativum
2105 3024 2120 3061 :

551 3095 607 3142 et
637 3056 945 3152 Christum,
973 3103 1132 3158 quem
1160 3095 1268 3144 tota
1304 3056 1542 3145 Ecclesia
1570 3056 1976 3150 Deumﬂcolrit‘e—t
2147 3056 2194 3116 Ο

552 3185 658 3240 rat,
688 3192 791 3231 non
821 3177 995 3234 solum
1024 3178 1114 3233 illa
1139 3194 1259 3249 quat
1293 3179 1346 3234 in
1377 3180 1537 3236 terris
1563 3181 1614 3236 in
1645 3181 2004 3254 spaiaborat,
2032 3186 2124 3240 sed

550 3276 607 3320 et
633 3266 720 3321 illa
745 3283 865 3336 qua:
895 3267 949 3322 in
975 3268 1125 3324 cmlis
1146 3268 1268 3338 jure
1301 3272 1513 3342 gaudet,
1546 3271 1647 3327 iste
1671 3268 1840 3330 novus
1861 3274 2127 3345 interpres

556 3357 830 3413 hominem
857 3357 970 3419 vult
990 3359 1304 3424 solitarium,
1331 3359 1486 3430 juxta
1519 3361 1889 3419 Nestorianam
1916 3365 2000 3420 vel
2027 3364 2126 3420 Pe-

554 3446 820 3519 lagianam
858 3449 1210 3520 pravitatem,
1252 3451 1418 3507 credi.
1454 3451 1610 3519 Quod
1641 3454 1687 3510 si
1723 3470 1910 3510 verum
1944 3465 2029 3511 est
2063 3466 2124 3512 ut

556 3536 829 3593 simulatio
858 3545 1064 3594 tantum
1087 3541 1157 3594 sit
1181 3540 1538 3610 nuncupativa
1559 3542 1791 3599 nominis
1813 3543 1868 3598 in
1887 3544 2121 3609 Christo,

554 3642 663 3682 non
685 3627 885 3684 veritas
905 3627 1222 3696 divinitatis,
1241 3629 1509 3699 quomodo
1525 3639 1608 3686 est
1627 3645 1786 3688 verus
1805 3631 2128 3704 Redemer

554 3718 776 3775 humani
811 3705 1056 3790 generis?
1082 3718 1139 3776 Si
1178 3728 1264 3776 εει
1295 3719 1607 3791 imaginatio
1642 3724 1923 3793 potestatis
1949 3724 2004 3778 in
2031 3739 2125 3779 ca-

530 3809 694 3879 pite,
721 3808 864 3863 unde
890 3818 973 3864 est
999 3809 1201 3864 veritas
1241 3808 1433 3864 salutis
1463 3809 1516 3864 in
1538 3810 1803 3878 corpore?
1824 3809 1993 3880 igitur
2019 3825 2126 3864 na

553 3899 640 3954 bis
669 3900 842 3955 tribus
869 3901 1150 3956 sententiis
1180 3900 1458 3970 responsio
1483 3900 1680 3970 poterit
1714 3916 1852 3965 esse,
1878 3915 1997 3970 qua:
2020 3902 2148 3956 una'

552 3989 817 4058 pravitate
849 3988 1260 4058 interpretantes
1299 3988 1416 4062 [F.,
1467 3988 1863 4063 interpretata]
1899 3999 2024 4045 sunt
2058 3989 2128 4044 ab”

554 4076 664 4133 illo.
690 4075 823 4130 Nam
852 4075 897 4132 si
920 4075 1162 4134 Christus
1191 4078 1395 4135 idcirco
1425 4094 1532 4135 non
1555 4088 1640 4134 est
1663 4078 1837 4142 Deus,
1873 4079 1998 4148 quia
2035 4080 2086 4134 di
2104 4109 2118 4120 -

551 4172 659 4234 cit,
693 4169 831 4223 Deus
862 4168 1054 4223 eratin
1076 4166 1307 4232 Christo,
1335 4169 1464 4223 item
1483 4209 1498 4233 ,
1527 4169 1666 4224 Deus
1701 4180 1813 4223 erat
1849 4186 1966 4225 eum
1993 4170 2122 4232 illo;

552 4259 820 4330 quomodo
851 4256 1223 4327 intelligendus
1249 4265 1332 4310 est
1364 4256 1456 4310 Dei
1481 4255 1646 4310 Filius
1677 4254 1843 4322 Deus,
1875 4257 1964 4325 qui
1995 4257 2076 4312 ait
2103 4275 2116 4310 :

553 4349 667 4419 Ego
694 4350 747 4404 in
771 4347 950 4412 Patre,
969 4357 1017 4403 et
1046 4341 1206 4400 Pater
1237 4345 1290 4399 iu
1315 4361 1411 4397 me.
1445 4345 1500 4398 Si
1532 4346 1692 4414 igitur
1716 4360 1817 4398 non
1847 4354 1929 4398 est
1958 4345 2118 4409 Deus,

555 4438 681 4506 quia
706 4437 866 4493 Pater
891 4439 947 4493 in
976 4436 1113 4493 F‘ilio
1133 4444 1233 4500 est,
1267 4451 1366 4491 nec
1392 4436 1548 4489 Pater
1572 4435 1683 4502 ipse
1705 4434 1844 4488 Deus
1866 4443 1967 4497 est,
1994 4435 2117 4504 quia

554 4526 771 4590 dicitur,
801 4526 967 4582 Filius
994 4527 1048 4582 in
1086 4526 1284 4582 Patre:
1313 4525 1455 4580 idem
1492 4526 1633 4579 enim
1659 4533 1772 4588 est,
1807 4525 1948 4594 quod
1993 4524 2068 4578 ait
2100 4540 2114 4578 :

556 4616 668 4685 Ego
693 4617 748 4670 in
779 4613 968 4682 Putre,
997 4626 1044 4672 et
1074 4594 1236 4673 Ρᾶεει·
1262 4618 1318 4672 iit
1343 4635 1423 4671 me
1440 4637 1458 4682 ;
1494 4633 1557 4674 ac
1584 4618 1628 4672 si
1653 4619 1875 4674 dixisset
1911 4637 1923 4671 :
1963 4617 2118 4673 Pater

554 4709 610 4766 in
646 4707 809 4773 Filio,
836 4717 891 4763 et
916 4707 1082 4766 Filius
1112 4709 1167 4764 in
1196 4708 1381 4773 Patre;
1421 4719 1474 4764 at
1510 4712 1556 4767 si
1585 4727 1768 4767 verum
1806 4721 1916 4778 est,
1950 4714 2115 4768 Deum

552 4814 672 4856 esse
698 4798 910 4860 Filium,
936 4806 990 4852 et
1018 4797 1183 4853 Deum
1209 4813 1326 4853 esse
1362 4799 1595 4862 Patrem,
1633 4803 1840 4854 tametsi
1875 4802 1986 4871 ipsa
2014 4802 2114 4855 Ve-

554 4891 686 4946 ritas
714 4889 919 4945 diceret
943 4902 958 4941 :
991 4886 1100 4958 Ego
1121 4889 1173 4940 in
1203 4885 1384 4946 Patre,
1417 4897 1461 4938 et
1490 4884 1650 4939 Pater
1678 4888 1731 4940 in
1757 4905 1836 4941 nte
1865 4905 1882 4941 :
1911 4902 2038 4956 ergo
2058 4898 2120 4945 et

553 4981 799 5037 Christus
823 4989 908 5036 est
932 4979 1091 5043 Deus,
1122 4978 1334 5031 tametsi
1365 4976 1646 5044 Apostolus
1674 4976 1897 5032 dixisset
1931 4997 1941 5032 :
1975 4978 2116 5033 Deus
2160 4988 2161 4992 ‘

551 5083 662 5127 erat
695 5074 751 5126 in
779 5070 1000 5127 Christo.
1032 5071 1215 5140 itaque
1240 5071 1280 5124 si
1309 5070 1593 5123 secundum
1623 5068 1759 5122 "iiius
1781 5069 1972 5124 Felicis
1994 5085 2116 5139 pro-

553 5163 839 5219 fessionem
867 5162 1112 5218 Christus
1145 5177 1245 5213 non
1275 5175 1346 5211 es;
1409 5205 1412 5208 .
1517 5161 1582 5218 if.
1620 5159 1796 5230 {Fc-us],
1821 5160 1944 5227 quia
1967 5159 2110 5227 Apo-

552 5253 720 5308 stolus
749 5249 825 5306 ait
858 5269 869 5302 :
910 5251 1046 5304 Deus
1174 5267 1182 5296 :
1219 5273 1246 5298 λ,
1417 5261 1540 5312 we,
1583 5248 1800 5304 omnino
1829 5250 1932 5304 duo
1969 5258 2112 5313 sunt,

555 5345 691 5400 Deus
730 5337 1092 5401 et'Christus.
1181 5355 1188 5388 '.
1407 5387 1410 5390 .
1481 5342 1834 5396 introducitur
1867 5357 2112 5412 persona,

549 5436 691 5513 quod
722 5444 927 5489 avertat
971 5434 1034 5484 ab
1079 5469 1085 5472 --
1137 5471 1140 5474 -
1289 5458 1316 5474 --
1355 5443 1413 5464 -‘--
1453 5430 1876 5486 I'iaz‘S-rtianorum
1916 5431 2020 5494 ille,
2052 5431 2118 5485 de

555 5540 658 5592 ιιυυ
706 5527 856 5580 nobis
900 5534 974 5575 est
1029 5549 1040 5558 ι
1093 5549 1096 5560 ι
1193 5555 1230 5568 -.
1432 5535 1470 5568 ~:
1522 5523 1657 5572 linus
1699 5537 1834 5576 unus
1871 5537 2028 5575 verus
2065 5530 2117 5576 et

557 5629 796 5670 summus
824 5613 977 5670 Jcsus
1003 5616 1056 5664 4.11
1233 5643 1240 5646 -
1478 5647 1484 5654 .
1567 5618 1762 5662 auster.

2238 486 2353 525 mos
2382 481 2687 530 sanctorum
2716 475 2934 530 Patrum
2962 489 3180 539 sensus,
3209 475 3306 550 qui
3343 474 3499 528 aliter
3521 473 3620 530 bas
3643 474 3799 530 intel-

2234 560 2484 618 lexerunt
2502 565 2818 637 sententias,
2839 579 3006 635 pauca
3027 572 3201 620 tamen
3223 562 3553 633 proferamus
3571 578 3636 619 ex
3661 563 3798 644 mul-
3882 612 3887 619 .

2234 654 2324 709 tis.
2353 653 2431 710 De
2457 655 2792 712 confessione
2818 644 3171 726 itaquebeati
3206 655 3348 711 Petri
3385 656 3641 726 principis
3667 671 3798 727 apo-

2233 744 2490 800 stolorum
2521 746 2590 801 ab
2620 745 2734 816 ipsa
2765 745 3002 803 Veritate
3027 745 3180 801 valde
3210 745 3534 801 excellenter
3559 745 3794 813 laudata,

2234 834 2362 891 illud
2400 835 2782 906 respondemus
2815 839 2959 907 quod
2998 829 3285 894 Cassianus
3314 836 3453 910 (Lib.
3493 854 3553 893 ut
3594 838 3659 892 de
3698 837 3796 893 1η-

2234 941 2406 990 carn.,
2422 939 2539 994 cap.
2557 924 2625 979 ﬂ
2635 933 2690 981 et
2708 925 2796 997 i3)
2819 925 3144 982 antecessori
3169 925 3324 981 istius
3336 924 3530 982 Felicis
3551 925 3799 995 Nestorio

2234 1015 2510 1084 respondit
2535 1031 2549 1068 :
2586 1033 2605 1065 ι
2636 1014 2930 1086 Respondit
2950 1016 3114 1084 enim,
3143 1013 3564 1087 inquit,'primus
3591 1011 3799 1088 aposto-

2201 1183 2204 1187 .
2236 1103 2406 1160 lorum
2427 1104 2640 1171 Petrus,
2665 1121 2803 1160 unus
2830 1107 3013 1175 utique
3035 1121 3133 1177 pro
3159 1107 3407 1162 omnibus
3438 1125 3452 1160 :
3482 1108 3618 1162 idem
3652 1097 3795 1163 enim

2233 1198 2392 1252 unius
2427 1196 2610 1263 habuit
2641 1198 2947 1267 responsio,
2991 1198 3132 1267 quod
3176 1197 3335 1252 habet
3367 1187 3604 1253 omnium
3639 1199 3791 1256 fides.

2237 1284 2343 1341 Sed
2379 1286 2610 1356 primum
2649 1265 2826 1363 decdit
2859 1265 3208 1358 respondere,
3241 1295 3302 1342 ut
3331 1288 3471 1344 idem
3497 1299 3640 1345 esset
3666 1292 3798 1347 ordo

2234 1376 2594 1446 responsionis
2628 1377 2720 1446 qui
2743 1381 2881 1431 ‘erat
2924 1378 3176 1448 honoris,
3213 1389 3268 1433 et
3307 1378 3420 1450 ipse
3460 1380 3799 1437 antecederet

2233 1464 2570 1537 confessione
2609 1467 2697 1536 qui
2741 1464 3306 1526 antecedebat‘aetate.
3347 1468 3486 1534 Quid
3518 1483 3647 1540 ergo
3687 1471 3800 1525 ait?

2236 1553 2313 1608 Tu
2337 1571 2408 1617 es,
2435 1553 2626 1626 inquit,
2655 1554 2826 1609 Filius
2853 1555 2947 1612 Dei
2974 1549 3088 1616 vivi;
3113 1553 3351 1627 Simplici
3381 1559 3798 1630 interrogatione

2229 1644 2392 1715 833
2417 1645 2484 1700 ad
2512 1644 2892 1700 coniutandum
2923 1654 2974 1701 te
3000 1646 3151 1710 mihi,
3184 1636 3451 1711 heretice,
3480 1648 3555 1701 uti
3577 1663 3799 1706 necesse

2230 1742 2331 1788 est.
2360 1732 2455 1789 Dic
2481 1734 2632 1800 mihi,
2664 1749 2844 1804 quaeso
2862 1775 2877 1799 ,
2907 1735 3029 1804 quis
3055 1734 3145 1790 ille
3169 1734 3441 1792 fueritcui
3475 1736 3666 1793 Petrus
3695 1739 3798 1796 ista

2230 1823 2538 1895 respondit?
2566 1826 2772 1898 Negare
2798 1843 2902 1882 non
2928 1826 3079 1898 potos
3105 1827 3376 1885 Christum
3408 1829 3591 1888 fuisse.
3624 1833 3794 1892 inter-

2229 1930 2358 1985 rogo
2374 1931 2526 1989 ergo,
2545 1916 2815 1974 Christum
2835 1934 2994 1990 quem
3014 1933 3193 1986 vocas,
3209 1921 3478 1979 hominem
3502 1940 3568 1979 an
3594 1925 3796 1981 Deum?

2229 2007 2510 2064 Hominem
2553 2004 2755 2080 absque
2784 2011 2990 2067 dubio:
3021 2011 3144 2068 hinc
3182 2013 3323 2067 enim
3365 2014 3542 2068 omnis
3583 2003 3665 2070 est
3706 2025 3796 2071 tua

2228 2096 2469 2163 heresis,
2494 2097 2619 2168 quia
2640 2114 2802 2169 negas
2818 2097 3095 2155 Christum
3118 2100 3308 2156 Filium
3333 2101 3460 2167 Dei;
3488 2102 3607 2158 ideo
3631 2104 3792 2160 etiam

2227 2186 2448 2243 Mariam
2475 2188 2846 2247 Christotocon
2871 2206 3009 2258 esse,
3032 2208 3137 2248 non
3162 2193 3466 2255 Theotocon
3494 2194 3645 2262 dicis,
3666 2198 3793 2268 quia

2227 2279 2426 2337 Christi
2449 2281 2676 2352 genitrix
2706 2283 2805 2348 sit,
2833 2299 2938 2338 non
2973 2283 3090 2339 Dei.
3122 2284 3272 2351 Quod
3298 2299 3426 2355 ergo
3453 2286 3523 2341 ad
3560 2287 3675 2343 haec
3701 2291 3787 2344 re-

2227 2371 2442 2441 spondit
2467 2370 2699 2461 ‘Petrus?
2741 2371 2820 2426 Tu
2858 2388 2939 2438 es,
2975 2372 3179 2442 inquit,
3219 2372 3454 2431 Christus
3497 2374 3667 2432 Filius
3699 2376 3793 2431 Dei
3864 2443 3891 2461 ν,

2225 2460 2328 2516 vitii
2349 2474 2368 2512 :
2395 2450 2667 2517 Christum
2692 2462 2854 2527 hunc,
2878 2476 3035 2532 quem
3063 2471 3117 2517 tu
3139 2463 3370 2519 hominis
3397 2472 3600 2518 tantum
3624 2463 3791 2520 tilium

2225 2565 2346 2607 esse
2373 2552 2592 2616 asseris,
2627 2551 2718 2607 ille
2743 2559 2968 2606 testatur
2993 2552 3183 2606 Filium
3211 2553 3325 2607 Dei.
3354 2552 3450 2607 Cui
3475 2555 3576 2618 vis,
3606 2545 3793 2610 cré'da-

2226 2653 2379 2704 mus,
2407 2639 2538 2704 tibi,
2569 2654 2636 2692 an
2666 2639 2858 2693 Petro?
2882 2637 3100 2707 Opinor,
3134 2654 3236 2693 non
3263 2654 3321 2694 es
3353 2648 3460 2693 tam
3491 2639 3788 2710 impudens,

2227 2737 2285 2780 ut
2309 2743 2617 2798 praeponere
2641 2735 2693 2782 te
2723 2728 2921 2783 audeas
2958 2729 3132 2798 primo
3157 2727 3535 2797 apostolorum.
3564 2730 3786 2797 Tamen,

2225 2819 2359 2888 quid
2398 2827 2481 2872 est
2525 2818 2665 2887 quod
2704 2826 2759 2872 tu
2810 2833 2912 2892 non
2947 2819 3176 2883 audeas,
3217 2827 3309 2872 aut
3345 2820 3789 2887 quemadmodum

2227 2910 2525 2980 apostolum
2555 2926 2658 2964 non
2683 2910 2976 2980 despicies,
3004 2912 3094 2982 qui
3119 2912 3282 2965 Deum
3311 2926 3506 2982 negare
3545 2928 3648 2966 non
3678 2928 3790 2969 me-

2225 3002 2413 3056 tttisti?
2444 3001 2521 3053 Tu
2551 3018 2604 3054 es
2643 3018 2795 3071 ergo,
2842 2991 3042 3070 inquit,
3070 2999 3303 3057 Christus
3332 3001 3503 3055 Filius
3537 3002 3633 3056 Dei
3671 3005 3786 3058 riui.

2226 3088 2475 3158 Nunquid
2498 3090 2599 3142 hoc
2622 3090 2854 3158 ambigui
2879 3096 2970 3143 aut
2987 3090 3201 3143 obscuri
3223 3089 3421 3157 aliquid
3445 3089 3498 3144 in
3521 3105 3578 3144 se
3601 3091 3791 3146 habet?

2227 3177 2461 3247 Simplex
2506 3185 2713 3230 tantum
2751 3185 2833 3231 est
2873 3185 2928 3232 et
2967 3185 3149 3248 aperta
3184 3177 3479 3242 confessio,
3519 3178 3790 3234 Christum

2223 3256 2332 3323 Diti
2347 3265 2550 3319 ‘Filium
2583 3264 2857 3335 praedicat.
2893 3285 2911 3317 ι
2957 3265 3023 3318 Ει
3050 3266 3221 3334 paulo
3251 3273 3370 3336 post
3400 3283 3414 3319 ε
3453 3285 3471 3318 ε
3505 3267 3792 3324 Videamus

2225 3357 2672 3429 quemadmodum
2699 3354 3083 3412 confessionem
3112 3355 3226 3424 ejus
3243 3356 3310 3422 is,
3331 3372 3489 3426 quem
3517 3358 3793 3413 confessus

2223 3453 2329 3513 est,
2355 3446 2664 3515 approbarit
2703 3465 2718 3500 :
2765 3446 2889 3516 quia
2928 3445 3046 3516 plus
3095 3447 3261 3502 multo
3296 3455 3408 3511 est,
3453 3458 3608 3516 quam
3647 3448 3790 3518 quod

2220 3533 2508 3605 Apostolus
2533 3534 2697 3599 dixit,
2731 3536 2778 3590 si
2809 3535 3010 3590 dictum
3037 3535 3180 3591 illius
3207 3535 3350 3591 Deus
3388 3535 3501 3604 ipse
3531 3536 3786 3593 laudavit.

2225 3623 2433 3679 Dicenti
2479 3636 2608 3693 ergo
2651 3624 2891 3694 apostolo
2934 3641 2948 3678 :
2996 3622 3074 3676 Tu
3106 3639 3160 3677 es
3205 3621 3440 3692 Christus
3479 3621 3651 3677 Filius
3692 3623 3790 3680 Dei

2225 3701 2354 3777 uiri,-
2370 3712 2498 3782 quid
2519 3726 2550 3765 a
2572 3712 2796 3767 Domino
2820 3697 3096 3766 Salvatore
3119 3709 3430 3780 responsum
3452 3714 3568 3768 est?
3594 3712 3789 3770 Beatus
3825 3703 3831 3711 ’

2225 3818 2309 3866 es,
2338 3798 2546 3871 inquit,
2578 3799 2756 3855 Simon
2781 3801 3014 3871 Barjona
3031 3840 3046 3864 ,
3070 3802 3191 3870 quia
3214 3817 3333 3855 caro
3368 3811 3415 3855 et
3442 3803 3651 3872 sanguis
3681 3821 3785 3858 non

2225 3890 2460 3964 reuelauit
2485 3892 2598 3956 tibi,
2615 3892 2704 3945 sed
2730 3891 2887 3945 Pater
2906 3908 3049 3945 metas
3069 3878 3155 3963 qui
3175 3893 3229 3946 in
3249 3891 3388 3948 ca'lis
3415 3903 3508 3948 est.
3539 3893 3594 3949 Si
3609 3894 3792 3966 displi-

2224 3991 2311 4039 cet
2337 3983 2435 4038 tibi
2467 3983 2692 4053 apostoli
2722 3982 3031 4038 testimonio
3056 3983 3154 4047 uti,
3181 3982 3273 4040 Dei
3304 3992 3471 4040 utere.
3500 3985 3802 4062 Laudando,

2222 4076 2367 4130 enim
2392 4074 2532 4129 Deus
2553 4074 2693 4145 quod
2722 4072 2920 4128 dictum
2948 4082 3052 4139 est,
3079 4075 3450 4148 auctoritatem
3483 4089 3635 4129 suam
3662 4089 3800 4144 apo-

2222 4165 2410 4222 stolico
2428 4165 2571 4220 dicto
2591 4165 2792 4220 addidit
2815 4183 2828 4218 :
2851 4165 2926 4218 ita
2951 4173 3010 4219 ut
3028 4165 3190 4218 etiam
3216 4165 3261 4220 si
3282 4165 3480 4218 dictum
3509 4163 3788 4233 illud‘apo.

2222 4252 2344 4308 stoii
2368 4269 2462 4308 ore
2488 4253 2700 4321 prodiit,
2727 4267 2882 4304 suum
2903 4266 3022 4307 esse
3051 4251 3153 4306 hoc
3187 4259 3362 4304 tamen
3405 4251 3543 4304 Deus
3574 4249 3784 4313 fecerit,

2222 4342 2313 4411 qui
2336 4341 2600 4410 probavit.
2623 4338 2815 4391 Beatus
2847 4355 2920 4402 es,
2946 4338 3140 4407 inquit,
3174 4335 3353 4391 Simon
3376 4336 3632 4405 Barjona,
3662 4340 3783 4407 quia

2223 4448 2344 4485 caro
2358 4442 2406 4485 et
2422 4431 2632 4501 sanguis
2646 4446 2744 4482 non
2764 4428 2995 4483 reuelauit
3009 4429 3120 4494 tibi,
3134 4429 3222 4482 sed
3236 4428 3460 4498 Spiritus
3477 4428 3649 4483 Patris
3664 4430 3783 4494 mei,

2221 4523 2374 4593 quiin
2390 4520 2612 4576 castis'est
2635 4521 2846 4591 (Matth.
2863 4521 2971 4595 th,
2992 4520 3097 4591 i7).
3116 4520 3255 4590 Ergo
3269 4519 3321 4573 in
3339 4519 3559 4588 apostoli
3577 4520 3718 4573 dicto
3731 4528 3786 4573 et

2222 4615 2452 4687 Spiritus
2475 4614 2666 4679 sancti,
2686 4621 2738 4667 et
2760 4612 3040 4681 praesentis
3063 4611 3204 4674 Filii,
3233 4620 3285 4663 et
3309 4610 3401 4663 Dei
3433 4609 3607 4664 Patris
3638 4608 3785 4662 testi-

2219 4708 2454 4763 monium
2473 4707 2641 4760 vides.
2667 4704 2803 4772 Quid
2821 4719 2948 4774 ergo
2968 4702 3194 4772 amplius
3212 4742 3225 4763 ,
3249 4708 3341 4754 aut
3360 4700 3483 4766 quid
3508 4688 3680 4751 simile
3702 4713 3786 4752 re-

2219 4798 2422 4866 quiris?
2443 4795 2607 4849 Filius
2629 4793 2860 4849 hominis
2883 4792 3133 4854 laudavit,
3163 4790 3318 4842 Pater
3337 4784 3596 4850 interfuit,
3620 4786 3783 4856 Spiri-

2219 4895 2305 4940 tus
2331 4885 2600 4940 revelavit.
2634 4882 2871 4953 Apostoli
2910 4896 3035 4950 ergo
3064 4880 3261 4932 dictum
3297 4877 3458 4929 totius
3486 4877 3782 4933 divinitatis
3846 4951 3848 4953 _

2218 4982 2303 5030 est
2327 4974 2709 5034 testimonium,
2739 4971 2862 5039 quia
2894 4969 3054 5031 illius,
3083 4979 3300 5020 necesse
3320 4974 3423 5031 est,
3450 4966 3551 5021 hoc
3580 4967 3780 5021 dictum

2219 5065 2585 5121 auctoritatem
2613 5064 2825 5124 habeat,
2855 5074 2960 5127 quo
2987 5066 3203 5110 auctore
3230 5053 3422 5127 [Cass.,
3447 5072 3552 5125 quo
3576 5055 3780 5127 actore]

2219 5157 2495 5225 processit.
2523 5157 2711 5208 Beatus
2733 5167 2872 5218 ergo,
2892 5147 3080 5216 inquit,
3107 5163 3156 5199 es
3180 5145 3358 5201 Simon
3381 5148 3635 5216 Barjona,
3657 5147 3780 5217 quia
3865 5137 3869 5140 ’

2219 5263 2338 5300 caro
2361 5256 2408 5298 et
2436 5244 2644 5310 sanguis
2676 5256 2774 5296 non
2797 5237 3040 5306 reuelauit
3070 5237 3193 5300 tibi,
3228 5237 3314 5290 sed
3351 5236 3574 5306 Spiritus
3605 5234 3779 5288 Patris

2217 5337 2317 5388 mei
2336 5374 2350 5398 ,
2373 5334 2458 5403 qui
2487 5334 2539 5384 in
2569 5330 2704 5381 atriis
2733 5311 2823 5381 cst.
2853 5327 2989 5395 Ergo
3017 5325 3061 5378 si
3089 5325 3247 5380 Petro
3278 5327 3427 5396 [caro
3456 5335 3510 5381 et
3538 5320 3781 5390 sanguis]

2221 5440 2323 5480 ηοη
2354 5419 2721 5474 rm'elavrrunt
2747 5417 2866 5478 ista,
2888 5423 2938 5467 et
2966 5415 3376 5483 inspiraverunt,
3395 5413 3502 5480 jam
3530 5408 3776 5475 iutciligis

2217 5517 2306 5585 qui
2347 5511 2686 5578 iuspiravcrit
2728 5508 2840 5560 tibi.
2891 5507 2943 5560 Si
2985 5506 3130 5559 illum
3174 5505 3403 5574 Spiritus
3445 5505 3536 5558 Dei
3576 5498 3772 5557 docuit,

2218 5608 2306 5677 qui
2330 5602 2599 5658 Christum
2616 5600 2707 5653 Dei
2731 5599 2893 5652 tilium
2915 5613 3029 5654 esse
3051 5596 3322 5653 coiifessus
3349 5596 3611 5662 est,vidos
3631 5593 3772 5662 quod
