2119 3130
230 200 279 229 I93

265 303 306 331 VI.
336 303 434 330 Beatus
453 310 558 337 quoque
580 303 651 329 Deda
674 303 814 338 presbyter
841 302 868 329 in
891 305 1007 329 tractatu

217 348 340 377 ‘Actuum
361 347 539 383 apostolorum
560 347 636 383 (Cap.
654 347 682 382 ι)
703 347 736 374 de
754 354 786 374 eo
806 347 878 382 quod
899 346 1007 378 dicitur,

228 395 298 422 Deus
311 398 367 421 erat
379 402 437 420 cum
449 388 507 425 illo,
521 393 556 420 ita
569 393 694 428 exponit:
711 401 720 418 ι
736 392 821 425 Deus,
835 391 934 426 inquit,
949 394 1009 419 erat

227 447 288 467 cum
304 438 359 471 illo,
372 438 398 465 id
408 443 460 470 est,
474 438 553 466 Pater
566 446 626 466 cum
637 438 713 465 Filio.
729 437 822 466 Melius
833 441 875 465 est
887 436 959 464 enim
970 435 1009 463 sic

228 485 385 520 intelligere,
394 491 474 519 q..am
484 484 648 511 divinitatem
659 483 718 510 Filii
731 491 790 511 cum
800 483 917 512 homine.
929 489 1009 518 quem

227 529 381 563 assumpsit,
388 528 587 556 cohabitantem
599 528 755 562 signiﬁcari,
763 536 796 555 ne
805 527 904 555 Christi
917 534 1010 561 perso-

228 579 290 599 nam
305 572 456 607 geminare,
471 576 498 599 et
516 572 542 599 iu
555 572 742 599 Nestorianum
755 572 850 607 dogma
865 572 960 599 cadere
972 571 1011 599 vi—

228 617 348 645 de'amur.
365 627 374 643 ι
391 617 431 645 De
440 624 473 645 eo
485 625 549 645 vero
562 618 633 652 quod
645 617 786 652 Apostolus
800 617 838 644 ait
851 626 857 643 :
871 616 941 644 Deus
955 620 1011 644 erat
1027 609 1030 612 ’

227 664 255 690 in
267 662 382 696 Christo,
397 663 489 691 Victor
500 664 641 698 episcopus
651 663 748 698 Capuae
763 664 790 691 in
803 663 884 690 Libro
897 662 1013 697 Sponso-

229 715 304 741 rum,
319 709 435 743 capitulo
456 709 583 744 vigesimo
603 714 699 743 quarto
715 715 728 729 α
750 717 756 735 :
777 717 786 733 ι
803 707 890 740 Deus,
915 707 1010 742 inquit,

228 758 286 781 erat
305 754 332 781 in
347 754 472 787 Christo,
486 748 577 789 utique
589 754 673 781 Pater
691 754 718 780 in
732 753 815 785 Filio,
832 752 894 787 quia
913 751 940 779 in
954 750 1013 786 ipso

229 798 390 833 complacuit
401 806 506 826 omnem
517 797 708 833 plenitudinem
720 797 842 825 habitare
853 795 1010 824 divinitatis.

230 842 257 870 In
272 842 332 870 aliis
345 851 452 878 quoque
466 843 580 875 sanctis,
594 847 621 870 et
633 842 769 878 apostolis,
784 841 826 869 vel
840 840 1012 877 patriarchis,

229 887 286 915 sive
298 887 447 922 prophetis,
462 888 546 923 gratia
560 888 626 920 fuit;
642 888 669 915 in
684 887 790 915 Christo
804 891 893 915 autem
907 889 962 914 tota
972 884 1026 913 αἰ·-

584 198 786 228 DOGIIATICA.
808 214 841 219 —
859 198 938 228 ADV.
956 196 1102 226 FELICEM
1121 197 1210 225 LIBRI
1232 197 1284 226 VII.
1303 212 1338 217 —
1356 196 1419 225 LIB.
1440 196 1472 224 V.

1123 45 1142 48 _
1160 39 1234 56 ᾗς.
1244 37 1258 53 :
1271 37 1373 56 :_._.-;.
1377 48 1384 50 .
1419 30 1514 55 3;»-
1538 38 1650 54 :M'
1651 45 1674 49 -μ
1685 36 1754 60 “se.
1747 32 1936 60 “LL-iriiri.
1947 34 2066 60 :‘q‘s

598 52 1195 69 LEM—Lr'ﬂ‘rtd’f’r—ﬂ
1204 58 1259 70 «re
1291 60 1367 69 ί-ν--κ
1374 58 1484 70 χῗέξ-ζῖ
1496 57 1539 70 Ξῖ
1667 55 1925 71 Μ-
1935 68 1945 70 Α
1955 66 2008 71 ._.,
2059 68 2066 71 _

1792 196 1842 225 IM

228 262 255 286 tu
268 257 363 293 spiritu
377 256 505 284 (Immonis
518 257 612 284 doctus
626 257 679 289 sis,
692 257 738 292 qui
759 264 855 292 negare
867 256 1003 291 potuisti»
1021 258 1047 286 Α
1058 254 1204 289 Serpentini
1218 262 1275 282 oris
1288 262 1392 283 venena
1407 253 1532 286 sibilans,
1544 254 1643 289 quatris
1656 255 1789 289 quomodo
1802 259 1843 283 te-

1057 299 1143 334 ipsum
1156 299 1269 335 perdere
1284 299 1372 334 possis
1388 308 1395 326 :
1411 299 1474 334 quia
1490 299 1559 326 unde
1571 299 1640 326 bene
1652 298 1755 333 prolata
1772 304 1844 327 recte

1057 344 1235 380 intelligentes
1255 344 1303 371 filii
1323 344 1510 379 acquisitionis
1533 343 1681 376 salvantur,
1704 341 1774 371 unde
1797 344 1844 372 lilii

1057 387 1216 423 perditionis
1230 388 1401 420 damnantur,
1416 388 1478 416 dum
1494 388 1561 416 bene
1579 389 1682 423 prolata
1704 388 1729 416 in
1744 390 1845 417 sanctis
1862 388 1864 390 ’

1059 431 1206 467 Scriptnris
1223 432 1291 465 male
1304 432 1474 468 interpretari
1495 441 1547 461 non
1566 438 1696 461 metuunt.
1718 433 1845 469 Proponit

1059 477 1149 510 itaque
1162 477 1322 503 sententiam
1339 476 1372 504 de
1389 477 1507 512 Epistola
1523 478 1705 513 evangelistm,
1720 479 1764 505 ubi
1783 479 1820 506 ait
1836 488 1843 506 :

1060 519 1219 546 Advocatum
1238 520 1361 547 habemus
1383 521 1453 556 apud
1467 520 1571 548 Patrem
1581 542 1588 554 ,
1608 522 1699 549 Iesum
1713 521 1845 550 Christum

1056 563 1158 602 justum
1174 571 1183 589 :
1203 569 1228 591 et
1247 565 1301 600 ipse
1324 570 1361 592 est
1380 566 1530 606 propitiati?
1549 564 1597 601 pro
1618 568 1730 602 peccatis
1751 568 1846 595 nostris

1062 608 1087 643 (I
1098 600 1179 635 J'oan.
1198 616 1227 637 ιι,
1244 608 1285 644 I);
1301 617 1381 644 quam
1394 609 1431 636 ita
1444 617 1459 636 a
1474 600 1711 645 te'intelligendam
1724 612 1824 639 asseris
1838 621 1845 639 :

1064 661 1073 677 ε
1090 652 1258 685 Advocatus,
1272 653 1376 688 inquis,
1391 654 1462 681 idem
1480 659 1522 683 est
1540 655 1585 689 qui
1600 659 1628 682 et
1645 656 1787 689 mediator,
1801 657 1848 693 qui

1061 701 1171 732 propter
1188 697 1278 732 culpas
1299 698 1510 734 delinquentium
1523 700 1593 734 apud
1611 699 1715 728 Patrem
1735 701 1849 729 interce—

1065 743 1112 775 dit,
1126 743 1195 778 quod
1211 751 1263 770 non
1277 743 1311 771 de
1327 744 1381 772 Deo
1394 752 1468 777 vero,
1482 746 1528 773 sed
1541 746 1574 773 de
1591 746 1700 774 homine
1712 752 1849 782 assumpto

1062 788 1230 815 sentiendum
1243 792 1293 816 est.
1313 798 1322 815 ι
1339 788 1429 826 Quare
1441 794 1531 818 autem
1548 798 1600 818 non
1619 791 1761 827 intelligis,
1776 793 1849 827 quod

1062 832 1228 868 evangelista
1242 834 1365 861 eumdem
1375 834 1577 869 propitiatorem
1590 835 1665 869 dicit,
1675 844 1754 871 quem
1769 836 1851 865 advo-

1064 881 1172 910 catum,
1186 877 1302 912 dumlait
1317 887 1324 904 ι
1340 878 1498 906 Advocatum
1515 879 1640 908 habemus
1656 882 1726 917 apud
1745 881 1850 909 Patrem

231 920 329 958 vinitas
341 920 486 965 habitavit,
501 932 528 960 id
542 936 593 965 est,
608 935 663 959 tota
672 931 727 967 jam
741 930 875 966 plenitudo
891 929 1015 957 divinita-
1030 925 1051 955 Β
1063 920 1154 949 Jun"
1172 920 1305 949 ωπίαιηη
1316 922 1420 957 fimum
1436 931 1445 950 -'
1463 928 1487 951 εί
1504 924 1558 959 ίΡκ
1574 929 1611 951 ⁸³⁸
1632 926 1781 960 Ρνορίίίιυίο
1802 934 1850 962 Pw

231 975 266 1002 tis
277 976 464 1010 corporaliter.
482 986 492 1002 ι
507 976 578 1003 Idem
598 982 704 1010 quoque
722 975 813 1002 Victor
826 974 966 1009 episcopus
979 980 1014 1000 ex

231 1026 311 1054 opere
328 1020 419 1055 Cyrilli
435 1020 448 1040 δ
466 1020 493 1047 in
507 1020 588 1047 Libro
602 1019 634 1047 ad
652 1019 800 1055 Augustas,
812 1017 890 1052 cuius
908 1017 1014 1044 initium

231 1068 273 1091 est
291 1073 297 1090 :
319 1063 370 1097 Qui
393 1064 508 1091 divinum
526 1062 669 1099 'prazdicant
688 1068 713 1090 et
734 1062 833 1090 cteleste
852 1061 1012 1096 mysterium.

235 1118 244 1134 ι
262 1108 290 1135 In
303 1116 372 1144 quo,
387 1109 442 1143 ait,
457 1109 559 1136 habitat
571 1108 659 1136 omnis
670 1108 807 1142 plenitudo
820 1107 909 1134 divina
921 1112 1015 1140 carpo?

233 1152 334 1185 raliter,
347 1153 373 1180 id
385 1157 442 1186 est,
457 1153 679 1184 substantialiter,
700 1160 753 1180 non
770 1156 818 1187 per
837 1150 1016 1187 participatio-

235 1205 309 1230 nem,
330 1205 416 1233 neque
434 1205 482 1233 per
500 1198 628 1233 gratiam,
652 1205 711 1233 qua:
725 1197 852 1224 tribuitur
865 1195 1014 1231 adoptivis;

233 1243 280 1271 sed
293 1243 481 1278 corporaliter,
495 1244 523 1271 id
533 1247 584 1275 est,
597 1242 818 1275 substantialiter,
839 1242 908 1269 sicut
925 1242 951 1269 in
968 1241 1017 1268 ho-

235 1287 307 1315 mine
319 1287 418 1315 dicitur
426 1287 550 1315 habitare
563 1286 620 1321 ejus
631 1286 751 1322 spiritus,
763 1294 823 1313 cum
835 1293 887 1313 non
903 1286 938 1313 sit
949 1284 1017 1323 alius

234 1333 291 1367 ipse
308 1333 388 1361 homo
407 1337 434 1361 et
454 1333 565 1368 spiritus
583 1330 683 1367 ejusfi
704 1331 775 1359 Idem
797 1338 903 1366 quoque
924 1331 1018 1357 doctor

234 1377 378 1405 Cassianus
395 1383 422 1410 ε,
435 1378 479 1413 qui
493 1381 520 1405 et
533 1385 628 1413 supra,
643 1377 675 1404 de
687 1376 856 1411 inseparabili
871 1375 1018 1403 divinitatis

235 1422 462 1458 humanitatisque
478 1423 644 1457 operatione,
656 1413 686 1449 et
698 1422 765 1449 mira
779 1421 964 1449 communione
976 1428 1018 1448 re-

236 1476 294 1495 rum
313 1471 447 1503 gestarum
467 1467 494 1494 in
510 1467 617 1494 Christo
639 1475 689 1502 pro
709 1466 861 1494 beatissima
879 1465 1018 1493 catholica:

236 1511 295 1539 tidei
311 1511 425 1541 veritate
442 1511 479 1538 ita
499 1511 624 1539 disseruit
639 1520 645 1537 :
660 1520 670 1536 ι
687 1510 850 1539 Conﬁtentes
869 1510 958 1541 enim,
976 1509 1018 1536 in-

236 1557 307 1591 quit,
326 1561 468 1591 utramque
491 1557 667 1584 substantiam
683 1556 771 1584 carnis
790 1563 822 1582 ac
836 1554 915 1582 Verbi
936 1562 1017 1581 unum

1063 967 1175 1001 peccatis
1189 968 1294 994 nostris.
1310 967 1338 994 In
1349 975 1382 995 eo
1394 969 1465 1003 quod
1483 968 1641 997 advocatum
1655 978 1715 998 cum
1729 972 1852 1000 nomina-

1064 1010 1114 1041 vit.
1135 1011 1271 1038 hominem
1289 1012 1413 1048 designat
1433 1021 1440 1039 :
1459 1011 1540 1048 quod
1553 1021 1616 1042 vero
1637 1016 1850 1050 propitiatorem,

1065 1054 1149 1082 Deum
1163 1055 1337 1083 demonstrat.
1358 1056 1410 1084 Sed
1425 1059 1558 1092 quomodo
1575 1059 1610 1087 sit
1627 1060 1789 1094 advocatus,
1805 1062 1861 1097 qui‘

1065 1100 1136 1128 Deus
1153 1105 1208 1133 est,
1231 1106 1386 1129 sanctorum
1407 1101 1515 1130 Patrum
1541 1104 1700 1131 testimoniis
1724 1105 1852 1141 intellige.

1065 1145 1231 1181 Augustinus
1240 1146 1312 1173 enim
1328 1152 1350 1178 ο,
1362 1146 1438 1181 cujus
1449 1148 1546 1183 sapius
1554 1149 1717 1177 mentionem
1729 1149 1851 1182 facimus,

1066 1192 1099 1220 de
1120 1192 1171 1219 hac
1195 1186 1408 1227 interpellatione
1428 1194 1453 1221 in
1475 1194 1544 1222 libro
1561 1200 1653 1223 contra
1671 1195 1765 1224 Arium
1783 1197 1822 1224 ait
1845 1206 1852 1224 :

1068 1246 1078 1262 ε
1101 1236 1193 1265 Solent
1204 1238 1282 1272 plane
1302 1239 1395 1266 Ariani
1412 1247 1445 1267 ex
1464 1240 1685 1276 interpellationis
1701 1250 1783 1272 causa
1798 1250 1855 1270 mo-

1066 1290 1129 1310 vere
1143 1283 1304 1322 calumniam
1318 1284 1446 1316 dicentes,
1462 1287 1532 1321 quod
1547 1287 1592 1321 qui
1600 1287 1799 1323 interpellatur,
1813 1288 1854 1315 in-

1066 1328 1225 1363 terpellante
1252 1328 1287 1356 sit
1308 1329 1401 1364 major.
1428 1330 1531 1364 Quibus
1557 1332 1771 1367 respondendum
1795 1336 1853 1364 est.

1068 1372 1151 1400 Deum
1165 1373 1327 1401 oblivionem
1340 1382 1392 1402 non
1406 1376 1472 1409 pati,
1483 1380 1514 1403 ut
1526 1384 1574 1410 pro
1587 1376 1639 1403 illis
1652 1383 1855 1404 commoneatur

1067 1418 1184 1451 semper.
1195 1425 1262 1452 quos
1275 1419 1331 1452 ipse
1345 1419 1424 1454 elegit
1437 1428 1443 1445 :
1457 1421 1502 1448 sed
1514 1421 1541 1447 in
1556 1421 1606 1448 hoc
1617 1421 1768 1457 interpellat
1781 1431 1854 1454 eum,
1909 1443 1913 1446 -

1067 1461 1130 1488 dum
1152 1469 1257 1496 semper
1276 1462 1349 1490 Patri
1369 1464 1503 1495 hominem
1526 1473 1605 1499 quem
1625 1468 1758 1502 suscepit,
1778 1463 1856 1503 quasi

1067 1509 1189 1532 nostrum
1201 1506 1297 1541 pignus
1310 1508 1445 1539 ostendit,
1462 1513 1489 1535 et
1507 1509 1585 1536 oliert
1600 1515 1629 1537 ut
1642 1519 1721 1539 verus
1736 1512 1856 1547 pontich

1068 1555 1096 1577 et
1107 1556 1234 1579 :eternus.
1251 1557 1261 1578 ε
1277 1552 1329 1580 Sed
1343 1559 1370 1580 et
1382 1554 1442 1582 huic
1457 1556 1546 1583 sensui
1561 1557 1630 1584 illius
1642 1558 1776 1591 quomodo
1789 1558 1856 1585 bea-

236 1602 410 1637 eumdetnque
425 1602 569 1634 hominem,
581 1609 685 1636 semper
700 1600 902 1635 inseparabilem
921 1600 955 1627 ab
966 1599 1018 1643 ini-
1034 1592 1055 1622 C
1125 1596 1347 1643 Beda‘presbyter
1357 1599 1402 1633 (In
1412 1600 1487 1635 epist.
1499 1600 1516 1627 l
1530 1601 1608 1643 Joan.
1620 1610 1677 1637 cap.
1694 1602 1724 1638 ιι)
1738 1603 1764 1630 in
1776 1611 1858 1638 expo-

238 1647 374 1682 tio'ipsius
392 1646 588 1682 conceptionis,
604 1646 647 1681 pia
662 1646 722 1674 ﬁdei
737 1645 895 1673 credulitate
907 1642 1019 1682 suscipi:

237 1699 304 1723 mils,
318 1695 346 1721 et
356 1698 388 1718 ex
404 1690 487 1727 834
502 1694 620 1725 tempore
632 1693 760 1724 suscepta:
774 1689 863 1716 carnis
875 1688 914 1715 sic
930 1687 1018 1714 omnia

235 1733 348 1763 dicimus
358 1736 417 1770 qua:
426 1739 504 1762 erant
514 1734 560 1761 Dei
572 1734 709 1762 transiisse
722 1733 750 1760 in
761 1733 906 1763 hominem,
922 1735 951 1758 nt
961 1734 1019 1758 om-

238 1780 280 1807 nia
294 1787 353 1815 qua:
367 1783 444 1806 erant
457 1778 572 1806 hominis
585 1778 612 1805 in
629 1770 713 1806 Deum
724 1777 859 1809 venirent;
876 1780 903 1804 et
914 1776 966 1804 hac
978 1777 1019 1804 in-

238 1823 380 1859 telligentia
394 1823 511 1858 Verbum
524 1822 625 1850 factum
644 1823 681 1851 sit
696 1830 759 1851 caro
774 1833 780 1851 :
795 1832 847 1852 non
862 1829 891 1852 nt
904 1833 1018 1853 conver-

238 1868 311 1896 sione
328 1872 374 1895 aut
386 1867 563 1895 mutabilitate
577 1867 663 1903 aliqua
677 1868 788 1902 cmperit
801 1875 870 1901 esse,
885 1870 956 1904 quod
967 1877 1019 1897 non

237 1916 295 1940 erat
305 1932 312 1944 ,
326 1913 371 1940 sed
389 1917 418 1939 ut
436 1913 553 1947 potentia
569 1911 664 1941 divina:
684 1913 889 1948 dispensationis
903 1915 1019 1943 Verbum

237 1955 349 1993 Patris,
363 1965 500 1992 nunquam
519 1965 535 1984 a
558 1957 637 1985 Patre
653 1957 806 1990 discedens,
823 1958 904 1986 homo
913 1959 1021 1994 proprie

238 2001 297 2029 ﬂeri
309 1998 468 2036 dignaretur
481 2002 645 2030 incarnatus.
657 2002 671 2022 ἀ
686 2002 730 2038 [Et
744 2011 796 2031 non
810 2003 944 2031 hominem
959 2011 1020 2031 cum

239 2044 296 2074 Deo
309 2046 345 2072 ita
358 2047 450 2072 natum
463 2039 522 2074 esse
534 2046 632 2079 dicam,
648 2049 678 2073 ut
691 2051 813 2074 seorsum
825 2042 944 2082 ψιώηῦθί
959 2051 1021 2074 sunt

239 2090 288 2118 soli
302 2090 357 2118 Deo
371 2090 442 2123 dem,
452 2093 479 2118 et
490 2097 610 2118 seorsum
626 2098 685 2125 qua:
699 2094 762 2118 sunt
776 2091 892 2119 hominis
904 2091 954 2119 soli
970 2092 1020 2119 ho-

241 2135 305 2162 mini
323 2139 458 2170 reputem;
476 2140 505 2163 et
521 2135 554 2163 de
572 2143 625 2163 uno
643 2130 710 2163 Filio
727 2135 774 2163 Dei
788 2143 840 2164 non
860 2127 959 2169 unum,
974 2137 1022 2165 sed

241 2179 329 2206 facere
339 2179 464 2215 incipiam
476 2180 541 2208 duos
551 2179 671 2210 Christos
684 2189 691 2207 :
703 2180 775 2215 quod
785 2188 800 2208 a
812 2181 889 2208 nobis
897 2180 953 2215 jam
966 2181 1022 2216 ipse

241 2223 369 2251 Dominus
381 2228 408 2251 et
420 2223 490 2252 Deus
502 2224 624 2253 Christus
640 2224 754 2261 avertat]
772 2232 781 2253 :
803 2225 850 2253 sed
868 2226 908 2253 sic
923 2225 1022 2253 altern-

1069 1640 1165 1668 sitione
1176 1641 1295 1676 ejusdem
1307 1643 1458 1677 apostolicae
1468 1640 1605 1672 sententia:
1615 1648 1766 1681 conveniat,
1774 1649 1835 1676 audi
1849 1659 1855 1676 :

1072 1694 1080 1709 ι
1098 1684 1240 1720 Unigenito
1254 1687 1337 1719 enim,
1352 1687 1399 1719 ait,
1413 1687 1481 1715 Filio
1493 1686 1665 1726 pro‘homine
1685 1689 1858 1728 interpellare

1068 1733 1120 1761 est,
1134 1730 1205 1764 apud
1219 1735 1379 1766 coaeternum
1394 1732 1500 1760 Patrem
1516 1735 1634 1770 seipsum
1651 1737 1855 1774 demonstrare;

1067 1775 1146 1810 eique
1159 1783 1208 1810 pro
1220 1777 1335 1804 humana
1348 1782 1443 1806 natura
1457 1787 1574 1815 rogasse,
1590 1786 1631 1809 est
1645 1783 1766 1811 eamdem
1780 1777 1857 1813 natu-

1069 1827 1126 1846 ratn
1148 1819 1174 1846 in
1194 1820 1341 1849 divinitatis
1359 1830 1414 1850 sua:
1433 1824 1618 1853 celsitudinem
1634 1829 1794 1863 suscepisse.
1813 1830 1858 1856 ln-

1069 1866 1193 1900 terpellat
1208 1866 1289 1914 igitur
1302 1876 1350 1903 pro
1361 1870 1438 1897 nobis
1448 1869 1577 1899 Dominus
1591 1879 1644 1900 non
1658 1880 1734 1906 voce,
1747 1874 1795 1914 sed
1807 1875 1859 1901 mi-

1069 1911 1212 1938 seratione.
1233 1921 1242 1937 ›
1267 1911 1411 1941 Sciendum
1436 1918 1482 1942 est
1500 1922 1572 1947 vere,
1595 1916 1666 1950 quod
1688 1911 1858 1953 nequaquam

1070 1956 1149 1983 modo
1159 1956 1259 1984 Christi
1271 1958 1305 1985 ad
1316 1958 1452 1986 dexteram
1466 1957 1584 1987 sedentis
1596 1960 1775 1996 interpellatio
1787 1965 1859 1998 apud

1068 2000 1175 2028 Patrem
1188 2000 1371 2037 talisintelligi
1382 2003 1469 2034 debet,
1483 2004 1571 2038 qualis
1581 2005 1697 2034 hominis
1709 2008 1776 2035 solet
1787 2017 1858 2041 esse,

1069 2044 1132 2072 dum
1146 2045 1206 2080 quis
1218 2046 1286 2080 apud
1297 2046 1415 2081 iudicem
1430 2049 1594 2084 supplicibus
1604 2052 1692 2080 verbis
1707 2053 1859 2089 interpellat

1068 2097 1118 2125 pro
1131 2098 1164 2118 eo
1176 2099 1184 2118 :
1198 2092 1246 2129 sed
1260 2093 1345 2127 patris
1358 2093 1413 2121 Deo
1420 2091 1493 2122 Patri
1504 2095 1680 2126 humanitatis
1693 2098 1719 2126 in
1732 2099 1779 2127 Dei
1791 2100 1859 2128 Filio

1069 2136 1235 2172 dispendio
1255 2137 1350 2173 (Locus
1371 2139 1537 2177 corruptus),
1554 2142 1734 2179 interpellatio
1750 2149 1791 2173 est
1808 2153 1859 2181 pro
1895 2149 1897 2151 '

1069 2182 1187 2219 humano
1201 2191 1309 2226 genere.
1326 2184 1392 2213 Nam
1404 2190 1433 2214 et
1446 2187 1479 2215 de
1498 2187 1600 2224 Spiritu
1622 2186 1716 2226 sancto
1735 2190 1832 2226 legitur
1850 2199 1858 2219 :

1073 2226 1131 2262 Ipse
1141 2226 1254 2263 Spiritu
1267 2224 1382 2264 postulat
1391 2239 1438 2267 pro
1446 2232 1519 2259 ηυδε.
1532 2234 1666 2269 gemitibus
1678 2224 1860 2270 menurmln'lig

241 2271 312 2294 unm
331 2274 399 2295 unus
417 2266 447 2294 ﬁt
467 2268 578 2295 verbum
594 2271 621 2295 et
641 2273 718 2301 caro,
740 2259 771 2296 nt
787 2274 910 2297 manente
929 2270 956 2297 in
973 2277 1020 2298 sua
1034 2259 1059 2289 θ
1072 2259 1119 2298 bitt
1131 2259 1220 2307 (lion.
1234 2259 1294 2305 vni,
1305 2273 1366 2309 26);
1447 2259 1875 2316 enim
1923 2278 1927 2286 ‘

240 2310 404 2346 perfectitme
423 2311 582 2339 naturaliter
599 2316 714 2346 utraque
735 2311 884 2349 substantia
906 2314 965 2341 sino
982 2314 1023 2341 sui

241 2355 406 2392 praeimitcio,
418 2360 445 2383 et
457 2354 614 2383 humanitati
626 2356 715 2384 divina
727 2358 934 2391 communicent,
947 2363 974 2387 et
986 2359 1024 2387 di-

240 2399 347 2428 vinitati
365 2401 481 2428 humans
500 2400 745 2436 participent:.nec
764 2400 832 2429 alter
851 2400 936 2436 Duas,
956 2403 1024 2432 alter

242 2444 401 2477 homoised
420 2445 489 2473 idem
504 2445 561 2480 ipse
580 2444 665 2477 Deus.
678 2445 722 2480 qui
741 2449 769 2473 et
784 2445 866 2474 homo
880 2456 887 2473 :
904 2447 932 2475 et
944 2442 1024 2476 vicit»

240 2490 295 2519 sint
306 2490 462 2527 homo,‘qui
478 2495 506 2519 et
519 2491 590 2520 Deus
600 2490 677 2519 Iesus
690 2491 813 2519 Christus
828 2499 899 2519 unus
912 2490 993 2520 Deus.
1010 2503 1020 2519 ι

279 2534 334 2562 VII.
342 2529 344 2531 ’
352 2533 406 2562 Sed
417 2529 461 2562 his
470 2538 551 2571 atque
563 2535 723 2570 huiusmodi,
736 2543 753 2564 ο
764 2535 849 2567 Felix,
864 2534 1024 2571 ﬁrmissimis

243 2582 397 2611 sanctorum
407 2579 516 2607 Patrum
531 2581 690 2609 testimoniis
704 2584 856 2616 superatus,
871 2581 904 2608 ad
918 2578 971 2609 alis
982 2589 1024 2609 er-

244 2624 316 2654 roris
327 2624 364 2652 tui
375 2624 484 2652 latibula
495 2620 637 2660 contingere
651 2634 703 2653 non
714 2625 827 2658 desiisti,
839 2630 919 2661 atque
928 2625 1025 2654 exinde

281 2695 295 2735 :
312 2672 660 2735 ῖίεξεεξρεριὲφωῖῖιρτ
673 2692 847 2735 summa
878 2695 1025 2735 summa

279 2724 343 2762 h_§.
359 2723 448 2762 (Σίτῖὶιί
464 2723 826 2762 existatAOratiorad'Iteginas
837 2723 902 2756 toni.
915 2729 946 2756 IV
958 2729 1027 2760 Con-

245 2760 292 2788 cii.
307 2753 390 2797 [Iansi
402 2764 462 2794 pag.
474 2759 534 2797 θοῆς
549 2760 672 2797 Opusculi
683 2753 1026 2797 γετοῖἰριὸιλὶέῗῶᾗύἷῖιῖε

246 2794 347 2823 mentio
359 2794 400 2826 ῆι,
413 2801 491 2821 nemo
501 2794 711 2823 alius'meminit.

283 2827 473 2866 ¢_Ca_ssianus,
487 2825 548 2856 libr.
567 2829 620 2856 ide
638 2826 739 2857 Incarn.
759 2831 858 2866 (τηνδὶ,
872 2840 902 2857 ex
920 2832 1024 2866 Leporii

246 2863 425 2894 confessione.

262 2991 270 2998 ς

231 3023 242 3030 1

1071 2315 1177 2349 miseit;
1194 2316 1241 2362 sed
1255 2317 1356 2352 tropica
1372 2318 1505 2348 locutione
1518 2321 1662 2356 Apostolus
1677 2332 1741 2353 usus
1756 2315 1861 2362 signiti-

1071 2364 1125 2392 ωε,
1137 2361 1208 2396 quod
1224 2360 1340 2397 Spiritus
1353 2367 1463 2391 sanctus
1477 2371 1526 2393 nos
1540 2366 1715 2403 ingemiscere
1734 2360 1808 2398 facit.
1818 2371 1860 2400 Its
1875 2394 1888 2398 λ.

1072 2406 1169 2434 dicitur
1182 2410 1210 2434 et
1224 2407 1299 2434 illum
1311 2408 1448 2443 poslulare
1460 2417 1510 2444 pro
1527 2412 1638 2445 sanctis,
1648 2414 1710 2449 quia
1724 2414 1860 2449 postulare

1071 2450 1137 2487 facit
1146 2455 1258 2480 sanctos
1270 2461 1277 2479 :
1290 2452 1330 2480 sic
1339 2452 1420 2481 etiam
1432 2459 1460 2482 et
1470 2454 1497 2482 id
1507 2457 1577 2491 quod
1586 2456 1620 2485 de
1630 2457 1738 2486 Christo
1749 2452 1858 2491 dicitur,

1068 2495 1197 2535 iuufsit
1203 2498 1358 2529 advocatus.
1372 2499 1460 2528 altiori
1474 2502 1588 2537 mystico
1600 2500 1703 2541 [Βοηε.
1718 2504 1858 2541 mysterio]

1073 2541 1276 2578 intelligendum
1292 2548 1349 2576 est,
1364 2552 1445 2580 quam
1463 2546 1580 2575 humana
1596 2548 1782 2583 biterpellandl
1795 2556 1860 2578 eon-

1074 2586 1186 2613 suetudo
1199 2586 1276 2629 inter,
1282 2587 1406 2622 homines
1417 2590 1486 2620 solet
1499 2592 1647 2621 observari.
1812 2586 1816 2588 ’

1112 2629 1175 2658 VIII.
1310 2632 1394 2681 Igitur
1409 2633 1444 2663 ad
1458 2634 1631 2683 [transitum
1650 2639 1792 2668 recurrens
1809 2640 1868 2684 hihi

1111 2697 1124 2718 δ
1142 2697 1206 2730 the
1494 2701 1565 2762 qpud
1581 2701 1750 2731 Cassianum.
1834 2710 1850 2740 ﬁ
1863 2676 1873 2687 ι.

1114 2738 1126 2751 ε
1144 2732 1175 2761 8.
1192 2730 1262 2763 on.
1286 2730 1354 2761 Ubii
1374 2733 1479 2763 lmro.
1524 2736 1582 2763 iber
1602 2737 1741 2763 Amstinl
1765 2744 1859 2763 min

1114 2738 1126 2773 ς
1144 2737 1175 2761 tt.
1192 2737 1273 2794 Aug,
1287 2737 1354 2774 uti"
1374 2737 1479 2768 Ignoro.
1502 2737 1582 2763 Liber
1602 2737 1741 2772 Augustini
1765 2737 1861 2768 contra

1076 2766 1170 2803 Arium
1191 2772 1226 2801 pa
1253 2770 1463 2803 memoratur.
1488 2768 1606 2799 Sensum
1626 2771 1749 2800 fortassis
1769 2773 1860 2803 Auxu-

1076 2800 1155 2832 ιιίυι,
1179 2800 1232 2837 non
1253 2800 1339 2830 verba
1358 2802 1458 2830 ratem
1478 2803 1710 2834 namnam:
1728 2814 1761 2835 ex
1779 2800 1862 2837 uti.

1076 2838 1171 2862 contra
1185 2835 1343 2864 SermOnem
1358 2837 1518 2866 Arianorum
1527 2858 1535 2871 ,
1549 2845 1608 2874 cap.
1624 2839 1659 2868 ω
1668 2843 1696 2867 et
1709 2839 1754 2868 26.
1774 2835 1796 2881 ξ’
