4238 6226
552 291 657 349 195

1396 283 1456 339 Β.
1493 282 1556 337 F.
1595 278 1822 336 ALBINI
1859 275 1991 334 SEU
2030 263 2319 331 ALCUlNl
2343 266 2628 327 OPEBUII
2664 248 2968 322 ΡΑιιεκιιιέ

548 404 787 483 jusmodi
811 402 1065 474 proponis
1087 399 1413 457 sententiam
1442 368 1457 451 ξ
1486 380 1567 452 ais
1589 394 1733 451 enim
1763 411 1778 447 :
1809 410 1828 443 ι
1853 390 2131 458 Nusquam
2154 389 2206 449 Α
2229 380 2615 483 obstinatione.
2632 376 2997 483 permanando
3011 414 3027 440 ,
3080 372 3291 483 alienus
3302 461 3327 483 ³
3341 367 3789 483 censfndus‘fst:

555 481 701 553 enim
729 496 784 550 in
814 492 1102 564 Evangelia
1126 490 1223 546 Dei
1246 489 1416 545 Filius
1452 502 1552 558 pro
1580 484 1767 546 nobis,
1795 481 1893 537 sed
1920 487 2130 535 tantum

500 606 503 609 ί
558 585 701 641 ﬁlius
718 582 953 638 hominis
973 581 1204 636 traditus
1224 579 1438 650 legitur.
1467 595 1487 629 ι
1514 574 1724 632 Oblitus
1740 572 1971 635 scilicet,
1992 567 2134 638 quod

473 680 481 699 ’
560 677 675 747 ipse
702 676 798 731 Dei
826 674 993 729 Filius
1020 673 1091 728 de
1116 687 1213 727 sua
1240 669 1533 725 traditione
1558 666 1824 722 dixisset:
1852 662 2016 734 835
2042 660 2134 745 Sic

558 742 696 822 enim
718 765 899 823 dilexit
926 764 1067 818 Deus
1095 760 1372 830 mundum,
1401 770 1456 813 ut
1490 756 1691 812 Filium
1717 771 1872 811 suum
1899 742 2137 823 unigeni-

559 867 672 911 tum
712 856 861 913 daret
904 854 1085 926 (Joan.
1113 868 1208 917 tu,
1254 850 1361 921 l6).
1399 847 1714 918 Unigenitus
1754 844 1936 914 itaque
1970 840 2140 895 Filius

562 947 696 1011 Dei,
725 954 810 1001 est
836 944 1007 999 Filius
1031 943 1122 1012 qui
1157 944 1313 997 datus
1339 948 1422 995 est
1444 954 1542 1009 pro
1568 937 1752 993 mundi
1779 935 1971 991 salute.
2001 932 2141 1000 Quid

563 1048 696 1088 vero
724 1040 806 1087 est
834 1032 1014 1097 datus,
1034 1030 1140 1085 nisi
1164 1028 1431 1084 traditus?
1455 1026 1607 1095 Quod
1627 1024 1912 1096 Apostolus
1930 1036 2142 1095 quoque

565 1122 850 1179 conﬁrmat
885 1120 1068 1175 dicens
1106 1136 1119 1171 :
1154 1116 1257 1183 Qui
1291 1116 1502 1187 proprio
1531 1112 1674 1167 Filio
1702 1127 1797 1165 suo
1830 1127 1933 1165 non
1959 1125 2140 1181 peper-

566 1213 666 1275 cit,
699 1211 788 1265 sed
819 1226 914 1280 pro
929 1209 1092 1265 nobis
1117 1206 1355 1263 omnibus
1393 1204 1610 1259 tradidit
1638 1200 1787 1256 illum
1814 1198 1991 1272 (Rom.
2022 1213 2140 1261 vnt,

466 1311 471 1319 '
567 1296 680 1374 32).
719 1301 853 1355 Item
888 1298 954 1353 de
990 1298 1178 1352 eodem
1213 1294 1308 1349 Dei
1331 1294 1479 1375 'Filio
1519 1292 1657 1347 idem
1692 1288 1980 1361 Apostolus
2018 1288 2094 1340 ait
2125 1304 2140 1338 :

571 1388 678 1455 Qui
698 1388 913 1441 tradidit
934 1385 1261 1454 semetipsum
1284 1400 1378 1454 pro
1400 1382 1544 1436 nobis
1561 1379 1775 1451 (Epltes.
1800 1394 1852 1443 v,
1872 1377 1950 1448 2).
1974 1376 2146 1444 Quem

505 1477 507 1479 ’
570 1480 733 1532 etiam
775 1476 965 1549 beatus
1015 1474 1206 1528 Petrus
1240 1471 1439 1545 ludatis
1472 1470 1775 1540 praedicans
1816 1467 2011 1521 Filium
2048 1462 2147 1518 Dei

571 1586 679 1625 non
699 1568 961 1623 dubitavit
980 1564 1258 1620 testiﬁcari
1284 1563 1470 1617 dicens
1493 1575 1508 1615 :
1532 1561 1673 1615 Deus
1701 1558 1926 1612 Patrum
1945 1566 2148 1610 nostro-

572 1676 688 1713 rum
710 1656 1016 1729 glori/iravit
1042 1654 1238 1708 Filium
1261 1669 1414 1708 suum
1434 1652 1637 1715 Iesum,
1657 1665 1805 1729 quem
1827 1663 1913 1701 vos
1940 1646 2146 1716 quidem

2302 470 2394 525 IX.
2447 467 2651 525 Deinde
2697 466 2851 521 vadis
2894 463 3181 536 qumrendo
3201 461 3329 532 quid
3356 460 3423 515 de
3458 457 3795 536 humanitate

2233 559 2456 624 Christi,
2483 557 2570 613 vel
2593 556 2723 627 quid
2743 556 2809 611 de
2844 553 3123 610 divinitate
3155 547 3460 621 specialiter
3498 546 3552 601 in
3593 546 3798 604 sanctis

2233 648 2530 718 Scripturis
2552 646 2790 709 dicatur;
2837 642 3158 710 tandemque
3181 637 3307 692 illuc
3346 633 3663 706 pervenisti,
3703 633 3795 691 ubi

2235 742 2303 797 de
2324 742 2410 796 die
2429 738 2605 794 ultimi
2629 735 2893 792 examinis
2919 733 3060 788 idem
3074 729 3332 785 Dominus
3348 726 3616 798 loquitur;
3643 724 3799 795 cujus
3886 798 3891 802 θ

2237 833 2343 890 diei
2366 830 2723 907 cognitionem
2745 825 2981 890 Christo,
3008 825 3073 879 ἰιῑ
3089 828 3349 894 quantum
3370 820 3533 875 homo
3559 827 3665 883 est,
3708 818 3800 874 de-

2237 938 2436 994 negare
2456 922 2691 985 laboras,
2706 926 2767 974 ut
2786 933 2854 972 ex
2870 917 2974 971 tuis
2989 915 3167 970 verbis
3185 911 3400 980 agnosci
3414 917 3608 982 potest.
3645 927 3664 959 c
3681 908 3801 980 Ipse

2233 1021 2321 1071 est
2333 1013 2498 1079 enim,
2522 1010 2719 1081 inquis,
2737 1008 2829 1081 qui
2851 1006 3142 1063 secundum
3166 1002 3557 1074 praescientiam
3576 998 3801 1054 Deitatis

2240 1106 2383 1160 diem
2418 1102 2607 1173 iudicii
2656 1117 2753 1171 per
2797 1098 3120 1169 Prophetam
3164 1093 3455 1165 praedixit:
3488 1090 3613 1144 Dies
3662 1090 3801 1143 enim

2242 1197 2454 1252 ultionis
2481 1196 2536 1249 in
2563 1195 2717 1249 corde
2740 1209 2886 1261 meo,
2920 1206 3086 1244 annus
3110 1185 3475 1257 redemptionis
3500 1200 3629 1237 mere
3669 1182 3801 1257 venit

2245 1288 2399 1360 (Isai.
2431 1304 2586 1353 uin,
2606 1286 2683 1357 4).
2717 1285 2834 1355 lpse
2876 1281 3220 1338 nihilominus
3247 1287 3330 1333 est
3359 1275 3579 1348 propter
3609 1275 3803 1329 huma-

2244 1378 2431 1432 nitatis
2460 1383 2729 1440 naturam,
2756 1374 2847 1444 qui
2877 1373 2929 1426 iu
2955 1368 3231 1441 evangelio
3255 1367 3548 1423 secundum
3569 1365 3804 1420 Marcum

2243 1475 2612 1540 protestatur:
2642 1465 2718 1519 De
2739 1465 2823 1518 die
2850 1472 3023 1517 autem
3046 1459 3140 1515 illa
3162 1470 3211 1514 et
3233 1460 3361 1512 hora
3387 1473 3533 1510 nemo
3563 1457 3683 1519 scit,
3714 1470 3803 1507 ne-

2184 1616 2189 1619 .
2377 1557 2547 1630 angeli
2575 1557 2840 1619 caelorum,
2890 1569 3065 1624 neque
3099 1548 3289 1612 Filius,
3326 1549 3426 1602 nisi
3463 1545 3627 1600 Pater
3665 1543 3808 1599 solas

2250 1647 2443 1717 (Marc.
2471 1663 2587 1709 xm,
2610 1646 2720 1714 '52).
2757 1665 2774 1696 ι
2808 1643 2958 1703 Hanc
2998 1657 3123 1695 vero
3149 1640 3495 1701 sententiam,
3527 1652 3634 1706 qua
3670 1634 3810 1687 Mar-
3839 1646 3842 1651 ‘

574 1726 899 1811 tradidistis,
943 1755 987 1799 et
1029 1745 1253 1814 negastis
1286 1753 1406 1797 ante
1450 1742 1634 1811 faciem
1660 1726 1849 1793 ‘Pilati
1876 1738 2151 1807 judicante
2182 1733 2228 1793 Β
2251 1753 2347 1792 cus
2371 1736 2696 1808 evangelista
2722 1735 2917 1789 Filium
2951 1734 3089 1788 diem
3110 1731 3299 1800 judicii
3325 1732 3604 1800 ignorasse
3651 1728 3805 1787 dixit,

472 1848 477 1851 ‘
574 1836 666 1891 illo
694 1837 884 1903 dimitti
914 1852 931 1888 :
956 1851 1041 1888 vos
1064 1844 1236 1887 autem
1257 1843 1494 1887 sanctum
1522 1841 1569 1885 et
1584 1831 1789 1900 justum
1817 1830 2072 1900 negastis,
2102 1836 2151 1881 et

575 1927 774 1999 petistis
816 1926 981 1980 virum
1020 1910 1331 1978 homicidam
1368 1924 1485 1976 dari
1520 1923 1683 1977 nobis.
1724 1922 2001 1975 Auctorem
2034 1935 2151 1973 vero

574 2018 698 2072 vita
722 2015 1073 2083 interfecistis,
1104 2030 1254 2084 quem
1288 2013 1423 2066 Deus
1459 2012 1726 2066 suscitavit
1753 2028 1785 2063 a
1810 2009 2028 2064 mortuis
2051 2017 2154 2061 ter-

578 2109 657 2162 tia
683 2108 767 2161 die
796 2108 932 2178 (Act.
960 2122 1039 2167 tu,
1070 2107 1156 2170 15,
1197 2104 1281 2167 14,
1318 2104 1427 2175 15).
1460 2104 1597 2170 Quid
1624 2104 1679 2181 in
1709 2103 1795 2157 his
1819 2102 1998 2156 verbis
2023 2116 2152 2170 apo—

581 2191 791 2254 stolica!
813 2197 1153 2251 auctoritatis
1173 2196 1523 2251 dubitationis
1558 2208 1688 2250 esse.
1702 2194 1937 2263 poterit?
1961 2192 2156 2245 Filium

582 2288 676 2341 Dei
697 2286 1104 2350 testiﬁcabatur,
1121 2287 1212 2354 qui
1242 2285 1469 2339 traditus
1494 2293 1592 2347 est,
1612 2292 1669 2337 et
1684 2284 1776 2354 qui
1797 2292 2038 2337 mortuus
2051 2289 2153 2346 est,

585 2378 693 2431 imo
716 2388 771 2431 et
795 2378 1163 2432 resuscitatus.
1196 2376 1411 2430 Addidit
1439 2390 1650 2445 quoque
1682 2392 1694 2427 :
1727 2384 1992 2428 auctorem
2019 2374 2153 2426 uitw.

494 2486 499 2490 ·
583 2466 717 2533 Quis
754 2476 836 2520 est
870 2480 999 2536 ergo
1026 2477 1215 2519 auctor
1253 2465 1405 2529 vitae,
1438 2465 1540 2518 nisi
1576 2462 1744 2516 Filius
1777 2463 1905 2526 Dei,
1944 2463 2032 2531 qui
2061 2478 2159 2532 pro

585 2556 759 2610 salute
786 2548 969 2609 mundi
1004 2555 1088 2609 vel
1124 2570 1153 2606 a
1198 2553 1306 2606 Deo
1332 2554 1520 2616 Patre,
1551 2552 1636 2604 vel
1663 2567 1691 2603 a
1723 2553 1896 2619 seipso
1937 2552 2161 2604 traditus

546 2640 547 2643 “
588 2630 816 2701 dicitur?
840 2645 955 2713 Sed
984 2655 1039 2699 et
1077 2647 1144 2698 ab
1173 2646 1286 2713 ipso
1320 2644 1578 2697 traditore
1606 2659 1703 2696 suo
1725 2641 1861 2696 Iuda
1887 2642 2159 2705 lscariote,

589 2751 690 2791 nec
719 2740 823 2791 non
848 2746 904 2790 et
932 2753 961 2790 a
998 2735 1196 2789 Judaeis
1237 2736 1467 2789 traditus
1499 2749 1618 2789 esse
1654 2734 1866 2802 legitur.
1902 2732 2160 2795 Tradidit,

591 2825 765 2892 inquit
804 2826 991 2879 beatus
1041 2823 1260 2884 Petrus,
1310 2824 1532 2891 seipsum
1570 2822 1827 2889 iudicanti
1871 2838 1925 2874 se
1971 2822 2164 2890 injuste

593 2909 645 2981 (Ι
676 2910 819 2964 Petr.
851 2928 912 2975 ll,
940 2911 1052 2981 23),
1086 2909 1387 2966 licetaliter
1409 2925 1438 2962 a
1462 2909 1571 2963 Deo
1598 2910 1778 2971 Patre,
1807 2908 1962 2962 aliter
1980 2908 2162 2963 aJuda

594 3006 874 3068 traditore,
897 3014 951 3059 et
983 3004 1139 3057 aliter
1167 3020 1197 3057 a
1230 3003 1428 3070 seipso,
1458 3000 1616 3053 aliter
1642 3016 1670 3052 a
1698 2998 1897 3053 Iudaeis
1924 3001 2163 3053 tradere—

2249 1830 2404 1900 longe
2429 1829 2585 1883 aliter
2610 1827 2777 1882 sancti
2803 1826 2989 1880 Patres
3018 1824 3399 1878 intellexerunt
3446 1836 3607 1890 quam
3643 1832 3695 1873 tu
3721 1834 3810 1873 as—

2250 1921 2386 1977 seris
2422 1918 2837 1989 intelligendam.
2889 1917 3083 1971 Beatus
3108 1916 3303 1984 quippe
3345 1912 3708 1982 Hieronymus
3759 1910 3812 1963 in

2251 2009 2651 2067 Commentario
2678 2008 2914 2061 Matthaei
2964 2005 3114 2076 (cap.
3152 2019 3301 2066 χειν,
3336 2017 3477 2056 vers.
3509 2001 3626 2072 56),
3652 1998 3817 2055 simul

2252 2111 2307 2155 et
2333 2100 2474 2155 Beda
2497 2097 2838 2169 presbyterin
2860 2103 3091 2150 tractatu
3115 2092 3276 2148 Marci
3302 2091 3640 2162 evangelista:
3662 2090 3679 2152 l
3693 2107 3813 2161 cap.

2251 2190 2394 2262 xm),
2433 2188 2591 2257 hujus
2640 2187 2920 2251 sententiae
2967 2185 3371 2255 intelligentiam
3422 2182 3497 2236 ita
3554 2197 3819 2251 exposue-

2253 2290 2421 2338 runt:
2457 2301 2475 2332 ι
2519 2281 2695 2337 Causa
2738 2280 2923 2349 igitur,
2953 2277 3219 2345 inquiunt,
3270 2274 3542 2329 reddenda
3562 2283 3668 2335 est,
3717 2286 3818 2327 cur

2256 2376 2505 2445 ignorare
2536 2371 2747 2427 dicitur.
2780 2368 3305 2439 Apostolusscripsit
3325 2367 3390 2420 de
3413 2365 3678 2419 salvatore
3706 2379 3721 2416 :
3754 2363 3820 2417 In

2255 2482 2354 2537 quo
2375 2474 2495 2519 sunt
2520 2480 2693 2517 omnes
2724 2463 2954 2516 thesauri
2976 2460 3241 2530 sapientia:
3263 2468 3310 2513 et
3340 2459 3573 2512 scientia!
3598 2457 3818 2512 absconc

2258 2554 2353 2606 diti
2403 2552 2624 2624 (Coloss.
2675 2557 2737 2616 ll,
2787 2552 2863 2616 3).
2894 2549 3031 2603 Sunt
3068 2564 3192 2618 ergo
3242 2562 3430 2601 omnes
3480 2546 3719 2600 thesauri
3748 2548 3822 2621 lin

2259 2640 2473 2696 Christo
2498 2636 2771 2710 sapientia:
2798 2648 2852 2693 et
2881 2639 3116 2693 scientia:
3148 2636 3466 2693 absconditi.
3499 2636 3677 2703 Quare
3700 2638 3824 2692 abs-

2260 2733 2498 2789 conditi?
2525 2733 2655 2786 Post
2677 2732 3118 2786 resurrectionem
3139 2731 3498 2798 interrogatus
3518 2728 3585 2782 ab
3608 2739 3825 2798 aposto-

2263 2823 2413 2879 stolis
2436 2823 2501 2880 de
2527 2824 2614 2879 die
2629 2822 2837 2890 iudicii,
2867 2820 3200 2875 manifestius
3220 2808 3522 2888 'reSponlet
3561 2838 3573 2872 :
3604 2819 3728 2873 Non
3749 2828 3826 2874 est

2265 2928 2485 2972 vestrum
2514 2919 2645 2971 scire
2671 2928 2900 2987 tempora
2934 2924 2979 2966 et
3016 2922 3295 2977 momenta,
3321 2929 3438 2981 qua:
3479 2910 3637 2964 Pater
3658 2913 3825 2980 posuit

2268 3008 2320 3060 in
2363 3025 2459 3062 sua
2500 2992 2907 3079 potestatemin.
2946 3020 2988 3070 ι,
3022 3003 3097 3077 'l).
3131 3002 3354 3073 Quando
3402 3001 3549 3069 dicit,
3594 3000 3716 3059 Non
3755 3010 3829 3060 est

596 3102 685 3148 ιω·
711 3112 723 3145 ε
756 3110 787 3145 3
818 3093 925 3147 Deo
949 3092 1107 3145 Ροιῐτθ
1137 3082 1356 3161 Propter
1397 3090 1622 3145 Salutem
1668 3090 1883 3143 humani
1923 3090 2163 3159 generis;
2196 3068 2240 3130 ρ
2271 3068 2512 3164 uestrum,
2544 3098 2800 3163 ostendit,
2830 3098 2968 3166 quod
3002 3068 3113 3166 ipse
3143 3098 3297 3158 sciat,
3328 3097 3421 3152 sed
3453 3112 3555 3152 non
3580 3097 3823 3165 expediat

598 3199 630 3237 a
657 3184 935 3247 traditore,
966 3192 1025 3236 ut
1053 3198 1162 3236 suae
1188 3183 1428 3236 avaritia:
1452 3182 1701 3251 impleret
1730 3182 2104 3251 cupiditatem;
2138 3199 2166 3235 a

599 3274 803 3342 seipso,
837 3282 896 3326 ut
935 3271 1171 3341 pateram
1209 3274 1501 3327 voluntatis
1540 3273 1791 3342 impleret
1822 3274 2096 3339 effectum;
2139 3292 2169 3329 a

600 3364 820 3427 Judreis,
849 3373 908 3418 ut
932 3381 1041 3419 suae
1068 3364 1305 3433 perﬁdia:
1336 3364 1679 3417 ostenderent
1703 3365 2014 3434 nequitiam.
2046 3366 2173 3419 Nul-

604 3457 814 3509 latenus
837 3471 966 3526 ergo
989 3456 1150 3509 dividi
1178 3456 1375 3523 poterit
1410 3449 1548 3508 ﬁlius
1586 3454 1819 3508 hominis
1846 3470 1875 3509 a
1902 3455 2035 3509 Filio
2057 3456 2173 3521 Dei,

603 3548 685 3601 vel
713 3548 949 3617 separari
978 3562 1006 3598 a
1050 3546 1158 3599 ﬁlio
1182 3546 1415 3601 hominis
1446 3546 1613 3601 Filius
1640 3545 1756 3611 Dei,
1782 3548 1906 3616 quia
1930 3564 2067 3602 unus
2095 3556 2177 3603 est

604 3638 774 3692 Filius
798 3636 922 3698 Dei,
950 3636 1092 3690 Deus
1118 3644 1171 3690 et
1209 3637 1397 3699 homo,
1440 3637 1530 3705 qui
1572 3638 1800 3692 traditus
1839 3648 1922 3693 est
1961 3650 2176 3709 propter

607 3728 797 3784 delicta
827 3738 1010 3782 nostra
1045 3728 1099 3782 in
1132 3738 1375 3783 mortem.
1415 3728 1565 3794 Quod
1594 3730 1782 3783 beatus
1809 3729 2094 3787 Cassianus
2124 3734 2175 3786 in

605 3821 774 3883 libro,
802 3824 943 3891 unde
979 3825 1223 3891 superius
1253 3826 1556 3879 testimonia
1586 3827 1883 3895 posuimus,
1906 3826 2179 3880 veraciter

609 3912 844 3963 ostendit
873 3922 897 3949 ι
932 3928 944 3963 :
979 3929 996 3959 ι
1027 3910 1134 3965 Nec
1159 3914 1210 3965 in
1240 3900 1505 3982 tempore,
1539 3915 1742 3983 inquit,
1771 3916 2054 3970 admodum
2084 3916 2177 3969 bov

611 4000 807 4053 minem
841 4000 964 4066 quis
998 4016 1026 4053 a
1060 4000 1168 4055 Deo
1196 4002 1247 4054 in
1282 4005 1530 4072 passione
1555 4005 1751 4071 possit,
1784 4005 1867 4056 vel
1908 4004 2071 4058 Deum
2113 4005 2178 4057 ab

615 4088 833 4141 homine
872 4084 1187 4142 Secernere?
1214 4089 1270 4141 Si
1300 4092 1440 4142 enim
1471 4090 1535 4143 ad
1566 4099 1774 4161 tempus
1813 4093 2067 4159 respicis,
2100 4091 2180 4145 in—

625 4178 807 4231 venies
853 4192 1064 4245 semper
1098 4176 1263 4230 ﬁlium
1314 4179 1714 4234 hominis‘cum
1742 4181 1833 4234 Dei
1860 4178 2027 4243 Filio;
2059 4179 2109 4251 [δ
2137 4181 2181 4234 si

621 4266 690 4319 ad
729 4267 1061 4333 passionem,
1108 4266 1347 4320 invenies
1392 4283 1603 4336 semper
1641 4284 1761 4321 cum
1800 4269 1908 4322 ﬁlio
1952 4270 2183 4323 hominis

617 4348 712 4406 Dei
741 4354 956 4425 Filium]
991 4373 1003 4407 :
1038 4355 1107 4407 ita
1136 4356 1336 4410 scilicet
1376 4359 1582 4411 unitum
1619 4342 1672 4411 et
1711 4359 2039 4412 individuum
2082 4359 2180 4413 sibi

2269 3203 2427 3243 nosse
2448 3190 2723 3259 apostolis,
2763 3197 2822 3241 ut
2849 3204 3059 3257 semper
3087 3189 3277 3242 incerti
3304 3176 3370 3243 de
3412 3189 3640 3243 adventu
3667 3187 3831 3257 836

2264 3277 2462 3347 judicis
2490 3279 2567 3333 sic
2603 3278 2839 3348 quotidie
2864 3279 3064 3343 vivant,
3096 3278 3248 3346 quasi
3278 3276 3363 3332 die
3390 3276 3496 3331 alia
3527 3278 3719 3349 [Beda,
3748 3281 3832 3333 die

2274 3369 2385 3439 illa]
2416 3368 2691 3437 iudicandi
2720 3371 2847 3425 sint.
2882 3390 2901 3421 ι
2932 3366 2991 3423 Si
3016 3370 3227 3439 ignorat
3252 3369 3392 3423 diem
3434 3367 3646 3435 judicii,
3696 3385 3831 3437 quo-

2275 3459 2432 3513 modo
2457 3475 2642 3514 verum
2694 3467 2797 3523 est,
2846 3460 2988 3529 quod
3036 3468 3157 3514 ante
3209 3460 3382 3514 dixit:
3416 3459 3607 3514 Omnia
3637 3459 3832 3513 tradita

2274 3560 2392 3605 sunt
2420 3552 2545 3604 mihi
2576 3568 2607 3603 a
2639 3548 2797 3603 Patre
2824 3566 2935 3602 meo
2981 3549 3129 3618 (Luc.
3160 3566 3192 3602 ι
3218 3591 3232 3614 ,
3263 3550 3353 3620 22)
3394 3570 3406 3603 :
3442 3551 3486 3605 si
3527 3550 3631 3603 diei
3660 3549 3832 3603 ultimi

2276 3640 2509 3709 cognitio
2535 3656 2640 3693 non
2662 3652 2747 3693 est
2773 3640 2821 3692 ei
2847 3638 3072 3701 tradita,
3106 3639 3407 3694 nullatenus
3432 3640 3612 3693 omnia
3638 3640 3835 3693 tradita

2277 3738 2400 3785 sunt
2426 3730 2500 3782 illi
2532 3746 2560 3783 a
2592 3729 2772 3782 Patre.
2820 3729 3049 3783 Sanctus
3084 3744 3295 3797 quoque
3317 3715 3645 3798 Augustinus
3690 3730 3741 3783 in
3773 3728 3836 3783 lio

2276 3822 2375 3876 bro
2409 3821 2473 3874 de
2519 3828 2701 3873 sancta
2728 3820 2992 3873 Trinitate
3022 3820 3250 3889 capitulo
3278 3834 3350 3873 xu
3381 3817 3557 3890 (Num.
3587 3818 3677 3887 23)
3702 3850 3729 3883 ,η
3749 3822 3837 3874 ho-

2280 3929 2396 3966 rum
2422 3911 2618 3966 Christi
2648 3911 2930 3965 verborum
2962 3926 3172 3964 sensum
3202 3926 3297 3979 per
3320 3918 3549 3978 tropum,
3579 3911 3668 3979 qui
3699 3912 3836 3980 apud

2279 4003 2652 4073 grammaticos
2676 4002 2984 4079 metonymia
3018 4000 3232 4064 dicitur,
3256 4000 3507 4069 explanat
3537 4017 3552 4029 ·
3582 4016 3602 4049 ε
3634 3998 3712 4077 De
3754 3999 3839 4054 die

2280 4109 2395 4148 vero
2417 4102 2465 4145 et
2489 4093 2617 4145 Ito'ra
2664 4108 2809 4144 nemo
2839 4092 2957 4155 scit,
3007 4108 3165 4159 neque
3193 4089 3363 4161 angeli
3379 4090 3435 4142 in
3464 4088 3588 4142 cwlo
3606 4128 3619 4151 ,
3674 4074 3837 4159 neque

2284 4181 2473 4255 Filius,
2509 4182 2608 4234 nisi
2632 4179 2809 4233 Pater.
2836 4178 2948 4232 Hoc
2969 4180 3111 4231 enim
3142 4179 3333 4239 nescit,
3368 4178 3508 4245 quod
3534 4178 3841 4233 nescientes

2286 4269 2411 4323 facit
2441 4286 2454 4321 :
2480 4269 2533 4322 id
2569 4276 2669 4332 est,
2696 4268 2834 4335 quod
2864 4284 2967 4321 non
3008 4269 3081 4321 ita
3108 4269 3327 4331 sciebat,
3369 4276 3579 4323 uttunc
3611 4268 3841 4337 discipu-

2285 4361 2349 4414 lis
2390 4361 2648 4414 indicaret
2679 4379 2691 4412 :
2724 4361 2862 4414 sicut
2892 4361 3089 4415 dictum
3113 4370 3195 4415 est
3228 4361 3294 4415 ad
3333 4360 3605 4415 Abraham
3638 4381 3651 4427 ;
3684 4360 3841 4415 Nunc

618 4442 887 4499 Christum
935 4422 1100 4500 ﬁlium
1134 4447 1365 4501 hominis
1404 4466 1467 4503 ac
1510 4450 1601 4504 Dei
1630 4451 1853 4516 Filium,
1889 4450 1990 4523 [ut]
2017 4468 2183 4521 quan—
2214 4422 2261 4477 Β
2286 4453 2518 4521 cognovi,
2546 4452 2682 4521 quod
2731 4452 2877 4505 times
2902 4451 3067 4505 Deum
3098 4449 3247 4523 (Gen.
3302 4468 3431 4515 χιιι,
3466 4451 3553 4521 12)
3587 4470 3600 4505 :
3635 4424 3686 4507 id
3736 4461 3839 4518 est,
3881 4464 3887 4468 ’

623 4541 735 4584 tum
765 4533 831 4585 ad
858 4548 1044 4587 vocem
1088 4533 1379 4603 Scriptura:
1404 4539 1651 4605 pertinet,
1685 4548 1744 4592 ut
1778 4542 1879 4594 hec
1914 4541 2073 4594 homo
2098 4556 2184 4594 sc-

624 4621 801 4689 parari
829 4637 858 4674 a
886 4622 994 4675 Deo
1018 4632 1255 4692 tempore
1276 4665 1290 4688 ,
1314 4642 1412 4680 nec
1438 4629 1511 4681 ‘ab
1551 4631 1762 4683 homine
1795 4632 1935 4685 Deus
1970 4633 2187 4686 omnino

623 4712 799 4763 valeat
826 4713 1090 4779 passiOne.
1132 4733 1149 4764 ι
1183 4712 1293 4768 Hoc
1314 4717 1471 4769 etiam
1495 4720 1735 4787 symbolo
1763 4723 2038 4776 catholicae
2066 4710 2188 4777 fidei

624 4801 945 4855 conﬁtemur
974 4802 1273 4858 manifeste.
1298 4807 1439 4872 quod
1460 4806 1616 4861 Jesus
1636 4808 1880 4865 Christus
1900 4812 1992 4865 Dei
2024 4812 2190 4868 Filius

628 4892 947 4959 unigenitus,
981 4902 1137 4947 natus
1162 4896 1227 4949 de
1254 4894 1453 4964 Spiritu
1478 4909 1665 4954 sancto
1690 4909 1743 4955 et
1771 4901 1935 4957 Maria
1961 4905 2186 4974 virgine,

629 4984 817 5064 passus
842 4983 909 5033 sit
938 4999 1033 5051 pro
1060 4983 1287 5037 humana
1318 4984 1505 5039 salute.
1548 4986 1891 5059 Nequaquam
1923 5007 2051 5062 ergo
2087 4994 2187 5047 dli-

632 5070 803 5123 bitare
829 5072 969 5127 ullus
996 5074 1287 5129 catholicus
1310 5076 1483 5140 debet,
1509 5078 1636 5145 quin
1658 5078 1752 5133 Dei
1774 5081 1939 5137 Filius
1967 5084 2192 5138 traditus

630 5168 772 5214 esset
798 5174 895 5229 pro
919 5164 1099 5217 mundi
1126 5165 1316 5241 salute.
1352 5165 1451 5231 Qui
1477 5168 1617 5241 enim
1649 5178 1835 5237 negat,
1876 5171 1969 5224 Dei
1997 5172 2190 5228 Filium

636 5249 887 5303 traditum
920 5266 1039 5304 esse
1078 5238 1859 5320 adipassionempnullatenus
1899 5261 2195 5315 catholicus

634 5353 753 5391 esse
777 5339 993 5407 poterit,
1025 5339 1115 5394 sed
1138 5355 1167 5392 a
1188 5342 1463 5396 catholicae
1491 5342 1613 5397 ﬁdei
1636 5344 1985 5414 professione,
2010 5348 2065 5403 in
2092 5352 2193 5406 hac

710 5470 1041 5544 {Cassianus
1073 5473 1195 5544 libr.
1227 5488 1276 5525 vr
1305 5472 1371 5526 de
1398 5472 1666 5529 lncarnat.
1692 5491 1808 5544 cap.
1837 5478 1927 5541 22,
1956 5480 2046 5534 ubi
2080 5488 2192 5534 tex-

642 5544 727 5591 tus
748 5540 819 5592 ita
849 5541 1047 5596 habet:
1080 5563 1096 5593 ε
1134 5541 1241 5597 Nec
1264 5544 1315 5595 in
1348 5551 1584 5611 tempore
1608 5540 1892 5600 admodum
1916 5540 2189 5605 hominem

2286 4555 2430 4593 nunc
2457 4538 2559 4593 feci
2582 4547 2640 4591 ut
2665 4539 3174 4607 cognosceres,quia
3200 4547 3254 4592 et
3283 4540 3394 4609 ipse
3421 4541 3521 4593 sibi
3544 4542 3596 4594 in
3614 4539 3703 4594 illa
3727 4549 3845 4595 ten-

2289 4629 2491 4681 tatione
2535 4629 2789 4696 probatus
2834 4629 3081 4682 innotuit.
3140 4612 3173 4680 ι’
3210 4629 3324 4695 Dic,
3374 4644 3528 4698 rogo,
3576 4631 3844 4697 quomodo

2289 4715 2407 4769 ﬁeri
2433 4715 2618 4784 possit,
2666 4724 2726 4767 ut
2741 4714 2902 4789 judes
2928 4716 3165 4769 omnium
3192 4716 3333 4770 diem
3374 4714 3564 4782 iudicii
3605 4716 3839 4783 n'csciat;

2289 4813 2342 4858 et
2371 4805 2459 4872 qui
2490 4806 2680 4859 merita
2718 4805 3045 4873 singulorum
3070 4798 3461 4873 dijudicaturus
3493 4817 3598 4872 est,
3630 4816 3845 4878 tempus

2296 4895 2531 4963 ejusdem
2558 4896 2819 4949 examinis
2850 4888 3087 4965 ignoret?
3116 4892 3191 4948 Ue
3218 4892 3367 4961 cujus
3387 4893 3679 4961 iudiciaria
3696 4905 3846 4965 pate-

2299 4993 2438 5038 state
2464 4983 2630 5038 multo
2653 4993 2779 5037 ante
2803 4986 2855 5038 in
2879 4984 3096 5052 psalmis
3130 4985 3435 5053 praedicitur
3466 5005 3480 5039 :
3505 4986 3649 5042 Deus
3673 5000 3848 5053 noster

2297 5082 2445 5141 tunc,
2474 5073 2606 5127 dicit
2645 5070 2909 5140 Propheta
2934 5113 2948 5137 ,
2990 5072 3313 5142 manifestius
3343 5078 3505 5130 veniet
3535 5095 3553 5129 :
3582 5076 3723 5130 Deus
3753 5088 3845 5131 τιον)

2295 5174 2402 5217 ster
2428 5172 2550 5214 tunc
2575 5178 2675 5214 non
2707 5161 2892 5215 silebit.
2928 5161 3072 5231 Ignis
3102 5162 3155 5215 in
3184 5174 3455 5233 conspectu
3480 5164 3594 5232 ejus
3613 5166 3844 5226 ardebit.

2296 5263 2343 5306 et
2369 5253 2425 5306 in
2446 5252 2664 5305 circuitu
2693 5252 2809 5327 ejus
2828 5262 3096 5327 ternaestas
3122 5253 3295 5305 valida
3326 5268 3343 5303 :
3376 5252 3640 5309 advocavit
3662 5254 3848 5308 omium

2295 5342 2357 5395 de
2382 5356 2610 5408 sursum,
2632 5350 2679 5393 et
2706 5350 2898 5393 terram
2915 5336 3201 5396 disseruere
3224 5342 3468 5411 papulum
3496 5360 3649 5399 suum
3673 5342 3843 5415 (Psal.

2298 5466 2469 5543 quisa
2494 5472 2641 5535 Deo;
2673 5488 2771 5527 nec
2794 5474 2846 5527 in
2871 5476 3115 5542 passione
3141 5476 3307 5543 possit
3337 5477 3503 5533 Deum
3543 5479 3613 5535 ab
3633 5480 3848 5535 homine

2304 5544 2629 5603 discernere,
2655 5551 2757 5595 etc.
2793 5563 2811 5594 ι
3026 5558 3029 5561 ·
3695 5550 3697 5553 '

2370 5611 2397 5650 δ
2423 5610 2584 5665 Uncis
2619 5611 2819 5667 inclusa
2849 5629 2911 5667 ex
2941 5612 3194 5669 Cassiano
3223 5616 3463 5683 suppleta
3490 5630 3631 5672 sunt.
