4226 6182
420 286 520 341 197

1159 283 1571 342 DOGMATICA.
1607 315 1674 326 —
1718 286 1876 340 sov.
1916 285 2213 341 raucam
2253 287 2431 342 unm
2474 287 2580 341 vn.
2623 319 2690 326 _
2729 288 2857 342 un.
2902 289 2963 342 v.
3051 260 3056 266 ’

3573 293 3673 348 198

422 414 574 462 ms,
598 399 655 464 ὅ,
678 398 755 469 ι).
785 397 852 452 Et
895 414 961 452 ne
1002 413 1309 474 Ignorares,
1345 399 1412 453 de
1451 415 1560 468 quo
1609 399 1709 454 hoc
1739 399 1960 453 dixisset
1984 439 1998 460 ,
2031 404 2074 457 Α
2106 406 2277 454 turus.
2309 399 2462 454 Ilunc
2501 400 2746 454 euuulem
2789 401 2956 453 lilium
2994 401 3249 466 hominis,
3273 380 3364 472 qui
3401 400 3673 472 judicatu-

420 491 585 561 panlo
607 500 737 546 ante
787 492 923 547 idem
964 492 1222 560 propheta
1258 493 1555 562 prmmisit:
1593 491 1733 546 Deus
1775 493 1990 545 deorum

423 582 680 641 Dominus
702 581 903 635 locutus
928 591 1001 635 est
1025 579 1209 651 (lbid.,
1237 582 1317 647 Ι).
1343 583 1474 649 Quis
1493 591 1576 637 est
1599 582 1707 646 ille,
1731 583 1872 637 Deus
1899 583 1992 651 qui

422 680 510 726 est
545 673 790 736 deorum,
828 672 966 727 idem
998 671 1216 744 [Forte,
1251 674 1304 728 id
1333 673 1438 745 est]
1466 684 1771 729 sanctorum
1813 674 1993 728 Domi-

425 764 559 817 nus?
589 748 726 819 Vere
756 763 980 818 omnino
1013 763 1279 827 Christus,
1323 765 1411 833 qni
1430 763 1772 832 iudicaturus
1795 773 1879 819 est
1916 765 1993 818 vi-

421 868 517 909 vos
540 869 605 909 ac
628 863 892 909 mortuos.
924 854 1094 928 Hujus
1116 854 1288 909 locum
1314 855 1610 924 prophetia:
1652 856 1841 909 beatus
1861 854 1992 909 Cas-

421 949 674 1004 siodorus
719 947 811 1019 (In
848 947 997 1002 Psal.
1047 962 1191 1012 sus,
1237 947 1286 1010 Ι,
1327 947 1382 1018 5)
1414 947 1487 1000 ita
1530 945 1811 1000 declarat:
1850 964 1868 996 ι
1915 944 1992 1000 Ne

421 1039 563 1109 quis,
612 1039 720 1102 ait,
749 1033 1176 1092 inchoationem
1207 1034 1407 1090 Christi
1443 1033 1700 1092 mediocri
1747 1035 1993 1089 crederet

421 1129 777 1184 a-stimatione
800 1129 1122 1196 poscendam
1147 1124 1542 1199 [pensandam],
1560 1127 1798 1194 potentia
1823 1125 1991 1194 ipsius

421 1229 546 1273 ante
574 1217 908 1287 praedicitur,
931 1225 990 1270 ut
1012 1217 1177 1272 totius
1228 1215 1618 1271 incredulitatis
1636 1215 1873 1284 pravitas
1893 1231 1990 1268 au-

423 1312 647 1364 feratur.
690 1291 779 1363 ‘Dii
825 1308 1104 1371 dicuntur,
1155 1308 1245 1376 qui
1297 1307 1452 1362 bonis
1495 1307 1988 1362 conversationihus

421 1402 648 1469 gratiam
681 1413 928 1470 supernae
976 1396 1274 1465 majestatis
1303 1397 1602 1467 accipiunt;
1635 1397 1773 1451 sicut
1804 1397 1856 1451 in
1882 1395 1988 1450 alio

419 1488 632 1544 Psalmo
661 1491 738 1544 ait
767 1508 780 1542 :
818 1489 930 1560 Ego
956 1489 1086 1553 dix'i,
1113 1490 1188 1542 dii
1222 1489 1362 1549 estis,
1393 1499 1441 1542 et
1465 1488 1561 1556 ﬁlii
1599 1487 1788 1543 excelsi
1812 1505 1987 1543 omnes

419 1577 592 1636 ll’sal.
627 1595 810 1640 um,
836 1578 911 1647 6).
944 1579 1022 1634 Ita
1046 1595 1174 1649 ergo
1201 1578 1294 1632 ﬁlii
1321 1579 1587 1645 dicuntur,
1613 1578 1752 1632 sicut
1786 1586 1842 1633 et
1889 1579 1984 1644 dii,

420 1671 559 1732 quod
602 1679 894 1738 utrumque
921 1670 1092 1740 gratia
1135 1678 1382 1739 przestat,
1433 1684 1538 1722 non
1590 1676 1802 1721 natura.
1847 1668 1988 1723 Deus

2101 505 2194 543 rus
2220 498 2303 544 est
2329 489 2614 550 tumulum,
2643 489 2928 558 Apostolus
2957 490 3124 546 Deum
3154 508 3259 547 non
3289 493 3553 549 dubitavit
3574 513 3672 553 no-

2099 577 2323 632 minare.
2358 578 2446 631 Ait
2474 580 2618 632 enim
2655 597 2666 630 :
2708 577 2954 648 Alioquin
2978 581 3236 651 quomodo
3257 581 3398 637 Deus
3411 583 3672 654 judicabit

2096 666 2234 720 Iumc
2279 670 2526 721 matulam
2569 668 2744 740 (limit.
2776 687 2857 731 ιιι,
2892 671 2985 740 6)?
3013 681 3066 725 et
3094 671 3220 726 alibi
3251 691 3263 724 :
3298 673 3674 743 Is'J'spectantcs

2096 755 2297 808 beatam
2311 774 2450 826 spent
2466 767 2512 809 et
2530 759 2802 810 adventum
2827 759 3006 827 gloria'
3029 761 3202 828 magni
3224 761 3318 816 Dei
3335 762 3462 832 (Tit.
3483 765 3670 834 ".15).

2162 845 2326 916 837
2356 846 2420 900 Χ.
2461 847 2517 900 In
2543 849 2888 916 sequentilms
2916 865 3128 925 qimque
3157 869 3364 920 ponens
3392 854 3556 906 verba
3597 854 3675 922 ip-

2058 957 2070 966 ·
2095 936 2206 989 sius
2237 936 2507 1009 Veritatis,
2539 939 2732 1006 quibus
2760 939 2972 992 cuidam
3005 939 3154 994 diviti
3189 957 3248 995 se
3279 942 3474 996 leonum
3503 945 3674 1016 magi-

2095 1035 2263 1080 strum
2293 1027 2588 1090 nominanti
2617 1029 2893 1097 respondit
2917 1049 2943 1082 :.
2970 1030 3134 1083 Nemo
3160 1031 3324 1086 bonus
3343 1074 3358 1096 ,
3390 1035 3490 1087 nisi
3530 1035 3673 1089 solus

2093 1115 2235 1169 Deus
2262 1116 2409 1185 (Luc.
2437 1134 2586 1180 .\vnl,
2617 1118 2720 1186 l9),
2750 1119 2901 1172 valde
2927 1120 3383 1188 itu-om'cnienter,
3409 1133 3673 1193 quantum

2092 1207 2161 1261 ad
2209 1210 2569 1277 intelligentire
2601 1211 2830 1278 pertinet
2877 1212 3161 1272 mtinnem,
3194 1215 3381 1276 verba,
3422 1230 3456 1268 ο
3480 1214 3628 1270 Felix
3653 1255 3670 1281 ,

2091 1298 2375 1370 conjungis
2405 1319 2415 1352 :
2452 1319 2469 1349 ι
2503 1301 2618 1368 Ipse
2653 1302 2818 1364 enim,
2849 1301 2952 1363 ais,
3003 1301 3093 1370 qui
3143 1303 3508 1356 cssentialiter
3548 1322 3671 1359 cum

2091 1388 2253 1442 Patre
2303 1398 2358 1442 et
2386 1390 2588 1457 Spiritu
2622 1402 2810 1443 saneto
2857 1391 3004 1443 solus
3031 1400 3112 1444 est
3143 1391 3336 1456 bonus,
3368 1402 3454 1446 est
3497 1394 3670 1460 Deus,

2091 1475 2204 1544 ipse
2235 1475 2286 1529 in
2322 1478 2592 1531 hominem
2624 1477 2747 1531 licet
2773 1480 2843 1532 sit
2882 1480 3076 1543 bonus,
3114 1497 3217 1534 non
3250 1490 3426 1536 tamen
3455 1493 3675 1537 natura-

2088 1562 2214 1618 liter
2239 1579 2268 1617 a
2293 1566 2582 1638 semetipso
2617 1567 2675 1619 Iit
2708 1567 2900 1620 bonus.
2940 1588 2958 1619 ι
2995 1570 3272 1633 Quomodo
3309 1581 3454 1625 stare
3496 1582 3674 1641 potest

2087 1656 2232 1724 quod
2277 1657 2435 1721 dicis,
2465 1659 2576 1726 ipse
2620 1669 2702 1710 est
2746 1658 2937 1721 bonus,
2980 1669 3034 1713 et
3072 1661 3183 1728 ipse
3216 1663 3534 1732 naturaliter
3563 1679 3669 1716 non

419 1767 596 1810 autem
655 1758 881 1811 deorum
947 1767 1032 1812 ρει
1090 1757 1356 1813 Christus.
1399 1778 1416 1809 ,
1483 1757 1547 1810 Ει
1613 1757 1772 1825 paulo
1822 1766 1944 1826 ροει
1973 1775 1987 1812 ε
2023 1741 2068 1802 Β
2093 1752 2178 1796 εει
2205 1743 2376 1799 bonus
2403 1746 2457 1799 in
2489 1747 2812 1816 semetipso?
2840 1748 2895 1800 Si
2924 1764 3020 1817 per
3044 1764 3101 1801 se
3129 1750 3298 1803 bonus
3319 1759 3402 1804 est
3422 1767 3543 1805 cum
3567 1751 3670 1806 Pa-

427 1847 597 1902 cDeus
645 1849 789 1923 enim
825 1849 1250 1904 Christianorum
1291 1851 1402 1917 ipse
1438 1858 1521 1903 est
1557 1849 1700 1904 Deus
1736 1851 1987 1915 deorum,

417 1939 508 2007 qui
535 1946 591 1992 et
635 1940 912 2007 manifeste
957 1940 1115 1992 veniet
1175 1950 1223 1992 et
1277 1957 1380 1993 non
1430 1941 1617 1993 silebit.
1678 1939 1812 1994 Silet
1846 1941 1989 1994 enim

417 2033 594 2094 modo,
640 2048 762 2086 cum
803 2032 1035 2086 mundus
1084 2033 1184 2086 iste
1232 2033 1533 2102 peragitur;
1582 2047 1702 2086 cum
1743 2033 1991 2101 blasphe—

415 2123 550 2176 ntias
598 2132 655 2176 et
703 2122 995 2192 sacrilegas
1040 2138 1201 2178 voces
1250 2124 1528 2178 sententite
1578 2138 1690 2177 sua:
1733 2123 1990 2178 severita-

417 2219 502 2274 te,
547 2228 657 2267 nou
697 2212 950 2277 damnat,
1000 2213 1092 2268 sed
1137 2214 1204 2266 ad
1251 2213 1620 2268 conversionis
1665 2213 1988 2276 medicinam

417 2303 648 2378 sustinet
672 2311 1006 2371 peccatores.
1031 2302 1181 2358 Tunc
1204 2312 1382 2358 autem
1407 2320 1511 2357 non
1553 2302 1745 2367 silebit,
1774 2304 1988 2372 quando

411 2392 688 2446 sceleratis
710 2391 954 2445 dicturus
979 2400 1096 2445 est:
1137 2391 1218 2460 Ite
1254 2393 1308 2444 in
1355 2393 1525 2461 ignem
1572 2403 1846 2464 teternum,
1899 2394 1986 2463 qui

413 2492 627 2551 paratus
655 2491 730 2536 est
758 2480 968 2544 diabolo
989 2493 1035 2535 et
1061 2482 1261 2551 angelis
1288 2483 1402 2551 ejus
1431 2481 1644 2548 (Matth.
1671 2499 1796 2544 xxv,
1816 2482 1927 2552 41).
1961 2503 1978 2536 ι

415 2569 561 2624 lianc
583 2585 780 2638 vocem.
793 2578 1016 2633 metuat,
1044 2571 1132 2640 qui
1166 2570 1324 2624 modo
1351 2570 1769 2640 nnncupativum
1796 2581 1849 2624 et
1879 2586 1985 2624 non

411 2675 598 2714 verum
623 2661 791 2714 Deum
823 2657 984 2713 audet
1019 2658 1388 2729 blasphemare
1431 2658 1728 2722 Christum,
1763 2660 1854 2729 qui
1892 2658 1983 2726 ju-

410 2750 688 2804 dicaturus
711 2761 795 2804 est
842 2751 1120 2804 mundum.
1153 2749 1491 2818 Nuncupatio
1515 2769 1620 2807 non
1645 2761 1730 2806 est
1758 2753 1810 2806 in
1841 2753 1981 2807 veri-

413 2847 522 2892 tate
543 2839 846 2908 potestatis,
878 2839 972 2892 sed
994 2839 1049 2892 in
1067 2839 1298 2894 nominis
1317 2842 1683 2894 tantummodo
1700 2843 1977 2911 dignitate.

412 2928 512 2996 Qui
539 2930 754 2985 vocabit
778 2929 974 2985 cmlum
1009 2938 1064 2984 et
1095 2938 1293 2984 terram
1341 2931 1407 2984 ad
1432 2931 1712 3002 judicium,
1747 2949 1850 2984 non
1888 2947 1979 2985 so-

413 3019 519 3072 lum
568 3034 764 3072 nomen
800 3019 962 3074 habet
1007 3019 1242 3084 deitatis,
1294 3022 1384 3074 sed
1437 3022 1601 3075 etiam
1657 3030 1977 3090 potestatem

2092 1843 2173 1888 tre
2204 1845 2258 1888 et
2289 1835 2488 1904 Spiritu
2519 1849 2728 1903 sancto,
2759 1841 2942 1909 utique
2970 1850 3024 1894 et
3053 1842 3164 1911 ipse
3190 1843 3362 1898 bonus
3384 1853 3468 1898 est
3491 1847 3543 1898 in
3574 1846 3670 1899 ho-

2089 1923 2238 1976 mine
2267 1933 2568 1994 assumpto,
2614 1942 2718 1980 non
2751 1929 2924 1981 aliena
2953 1929 3216 1996 bonitate,
3247 1933 3340 1987 sed
3388 1936 3620 1989 naturali
3652 1978 3666 2000 ,
3699 1961 3708 1969 -

2087 2015 2216 2083 quia
2248 2017 2380 2084 ipse,
2415 2026 2469 2070 et
2499 2033 2611 2086 Ipse
2645 2035 2804 2072 unam
2835 2009 3231 2088 signiﬁcaverit
3251 2039 3538 2092 personam
3559 2066 3574 2088 ,
3613 2036 3671 2080 et

2088 2119 2193 2158 non
2208 2105 2440 2159 estaltcr
2455 2107 2504 2159 in
2530 2106 2862 2169 Patre,alter
2892 2109 2942 2160 iu
2960 2109 3196 2170 homine.
3219 2110 3518 2166 Mirandum
3540 2104 3670 2170 vero

2087 2202 2191 2258 est,
2229 2180 2496 2274 quomodo
2543 2196 2800 2264 magister
2847 2198 2978 2250 velis
3027 2199 3142 2252 tieri
3192 2200 3312 2254 lidci
3359 2203 3666 2268 catholicas,

2084 2281 2212 2336 dum
2268 2284 2578 2348 verborum,
2626 2301 2723 2354 per
2779 2302 2896 2354 quae
2948 2288 3081 2341 liiies
3131 2289 3350 2354 dicitur,
3406 2294 3666 2349 rationem

2084 2373 2318 2443 ignores.
2348 2372 2517 2427 Corde
2554 2378 2689 2428 enim
2722 2378 2952 2430 creditur
2971 2379 3039 2430 ad
3059 2379 3349 2447 justitiam,
3381 2399 3468 2436 ore
3489 2396 3662 2438 autem

2084 2463 2338 2531 confessio
2363 2466 2421 2532 ﬁt
2443 2466 2511 2516 ad
2531 2465 2749 2519 salutem
2780 2466 2956 2535 (Itoni.
2993 2484 3044 2530 ιι,
3087 2471 3194 2539 10).
3217 2471 3379 2526 [tecte
3406 2474 3582 2542 itaque
3607 2475 3659 2528 in

2085 2549 2244 2610 corde
2258 2557 2461 2609 credita
2489 2559 2928 2612 convenientilms
2942 2577 3080 2614 vera:
3098 2561 3217 2636 lidei
3245 2564 3661 2634 verbisprol‘crri

2083 2647 2294 2700 debent.
2323 2646 2426 2701 Sed
2452 2651 2692 2715 quaedam
2708 2649 2834 2702 mihi
2862 2652 3098 2718 suspicio
3121 2668 3183 2705 es
3212 2656 3658 2714 antecedentibus

2084 2736 2207 2789 ﬁdei
2226 2735 2324 2790 ιυω
2352 2737 2790 2804 professionibus,
2815 2757 2864 2793 In
2885 2743 2974 2830 his
2999 2746 3234 2799 nascitur
3258 2748 3456 2815 verbis,
3481 2759 3531 2805 te
3548 2754 3663 2820 qni-

2084 2827 2202 2880 dem
2217 2828 2351 2881 velle
2384 2844 2627 2883 asserere
2658 2830 2749 2884 Dei
2782 2827 2969 2886 Filium
2991 2874 3005 2896 ,
3035 2836 3126 2904 qui
3155 2837 3422 2892 hominem
3453 2856 3662 2894 assunt-

2081 2917 2206 2985 psit,
2223 2917 2538 2970 naturaliter
2553 2919 2751 2972 bonum
2767 2939 2912 2986 esse;
2934 2925 3202 2980 hominem
3229 2944 3374 2993 vero,
3394 2945 3552 2998 quem
3575 2946 3661 2984 as-

2083 3009 2332 3076 sumpsit,
2362 3009 2595 3062 naturali
2621 3005 2860 3066 bonitate
2889 3014 3086 3067 bonum
3121 3031 3225 3068 non
3253 3033 3393 3071 esse.
3429 3019 3533 3072 Sed
3558 3020 3659 3074 iste

410 3108 725 3188 divinitatis.
772 3109 839 3163 Et
881 3123 948 3163 ne
992 3107 1130 3162 forte
1168 3111 1510 3166 contradicas
1547 3111 1714 3165 tilium
1746 3112 1982 3167 hominis
2009 3085 2052 3148 (ί

2009 3085 2052 3148 C
2089 3107 2212 3152 tuus
2236 3116 2427 3154 sensus
2452 3101 2634 3155 multis
2664 3110 2865 3157 sanctte
2897 3102 3188 3172 Scriptura:
3217 3107 3539 3162 testimoniis
3560 3109 3656 3163 de-

408 3215 544 3264 esse,
577 3201 670 3270 qui
696 3200 858 3254 habet
881 3201 1200 3270 potestatem
1216 3201 1515 3269 judicandi,
1539 3204 1659 3256 audi
1687 3203 1815 3270 quid
1838 3204 1979 3258 idem

411 3291 521 3357 ipse
550 3291 616 3342 de
654 3305 749 3343 sua
783 3297 1046 3358 potestate
1081 3289 1312 3353 diceret;
1339 3290 1417 3342 ait
1444 3291 1587 3343 enim
1620 3308 1631 3342 :
1665 3288 1795 3342 Cum
1835 3308 1982 3345 vene-

409 3383 476 3434 rit
514 3381 658 3449 [ilius
700 3381 924 3433 hominis
958 3381 1010 3433 in
1040 3380 1313 3450 majestate
1355 3397 1476 3445 sua,
1504 3391 1552 3433 et
1591 3398 1764 3434 omnes
1809 3383 1980 3452 angeli

408 3487 524 3524 cum
553 3487 633 3533 eo,
674 3479 798 3522 tunc
839 3470 1034 3523 sedebit
1059 3470 1114 3523 in
1145 3471 1264 3523 sede
1301 3469 1589 3538 majestatis
1620 3487 1729 3524 sua'
1762 3471 1974 3535 (.llatth.

407 3576 531 3624 xxv,
555 3561 668 3631 3|).
707 3560 901 3614 Filium
941 3561 1172 3616 hominis
1201 3569 1433 3617 testatur
1463 3561 1516 3615 in
1547 3578 1641 3615 sua
1674 3562 1972 3630 majestate,

406 3651 594 3704 etnon
626 3651 680 3704 in
729 3651 903 3705 aliena
943 3667 1214 3706 sessurum
1263 3660 1318 3706 et
1354 3650 1740 3718 iudicaturum,
1789 3663 1841 3706 et
1893 3639 1977 3707 re-

405 3748 566 3809 gnum
599 3740 681 3794 sui
727 3739 904 3795 Patris
949 3727 1152 3795 sanctis
1202 3742 1474 3796 daturum.
1527 3742 1593 3795 Et
1620 3743 1744 3794 aliizi
1775 3761 1784 3794 :
1818 3741 1978 3798 Pater

405 3845 506 3882 non
513 3830 727 3898 judicat
750 3847 1081 3901 quemquam,
1104 3831 1194 3885 sed
1209 3848 1355 3886 omne
1373 3832 1634 3900 judicium
1649 3833 1790 3885 dedit
1811 3832 1972 3898 Filio,

405 3928 461 3972 ut
499 3935 675 3971 omnes
721 3919 1056 3986 honori/iectu
1084 3918 1304 3984 Filium,
1334 3922 1465 3972 sicut
1502 3919 1844 3987 honorificam
1875 3921 1976 3973 Pa-

405 4021 557 4063 trem.
603 4009 669 4062 Et
698 4009 857 4077 paulo
881 4019 1002 4079 post
1031 4029 1042 4062 :
1086 4008 1230 4064 Sicut
1255 4007 1417 4062 Pater
1445 4009 1594 4063 habet
1627 4011 1778 4062 vitam
1812 4012 1865 4062 in
1897 4027 1974 4064 se-

406 4099 734 4169 metipso,sic
749 4099 887 4152 dedit
905 4109 951 4152 et
975 4097 1116 4152 Filio
1138 4101 1294 4151 vitam
1321 4098 1507 4151 habere
1531 4099 1585 4149 in
1609 4101 1903 4165 semetipso,
1927 4110 1972 4152 et

400 4199 708 4260 potestatem
729 4189 868 4242 dedit
898 4189 944 4242 ei
960 4189 1221 4258 judicium
1244 4189 1432 4258 facere,
1458 4190 1582 4258 quia
1614 4187 1756 4256 ﬁlius
1809 4189 1976 4241 homi-

403 4281 485 4334 rsis
503 4291 580 4334 est
609 4278 790 4350 (Joan.
822 4295 874 4344 v,
903 4279 993 4343 25,
1022 4279 1114 4343 26,
1149 4280 1260 4348 27).
1293 4281 1358 4334 Et
1393 4296 1459 4334 ne
1493 4280 1597 4334 ulla
1633 4281 1850 4336 cuilibet
1871 4281 1971 4335 du-

401 4371 596 4425 bitatio
624 4371 994 4434 remansisset,
1033 4371 1154 4438 quis
1182 4371 1251 4424 sit
1291 4371 1381 4439 qui
1411 4372 1463 4423 in
1488 4371 1692 4440 judicio
1722 4372 1973 4424 omnilms

2083 3191 2328 3243 struitur.
2367 3191 2548 3244 Primo
2580 3207 2702 3245 cum
2735 3191 2927 3260 legitur
2955 3193 3006 3244 in
3033 3191 3250 3257 Genesi,
3281 3194 3446 3250 Deum
3473 3200 3653 3254 omnia

2079 3281 2220 3335 bona
2249 3283 2571 3335 condidisse.
2595 3282 2799 3335 Etcum
2816 3298 2911 3351 per
2933 3285 3170 3354 singulos
3214 3287 3331 3342 dies
3356 3288 3488 3343 dicit
3512 3289 3658 3345 Seri-

2077 3379 2233 3438 ptura
2259 3390 2270 3422 z
2311 3369 2446 3424 Vidit
2470 3371 2632 3436 Deus,
2655 3373 2794 3438 quod
2821 3374 3009 3426 bonum
3036 3386 3165 3428 esset
3192 3418 3203 3429 .
3227 3386 3282 3431 et
3303 3378 3427 3432 dum
3451 3381 3656 3442 omnia.
3717 3419 3720 3421 μ

2074 3463 2216 3517 sicut
2244 3462 2350 3516 Deo
2376 3463 2595 3532 placuit,
2623 3474 2806 3518 creata
2839 3475 2983 3529 sunt,
3020 3467 3222 3520 dictum
3253 3478 3375 3523 est:
3414 3470 3480 3524 Et
3505 3479 3653 3525 erant

2077 3555 2251 3606 omnia
2274 3554 2419 3608 valde
2447 3556 2578 3608 bona
2599 3553 2751 3625 (Gen.
2779 3556 2818 3625 ι)
2848 3575 2858 3608 ;
2883 3558 3148 3626 quomodo
3178 3559 3264 3614 ille
3293 3561 3452 3614 homo
3480 3561 3650 3626 solus,

2075 3660 2233 3715 quem
2261 3647 2374 3716 ipse
2405 3647 2500 3701 Dei
2527 3647 2723 3712 Filius,
2755 3665 2850 3718 per
2875 3665 3033 3717 quem
3086 3649 3225 3703 facta
3268 3661 3394 3704 sunt
3435 3652 3614 3705 omnia
3634 3692 3652 3716 ,

2077 3734 2178 3788 sibi
2209 3736 2261 3787 in
2292 3736 2554 3790 unitatem
2602 3752 2843 3804 personae
2888 3739 2938 3788 in
2971 3746 3125 3789 utero
3151 3739 3398 3808 virginali
3442 3755 3653 3795 assum-

2077 3826 2201 3892 psit,
2241 3839 2346 3878 non
2374 3833 2493 3878 erat
2523 3824 2842 3877 naturaliter
2866 3825 3076 3878 l)0lll)S?
3105 3826 3239 3892 Quid
3278 3828 3329 3880 in
3366 3827 3454 3882 illa
3483 3830 3650 3885 mira-

2075 3913 2166 3965 bili
2197 3913 2262 3965 de
2287 3911 2488 3982 Spiritu
2519 3923 2704 3968 sancto
2735 3924 2788 3968 et
2814 3915 3058 3984 virginali
3087 3920 3437 3988 conceptione
3465 3930 3519 3975 et
3545 3939 3642 3974 na-

2075 4001 2300 4064 tivitate,
2332 4002 2535 4068 peccati
2565 4002 2682 4064 fuit,
2710 4010 2766 4054 ut
2791 4003 2961 4058 bonus
2993 4005 3310 4059 naturaliter
3339 4023 3444 4060 non
3473 4019 3642 4074 esset,

2077 4093 2166 4161 qui
2195 4101 2352 4146 natus
2377 4101 2478 4154 est,
2523 4101 2578 4145 et
2616 4092 2706 4146 Dei
2748 4093 2880 4146 Filio
2924 4095 2976 4150 in
3004 4095 3264 4149 unitatem
3305 4112 3549 4166 personm
3593 4101 3646 4154 in

2077 4186 2194 4254 ipso
2214 4183 2439 4238 exordio
2466 4184 2858 4238 incarnationis
2880 4185 3199 4254 adjunctus?
3220 4187 3406 4242 Omnis
3433 4189 3648 4256 quidem

2077 4273 2359 4328 rationalis
2388 4282 2637 4327 creatura
2673 4284 2766 4328 aut
2805 4275 2940 4329 bona
2972 4285 3076 4339 est,
3119 4287 3211 4331 aut
3235 4277 3396 4336 mala.
3430 4277 3649 4348 Legitur

2075 4365 2220 4418 enim
2247 4364 2301 4416 in
2336 4361 2629 4430 Scripturis
2655 4365 2856 4418 sanctis
2886 4367 3106 4435 angelus
3132 4367 3324 4434 bonus,
3350 4378 3403 4423 et
3427 4371 3649 4441 angelus

403 4458 696 4530 videbitur,
723 4459 863 4512 idem
886 4459 1076 4513 beatus
1109 4457 1342 4512 Joannes
1376 4431 1703 4529 evangelista
1744 4461 1984 4530 prophe-'
2007 4431 2054 4488 D
2078 4456 2251 4510 malus
2292 4470 2306 4506 :
2345 4455 2594 4509 similiter
2636 4464 2692 4509 et
2728 4457 2899 4510 bonus
2949 4458 3129 4521 homo,
3180 4468 3233 4514 et
3281 4461 3456 4515 malus
3488 4431 3650 4515 homo

404 4546 568 4599 ticum
598 4545 652 4598 in
671 4527 751 4598 ‘eo
789 4545 1151 4599 testimonium
1180 4527 1656 4612 implendum‘esse
1692 4527 1970 4615 praedixit;

405 4633 484 4688 ait
507 4635 654 4690 enim
682 4650 695 4686 :
735 4630 848 4685 Hoc
869 4642 1032 4687 totum
1056 4633 1254 4701 factum
1282 4641 1385 4697 est,
1429 4644 1482 4687 ut
1509 4633 1810 4704 impleretur
1834 4635 1973 4704 quod

403 4725 604 4780 dictum
647 4736 722 4781 est
753 4724 866 4781 :0s
895 4741 994 4779 non
1037 4723 1395 4778 comminuetis
1439 4739 1504 4778 ex
1547 4741 1624 4777 eo.
1672 4723 1740 4776 Et
1784 4725 1970 4791 iterum

404 4814 514 4869 alia
540 4816 818 4886 Scriptura
842 4817 1006 4870 dicit:
1047 4809 1324 4879 Videbunt,
1344 4817 1402 4868 in
1419 4831 1569 4885 quem
1596 4815 1972 4882 transﬁxerunt

406 4903 588 4977 (Joan.
621 4921 735 4967 six.
763 4905 879 4976 36).
909 4905 1142 4962 Vulnera
1174 4907 1355 4975 itaque
1377 4906 1487 4959 veri
1514 4906 1758 4974 corporis
1779 4921 1970 4962 verum

407 4996 573 5051 ﬁlium
596 4996 832 5050 hominis
871 4997 1173 5062 ostendent,
1205 4998 1294 5068 qui
1334 4995 1671 5066 iudicaturus
1691 5006 1771 5052 est
1817 5013 1972 5050 mun-

408 5085 534 5140 dum
566 5104 580 5140 :
614 5085 789 5140 forma
818 5084 908 5140 illa
932 5089 1036 5141 erit
1052 5087 1235 5155 iudex,
1253 5103 1358 5156 qua
1381 5087 1527 5142 stetit
1553 5095 1676 5140 ante
1713 5087 1968 5155 judicem.

408 5174 551 5230 Talis
586 5173 869 5244 apparebit
896 5173 1078 5243 index,
1124 5177 1297 5244 qualis
1334 5177 1500 5230 videri
1539 5176 1709 5246 possit
1746 5177 1814 5230 ab
1849 5177 1928 5230 eis
1955 5218 1969 5241 ,

407 5283 541 5337 quos
572 5273 935 5322 coronatums
963 5266 1086 5328 erit,
1115 5274 1171 5319 et
1193 5267 1259 5320 ab
1304 5267 1405 5330 eis,
1438 5282 1572 5334 quos
1597 5265 1966 5320 damnaturus.

410 5356 518 5412 Hoc
542 5357 721 5424 ipsum
750 5356 949 5424 quippe
973 5355 1186 5414 Christo
1211 5358 1531 5411 ascendente
1557 5357 1728 5427 angeli
1758 5367 1969 5426 aposto-

407 5443 470 5510 lis
489 5443 866 5517 [meditatum
891 5461 904 5495 :
929 5443 1036 5506 Sic,
1066 5445 1331 5513 inquiunt,
1363 5446 1967 5515 oenietquemadmodum

403 5537 597 5607 vidistis
621 5550 750 5590 eum
779 5541 988 5586 euntem
1010 5536 1064 5588 in
1093 5535 1274 5588 calum
1314 5536 1449 5606 (Act.
1484 5554 1529 5598 ι,
1564 5538 1672 5605 Η),
1700 5538 1752 5590 id
1780 5548 1881 5599 est,
1912 5538 1964 5592 in

395 5623 580 5681 eadem
613 5621 804 5679 forma
827 5620 1005 5674 carnis
1032 5631 1191 5691 atque
1232 5624 1527 5678 substantia
1554 5625 1728 5678 veniet
1763 5623 1969 5693 judica-

2076 4545 2190 4610 ipsa
2220 4544 2456 4597 Veritate
2483 4551 2770 4597 attestaute
2815 4564 2825 4596 :
2858 4545 3034 4599 Bonus
3064 4548 3218 4601 homo
3257 4550 3321 4602 de
3363 4551 3495 4607 bono
3535 4552 3646 4603 the-

2073 4651 2231 4687 suum
2254 4635 2422 4688 cordis
2449 4636 2529 4688 sui
2554 4635 2677 4705 (etsi
2700 4636 2901 4699 omnia,
2928 4652 3047 4704 qua:
3071 4637 3213 4692 Deus
3240 4640 3466 4701 creavit,
3489 4647 3646 4692 erant

2073 4723 2228 4778 valde
2271 4723 2433 4794 bona)
2479 4725 2672 4795 profert
2703 4725 2876 4779 bona:
2927 4735 2973 4778 et
3001 4727 3172 4781 malus
3217 4729 3369 4782 homo
3405 4728 3468 4780 de
3501 4727 3642 4781 malo

2074 4815 2316 4866 thesauro
2341 4815 2512 4868 cordis
2539 4815 2620 4868 sui
2647 4815 2841 4884 profert
2886 4817 3028 4869 mala
3066 4817 3214 4886 (Luc.
3255 4833 3340 4879 vr,
3372 4816 3482 4883 ‘5).
3533 4815 3639 4871 Sed

2074 4906 2254 4960 omnia
2299 4921 2418 4975 qua:
2461 4906 2599 4960 bona
2629 4915 2771 4971 sunt,
2819 4907 3138 4962 naturaliter
3165 4907 3301 4961 bona
3348 4915 3495 4971 sunt,
3547 4908 3639 4962 Dei

2075 4999 2249 5068 gratia
2281 5007 2472 5068 agente
2501 5015 2514 5064 ;
2555 5014 2673 5066 qua:
2702 5014 2828 5054 vero
2862 5000 2998 5053 mala
3029 5007 3173 5061 sunt,
3202 5015 3266 5054 ex
3298 4999 3518 5069 proprio
3555 4999 3638 5054 vi-

2078 5089 2150 5140 tio
2191 5088 2330 5140 mala
2361 5088 2680 5142 eliiciuntur.
2713 5089 2990 5153 Quomodo
3033 5103 3162 5158 ergo
3187 5085 3435 5144 Christus
3474 5100 3636 5145 natu-

2076 5179 2264 5233 raliter
2320 5195 2423 5233 non
2483 5188 2565 5232 est
2618 5180 2824 5240 bonus,
2887 5194 2983 5248 per
3045 5195 3205 5248 quem
3258 5196 3480 5245 omnes,
3521 5182 3641 5250 qni-

2077 5284 2285 5336 cunque
2335 5269 2458 5322 boni
2507 5277 2672 5331 sunt,
2719 5267 3020 5323 elliciuntur
3057 5270 3220 5324 boni?
3276 5271 3426 5324 Sicut
3489 5271 3634 5325 enim

2076 5373 2241 5428 prope
2271 5355 2341 5427 [F
2347 5369 2473 5418 orte,
2505 5358 2740 5429 proprie]
2774 5368 2856 5413 cst
2879 5359 3046 5414 Filius
3074 5361 3188 5425 Dei,
3226 5377 3322 5431 per
3341 5377 3500 5430 quem
3523 5377 3640 5416 om-

2077 5465 2172 5502 nes
2199 5450 2368 5502 sancti
2395 5447 2513 5501 Filii
2541 5448 2634 5502 Dei
2664 5447 2788 5503 l'acti
2815 5460 2940 5504 sunt
2975 5453 3094 5504 :‘ita
3123 5451 3442 5506 naturaliter
3468 5452 3639 5507 bonus

2074 5551 2173 5601 est,
2224 5541 2336 5592 sine
2361 5555 2468 5608 quo
2511 5539 2685 5592 nullus
2713 5540 3033 5595 naturaliter
3060 5543 3257 5610 poterit
3283 5558 3403 5598 esse
3444 5544 3634 5600 bonus.

2077 5631 2246 5700 Hujus
2276 5647 2404 5686 vero
2436 5630 2793 5700 responsionis
2821 5630 3018 5685 Christi
3050 5634 3209 5688 verba
3236 5635 3427 5691 beatus
3450 5633 3644 5690 Hicro-
3674 5627 3678 5630 ’
