4238 6192
599 241 695 297 199

1422 228 1482 284 n.
1524 228 1583 283 ιτ.
1625 226 1848 282 Ame
1888 202 2327 283 sesamum]
2366 222 2650 279 opsnuu
2687 221 2864 276 rans
2896 219 2981 275 ιιι.

3704 168 3820 276 eoo

590 365 783 423 uymus
808 344 1072 418 presbiter
1092 344 1246 413 longe
1274 340 1452 402 aliter,
1479 352 1641 407 quam
1670 344 1724 388 ιιι
1750 334 1969 398 asseris,
1996 332 2152 389 intel-
2176 339 2224 395 Α
2255 331 2623 388 sicuthumani
2642 314 2858 401 generis
2870 342 3033 383 causa
3058 327 3330 396 poscebat,
3357 326 3409 380 in
3451 325 3621 381 beam:
3644 326 3817 397 Virgi-

591 444 680 513 ligi
709 439 898 502 voluit,
928 447 987 491 ut
1012 438 1064 491 in
1092 434 1406 507 praescripto
1435 429 1550 497 ejus
1570 426 1987 490 Commentario,
2010 425 2152 480 unde

588 532 749 603 paulo
764 539 885 583 ante
910 526 1185 597 posuimus
1208 520 1533 583 testimonia,
1559 517 1789 583 legitur!l
1811 533 1823 567 :
1848 534 1865 565 ‹
1890 514 2150 603 ραὶάᾴπις,

594 601 789 692 inquit,
838 609 1229 692 interroganda
1278 612 1449 666 bono?
1503 626 1636 663 unus
1691 617 1765 661 est
1808 608 1972 659 bonus
2014 601 2154 656 Deus

594 691 807 785 (Matth.
837 691 1063 774 ιιιξΠς
1090 706 1217 760 Luc.
1244 721 1401 767 xviii,
1426 702 1533 771 19).
1566 700 1700 768 Quia
1728 698 2042 768 magistrum
2062 708 2157 750 vo-

593 814 811 860 caverat
835 804 1050 863 bonum,
1075 807 1127 854 et
1154 798 1264 851 non‘
1289 791 1504 867 [Deum]
1535 792 1617 846 vel
1649 792 1741 844 Dei
1788 789 1987 842 Filium
2028 800 2162 841 con:

598 897 773 949 fessus
810 902 947 946 erat.
978 889 1138 953 Dicit,
1167 887 1410 957 quemvis
1438 890 1681 938 sanctum
1707 880 1977 935 hominem
2006 890 2155 959 com:

598 983 873 1052 paratione
923 979 1017 1033 Dei
1062 993 1166 1032 non
1216 989 1337 1030 esse
1385 974 1606 1034 bonum,
1656 970 1719 1023 de
1759 982 1864 1037 quo
1904 965 2099 1019 dicitur
2140 977 2155 1015 :

599 1051 927 1139 conﬁtemini
958 1067 1175 1120 Domino
1198 1063 1441 1130 quoniam
1470 1061 1631 1114 bonus
1660 1057 1831 1128 (Psal.
1862 1071 1950 1119 Cv,
1980 1052 2053 1124 1).
2081 1051 2160 1106 Ne

596 1162 715 1229 quis
741 1167 917 1212 autem
947 1164 1096 1226 putet
1118 1157 1169 1208 in
1194 1169 1276 1217 eo,
1308 1151 1450 1221 quod
1478 1150 1650 1204 bonus
1674 1146 1931 1201 Dominus
1958 1141 2157 1214 [Hier.,

598 1251 760 1323 Deus]
804 1252 1021 1311 dicitur,
1071 1246 1279 1302 excludi
1306 1260 1335 1297 a
1365 1243 1603 1298 bonitate
1636 1240 1837 1294 Filium
1868 1238 1986 1300 Dei,
2030 1236 2161 1305 legi-

596 1357 720 1398 mus
747 1343 798 1394 in
830 1340 935 1392 alio
975 1330 1090 1391 loco
1115 1356 1127 1389 :
1165 1336 1353 1388 Pastor
1382 1333 1542 1386 bonus
1571 1330 1713 1400 ponit
1755 1331 1983 1381 animam
2010 1338 2160 1379 suam

598 1447 693 1501 pro
722 1430 896 1482 ovibus
920 1428 1026 1480 suis
1060 1425 1241 1495 (Joan.
1274 1439 1328 1486 x,
1366 1421 1472 1491 11).
1517 1420 1583 1474 Ει
1606 1420 1660 1473 in
1697 1418 1965 1486 Propheta
1989 1433 2004 1469 ε
2028 1413 2163 1501 8ρό-

600 1498 757 1571 ritum
784 1518 992 1578 bonum,
1036 1524 1325 1582 terramque
1357 1511 1542 1564 bonam
1579 1506 1752 1579 (Paul.
1782 1516 1951 1570 διιεῖ,
1984 1498 2097 1576 10).
2135 1521 2155 1554 ι

599 1604 714 1659 Non
742 1605 902 1675 igitur
926 1602 1181 1656 Dominus
1208 1616 1265 1655 se
1292 1600 1485 1654 bonum
1526 1602 1705 1667 negat,
1731 1594 1825 1648 sed
1852 1592 1968 1647 cisse
1994 1592 2161 1646 Deum

2251 429 2335 481 nis
2362 435 2517 481 utero
2549 423 2765 477 Verbum
2780 439 2902 476 caro
2916 422 3111 491 factum
3124 429 3219 484 est,
3247 433 3347 473 nec
3358 418 3526 472 Deum
3542 418 3687 474 illum
3703 417 3823 476 sine

2252 517 2374 579 hoc,
2416 511 2557 583 quod
2597 513 2758 566 homo
2776 519 2890 575 est;
2935 500 3033 563 nec
3072 507 3341 561 hominem
3379 506 3495 561 sine
3533 508 3637 562 hoc
3660 496 3825 562 liceat

2253 594 2509 675 cegitare,
2539 602 2682 671 quod
2707 602 2847 655 Deus
2874 607 2973 654 est.
3006 597 3253 653 Ostendit
3273 596 3357 667 [8.
3392 595 3513 661 Leo,
3542 594 3822 667 exprimit]

2254 695 2470 767 quidem
2522 692 2621 747 sub
2677 686 2945 747 distincﬁs
2987 688 3289 743 actionibus
3330 687 3616 745 veritatem
3670 701 3825 742 suam

2255 794 2485 853 utraque
2512 789 2728 845 natura,
2758 780 2854 835 sed
2899 786 3089 833 neutra
3128 791 3187 832 se
3227 776 3299 835 ab
3343 774 3568 837 alterius
3601 773 3826 841 conjun-

2254 876 2431 929 ctione
2460 870 2735 941 disjungit.
2772 868 2914 923 Nihil
2940 866 3011 921 ibi
3038 866 3105 920 ad
3126 856 3619 923 inviaenalienum
3648 872 3823 918 vacat.

2257 965 2367 1020 Nec
2405 965 2549 1019 enim
2576 963 2830 1017 divinitas
2868 961 3062 1014 anima:
3092 957 3480 1037 tristalllgpte
3520 959 3825 1027 passionem

2258 1061 2447 1125 defuit,
2476 1075 2576 1114 nec
2612 1072 2831 1113 carnem
2858 1070 3009 1110 suam
3041 1053 3093 1106 in
3135 1051 3384 1122 passione
3408 1051 3663 1106 deseruit.
3692 1050 3829 1105 Tota
3908 1053 3913 1058 ’

2258 1153 2430 1211 estin
2470 1148 2754 1218 majestate
2792 1145 3087 1208 humilitas,
3124 1151 3235 1197 tota
3286 1142 3339 1195 in
3374 1139 3676 1196 humilitate
3717 1155 3830 1213 ina-

2254 1242 2443 1309 jestas.
2498 1240 2704 1294 Idcirco
2747 1235 2986 1305 ejusdem
3031 1244 3115 1289 eSt
3156 1231 3509 1295 contumelia,
3556 1228 3709 1298 cujus
3747 1238 3832 1287 est

2261 1332 2450 1402 gloria.
2495 1329 2615 1399 ipse
2654 1334 2737 1382 est
2776 1324 2831 1380 in
2877 1324 3208 1387 inﬁrmitate,
3258 1322 3350 1391 qui
3394 1317 3449 1376 et
3486 1321 3537 1374 in
3584 1321 3829 1402 virtute:

2261 1395 2401 1476 idem
2428 1395 2619 1473 mortis
2657 1431 2846 1486 capax,
2875 1422 2931 1468 et
2966 1413 3103 1467 idem
3130 1412 3302 1468 victor
3327 1418 3411 1465 est
3446 1395 3657 1464 mortis:
3699 1407 3835 1463 Sus-

2251 1508 2404 1581 cepit
2435 1521 2564 1577 ergo
2602 1511 2770 1560 totum
2814 1501 3087 1556 hominem
3128 1498 3293 1564 Deus,
3330 1506 3385 1553 et
3412 1499 3490 1552 ita
3526 1513 3585 1554 se
3629 1496 3705 1551 illi
3745 1504 3831 1551 at-

2264 1610 2372 1666 que
2400 1594 2571 1657 illum
2632 1593 2734 1649 sibi
2771 1590 3156 1646 misericordiae
3203 1598 3260 1645 et
3300 1589 3585 1659 potestatis
3620 1588 3832 1644 ratione

600 1674 886 1765 significat.
924 1692 1039 1747 Non
1070 1707 1128 1746 se
1172 1690 1487 1759 magistrum
1516 1687 1713 1741 bonum
1744 1697 1849 1737 non
1874 1696 1993 1758 esse
2012 1720 2028 1745 ,
2069 1678 2164 1735 sed
2194 1674 2240 1735 Β
2267 1684 2564 1749 conseruit,
2589 1691 2648 1736 ut
2674 1689 2905 1751 utraque
2928 1679 3082 1734 alteri
3113 1686 3305 1732 natura
3341 1679 3573 1743 inesset,
3618 1685 3674 1732 et
3696 1680 3834 1731 neu-

603 1754 919 1855 tnagistrum
959 1782 1159 1848 absque
1184 1754 1294 1832 Deo
1317 1777 1518 1830 nullum
1548 1775 1743 1828 bonum
1770 1786 1888 1825 esse
1912 1754 2160 1824 testatur.

682 1874 769 1926 XI.
810 1872 977 1925 Addis
997 1884 1226 1939 quoque,
1258 1866 1345 1920 ubi
1376 1866 1442 1919 de
1477 1864 1683 1919 duabus
1727 1863 1781 1917 in
1823 1859 2038 1929 Christo
2068 1873 2166 1912 na-

508 1954 519 1965 ’
604 1965 741 2019 turis
768 1964 1050 2032 disputas:
1106 1980 1124 2011 ι
1155 1956 1503 2028 lmpassibilis
1537 1956 1590 2009 in
1634 1967 1754 2018 suo,
1798 1950 2070 2023 passibilis
2109 1950 2165 2004 in

606 2054 799 2106 alieno.
839 2071 855 2103 ι
895 2051 1032 2117 Quid
1059 2049 1193 2103 dicis
1226 2048 1457 2101 alienum
1505 2058 1624 2121 esse
1670 2042 1768 2097 Dei
1801 2040 1939 2094 Filio
1979 2040 2032 2093 in
2075 2038 2167 2093 illa

606 2139 941 2195 susceptione
968 2136 1366 2200 humanitatish
1386 2149 1505 2203 quae
1536 2133 1590 2186 in
1618 2122 1822 2185 tantam
1845 2137 1901 2184 et
1929 2137 2041 2183 tam
2068 2129 2171 2182 mi-

608 2226 830 2283 rabilem
876 2242 996 2280 cum
1046 2227 1139 2280 Dei
1178 2224 1311 2278 Filio
1349 2230 1621 2292 assumpta
1664 2229 1745 2276 est
1782 2220 2066 2283 unitatem,
2109 2228 2172 2274 ut

608 2333 748 2371 unus
775 2314 937 2380 esset,
966 2330 1070 2369 non
1096 2314 1239 2369 duo?
1274 2313 1416 2367 Idem
1452 2312 1505 2365 in
1538 2310 1833 2365 divinitatis
1861 2308 2050 2379 gloria,
2076 2306 2168 2377 qui

609 2416 664 2461 et
693 2407 746 2460 in
777 2405 1124 2459 humanitatis
1168 2402 1501 2465 inﬁrmitate,
1537 2401 1677 2455 idem
1718 2399 1887 2453 Filius
1914 2398 2031 2461 Dei,
2078 2397 2170 2465 qui

609 2509 665 2554 et
700 2497 841 2553 ﬁlius
882 2496 1133 2556 hominis,
1163 2503 1217 2547 et
1256 2494 1396 2547 idem
1431 2492 1570 2544 ﬁlius
1610 2488 1959 2557 hominisqui
1982 2494 2039 2541 et
2082 2486 2172 2540 Fi-

611 2592 717 2644 lius
762 2586 873 2644 Dei.
907 2585 1045 2653 Quid
1090 2585 1232 2638 enim
1282 2583 1335 2636 in
1380 2583 1481 2636 hac
1525 2578 1898 2647 conjunctione
1940 2577 2175 2631 alienum

612 2680 786 2749 potuit
809 2658 951 2741 esse,
976 2674 1102 2729 dum
1125 2688 1311 2727 omnes
1332 2681 1484 2726 actus
1507 2654 1856 2739 utrarumque
1884 2670 1936 2722 in
1959 2668 2174 2723 Christo

615 2778 929 2823 naturarum
951 2767 1111 2819 unius
1130 2766 1357 2833 propria:
1372 2778 1491 2816 esse
1513 2775 1753 2831 personas
1780 2768 1984 2814 certum
2009 2758 2174 2813 habe-

616 2869 726 2922 tur,
756 2858 891 2911 sicut
916 2857 1103 2909 beatus
1128 2854 1238 2907 Leo
1266 2867 1402 2922 papa
1431 2854 1505 2904 ait
1534 2853 1599 2930 b5
1632 2871 1651 2901 ι
1683 2849 1843 2904 Salva
1864 2857 2176 2903 naturarum

614 2944 963 3018 proprietate,
989 2944 1155 3015 838
1184 2958 1300 3012 qua:
1327 2942 1418 2996 Dei
1451 2949 1594 3007 sunt,
1628 2940 1953 2998 transierunt
1990 2940 2045 2992 in
2084 2939 2176 2991 ho-

618 3001 839 3101 minem,
868 3044 924 3089 et
949 3001 1274 3102 qua:
1301 3031 1530 3087 hominis
1554 3039 1712 3095 sunt,
1755 3030 2083 3083 transierunt
2123 3028 2175 3081 in
2200 3001 2247 3064 ο

621 3125 790 3179 Deum
816 3142 828 3176 :
859 3132 917 3176 ut
947 3137 1047 3177 nec
1067 3122 1180 3179 side
1209 3123 1423 3175 homine
1452 3130 1672 3191 agerent
1701 3121 1895 3181 divina,
1921 3135 2023 3174 nec
2064 3119 2179 3173 sine

620 3214 730 3267 Deo
766 3220 1049 3283 agerentur
1090 3212 1340 3265 humana.
1385 3210 1497 3264 Hoc
1540 3210 1681 3264 enim
1734 3210 1994 3263 catholica
2048 3208 2180 3261 ﬁdes

622 3303 806 3366 tradit,
856 3304 958 3357 hoc
1005 3302 1188 3371 exigit,
1219 3310 1278 3354 ut
1320 3302 1371 3355 in
1414 3301 1767 3371 Redemptore
1812 3309 1998 3355 nostro
2046 3300 2182 3354 duas

621 3392 857 3445 noverim
896 3389 975 3461 [5.
1006 3390 1129 3455 Leo,
1159 3390 1487 3463 noverimus]
1511 3390 1826 3446 convenisse
1846 3399 2101 3455 naturas;
2128 3398 2184 3444 et

621 3480 961 3535 manentibus
988 3481 1401 3549 proprietatibus
1433 3481 1568 3543 suis,
1598 3489 1801 3537 tantam
1827 3480 2025 3535 factam
2066 3480 2186 3534 uni—
2236 3476 2239 3479 λ

624 3577 790 3623 tatem
825 3569 1098 3637 utriusque
1141 3569 1472 3633 substantia,
1492 3576 1555 3623 ut
1579 3572 1650 3623 ab
1674 3569 1766 3622 illo
1797 3576 2059 3638 tempore,
2080 3584 2187 3639 quo

2269 1783 2353 1829 tra
2390 1774 2445 1828 in
2483 1771 2713 1829 alteram
2752 1786 2783 1825 a
2824 1785 2918 1824 sua
2959 1768 3291 1838 proprietate
3336 1767 3611 1821 transiret.
3658 1766 3835 1837 Atque

2268 1865 2344 1920 ita
2382 1864 2437 1918 in
2476 1850 2639 1921 carne
2674 1861 2891 1931 propria
2927 1873 3119 1929 passus
3155 1866 3239 1913 est
3268 1855 3616 1928 impassibilis
3653 1856 3834 1921 Deus,

2269 1960 2557 2006 ut.veram
2596 1950 2920 2018 passionem,
2965 1947 3090 2016 quia
3137 1945 3343 2010 voluit,
3372 1934 3452 2001 lin
3505 1960 3633 1999 vera
3672 1960 3837 2001 carne

2272 2042 2530 2105 sentiret,
2567 2048 2622 2094 et
2659 2041 2710 2094 in
2735 2040 3013 2108 divinitate
3037 2054 3261 2108 prorsus
3287 2039 3690 2109 impassibiliter
3708 2053 3836 2108 per-

2274 2145 2546 2201 maneret;
2577 2152 2676 2192 nec
2706 2136 2844 2190 alius
2885 2136 3231 2204 semetipsum
3278 2135 3437 2188 morti
3484 2133 3730 2203 dignatus
3770 2132 3842 2186 sit

2275 2225 2508 2289 tradere,
2547 2240 2711 2294 quam
2751 2223 2836 2277 ille
2859 2222 2950 2293 qui
2994 2223 3073 2277 sic
3110 2221 3283 2292 potuit
3312 2220 3548 2275 moriens
3575 2220 3641 2273 de
3662 2226 3839 2273 morte

2274 2316 2523 2379 vincere,
2570 2322 2629 2367 ut
2672 2322 2897 2367 mortem
2944 2327 3050 2366 non
3089 2311 3258 2382 possit
3305 2310 3358 2365 in
3405 2318 3578 2363 morte
3616 2306 3839 2362 sentire.

2278 2403 2384 2459 Sed
2422 2404 2524 2458 hoc
2560 2403 2918 2458 certissimum
2978 2402 3117 2456 scire
3159 2400 3445 2464 debemus,
3487 2397 3627 2467 quod
3684 2394 3843 2465 quid.

2276 2494 2404 2559 quid
2440 2493 2739 2547 vexationis
2760 2500 2814 2545 et
2848 2490 3114 2560 passionis
3143 2488 3293 2542 furor
3328 2488 3505 2541 intulit
3527 2486 3839 2555 impiorum,

2277 2598 2383 2636 non
2430 2582 2495 2637 de
2536 2582 2855 2636 necessitate
2907 2580 3190 2634 toleratam
3228 2620 3243 2643 ,
3284 2580 3379 2633 sed
3440 2577 3506 2631 de
3567 2576 3845 2635 voluntate

2278 2679 2582 2740 susceptum
2620 2680 2706 2725 est
2750 2689 2762 2723 ε
2804 2691 2821 2721 ι
2870 2670 3032 2725 veluti
3081 2670 3244 2735 etiam
3287 2668 3488 2733 omnia,
3537 2681 3655 2736 qua:
3692 2664 3842 2718 inﬁr-

2278 2761 2481 2815 mitatis
2524 2769 2647 2814 sunt
2691 2761 2957 2823 humanas,
2986 2761 3261 2831 voluntate
3283 2759 3559 2823 sustinuit,
3602 2772 3705 2811 non
3748 2750 3845 2811 ne?

2277 2842 2550 2914 cessitate,
2595 2856 2655 2902 ut
2682 2847 2899 2913 famem,
2940 2850 3100 2911 sitim,
3142 2847 3843 2910 lassimdiuem,osomnum,

2280 2940 2578 3005 irrisiones,
2608 2954 2839 3004 crucem,
2875 2948 3032 3008 atque
3072 2940 3242 3007 ipsam
3285 2944 3534 3001 mortem.
3556 2928 3647 2990 Alta
3676 2945 3731 2990 et
3758 2936 3845 2990 ille

2277 3035 2368 3104 qui
2406 3034 2618 3103 propria
2665 3032 2938 3087 voluntate
2970 3040 3209 3085 mortuus
3238 3032 3585 3099 esu-propria
3627 3036 3846 3097 quoque

2275 3133 2537 3196 potestate
2567 3125 2821 3189 surrexit,
2855 3124 3015 3177 veluti
3046 3134 3169 3178 ante
3192 3123 3440 3192 prmth
3482 3140 3494 3176 :
3529 3120 3844 3175 Potestatem

2277 3215 2459 3278 habeo,
2476 3214 2669 3282 inquit,
2684 3212 2907 3281 ponendi
2929 3214 3156 3265 animum
3170 3220 3421 3273 meam,et
3436 3215 3735 3278 poteltatem
3753 3210 3846 3262 ha-

2283 3303 2374 3355 beo
2390 3304 2573 3354 iterum
2597 3301 2833 3355 sumendi
2848 3314 2960 3355 eam
2976 3292 3127 3373 (Luc.
3152 3316 3207 3363 ιι,
3225 3301 3331 3367 18).
3364 3300 3468 3355 Sed
3483 3296 3848 3367 nelongiorli-

2285 3394 2407 3449 belli
2421 3395 2587 3449 series
2607 3393 2817 3464 legendi
2834 3388 3102 3448 fastidium
3122 3401 3357 3463 generet,
3376 3392 3463 3445 hic
3477 3393 3544 3444 sit
3568 3390 3723 3459 hujus
3737 3403 3850 3443 sen-

2286 3484 2462 3539 monis
2500 3484 2643 3549 ﬁnis,
2689 3492 2745 3537 ut
2781 3481 2853 3538 ab
2889 3479 2996 3537 die
3018 3482 3254 3539 .tiberius
3287 3481 3460 3536 oratio
3482 3488 3659 3535 sumat
3693 3476 3855 3534 cier

2291 3575 2458 3628 dium.

696 3696 806 3773 ξιξ.
844 3697 1006 3773 _Hicr.
1062 3699 1115 3751 in
1148 3713 1277 3773 cap.
1330 3714 1421 3773 xix
1472 3698 1661 3773 Matth.
1713 3713 1786 3773 ea
1824 3712 1932 3773 quo
1975 3708 2180 3755 textum
2220 3700 2451 3755 maxime
2474 3702 2528 3754 in
2553 3699 2722 3769 priori
2751 3697 2998 3755 Editione
3026 3706 3335 3767 corruptum
3356 3698 3776 3753 emendavimus.

698 3766 725 3804 ιι
754 3766 810 3819 S.
844 3767 950 3820 Leo
980 3783 1113 3835 papa
1146 3766 1319 3820 Serm.
1350 3768 1437 3831 54,
1470 3772 1587 3837 cap.
1621 3769 1645 3821 1
1677 3776 1731 3821 et
1757 3768 1792 3820 ἓ

1272 3878 3841 3911 mw

1946 3990 2176 4049 LIBER
2220 3988 2545 4063 SEXTUS.

697 4185 739 4237 l.
778 4181 1093 4237 Sublimitas
1130 4182 1435 4250 apostolicae
1476 4182 1814 4237 auctoritatis
1843 4191 2049 4237 terrere
2089 4182 2182 4237 de-

630 4275 833 4329 buisset
856 4275 986 4329 istos
1013 4274 1309 4342 adoptionis
1338 4274 1418 4327 vel
1448 4276 1854 4345 nuncupationis
1886 4277 1940 4329 in
1970 4276 2184 4331 Christo

2287 4182 2415 4237 tatis
2443 4184 2764 4253 sequacibus
2791 4182 3007 4237 Christo
3033 4180 3251 4249 injicere
3282 4187 3449 4233 tentat
3473 4178 3707 4233 debitam
3732 4194 3849 4234 ser-
3946 4210 3953 4217 κ

2287 4274 2533 4337 vitutem,
2560 4282 2615 4327 et
2643 4273 2999 4328 conditionale
3042 4272 3318 4342 servitium
3342 4312 3356 4335 ,
3404 4280 3459 4326 et
3490 4272 3851 4334 necessariam

633 4372 955 4426 assertores,
986 4374 1044 4417 ut
1064 4372 1323 4427 tacerent,
1348 4366 1470 4433 quia
1497 4361 1683 4421 omnes
1710 4368 1971 4423 novitates
1994 4382 2185 4422 vocum
2211 4358 2263 4419 D
2288 4362 2672 4431 subjectionem
2723 4382 2735 4415 :
2770 4363 2896 4418 dum
2941 4377 3130 4417 omnes
3172 4361 3497 4431 evangelica
3544 4362 3751 4431 paginae
3796 4368 3853 4415 et

634 4452 842 4513 cunctis
864 4452 1141 4506 catholica:
1169 4452 1290 4507 tidei
1322 4453 1443 4508 ﬁliis
1475 4454 1573 4508 sub
1597 4457 1954 4511 anathematis
1981 4465 2188 4510 terrore

633 4541 929 4596 interdixit.
986 4537 1090 4593 Sed
1140 4541 1409 4596 obstinata
1442 4558 1615 4598 ‘mens
1680 4545 1839 4599 nullis
1894 4546 2190 4599 terroribus

632 4630 865 4684 emollita
892 4644 922 4682 a
945 4643 1054 4683 sua:
1081 4630 1447 4698 perversitatis
1468 4633 1763 4700 pertinacia
1794 4636 2185 4702 conpescitur:

634 4734 733 4772 nec
751 4733 937 4773 eorum
968 4717 1323 4771 damnationis
1348 4719 1593 4787 eiemplo
1612 4720 1896 4789 semetipsa
1920 4724 2195 4791 corrigere

638 4814 809 4867 curat,
838 4806 929 4873 qui
975 4806 1236 4859 anteactis
1264 4808 1590 4875 temporibus
1630 4823 1799 4862 novas
1829 4819 2024 4873 sectas,
2063 4826 2192 4880 apo-

638 4893 949 4963 stolicisque
976 4896 1351 4951 traditionibus
1379 4900 1678 4952 contrarias
1708 4899 2048 4953 introducere
2071 4908 2190 4954 ten-

638 4990 836 5036 tarunt.
863 4984 937 5037 Ita
980 4987 1122 5039 enim
1150 5002 1250 5040 nec
1280 4988 1385 5051 isti,
1416 4988 1518 5057 qui
1553 4989 1713 5058 hujus
1752 4991 2000 5045 novitatis
2028 4991 2194 5044 intro-

640 5069 918 5147 ductiones
945 5070 1066 5125 ﬁdei
1096 5073 1373 5129 catholica:
1403 5076 1640 5130 inserere
1680 5085 1959 5141 conantur,
2000 5093 2059 5133 se
2102 5079 2191 5147 pia

640 5150 955 5215 humilitatis
982 5160 1410 5221 consideratione
1435 5164 1488 5217 in
1511 5163 1649 5217 ovile
1669 5164 1987 5220 universalis
2010 5166 2194 5237 Eccle;

641 5246 733 5301 sia:
760 5262 857 5318 per
899 5248 1207 5320 aposaolieaa
1236 5247 1357 5303 ﬁdei
1392 5250 1646 5303 unitatem
1674 5266 1926 5308 revocare
1952 5255 2188 5311 student.

645 5334 712 5388 Et
740 5337 1042 5425 mlsolum
1071 5338 1210 5394 male
1245 5338 1449 5407 prolata
1494 5340 1792 5396 salubriore
1823 5356 1983 5398 sensu
2012 5360 2195 5400 emeno

644 5429 776 5483 dare
1331 5449 1346 5485 :
1383 5446 1568 5489 verum
1598 5433 1763 5487 etiam
1808 5433 2083 5501 peioribus
2135 5450 2193 5490 se

643 5515 820 5567 denuo
851 5514 1125 5584 implicare
1151 5516 1423 5574 erroribus
1448 5520 1794 5575 contendunt.
1826 5519 1975 5574 Unde
2003 5530 2057 5575 et
2095 5522 2195 5575 istc

646 5605 796 5660 Felix
829 5607 1118 5665 infeliciore
1144 5611 1386 5676 audacia,
1416 5628 1535 5667 cum
1560 5612 1770 5668 exteris
1797 5627 1905 5667 sum
1930 5616 2194 5682 perversi-

914 5850 959 5909 2’!

2291 4454 2595 4523 apostolica:
2626 4453 2919 4523 Scriptura
2961 4453 3234 4510 Christum
3262 4453 3528 4507 veraciter

2292 4543 2481 4609 Deum,
2508 4551 2671 4611 atque
2696 4543 2788 4597 Dei
2823 4537 3025 4601 Filium
3042 4541 3384 4611 apertissime
3413 4538 3854 4616 testentukghc

2292 4630 2451 4695 alicui
2478 4638 2782 4685 sanctorum
2829 4637 2979 4685 tanta
3014 4623 3121 4685 ειη
3152 4628 3399 4687 latitudo
3425 4612 3854 4699 sapientiamael

2292 4728 2400 4773 tam
2423 4720 2639 4789 grandis
2666 4718 2982 4792 eloqumﬂa
3011 4721 3187 4789 sepia,
3214 4731 3277 4774 ut
3301 4717 3597 4775 ιιιωά
3622 4714 3855 4789 gloriam

2292 4809 2489 4864 Christi
2518 4811 2609 4864 Dei
2639 4812 2797 4881 digne
2820 4810 3083 4879 potuisset
3119 4802 3395 4867 enarrem.
3445 4808 3674 4885 Superat
3708 4811 3855 4868 litim

2291 4914 2503 4953 omnem
2550 4913 2765 4955 sensum
2816 4890 3092 4953 rationalis
3126 4906 3389 4953 creaturae
3415 4898 3573 4968 hujus
3613 4894 3856 4968 mysterii

2292 4989 2625 5059 magnitudo,
2649 5004 2759 5059 quo
2782 4987 2880 5043 Dei
2905 4985 3075 5041 Filius
3102 4986 3157 5040 in
3186 4987 3445 5041 unitatem
3472 4984 3847 5057 persnnm‘hu-

2293 5077 2567 5132 manitatis
2615 5085 2874 5133 naturam.
2891 5089 3164 5132 assumere
3191 5079 3457 5147 dignatus
3480 5082 3678 5140 nataret
3715 5076 3893 5129 inter‘

2294 5167 2539 5221 homines
2568 5166 2727 5221 homo
2755 5161 3229 5223 Deus‘conversari
3245 5207 3263 5231 ,
3293 5167 3395 5236 qni-
3412 5167 3469 5220 in
3488 5165 3642 5221 ctells
3664 5151 3857 5220 adora-

2294 5264 2382 5309 tur
2409 5255 2477 5309 ab
2503 5254 2743 5325 angelis:
2778 5252 3142 5323 qum‘infelix
3181 5258 3408 5312 istorum
3441 5246 3721 5311 temeritas
3755 5256 3855 5312 de-

2292 5345 2522 5401 bitorem
2549 5345 2843 5409 servitutis,
2884 5346 2967 5400 vel
2995 5347 3409 5403 conditionalem
3437 5363 3653 5405 servum
3676 5340 3850 5403 nani-

2292 5448 2423 5488 nare
2446 5450 2563 5488 non-
2592 5435 2799 5497 meum,
2825 5444 2881 5489 et
2906 5435 3088 5495 intima
3117 5449 3343 5507 quoque
3368 5440 3585 5494 nomina
3618 5435 3851 5493 Rede-

2292 5524 2430 5593 ptori
2456 5531 2640 5578 nostro
2661 5522 2893 5588 Christo,
2909 5510 3021 5579 Deo
3041 5541 3191 5591 vero,
3214 5536 3270 5582 et
3290 5528 3421 5600 Regi
3448 5536 3651 5599 regum,
3676 5526 3858 5587 MM-

2295 5628 2467 5682 uoque
2492 5612 2877 5669 dominantium
2909 5616 3179 5684 imponere
3204 5620 3497 5687 praesumit.
