4238 6260
461 300 557 366 204

459 512 775 569 necessitate
801 508 1144 562 constrictum
1177 522 1297 562 esse
1336 506 1635 570 contendis,
1659 505 1912 570 dic,.oro,
1952 503 2005 557 in

458 615 566 671 quo
605 597 704 652 luit
742 596 988 656 Christus
1023 594 1179 652 Iesus
1207 583 1458 652 debiior?
1498 587 1746 665 Nunquid
1787 593 2006 664 peccata

457 689 664 751 habuit,
690 695 750 741 ut
786 697 1002 756 propter
1025 676 1363 756 peccaturum
1391 684 1760 768 remissionem
1800 685 2010 740 debitor

457 779 635 836 esset?
670 778 802 833 Nam
832 778 885 833 in
921 778 1161 833 oratione
1186 778 1460 832 Dominica
1488 776 1664 831 debita
1692 790 1791 845 pro
1820 785 2008 848 perca-

459 853 833 940 tis‘ponuntur,
862 868 1003 923 sicut
1044 866 1274 923 solemus
1305 863 1370 921 es
1412 874 1679 938 prtrcepto
1709 867 1877 936 ipsius
1906 866 2010 920 Ve-

457 951 631 1016 ritatis
654 952 893 1028 quotidie
936 956 1223 1012 decantare
1261 972 1275 1009 :
1324 954 1391 1010 Et
1418 957 1619 1010 dimitte
1648 956 1795 1028 nobis
1837 954 2008 1009 debita

456 1055 653 1102 nostra.
692 1046 826 1117 sfettt
872 1051 923 1098 et
948 1059 1060 1098 nos
1105 1040 1410 1099 dimittimus
1463 1042 1779 1097 debitoribus
1819 1042 2006 1096 nostris

456 1125 671 1204 (Matth.
698 1149 776 1198 vi,
803 1132 908 1202 19).
934 1131 1087 1191 Unde
1106 1139 1169 1207 (et
1210 1146 1332 1187 mox
1356 1130 1518 1200 hujus
1555 1131 1834 1202 petitionis
1856 1146 2009 1186 reca-

454 1221 699 1294 pitulatio
740 1220 977 1289 subjecta
1024 1227 1128 1282 est,
1175 1227 1236 1274 ut
1279 1220 1664 1290 intelligeretur
1705 1221 1771 1277 de
1806 1220 2009 1289 quibus

440 1306 689 1366 dixisset.
704 1309 923 1373 debitis;
956 1308 1033 1362 ait
1053 1308 1195 1363 enim
1227 1309 1337 1377 ipse
1368 1309 1625 1364 Dominus
1652 1308 1705 1363 in
1733 1307 2006 1379 sequenti-

453 1400 589 1458 bus:
620 1400 680 1456 Si
708 1400 1006 1463 dimiseritis
1035 1400 1328 1453 hominibus
1356 1407 1565 1468 peccato
1591 1415 1794 1462 eorum,
1832 1396 2009 1452 dimit-

453 1498 524 1543 tet
548 1499 598 1543 et
638 1489 776 1543 nobis
817 1488 977 1543 Pater
996 1497 1158 1543 uester
1188 1487 1403 1543 celestis
1431 1486 1617 1541 delicta
1645 1498 1810 1543 vestra
1840 1481 2003 1557 (Ibid.

455 1577 566 1648 η).
596 1574 663 1633 Et
688 1576 778 1631 ubi
804 1586 943 1657 unus
968 1568 1290 1648 evangelisia
1332 1574 1482 1640 dicit,
1508 1574 1680 1629 debita
1707 1585 1906 1643 nostra,
1933 1573 2004 1631 ibi

1163 303 1552 373 DOCMATICA
1606 333 1675 344 —
1710 300 1871 360 ΜΝ.
1909 294 2020 356 FEI

2058 296 2202 355 lCEM
2235 296 2414 356 LIBRI
2450 299 2559 358 VII.
2597 329 2668 343 -
2700 299 2823 355 LIB.
2864 297 2947 354 Vl.
3524 301 3555 366 ’ἕ

522 414 689 493 339
722 418 783 473 ll.
820 416 971 484 Quod
1015 426 1140 486 ergo
1182 415 1455 473 Christum
1497 416 1690 472 debita:
1732 412 2006 471 servitutis
2032 414 2081 472 Λ
2176 412 2261 469 ill.
2290 411 2422 468 Illud
2453 426 2582 468 vero
2606 412 2746 482 quod
2779 413 2859 465 ais
2887 430 2900 466 :
2931 429 2948 458 ι
2982 409 3131 467 illum
3160 415 3373 478 propter
3413 394 3656 479 igaoltilia

2113 61 2124 64 —
2391 45 2398 48 _
2523 39 2530 42 _
2663 33 2686 68 ..-
2741 63 2768 72 .Γ
2807 29 2822 68 -.
2869 59 2876 62 _
2921 59 2944 64 -
3076 64 3085 67 7
3120 60 3135 65 .-
3159 55 3168 58 _
3209 53 3216 60 ἒ
3293 49 3310 56 .-
3337 43 3378 65 ,ιμ
3393 40 3466 64 ...ν-.-
3511 59 3538 64 ’-
3567 37 3580 42 ..
3649 55 3672 58 _
3713 55 3716 57 _
3739 53 3762 58 h
3787 51 3798 58 ἡ
3943 33 3952 36 _
3987 33 4005 59 ι
4027 29 4032 34 .

1841 71 2206 114 _‘;;H_____q__,u
2239 87 2342 102 *ᾧ
2373 75 2382 88 :
2587 67 2630 76 ⁴-’
2772 66 2783 73 ‘
2896 82 2907 87 -
3038 66 3061 89 .:
3094 78 3121 85 ..
3156 78 3193 87 ...-
3212 76 3227 83 -
3271 83 3280 92 __
3299 76 3351 96 τ
3393 68 3436 92 _._
3489 63 3548 92 _.
3549 47 3986 92 ,τέκες-ι.
3843 97 3854 100 _
3883 83 3950 100 Ἠν
3977 71 4006 100 ς,

1193 111 1330 124 ._...-
1353 109 1396 120 ._..
1435 111 1446 118 .
1686 128 1737 133 ἡ
1772 107 1869 133 74-
1977 107 1988 112 -
2021 103 2058 110 --
2076 130 2085 135 >
2119 103 2142 130 -
2162 130 2195 133 Ar
2288 130 2321 133 γ
2354 132 2407 135 “7
2519 113 2614 134 ,ὧι-η
2637 109 2756 134 _’»_;-__
2797 113 3010 134 ____ﬁ
3019 107 3122 134 ___-..
3167 113 3192 119 ,ρ
3213 107 3226 132 .-_
3297 127 3300 130 _
3355 114 3370 118 _
3437 114 3474 130 ._.
3497 126 3518 132 __
3581 127 3592 130 _
3689 115 3698 118 _
3717 115 3726 120 .
3829 99 4032 132 _._.-;...:-
4019 101 4032 108 -

2440 132 2453 135 e
2478 132 2507 135 _
3003 133 3010 136 ..
3313 131 3316 136 .
3347 125 3420 136 --
3613 127 3710 136 ...η-
3855 131 3870 138 ..

2106 508 2270 558 tatem
2298 501 2763 571 beat'c'Virgiuis,
2802 514 2923 571 qua!
2960 515 3019 555 se
3060 498 3304 554 ancillam
3325 498 3425 572 (Dei
3467 495 3651 552 humili

2104 572 2235 648 voce
2275 599 2629 660 protestatur,
2670 604 2883 645 servum
2911 603 3033 645 esse
3059 584 3487 645 conditionalem.
3525 609 3544 635 ι
3593 581 3652 640 Si

2105 683 2440 739 sanctissima
2467 684 2619 753 virgo
2660 676 2823 738 Maria
2842 679 3255 751 juna'vestram
3299 673 3651 739 tcmcritatctu

2103 774 2478 832 conditionalis
2519 783 2602 829 est
2630 773 2855 838 ancilla;
2870 788 3000 845 ergo
3025 771 3254 829 nobilior
3274 779 3361 830 est
3390 771 3524 829 Sara
3564 788 3652 827 se-

2104 863 2335 919 cundum
2364 863 2706 933 apostolicam
2752 864 3145 927 auctoritatem,
3181 863 3248 919 de
3272 877 3377 932 qua
3406 860 3519 933 ipse
3554 862 3653 916 do-

2103 963 2221 1011 ctor
2268 956 2501 1027 gentium
2543 953 2619 1008 ait
2658 974 2670 1006 :
2705 948 2968 1024 Scriptum
2993 963 3067 1008 est
3108 952 3352 1027 quoniam
3389 952 3650 1007 Abraham

2103 1044 2233 1099 duos
2257 1044 2396 1113 ﬁlios
2428 1043 2634 1121 ‘habuit,
2660 1058 2819 1097 unum
2859 1040 2925 1096 de
2962 1041 3177 1105 ancilla,
3219 1051 3268 1097 et
3304 1058 3462 1097 unum
3490 1040 3554 1095 de
3589 1039 3655 1093 li-

2104 1133 2244 1188 bera.
2292 1130 2397 1189 Sed
2422 1130 2512 1203 qui
2555 1133 2619 1186 de
2655 1129 2878 1192 ant-illa.
2926 1129 3206 1185 secundum
3249 1143 3456 1185 carnem
3502 1140 3653 1184 natus

2103 1231 2202 1281 est.
2229 1220 2317 1293 qui
2342 1232 2511 1276 autem
2536 1217 2801 1283 delibera,
2825 1220 2918 1290 p‘er
2945 1216 3387 1291 repromissionem
3410 1217 3551 1288 (Gal.
3578 1235 3650 1291 tv.

2100 1312 2198 1374 ἥ.
2237 1311 2350 1380 23).
2380 1309 2449 1366 Et
2491 1319 2615 1381 post
2635 1325 2842 1379 pauca:
2882 1308 2987 1364 Sed
3020 1311 3145 1381 quid
3181 1310 3305 1364 dicit
3348 1307 3658 1380 Scriptura?

2107 1400 2261 1471 Ejice
2273 1399 2519 1455 ancillam
2542 1409 2590 1454 et
2616 1398 2782 1468 ﬁlium
2810 1398 2923 1469 ejus
2948 1416 2966 1453 :
2994 1416 3095 1454 non
3121 1397 3255 1453 enim
3279 1400 3442 1454 Intres
3461 1399 3560 1453 erit
3585 1401 3647 1468 [i-

2103 1490 2205 1545 lius
2235 1489 2441 1546 ancilla:
2460 1503 2576 1544 cum
2604 1487 2715 1559 ﬁlio
2738 1486 2913 1543 liberte
2936 1486 3096 1556 (Ibid.
3120 1488 3231 1550 30).
3253 1486 3415 1544 Forte
3438 1497 3493 1542 et
3516 1489 3654 1559 apud

2103 1589 2158 1636 te
2185 1576 2414 1635 nobilior
2437 1587 2522 1635 est
2560 1579 2710 1634 Isaac
2743 1595 2902 1648 quam
2929 1576 3210 1635 Christus:
3237 1581 3328 1649 qui
3366 1578 3657 1650 apostolico

453 1666 593 1722 alius
634 1679 732 1736 pro
766 1664 961 1721 debitis
985 1676 1207 1735 peccata
1248 1666 1401 1735 ponit
1427 1664 1576 1734 (Luc.
1604 1680 1677 1727 in,
1704 1663 1782 1736 4).
1826 1662 1884 1719 Si
1912 1664 2004 1719 de-
2102 1664 2408 1727 testimonio
2427 1662 2682 1722 delibera
2707 1674 2864 1722 natus
2888 1674 2993 1731 est,
3020 1676 3076 1722 et
3108 1664 3373 1732 Christus,
3410 1676 3471 1722 ut
3493 1676 3547 1722 tu
3572 1683 3657 1722 as-

452 1753 596 1811 hitor
611 1760 715 1818 est,
736 1753 826 1826 qui
845 1760 901 1808 et
923 1760 1192 1824 peccator,
1207 1761 1263 1807 ut
1282 1750 1588 1823 evangeliea
1611 1751 1812 1808 veritas
1827 1759 2006 1808 osten-
2035 1737 2078 1795 Β
2104 1757 2258 1818 seris.
2303 1757 2371 1813 de
2418 1757 2609 1813 ancilla
2636 1771 2674 1813 ,:
2702 1764 2758 1812 ct
2798 1771 2986 1812 omnes
3027 1755 3258 1827 adoptivi
3303 1757 3395 1813 lilii
3429 1756 3522 1814 Dei
3562 1758 3653 1825 'qui

451 1841 549 1908 dit,
576 1841 816 1911 nunquid
838 1850 893 1897 et
905 1839 1151 1897 Christus
1172 1848 1420 1912 peccator
1439 1840 1561 1906 fuit,
1587 1849 1647 1897 ut
1670 1838 1880 1898 debitor
1897 1840 2002 1899 dici

451 1930 679 1989 debeat?
707 1931 810 1987 nisi
837 1929 976 1988 forte
996 1928 1105 1986 alio
1131 1945 1288 1987 sensu
1327 1929 1621 1986 debitorem
1649 1922 1783 1998 velis
1808 1928 2004 1985 intelli-

451 2037 597 2094 gere,
621 2020 865 2077 anteacti’
882 2019 1130 2076 videlicet
1152 2019 1437 2089 cujuslibet
1463 2017 1708 2075 benetlcii
1754 2031 2004 2073 remune-

392 2137 399 2142 ~
451 2120 709 2167 ratorem.
738 2106 874 2175 Quid
904 2124 1033 2164 vero
1055 2108 1161 2163 hoc
1187 2105 1253 2161 ad
1280 2105 1551 2162 Christum
1572 2107 1837 2178 pertinet?
1858 2102 2005 2160 Nun-

434 2203 578 2274 quid
606 2202 839 2271 primum
885 2197 985 2255 fuit
1012 2200 1192 2262 homo,
1222 2207 1277 2253 et
1301 2208 1484 2267 postea
1510 2197 1763 2267 singulari
1803 2196 2003 2252 benen-

450 2295 534 2349 cio
556 2294 608 2348 in
639 2292 730 2346 Dei
758 2289 949 2345 Filium
974 2288 1176 2344 electus
1195 2302 1314 2345 esse
1349 2288 1648 2357 credendus
1676 2296 1778 2348 est,
1806 2282 1867 2342 ut
1905 2288 2004 2342 hu-

444 2382 531 2451 jus
572 2382 707 2448 tanti
750 2379 994 2436 beneﬁcii
1027 2379 1237 2434 debitor
1276 2378 1349 2433 sit
1387 2375 1677 2433 dicendus?
1712 2368 1908 2431 Nonne
1949 2374 2001 2430 in

451 2472 566 2541 ipso
608 2477 868 2539 conceptu
911 2469 1051 2523 Deus
1116 2483 1294 2529 verus,
1354 2476 1411 2521 et
1475 2481 1634 2522 verus
1693 2463 1785 2520 Dei
1837 2462 2004 2521 Filius

449 2568 737 2630 conceptus
782 2568 895 2625 est,
932 2568 986 2615 et
1024 2558 1272 2614 in'unam
1307 2561 1591 2628 personam
1631 2556 1857 2611 duarum
1907 2570 2004 2610 na-

386 2644 392 2648 ’
450 2660 690 2707 turarum
745 2649 889 2707 facta
950 2658 1033 2705 est
1072 2644 1376 2718 coniunctio
1432 2647 1485 2703 in
1534 2645 1649 2718 ipso
1690 2657 1842 2702 utero
1894 2642 2004 2701 vir-

450 2743 633 2814 ginali,
682 2744 736 2797 in
765 2752 910 2797 tanta
953 2758 1197 2812 persona:
1238 2738 1473 2806 unitate,
1504 2749 1563 2795 ut
1586 2739 1675 2796 hic
1706 2745 1870 2804 totus,
1910 2736 2000 2809 qui

450 2847 517 2887 es
540 2833 745 2903 virgine
781 2834 940 2887 natus
969 2840 1071 2895 est,
1106 2831 1465 2887 indubitanter
1501 2830 1607 2886 dici
1634 2838 1692 2885 et
1725 2827 1873 2886 credi
1911 2829 2004 2884 de-

450 2918 576 2978 beat
596 2926 734 2977 unus
762 2936 919 2977 verus
941 2917 1108 2976 Filius
1137 2919 1251 2976 Dei.
1281 2918 1421 2975 Alibi
1447 2934 1660 2991 quoque
1684 2920 1737 2975 in
1764 2917 2001 2989 Evange-

449 3006 522 3064 lio
540 3002 623 3064 de'
634 3007 875 3077 debitore
911 3008 1107 3063 dicitur
1136 3020 1151 3061 :
1184 3006 1299 3061 Duo
1326 3006 1577 3061 debitores
1601 3005 1811 3076 [uerunt
1852 3006 2000 3077 {ene-

449 3091 874 3167 ratorituti(Luc.
898 3111 993 3156 vn,
1018 3090 1129 3165 υ).
1147 3093 1246 3161 Qui
1266 3090 1357 3149 hic
1382 3080 1650 3150 debitores
1676 3092 2002 3165 intelligendi
2025 3078 2073 3145 c

2058 3218 2063 3225 -
2099 3194 2305 3239 servus.
2338 3180 2408 3238 Ut
2428 3180 2642 3236 interim
2672 3179 2884 3236 beatam
2910 3178 3183 3250 Virginem
3212 3176 3458 3235 ancillam
3484 3179 3654 3235 noml-

449 3193 594 3250 suut,
634 3180 738 3242 nisi
759 3179 1045 3253 cuiuslibet
1065 3181 1208 3255 pacti
1237 3185 1559 3239 necessitate
1597 3182 1654 3238 in
1668 3181 1761 3253 ius
1788 3182 2003 3240 fenera-

449 3273 585 3329 toris
605 3269 847 3344 obligati,
860 3270 1099 3343 .‘q'uorum
1124 3269 1254 3327 nihil
1280 3267 1347 3337 de
1366 3271 1581 3327 Christo
1600 3272 1688 3342 pia
1710 3271 2001 3329 credulitas

447 3363 709 3433 permittit
748 3360 890 3418 dici?
932 3360 1083 3427 Quod
1128 3360 1275 3417 vero
1300 3359 1383 3416 ais
1424 3361 1836 3417 conditionalem
1879 3378 2000 3419 esse

448 3465 659 3506 urvum
684 3465 701 3505 :
726 3464 855 3520 quae
865 3448 1142 3505 catholica
1167 3461 1326 3509 aures
1351 3448 1489 3504 banc
1517 3455 1719 3504 tantam
1753 3449 2000 3521 blasphe.

450 3540 610 3595 miatn
644 3540 912 3610 patienter
937 3538 1301 3604 suﬁ'erunt.;ut
1322 3534 1571 3596 Christus
1602 3539 1695 3595 Dei
1726 3539 1890 3596 Filius
1907 3543 1997 3596 vili

444 3627 750 3690 conditione
773 3636 829 3683 et
849 3627 983 3683 dura
1008 3633 1330 3685 necessitate
1350 3640 1541 3685 servus
1564 3626 1650 3698 sit.
1673 3626 1766 3683 Dei
1791 3627 2004 3683 Patris?

445 3714 584 3785 Quid
619 3732 748 3788 ergo
773 3717 907 3773 dicis
933 3717 999 3771 de
1023 3714 1228 3793 Adam?
1260 3714 1575 3774 Utrumuam
1616 3715 1784 3771 libera
1829 3718 2001 3787 digni-

449 3813 576 3870 tate,
602 3806 682 3860 vel
707 3806 884 3862 servili
916 3805 1220 3861 conditione
1258 3813 1476 3863 creatus
1512 3805 1619 3861 sit?
1645 3805 1703 3862 Si
1740 3809 2002 3864 conditio-

453 3893 586 3948 salis
612 3909 799 3949 servus
827 3892 1083 3949 formatus
1104 3903 1217 3958 est,
1246 3894 1510 3965 quomodo
1537 3904 1622 3950 est
1662 3895 1834 3966 imago
1868 3897 2001 3952 Dei?

457 3980 545 4035 Vel
567 3981 653 4035 ubi
680 3982 905 4063 liberum
933 3982 1075 4063 illius
1101 3982 1381 4038 arbitrium
1418 3981 1553 4037 fuit?
1576 3984 1685 4038 Aut
1721 3985 1850 4053 quid
1875 3999 2001 4054 pec-

449 4069 620 4125 cando
656 4050 938 4140 per-didit"?
952 4050 1010 4125 Si
1038 4084 1167 4125 vero
1202 4070 1357 4135 liber,
1385 4072 1651 4140 quomodo
1687 4050 1793 4127 non
1832 4050 2000 4128 m—ulto

354 4181 365 4194 ο
450 4161 619 4231 magis
638 4160 931 4225 Christum,
960 4159 1014 4213 in
1040 4173 1147 4229 quo
1171 4158 1434 4214 Divinitas
1454 4159 1629 4214 omnis
1651 4154 2000 4229 corporalitei'

450 4246 742 4310 habitabat,
770 4246 938 4301 libera
960 4245 1236 4317 dignitate,
1266 4261 1370 4301 non
1396 4246 1743 4302 conditionali
1778 4248 1999 4303 servitio

445 4349 514 4391 ex
540 4337 699 4409 regite
725 4337 1015 4392 nobilitatis
1047 4337 1261 4408 Virgine
1304 4345 1486 4392 natum
1528 4352 1646 4393 esse
1674 4337 1995 4395 credendum

446 4427 570 4485 est?
592 4427 667 4483 De
689 4441 793 4497 quo
818 4426 1003 4482 beatus
1039 4426 1365 4499 Augustinus
1400 4427 1453 4482 in
1497 4427 1721 4499 epistola
1762 4430 1829 4484 ad
1868 4429 2000 4485 Con—

447 4522 678 4605 sentiunt
708 4520 896 4602 (Epist.
935 4520 1059 4586 205,
1106 4538 1159 4574 n.
1195 4520 1281 4589 l2)
1318 4536 1335 4575 :
1369 4539 1388 4572 ι
1432 4520 1756 4591 Assumpsit,
1805 4523 1993 4592 inquit,

449 4613 673 4689 fortnam
718 4608 857 4675 servi
888 4623 989 4664 non
1032 4609 1239 4664 Domini
1269 4611 1523 4689 mutando
1550 4620 1797 4667 naturam
1842 4627 1858 4666 :
1901 4613 1998 4668 im—

442 4686 725 4773 patiendo
769 4700 1102 4756 Dominicam
1136 4686 1385 4772 gratiam,
1424 4714 1529 4755 non
1569 4701 1815 4757 servilem
1856 4703 1997 4773 inju-

442 4774 584 4847 rlam
627 4789 919 4846 retinendo.
953 4807 973 4840 ι
1014 4782 1249 4853 Sienim
1273 4784 1505 4843 humana
1544 4774 1795 4846 nobilitas
1833 4792 1998 4847 alicu-

449 4878 534 4949 ius
558 4871 809 4935 momenti
837 4878 917 4933 vel
940 4875 1216 4948 dignitatis
1250 4877 1561 4942 testimanda
1590 4887 1692 4944 est,
1734 4880 1853 4949 quis
1896 4897 1993 4936 no-

450 4962 607 5031 bilior
632 4970 748 5040 ipso
771 4969 935 5026 David
958 4982 1102 5039 rege,
1130 4981 1198 5023 ex
1225 4965 1377 5036 cuius
1392 4958 1599 5024 semine
1626 4970 1777 5038 quasi
1819 4970 1885 5024 de
1912 4987 1997 5026 re-

448 5055 585 5130 galis
610 5057 937 5114 excellentia
957 5056 1266 5121 nobilitate,
1304 5070 1407 5110 non
1436 5054 1644 5111 servilis
1677 5056 1998 5112 conditionis

452 5140 783 5218 ignobilitate
807 5142 1053 5202 Christus
1074 5146 1222 5202 nasci
1256 5146 1423 5201 voluit
1462 5145 1515 5199 in
1551 5146 1789 5200 mundo?
1830 5145 1887 5200 Si
1928 5148 1996 5219 ad

448 5233 672 5299 Deitatis
706 5231 928 5305 gloriam
969 5235 1227 5306 respicis,
1279 5235 1400 5305 quis
1458 5232 1564 5289 'Dei
1609 5233 1743 5289 Filio
1770 5276 1786 5299 ,
1810 5234 1901 5306 qui
1942 5235 1997 5290 in

448 5322 655 5387 duabus
682 5324 890 5383 naturis
913 5341 1052 5383 unus
1069 5334 1230 5396 atque
1252 5327 1396 5384 idem
1421 5324 1541 5390 fuit,
1563 5325 1763 5395 aequari
1796 5327 1994 5395 potest,

448 5413 537 5471 cui
557 5413 736 5470 nullus
753 5421 1059 5470 sanctmum
1086 5414 1361 5472 nobilitate
1384 5415 1468 5472 vel
1503 5415 1768 5479 libertate,
1795 5414 1878 5471 vel
1898 5431 1997 5486 po—

450 5501 660 5559 testatis
678 5500 957 5576 privilegio
975 5501 1165 5560 similis
1183 5520 1302 5563 esse
1322 5507 1496 5575 potuit
1530 5506 1613 5561 vel
1646 5506 1873 5578 poterit?

520 5623 548 5653 ιι
573 5608 630 5667 S.
657 5609 963 5703 Creg..
988 5624 1116 5667 xxxv
1136 5611 1344 5703 Moral.,
1368 5629 1484 5684 cap.
1514 5616 1568 5669 3.

838 5702 1109 5789 Parant.
1126 5736 1129 5739 -
1144 5702 1241 5767 CL

2101 1854 2244 1910 sunt,
2274 1845 2561 1902 nobiliores
2591 1854 2716 1901 sunt
2735 1843 2969 1909 Christo,
2996 1844 3063 1900 de
3087 1844 3281 1917 quibus
3301 1847 3413 1917 ipsa
3443 1845 3657 1902 Veritas

2099 1936 2181 2010 ait
2212 1955 2226 1990 ε
2252 1936 2376 1991 Iam
2414 1953 2515 1991 non
2543 1937 2714 1991 dicam
2762 1954 2850 1992 ros
2874 1953 3068 2002 servos,
3103 1937 3193 1991 sed
3233 1939 3427 1994 amicos
3471 1939 3651 2008 (.Ioau.

2101 2041 2189 2091 sv,
2221 2025 2330 2098 15).
2354 2025 2430 2080 De
2455 2026 2650 2095 quibus
2684 2035 2740 2080 et
2764 2027 3079 2095 praedicator
3101 2028 3335 2097 gentium
3358 2029 3434 2085 ait
3462 2044 3478 2084 :
3510 2028 3657 2085 Misit

2101 2116 2241 2171 Deus
2282 2117 2519 2190 spiritum
2550 2113 2676 2169 Filii
2713 2118 2796 2172 sui
2822 2117 2879 2171 in
2919 2118 3078 2177 corda
3118 2127 3295 2174 nostra
3323 2118 3653 2179 clamantem,

2102 2205 2245 2260 Abba
2275 2216 2441 2276 pater.
2489 2204 2673 2276 Itaque
2709 2205 2825 2275 jam
2850 2222 2953 2261 non
2992 2217 3068 2261 est
3110 2223 3305 2270 servus,
3334 2208 3424 2262 sed
3456 2205 3651 2261 Filius.

2103 2292 2253 2360 Quod
2273 2294 2318 2348 si
2362 2288 2556 2355 Filius,
2585 2302 2631 2347 et
2658 2292 2820 2377 lta‘res
2846 2310 2936 2363 per
2976 2292 3140 2348 Deum
3170 2291 3312 2365 (Gal.
3337 2310 3409 2354 tv.
3438 2293 3513 2364 6).
3563 2294 3654 2348 1ῖί-

2100 2379 2221 2437 eis:
2257 2399 2275 2433 ι
2308 2378 2444 2447 Quid
2468 2380 2641 2452 potuit
2673 2380 2739 2436 de
2778 2380 2971 2438 ancilla
3009 2383 3178 2447 nasci,
3224 2379 3337 2438 nisi
3370 2378 3877 2439 em-~~

2102 2469 2202 2526 Uhi
2247 2479 2330 2527 est
2375 2461 2721 2543 intelligentia
2768 2479 2860 2527 tua
2884 2511 2900 2535 ,
2941 2485 3047 2527 non
3080 2471 3428 2529 considerans
3484 2473 3649 2530 multa

2100 2558 2448 2615 animantium
2485 2573 2680 2628 genera
2716 2559 2783 2615 de
2822 2558 2967 2615 terra
2992 2574 3128 2616 esse
3162 2569 3369 2626 creata,
3405 2570 3459 2616 et.
3492 2562 3657 2632 pluri-

2101 2663 2218 2703 mas
2254 2645 2481 2719 piscium
2520 2644 2858 2703 diversitates
2881 2662 2949 2702 ex
2991 2646 3183 2716 aquis?
3225 2644 3501 2714 Quomodo
3524 2663 3655 2719 ergo

2100 2737 2222 2792 viva
2259 2746 2507 2794 creatura
2532 2752 2598 2793 ex
2634 2732 2949 2801 insensibili,
2987 2736 3038 2792 id
3060 2743 3142 2792 est
3167 2777 3182 2799 ,
3215 2744 3375 2792 terra:
3395 2736 3477 2794 vel
3501 2752 3652 2807 aquai

2100 2835 2294 2882 natura
2317 2826 2486 2883 creari
2514 2826 2744 2896 poterit?
2765 2826 2859 2881 Vel
2885 2824 3150 2896 quomodo
3176 2815 3242 2881 de
3260 2826 3478 2895 pulvere
3497 2828 3654 2882 atho-

2102 2927 2209 2977 res,
2242 2916 2297 2967 et
2322 2912 2389 2968 de
2413 2910 2578 2984 850
2605 2913 2888 2970 arboribus
2912 2910 3069 2967 liores
3098 2910 3409 2983 i‘rueutsque
3433 2929 3657 2971 nascun-

2101 3002 2230 3059 tur?
2263 3001 2442 3069 Quare
2480 3016 2583 3055 non
2615 3007 2819 3075 tantum
2848 3000 3023 3071 pulvis
3060 3001 3124 3058 de
3144 3002 3368 3072 pulvere
3393 3005 3652 3070 nascitur,

2102 3090 2244 3148 sicut
2267 3091 2423 3156 dicis,
2453 3089 2594 3161 quod
2618 3090 2690 3145 nil
2717 3091 2978 3160 potuisset
3000 3091 3068 3146 de
3115 3090 3306 3147 ancilla
3335 3091 3501 3155 nasci,
3548 3093 3655 3147 nisi

2100 3270 2217 3327 nari
2245 3285 2350 3326 non
2397 3283 2652 3340 negemus
2698 3287 2714 3323 :
2756 3272 2939 3325 tamen
2981 3267 3213 3343 conqede
3255 3267 3655 3339 omnipotentiae

2099 3359 2311 3423 divinte,
2371 3366 2431 3412 ut
2468 3357 2536 3412 de
2591 3354 2781 3411 ancilla
2846 3370 3036 3413 creare
3083 3356 3344 3425 potuisset
3396 3355 3654 3428 quidquid

2098 3446 2390 3514 placuisset
2424 3459 2536 3499 sua:
2572 3442 2824 3499 lneﬂ'abili
2885 3444 3168 3506 voluntati.
3234 3445 3335 3501 nlsi
3382 3444 3520 3501 forte
3568 3462 3656 3501 re-

2098 3536 2287 3590 sistere
2340 3533 2475 3588 velis
2515 3531 2644 3594 Deo,
2700 3525 2803 3606 [et]
2857 3529 3037 3586 dicere
3080 3548 3094 3586 :
3152 3530 3289 3587 Nolo
3344 3543 3405 3587 ut
3456 3522 3681 3603 aliquid

2098 3622 2257 3677 aliud"
2273 3619 2370 3687 ﬂat
2392 3616 2459 3676 de
2481 3617 2699 3682 ancilla,
2726 3617 2829 3673 nisi
2856 3632 3045 3674 servus
3068 3627 3295 3674 tantum.
3333 3618 3439 3676 Sed
3468 3634 3655 3676 revera

2098 3713 2343 3771 Christus
2366 3711 2532 3776 solus,
2560 3719 2623 3767 ut
2645 3709 2911 3782 Propheta
2954 3709 3023 3765 de
3063 3725 3131 3767 eo
3156 3713 3492 3781 prmeednit,
3522 3714 3658 3767 inter

2099 3820 2328 3867 mortuos
2368 3808 2499 3865 liber
2538 3817 2616 3864 est
2657 3806 2891 3864 inretitus
2920 3806 3143 3877 (Psalm.
3181 3821 3419 3871 cxxxvn,
3455 3807 3535 3875 5)..
3577 3808 3655 3867 De

2099 3912 2205 3970 qua
2241 3899 2365 3970 ejus
2390 3884 2639 3974 gloriati
2679 3896 2929 3953 libertate
2972 3894 3160 3948 beatus
3202 3892 3554 3951 Cassiodorus
3596 3898 3651 3952 in

2097 3990 2407 4060 octogesimi
2458 3984 2673 4057 septimi
2718 3982 2910 4054 psalmi
2955 3982 3290 4054 expositione
3341 3985 3414 4040 ita
3464 3985 3594 4042 dicit
3636 4005 3651 4043 :

2105 4099 2123 4132 ι
2155 4078 2312 4134 Solus
2351 4076 2494 4131 enim
2521 4075 2656 4128 inter
2674 4061 2903 4127 mortuos
2940 4071 3070 4126 liber
3113 4068 3232 4135 fuit,
3259 4073 3350 4142 qui
3377 4073 3653 4143 ipsaque-

2098 4186 2203 4241 que
2229 4165 2427 4224 mortis'
2446 4165 2681 4221 claustra
2711 4160 2974 4231 confregit
3007 4179 3021 4216 :
3052 4161 3220 4230 ipsius
3270 4162 3412 4217 enim
3447 4148 3653 4219 tantum

2099 4276 2243 4318 mors
2270 4259 2460 4323 libera;
2502 4257 2629 4328 quia
2657 4265 2714 4313 et
2744 4254 3044 4327 voluntaria
3090 4253 3209 4315 fuit.
3240 4253 3331 4326 qui
3351 4262 3656 4324 potestatem

2098 4350 2314 4407 habebat
2359 4347 2581 4419 ponendi
2624 4343 2853 4399 animum
2896 4359 3068 4407 suam,
3111 4351 3159 4396 et
3192 4339 3379 4397 iterum
3417 4343 3655 4397 sumendi

2101 4458 2215 4497 eam
2243 4440 2426 4511 (Ioan.
2449 4453 2508 4500 ι,
2535 4435 2643 4505 l8).
2677 4433 2784 4490 Sed
2807 4446 2928 4488 cum
2955 4431 3042 4487 ille
3069 4441 3213 4489 esset
3237 4429 3379 4487 inter
3414 4442 3654 4491 mortuos

2102 4532 2255 4593 liber,
2285 4530 2578 4587 aestimatus
2603 4534 2688 4581 est
2715 4533 2890 4579 tamen
2925 4538 2956 4578 a
2984 4523 3341 4588 clementibus,
3370 4523 3504 4577 sicut
3536 4521 3652 4595 eul-

2103 4621 2270 4677 nerati
2294 4617 2623 4674 dormientes.
2654 4613 2793 4670 Vere
2835 4621 3014 4667 autem
3065 4612 3238 4669 dictus
3276 4619 3361 4667 est
3400 4604 3654 4668 Dominus

2102 4712 2263 4771 liber,
2306 4708 2395 4778 qui
2420 4707 2713 4762 humanum
2738 4717 2907 4773 genus
2933 4701 3161 4757 liberare
3185 4702 3431 4773 dignatus
3459 4711 3541 4757 est
3572 4720 3644 4759 ε.»

2102 4812 2261 4866 quem
2292 4806 2349 4850 tu
2378 4793 2514 4849 forte
2553 4806 2652 4862 per
2690 4791 2793 4845 hoc
2826 4802 3041 4844 servum
3071 4803 3193 4845 esse
3237 4787 3647 4857 conditionalem

2098 4883 2466 4945 calumniaris,
2519 4880 2643 4949 quia
2688 4878 2979 4937 humanum
3028 4890 3197 4946 gentm
3236 4874 3487 4931 benevola
3537 4889 3649 4929 suae

2094 4980 2412 5035 obedientia:
2441 4972 2768 5043 subiectione
2798 4973 3027 5031 liberum
3054 4970 3198 5027 fecit.
3227 4968 3333 5024 Sed
3358 4968 3511 5038 longe
3552 4969 3649 5023 ali-

2096 5078 2181 5123 ter
2224 5070 2415 5124 beatus
2459 5064 2746 5135 Gregorius
2791 5065 2847 5120 in
2892 5063 3031 5143 libro
3069 5058 3346 5115 lioralium
3389 5058 3648 5129 vigesimo

2099 5154 2258 5208 tertio
2300 5153 2367 5207 de
2402 5154 2502 5206 hac
2546 5150 2731 5207 eadem
2780 5148 3115 5209 liberatitme,
3166 5144 3310 5200 unde
3356 5144 3641 5216 loquimur,

2066 5312 2075 5315 ι
2099 5246 2299 5307 sentire
2320 5245 2579 5314 probatur
2604 5256 2629 5286 ι
2663 5262 2677 5298 :
2713 5262 2740 5307 «4
2765 5240 3043 5301 Mediator,
3068 5237 3262 5308 inquit,
3283 5236 3377 5294 Del
3398 5245 3454 5293 et
3473 5237 3648 5295 homi-

2091 5352 2220 5391 num
2246 5335 2401 5393 ‘Jesus
2423 5335 2625 5410 [στερη
2654 5336 2815 5392 homo
2841 5330 3088 5388 Christus
3110 5329 3291 5404 Iesus]
3319 5331 3374 5387 in
3393 5346 3459 5388 eo
3484 5342 3645 5387 tntae-

2090 5436 2244 5484 retur
2271 5429 2521 5493 hominis,
2551 5443 2658 5499 quo
2700 5423 2926 5481 formam
2953 5422 3188 5499 hominis
3232 5421 3492 5487 sumpsit:
3536 5437 3644 5493 qua

2092 5512 2458 5573 miseric‘oi-‘dia
2504 5516 2779 5585 redempto
2818 5508 3013 5583 (Idem,
3063 5523 3165 5583 pro
3216 5500 3515 5582 redempto]
3542 5512 3642 5566 ho-

3340 5632 3407 5701 7.
