  <div class='ocr_page' id='page_1' title='image "/cluster/home/n/w/nwhite01/storage/ocr_20150623/101/uva.x000834944/109.png"; bbox 0 0 4238 6192; ppageno 0'>
   <div class='ocr_carea' id='block_1_1' title="bbox 751 345 855 400">
    <p class='ocr_par' dir='ltr' id='par_1_1' title="bbox 751 345 855 400">
     <span class='ocr_line' id='line_1_1' title="bbox 751 345 855 400; baseline -0.019 0"><span class='ocrx_word' id='word_1_1' title='bbox 751 345 855 400; x_wconf 66' lang='grc'><strong>203</strong></span> 
     </span>
    </p>
   </div>
   <div class='ocr_carea' id='block_1_2' title="bbox 1564 322 3128 407">
    <p class='ocr_par' dir='ltr' id='par_1_2' title="bbox 1564 322 3128 407">
     <span class='ocr_line' id='line_1_2' title="bbox 1564 322 3128 407; baseline 0.004 -7"><span class='ocrx_word' id='word_1_2' title='bbox 1564 347 1627 401; x_wconf 76' lang='grc' dir='ltr'>ιι.</span> <span class='ocrx_word' id='word_1_3' title='bbox 1669 348 1727 403; x_wconf 71' lang='grc' dir='ltr'><strong>ιτ.</strong></span> <span class='ocrx_word' id='word_1_4' title='bbox 1768 345 1990 403; x_wconf 53' lang='lat' dir='ltr'><strong>nam</strong></span> <span class='ocrx_word' id='word_1_5' title='bbox 2029 348 2159 405; x_wconf 70' lang='lat' dir='ltr'><strong>seu</strong></span> <span class='ocrx_word' id='word_1_6' title='bbox 2199 349 2471 405; x_wconf 69' lang='lat' dir='ltr'><strong>ALCUINI</strong></span> <span class='ocrx_word' id='word_1_7' title='bbox 2510 322 2793 406; x_wconf 66' lang='lat' dir='ltr'><strong>eruntin</strong></span> <span class='ocrx_word' id='word_1_8' title='bbox 2831 351 3009 407; x_wconf 72' lang='lat' dir='ltr'><strong>mus</strong></span> <span class='ocrx_word' id='word_1_9' title='bbox 3045 354 3128 407; x_wconf 93' lang='grc' dir='ltr'>ιιι.</span> 
     </span>
    </p>
   </div>
   <div class='ocr_carea' id='block_1_3' title="bbox 3857 365 3972 426">
    <p class='ocr_par' dir='ltr' id='par_1_3' title="bbox 3857 365 3972 426">
     <span class='ocr_line' id='line_1_3' title="bbox 3857 365 3972 426; baseline 0.035 -4"><span class='ocrx_word' id='word_1_10' title='bbox 3857 365 3972 426; x_wconf 69' lang='grc' dir='ltr'>2οι</span> 
     </span>
    </p>
   </div>
   <div class='ocr_carea' id='block_1_4' title="bbox 755 435 3998 544">
    <p class='ocr_par' dir='ltr' id='par_1_4' title="bbox 755 435 3998 544">
     <span class='ocr_line' id='line_1_4' title="bbox 755 435 3998 544; baseline 0.006 -30"><span class='ocrx_word' id='word_1_11' title='bbox 755 463 897 514; x_wconf 76' lang='lat' dir='ltr'><strong>nilne</strong></span> <span class='ocrx_word' id='word_1_12' title='bbox 924 457 1052 513; x_wconf 85' lang='lat' dir='ltr'><strong>dicit</strong></span> <span class='ocrx_word' id='word_1_13' title='bbox 1078 456 1222 512; x_wconf 84' lang='lat' dir='ltr'><strong>Patri</strong></span> <span class='ocrx_word' id='word_1_14' title='bbox 1250 477 1262 510; x_wconf 91' lang='lat'><strong>:</strong></span> <span class='ocrx_word' id='word_1_15' title='bbox 1292 458 1484 513; x_wconf 81' lang='lat' dir='ltr'><strong>Libera</strong></span> <span class='ocrx_word' id='word_1_16' title='bbox 1527 474 1686 544; x_wconf 58' lang='lat' dir='ltr'><strong>eum,</strong></span> <span class='ocrx_word' id='word_1_17' title='bbox 1705 471 1767 513; x_wconf 91' lang='lat' dir='ltr'><strong>ut</strong></span> <span class='ocrx_word' id='word_1_18' title='bbox 1793 435 1900 514; x_wconf 88' lang='lat' dir='ltr'><strong>non</strong></span> <span class='ocrx_word' id='word_1_19' title='bbox 1925 459 2214 513; x_wconf 85' lang='lat' dir='ltr'><strong>descendat</strong></span> <span class='ocrx_word' id='word_1_20' title='bbox 2253 459 2306 513; x_wconf 91' lang='lat' dir='ltr'><strong>in</strong></span> <span class='ocrx_word' id='word_1_21' title='bbox 2337 465 2384 520; x_wconf 81' lang='grc' dir='ltr'><strong>Α</strong></span> <span class='ocrx_word' id='word_1_22' title='bbox 2414 455 2479 509; x_wconf 85' lang='lat' dir='ltr'><strong>Ut</strong></span> <span class='ocrx_word' id='word_1_23' title='bbox 2507 458 2563 512; x_wconf 83' lang='lat' dir='ltr'><strong>in</strong></span> <span class='ocrx_word' id='word_1_24' title='bbox 2606 461 2812 514; x_wconf 81' lang='lat' dir='ltr'><strong>nomine</strong></span> <span class='ocrx_word' id='word_1_25' title='bbox 2839 458 2969 514; x_wconf 75' lang='lat' dir='ltr'><strong>Iesu</strong></span> <span class='ocrx_word' id='word_1_26' title='bbox 2997 478 3146 516; x_wconf 78' lang='lat' dir='ltr'><strong>omne</strong></span> <span class='ocrx_word' id='word_1_27' title='bbox 3173 479 3308 533; x_wconf 73' lang='lat' dir='ltr'><strong>genu</strong></span> <span class='ocrx_word' id='word_1_28' title='bbox 3349 467 3608 535; x_wconf 74' lang='lat' dir='ltr'><strong>ﬂectatur,</strong></span> <span class='ocrx_word' id='word_1_29' title='bbox 3653 473 3932 532; x_wconf 66' lang='lat' dir='ltr'><strong>celestimu</strong></span> <span class='ocrx_word' id='word_1_30' title='bbox 3952 519 3998 544; x_wconf 88' lang='lat'><strong>,.</strong></span> 
     </span>
    </p>
   </div>
   <div class='ocr_carea' id='block_1_5' title="bbox 755 537 2309 620">
    <p class='ocr_par' dir='ltr' id='par_1_5' title="bbox 755 537 2309 620">
     <span class='ocr_line' id='line_1_5' title="bbox 755 537 2309 620; baseline 0 -18"><span class='ocrx_word' id='word_1_31' title='bbox 755 549 1151 618; x_wconf 77' lang='lat' dir='ltr'><strong>corruptionem</strong></span> <span class='ocrx_word' id='word_1_32' title='bbox 1197 547 1336 620; x_wconf 80' lang='lat' dir='ltr'><strong>(Job.</strong></span> <span class='ocrx_word' id='word_1_33' title='bbox 1388 563 1584 612; x_wconf 74' lang='lat' dir='ltr'><strong>sum,</strong></span> <span class='ocrx_word' id='word_1_34' title='bbox 1633 537 1746 616; x_wconf 55' lang='grc'><strong>23).</strong></span> <span class='ocrx_word' id='word_1_35' title='bbox 1799 549 1952 603; x_wconf 87' lang='lat' dir='ltr'><strong>Sicut</strong></span> <span class='ocrx_word' id='word_1_36' title='bbox 1989 548 2100 615; x_wconf 91' lang='lat' dir='ltr'><strong>jam</strong></span> <span class='ocrx_word' id='word_1_37' title='bbox 2149 564 2309 618; x_wconf 82' lang='lat' dir='ltr'><strong>supra</strong></span> 
     </span>
    </p>
   </div>
   <div class='ocr_carea' id='block_1_6' title="bbox 756 638 2313 708">
    <p class='ocr_par' dir='ltr' id='par_1_6' title="bbox 756 638 2313 708">
     <span class='ocr_line' id='line_1_6' title="bbox 756 638 2313 708; baseline 0 -16"><span class='ocrx_word' id='word_1_38' title='bbox 756 638 1006 702; x_wconf 81' lang='lat' dir='ltr'><strong>diximus,</strong></span> <span class='ocrx_word' id='word_1_39' title='bbox 1033 638 1211 693; x_wconf 86' lang='lat' dir='ltr'><strong>dicere</strong></span> <span class='ocrx_word' id='word_1_40' title='bbox 1232 638 1348 708; x_wconf 88' lang='lat' dir='ltr'><strong>ejus</strong></span> <span class='ocrx_word' id='word_1_41' title='bbox 1372 645 1475 703; x_wconf 89' lang='lat' dir='ltr'><strong>est,</strong></span> <span class='ocrx_word' id='word_1_42' title='bbox 1503 638 1665 692; x_wconf 83' lang='lat' dir='ltr'><strong>libera</strong></span> <span class='ocrx_word' id='word_1_43' title='bbox 1695 657 1812 693; x_wconf 89' lang='lat' dir='ltr'><strong>eum</strong></span> <span class='ocrx_word' id='word_1_44' title='bbox 1835 640 2126 704; x_wconf 84' lang='lat' dir='ltr'><strong>hominem,</strong></span> <span class='ocrx_word' id='word_1_45' title='bbox 2154 647 2313 692; x_wconf 77' lang='lat' dir='ltr'><strong>natu—</strong></span> 
     </span>
    </p>
   </div>
   <div class='ocr_carea' id='block_1_7' title="bbox 758 720 2309 806">
    <p class='ocr_par' dir='ltr' id='par_1_7' title="bbox 758 720 2309 806">
     <span class='ocr_line' id='line_1_7' title="bbox 758 720 2309 806; baseline 0.002 -26"><span class='ocrx_word' id='word_1_46' title='bbox 758 742 870 781; x_wconf 90' lang='lat' dir='ltr'><strong>ram</strong></span> <span class='ocrx_word' id='word_1_47' title='bbox 901 727 1132 783; x_wconf 86' lang='lat' dir='ltr'><strong>hominis</strong></span> <span class='ocrx_word' id='word_1_48' title='bbox 1150 720 1469 806; x_wconf 81' lang='lat' dir='ltr'><strong>assumendo</strong></span> <span class='ocrx_word' id='word_1_49' title='bbox 1494 727 1716 782; x_wconf 79' lang='lat' dir='ltr'><strong>liberam</strong></span> <span class='ocrx_word' id='word_1_50' title='bbox 1737 727 2123 784; x_wconf 89' lang='lat' dir='ltr'><strong>demonstrare.</strong></span> <span class='ocrx_word' id='word_1_51' title='bbox 2148 730 2223 783; x_wconf 77' lang='lat' dir='ltr'><strong>Ex</strong></span> <span class='ocrx_word' id='word_1_52' title='bbox 2245 744 2309 784; x_wconf 91' lang='lat' dir='ltr'><strong>ea</strong></span> 
     </span>
    </p>
   </div>
   <div class='ocr_carea' id='block_1_8' title="bbox 757 820 2312 892">
    <p class='ocr_par' dir='ltr' id='par_1_8' title="bbox 757 820 2312 892">
     <span class='ocr_line' id='line_1_8' title="bbox 757 820 2312 892; baseline 0.001 -19"><span class='ocrx_word' id='word_1_53' title='bbox 757 820 950 892; x_wconf 85' lang='lat' dir='ltr'><strong>quippe</strong></span> <span class='ocrx_word' id='word_1_54' title='bbox 994 834 1174 883; x_wconf 87' lang='lat' dir='ltr'><strong>carne,</strong></span> <span class='ocrx_word' id='word_1_55' title='bbox 1220 821 1657 889; x_wconf 87' lang='lat' dir='ltr'><strong>quam&#39;sumpsit,</strong></span> <span class='ocrx_word' id='word_1_56' title='bbox 1705 821 1865 874; x_wconf 89' lang='lat' dir='ltr'><strong>etiam</strong></span> <span class='ocrx_word' id='word_1_57' title='bbox 1910 820 2048 874; x_wconf 88' lang='lat' dir='ltr'><strong>hanc</strong></span> <span class='ocrx_word' id='word_1_58' title='bbox 2079 820 2312 874; x_wconf 81' lang='lat' dir='ltr'><strong>ostendit</strong></span> 
     </span>
    </p>
   </div>
   <div class='ocr_carea' id='block_1_9' title="bbox 756 909 2312 981">
    <p class='ocr_par' dir='ltr' id='par_1_9' title="bbox 756 909 2312 981">
     <span class='ocr_line' id='line_1_9' title="bbox 756 909 2312 981; baseline 0 -15"><span class='ocrx_word' id='word_1_59' title='bbox 756 912 1019 976; x_wconf 83' lang='lat' dir='ltr'><strong>liberam,</strong></span> <span class='ocrx_word' id='word_1_60' title='bbox 1066 923 1225 981; x_wconf 88' lang='lat' dir='ltr'><strong>quam</strong></span> <span class='ocrx_word' id='word_1_61' title='bbox 1277 909 1518 966; x_wconf 82' lang='lat' dir='ltr'><strong>redemit.</strong></span> <span class='ocrx_word' id='word_1_62' title='bbox 1559 910 1688 977; x_wconf 66' lang='lat' dir='ltr'><strong>Quae</strong></span> <span class='ocrx_word' id='word_1_63' title='bbox 1741 911 2013 980; x_wconf 86' lang='lat' dir='ltr'><strong>redempta</strong></span> <span class='ocrx_word' id='word_1_64' title='bbox 2067 911 2312 966; x_wconf 85' lang='lat' dir='ltr'><strong>videlicet</strong></span> 
     </span>
    </p>
   </div>
   <div class='ocr_carea' id='block_1_10' title="bbox 759 999 2312 1070">
    <p class='ocr_par' dir='ltr' id='par_1_10' title="bbox 759 999 2312 1070">
     <span class='ocr_line' id='line_1_10' title="bbox 759 999 2312 1070; baseline -0.003 -14"><span class='ocrx_word' id='word_1_65' title='bbox 759 1016 883 1056; x_wconf 85' lang='lat' dir='ltr'><strong>caro</strong></span> <span class='ocrx_word' id='word_1_66' title='bbox 910 1016 1007 1056; x_wconf 89' lang='lat' dir='ltr'><strong>nos</strong></span> <span class='ocrx_word' id='word_1_67' title='bbox 1044 1016 1250 1064; x_wconf 90' lang='lat' dir='ltr'><strong>sumus,</strong></span> <span class='ocrx_word' id='word_1_68' title='bbox 1271 999 1360 1070; x_wconf 92' lang='lat' dir='ltr'><strong>qui</strong></span> <span class='ocrx_word' id='word_1_69' title='bbox 1379 1000 1682 1070; x_wconf 81' lang='lat' dir='ltr'><strong>cognitione</strong></span> <span class='ocrx_word' id='word_1_70' title='bbox 1719 999 1887 1054; x_wconf 89' lang='lat' dir='ltr'><strong>nostri</strong></span> <span class='ocrx_word' id='word_1_71' title='bbox 1917 1011 2096 1053; x_wconf 82' lang='lat' dir='ltr'><strong>reatus</strong></span> <span class='ocrx_word' id='word_1_72' title='bbox 2115 999 2312 1053; x_wconf 86' lang='lat' dir='ltr'><strong>astrin-</strong></span> 
     </span>
    </p>
   </div>
   <div class='ocr_carea' id='block_1_11' title="bbox 756 1089 2308 1160">
    <p class='ocr_par' dir='ltr' id='par_1_11' title="bbox 756 1089 2308 1160">
     <span class='ocr_line' id='line_1_11' title="bbox 756 1089 2308 1160; baseline -0.002 -15"><span class='ocrx_word' id='word_1_73' title='bbox 756 1093 948 1160; x_wconf 71' lang='lat' dir='ltr'><strong>gimur,</strong></span> <span class='ocrx_word' id='word_1_74' title='bbox 976 1093 1068 1146; x_wconf 90' lang='lat' dir='ltr'><strong>sed</strong></span> <span class='ocrx_word' id='word_1_75' title='bbox 1094 1091 1404 1146; x_wconf 83' lang='lat' dir='ltr'><strong>mediatoris</strong></span> <span class='ocrx_word' id='word_1_76' title='bbox 1427 1090 1562 1144; x_wconf 88' lang='lat' dir='ltr'><strong>tanti</strong></span> <span class='ocrx_word' id='word_1_77' title='bbox 1603 1090 1853 1158; x_wconf 62' lang='lat' dir='ltr'><strong>aequitate</strong></span> <span class='ocrx_word' id='word_1_78' title='bbox 1881 1089 2191 1152; x_wconf 83' lang='lat' dir='ltr'><strong>liberamur,</strong></span> <span class='ocrx_word' id='word_1_79' title='bbox 2233 1089 2308 1142; x_wconf 91' lang='lat' dir='ltr'><strong>si-</strong></span> 
     </span>
    </p>
   </div>
   <div class='ocr_carea' id='block_1_12' title="bbox 757 1177 2310 1254">
    <p class='ocr_par' dir='ltr' id='par_1_12' title="bbox 757 1177 2310 1254">
     <span class='ocr_line' id='line_1_12' title="bbox 757 1177 2310 1254; baseline -0.005 -19"><span class='ocrx_word' id='word_1_80' title='bbox 757 1193 847 1235; x_wconf 90' lang='lat' dir='ltr'><strong>cut</strong></span> <span class='ocrx_word' id='word_1_81' title='bbox 876 1182 986 1251; x_wconf 85' lang='lat' dir='ltr'><strong>ipse</strong></span> <span class='ocrx_word' id='word_1_82' title='bbox 1015 1181 1091 1234; x_wconf 86' lang='lat' dir='ltr'><strong>ait</strong></span> <span class='ocrx_word' id='word_1_83' title='bbox 1121 1199 1133 1232; x_wconf 90' lang='lat'><strong>:</strong></span> <span class='ocrx_word' id='word_1_84' title='bbox 1165 1179 1226 1254; x_wconf 65' lang='lat' dir='ltr'><strong>Si</strong></span> <span class='ocrx_word' id='word_1_85' title='bbox 1249 1197 1333 1234; x_wconf 79' lang='lat' dir='ltr'><strong>vos</strong></span> <span class='ocrx_word' id='word_1_86' title='bbox 1363 1177 1533 1233; x_wconf 83' lang='lat' dir='ltr'><strong>Filius</strong></span> <span class='ocrx_word' id='word_1_87' title='bbox 1562 1178 1870 1240; x_wconf 74' lang='lat' dir='ltr'><strong>liberaverit,</strong></span> <span class='ocrx_word' id='word_1_88' title='bbox 1896 1193 2009 1231; x_wconf 83' lang='lat' dir='ltr'><strong>rere</strong></span> <span class='ocrx_word' id='word_1_89' title='bbox 2037 1177 2183 1230; x_wconf 89' lang='lat' dir='ltr'><strong>liberi</strong></span> <span class='ocrx_word' id='word_1_90' title='bbox 2206 1177 2310 1230; x_wconf 88' lang='lat' dir='ltr'><strong>eri-</strong></span> 
     </span>
    </p>
   </div>
   <div class='ocr_carea' id='block_1_13' title="bbox 758 1265 2312 1340">
    <p class='ocr_par' dir='ltr' id='par_1_13' title="bbox 758 1265 2312 1340">
     <span class='ocr_line' id='line_1_13' title="bbox 758 1265 2312 1340; baseline -0.003 -16"><span class='ocrx_word' id='word_1_91' title='bbox 758 1272 820 1324; x_wconf 77' lang='lat' dir='ltr'><strong>tis</strong></span> <span class='ocrx_word' id='word_1_92' title='bbox 870 1290 887 1322; x_wconf 77' lang='grc' dir='ltr'><strong>ι</strong></span> <span class='ocrx_word' id='word_1_93' title='bbox 921 1270 1098 1340; x_wconf 86' lang='lat' dir='ltr'><strong>(Joan.</strong></span> <span class='ocrx_word' id='word_1_94' title='bbox 1127 1286 1247 1334; x_wconf 82' lang='lat' dir='ltr'><strong>vni,</strong></span> <span class='ocrx_word' id='word_1_95' title='bbox 1276 1268 1384 1338; x_wconf 79' lang='lat'><strong>36).</strong></span> <span class='ocrx_word' id='word_1_96' title='bbox 1417 1268 1645 1322; x_wconf 83' lang='lat' dir='ltr'><strong>Nimium</strong></span> <span class='ocrx_word' id='word_1_97' title='bbox 1672 1282 1800 1336; x_wconf 75' lang='lat' dir='ltr'><strong>ergo</strong></span> <span class='ocrx_word' id='word_1_98' title='bbox 1836 1268 2078 1336; x_wconf 82' lang='lat' dir='ltr'><strong>ingratus</strong></span> <span class='ocrx_word' id='word_1_99' title='bbox 2113 1265 2312 1320; x_wconf 89' lang='lat' dir='ltr'><strong>videris</strong></span> 
     </span>
    </p>
   </div>
   <div class='ocr_carea' id='block_1_14' title="bbox 757 1356 2312 1428">
    <p class='ocr_par' dir='ltr' id='par_1_14' title="bbox 757 1356 2312 1428">
     <span class='ocr_line' id='line_1_14' title="bbox 757 1356 2312 1428; baseline -0.001 -18"><span class='ocrx_word' id='word_1_100' title='bbox 757 1359 1026 1414; x_wconf 71' lang='lat' dir='ltr'><strong>liberatori</strong></span> <span class='ocrx_word' id='word_1_101' title='bbox 1073 1359 1287 1413; x_wconf 86' lang='lat' dir='ltr'><strong>humani</strong></span> <span class='ocrx_word' id='word_1_102' title='bbox 1318 1358 1673 1428; x_wconf 82' lang='lat' dir='ltr'><strong>generis,&#39;qui</strong></span> <span class='ocrx_word' id='word_1_103' title='bbox 1704 1357 1861 1411; x_wconf 85' lang='lat' dir='ltr'><strong>toties</strong></span> <span class='ocrx_word' id='word_1_104' title='bbox 1904 1356 2050 1410; x_wconf 91' lang='lat' dir='ltr'><strong>illum</strong></span> <span class='ocrx_word' id='word_1_105' title='bbox 2080 1371 2185 1410; x_wconf 90' lang='lat' dir='ltr'><strong>non</strong></span> <span class='ocrx_word' id='word_1_106' title='bbox 2226 1371 2312 1409; x_wconf 88' lang='lat' dir='ltr'><strong>so-</strong></span> 
     </span>
    </p>
   </div>
   <div class='ocr_carea' id='block_1_15' title="bbox 759 1449 2312 1520">
    <p class='ocr_par' dir='ltr' id='par_1_15' title="bbox 759 1449 2312 1520">
     <span class='ocr_line' id='line_1_15' title="bbox 759 1449 2312 1520; baseline 0.001 -19"><span class='ocrx_word' id='word_1_107' title='bbox 759 1451 864 1503; x_wconf 84' lang='lat' dir='ltr'><strong>lum</strong></span> <span class='ocrx_word' id='word_1_108' title='bbox 894 1451 1132 1505; x_wconf 83' lang='lat' dir='ltr'><strong>absolute</strong></span> <span class='ocrx_word' id='word_1_109' title='bbox 1158 1465 1370 1505; x_wconf 88' lang='lat' dir='ltr'><strong>servum</strong></span> <span class='ocrx_word' id='word_1_110' title='bbox 1396 1449 1652 1520; x_wconf 90' lang='lat' dir='ltr'><strong>appellari</strong></span> <span class='ocrx_word' id='word_1_111' title='bbox 1678 1449 1830 1512; x_wconf 91' lang='lat' dir='ltr'><strong>dicis,</strong></span> <span class='ocrx_word' id='word_1_112' title='bbox 1863 1449 1956 1503; x_wconf 90' lang='lat' dir='ltr'><strong>sed</strong></span> <span class='ocrx_word' id='word_1_113' title='bbox 1984 1449 2147 1502; x_wconf 88' lang='lat' dir='ltr'><strong>etiam</strong></span> <span class='ocrx_word' id='word_1_114' title='bbox 2185 1463 2312 1503; x_wconf 85' lang='lat' dir='ltr'><strong>eon-</strong></span> 
     </span>
    </p>
   </div>
   <div class='ocr_carea' id='block_1_16' title="bbox 757 1537 2311 1594">
    <p class='ocr_par' dir='ltr' id='par_1_16' title="bbox 757 1537 2311 1594">
     <span class='ocr_line' id='line_1_16' title="bbox 757 1537 2311 1594; baseline 0.001 -3"><span class='ocrx_word' id='word_1_115' title='bbox 757 1540 1061 1594; x_wconf 78' lang='lat' dir='ltr'><strong>ditionalem</strong></span> <span class='ocrx_word' id='word_1_116' title='bbox 1091 1555 1304 1594; x_wconf 88' lang='lat' dir='ltr'><strong>servum</strong></span> <span class='ocrx_word' id='word_1_117' title='bbox 1357 1539 1616 1594; x_wconf 86' lang='lat' dir='ltr'><strong>testaris:</strong></span> <span class='ocrx_word' id='word_1_118' title='bbox 1669 1538 1795 1593; x_wconf 90' lang='lat' dir='ltr'><strong>dum</strong></span> <span class='ocrx_word' id='word_1_119' title='bbox 1841 1537 2079 1591; x_wconf 90' lang='lat' dir='ltr'><strong>conditio</strong></span> <span class='ocrx_word' id='word_1_120' title='bbox 2119 1538 2311 1592; x_wconf 88' lang='lat' dir='ltr'><strong>duram</strong></span> 
     </span>
    </p>
   </div>
   <div class='ocr_carea' id='block_1_17' title="bbox 757 1626 2314 1694">
    <p class='ocr_par' dir='ltr' id='par_1_17' title="bbox 757 1626 2314 1694">
     <span class='ocr_line' id='line_1_17' title="bbox 757 1626 2314 1694; baseline 0.001 -14"><span class='ocrx_word' id='word_1_121' title='bbox 757 1631 1084 1684; x_wconf 87' lang='lat' dir='ltr'><strong>demonstrat</strong></span> <span class='ocrx_word' id='word_1_122' title='bbox 1138 1629 1538 1694; x_wconf 86' lang='lat' dir='ltr'><strong>necessitatem,</strong></span> <span class='ocrx_word' id='word_1_123' title='bbox 1595 1642 1701 1682; x_wconf 92' lang='lat' dir='ltr'><strong>non</strong></span> <span class='ocrx_word' id='word_1_124' title='bbox 1749 1626 2067 1682; x_wconf 73' lang='lat' dir='ltr'><strong>voluntaria:</strong></span> <span class='ocrx_word' id='word_1_125' title='bbox 2099 1639 2314 1681; x_wconf 70' lang='lat' dir='ltr'><strong>munus</strong></span> 
     </span>
    </p>
   </div>
   <div class='ocr_carea' id='block_1_18' title="bbox 756 1720 1089 1773">
    <p class='ocr_par' dir='ltr' id='par_1_18' title="bbox 756 1720 1089 1773">
     <span class='ocr_line' id='line_1_18' title="bbox 756 1720 1089 1773; baseline 0.006 -2"><span class='ocrx_word' id='word_1_126' title='bbox 756 1720 1089 1773; x_wconf 63' lang='lat' dir='ltr'><strong>obedientiam</strong></span> 
     </span>
    </p>
   </div>
   <div class='ocr_carea' id='block_1_19' title="bbox 2387 1253 3257 1319">
    <p class='ocr_par' dir='ltr' id='par_1_19' title="bbox 2387 1253 3257 1319">
     <span class='ocr_line' id='line_1_19' title="bbox 2387 1253 3257 1319; baseline 0.001 -1"><span class='ocrx_word' id='word_1_127' title='bbox 2387 1253 2542 1318; x_wconf 44' lang='lat' dir='ltr'><strong>&#39;dixit</strong></span> <span class='ocrx_word' id='word_1_128' title='bbox 2584 1263 2752 1318; x_wconf 90' lang='lat' dir='ltr'><strong>multo</strong></span> <span class='ocrx_word' id='word_1_129' title='bbox 2794 1272 2922 1319; x_wconf 88' lang='lat' dir='ltr'><strong>ante</strong></span> <span class='ocrx_word' id='word_1_130' title='bbox 2962 1264 3198 1319; x_wconf 79' lang='lat' dir='ltr'><strong>futurum</strong></span> <span class='ocrx_word' id='word_1_131' title='bbox 3244 1283 3257 1319; x_wconf 89' lang='lat'><strong>:</strong></span> 
     </span>
    </p>
   </div>
   <div class='ocr_carea' id='block_1_20' title="bbox 2410 549 3975 631">
    <p class='ocr_par' dir='ltr' id='par_1_20' title="bbox 2410 549 3975 631">
     <span class='ocr_line' id='line_1_20' title="bbox 2410 549 3975 631; baseline 0.013 -30"><span class='ocrx_word' id='word_1_132' title='bbox 2410 549 2730 601; x_wconf 87' lang='lat' dir='ltr'><strong>terrestrium</strong></span> <span class='ocrx_word' id='word_1_133' title='bbox 2750 559 2798 602; x_wconf 88' lang='lat' dir='ltr'><strong>et</strong></span> <span class='ocrx_word' id='word_1_134' title='bbox 2820 549 3162 618; x_wconf 78' lang='lat' dir='ltr'><strong>infernarum,</strong></span> <span class='ocrx_word' id='word_1_135' title='bbox 3186 561 3236 605; x_wconf 77' lang='lat' dir='ltr'><strong>et</strong></span> <span class='ocrx_word' id='word_1_136' title='bbox 3259 555 3426 609; x_wconf 78' lang='lat' dir='ltr'><strong>omnis</strong></span> <span class='ocrx_word' id='word_1_137' title='bbox 3450 555 3629 628; x_wconf 84' lang='lat' dir='ltr'><strong>lingua</strong></span> <span class='ocrx_word' id='word_1_138' title='bbox 3662 561 3975 631; x_wconf 71' lang='lat' dir='ltr'><strong>conﬁteatur</strong></span> 
     </span>
    </p>
   </div>
   <div class='ocr_carea' id='block_1_21' title="bbox 2407 639 3966 714">
    <p class='ocr_par' dir='ltr' id='par_1_21' title="bbox 2407 639 3966 714">
     <span class='ocr_line' id='line_1_21' title="bbox 2407 639 3966 714; baseline 0.013 -25"><span class='ocrx_word' id='word_1_139' title='bbox 2407 639 2532 706; x_wconf 84' lang='lat' dir='ltr'><strong>quia</strong></span> <span class='ocrx_word' id='word_1_140' title='bbox 2558 639 2812 694; x_wconf 80' lang='lat' dir='ltr'><strong>Daminus</strong></span> <span class='ocrx_word' id='word_1_141' title='bbox 2835 640 2989 694; x_wconf 73' lang='lat' dir='ltr'><strong>Iesus</strong></span> <span class='ocrx_word' id='word_1_142' title='bbox 3016 639 3252 697; x_wconf 73' lang='lat' dir='ltr'><strong>Christus</strong></span> <span class='ocrx_word' id='word_1_143' title='bbox 3273 644 3328 698; x_wconf 82' lang='lat' dir='ltr'><strong>in</strong></span> <span class='ocrx_word' id='word_1_144' title='bbox 3348 644 3517 714; x_wconf 91' lang='lat' dir='ltr'><strong>gloria</strong></span> <span class='ocrx_word' id='word_1_145' title='bbox 3543 658 3622 702; x_wconf 86' lang='lat' dir='ltr'><strong>est</strong></span> <span class='ocrx_word' id='word_1_146' title='bbox 3644 649 3745 704; x_wconf 89' lang='lat' dir='ltr'><strong>Dei</strong></span> <span class='ocrx_word' id='word_1_147' title='bbox 3766 652 3966 710; x_wconf 85' lang='lat' dir='ltr'><strong>Putris.</strong></span> 
     </span>
    </p>
   </div>
   <div class='ocr_carea' id='block_1_22' title="bbox 2411 726 3971 808">
    <p class='ocr_par' dir='ltr' id='par_1_22' title="bbox 2411 726 3971 808">
     <span class='ocr_line' id='line_1_22' title="bbox 2411 726 3971 808; baseline 0.008 -28"><span class='ocrx_word' id='word_1_148' title='bbox 2411 726 2466 781; x_wconf 90' lang='lat' dir='ltr'><strong>Si</strong></span> <span class='ocrx_word' id='word_1_149' title='bbox 2492 726 2605 796; x_wconf 89' lang='lat' dir='ltr'><strong>jam</strong></span> <span class='ocrx_word' id='word_1_150' title='bbox 2648 729 2904 783; x_wconf 86' lang='lat' dir='ltr'><strong>Dominus</strong></span> <span class='ocrx_word' id='word_1_151' title='bbox 2931 739 3014 784; x_wconf 91' lang='lat' dir='ltr'><strong>est</strong></span> <span class='ocrx_word' id='word_1_152' title='bbox 3053 729 3228 808; x_wconf 60' lang='lat' dir='ltr'><strong>iesus,</strong></span> <span class='ocrx_word' id='word_1_153' title='bbox 3254 741 3310 786; x_wconf 92' lang='lat' dir='ltr'><strong>et</strong></span> <span class='ocrx_word' id='word_1_154' title='bbox 3350 734 3404 786; x_wconf 90' lang='lat' dir='ltr'><strong>in</strong></span> <span class='ocrx_word' id='word_1_155' title='bbox 3429 735 3597 805; x_wconf 78' lang='lat' dir='ltr'><strong>gloria</strong></span> <span class='ocrx_word' id='word_1_156' title='bbox 3625 749 3712 803; x_wconf 79' lang='lat' dir='ltr'><strong>est</strong></span> <span class='ocrx_word' id='word_1_157' title='bbox 3735 740 3831 798; x_wconf 83' lang='lat' dir='ltr'><strong>Dei</strong></span> <span class='ocrx_word' id='word_1_158' title='bbox 3868 743 3971 800; x_wconf 72' lang='lat' dir='ltr'><strong>Pa.</strong></span> 
     </span>
    </p>
   </div>
   <div class='ocr_carea' id='block_1_23' title="bbox 2409 808 3972 894">
    <p class='ocr_par' dir='ltr' id='par_1_23' title="bbox 2409 808 3972 894">
     <span class='ocr_line' id='line_1_23' title="bbox 2409 808 3972 894; baseline 0.013 -27"><span class='ocrx_word' id='word_1_159' title='bbox 2409 816 2527 880; x_wconf 90' lang='lat' dir='ltr'><strong>tris,</strong></span> <span class='ocrx_word' id='word_1_160' title='bbox 2558 815 2612 869; x_wconf 90' lang='lat' dir='ltr'><strong>id</strong></span> <span class='ocrx_word' id='word_1_161' title='bbox 2634 825 2739 881; x_wconf 91' lang='lat' dir='ltr'><strong>est,</strong></span> <span class='ocrx_word' id='word_1_162' title='bbox 2765 816 2820 870; x_wconf 92' lang='lat' dir='ltr'><strong>in</strong></span> <span class='ocrx_word' id='word_1_163' title='bbox 2844 808 3134 872; x_wconf 83' lang='lat' dir='ltr'><strong>divinitatis</strong></span> <span class='ocrx_word' id='word_1_164' title='bbox 3158 820 3456 889; x_wconf 79' lang='lat' dir='ltr'><strong>majestate,</strong></span> <span class='ocrx_word' id='word_1_165' title='bbox 3486 838 3614 894; x_wconf 71' lang='lat' dir='ltr'><strong>ergo</strong></span> <span class='ocrx_word' id='word_1_166' title='bbox 3636 830 3972 887; x_wconf 80' lang='lat' dir='ltr'><strong>conditiona-</strong></span> 
     </span>
    </p>
   </div>
   <div class='ocr_carea' id='block_1_24' title="bbox 2409 905 3973 978">
    <p class='ocr_par' dir='ltr' id='par_1_24' title="bbox 2409 905 3973 978">
     <span class='ocr_line' id='line_1_24' title="bbox 2409 905 3973 978; baseline 0.013 -21"><span class='ocrx_word' id='word_1_167' title='bbox 2409 905 2474 959; x_wconf 89' lang='lat' dir='ltr'><strong>lis</strong></span> <span class='ocrx_word' id='word_1_168' title='bbox 2497 905 2702 960; x_wconf 89' lang='lat' dir='ltr'><strong>servitii</strong></span> <span class='ocrx_word' id='word_1_169' title='bbox 2727 906 2857 977; x_wconf 78' lang='lat' dir='ltr'><strong>jugo</strong></span> <span class='ocrx_word' id='word_1_170' title='bbox 2893 906 3166 976; x_wconf 87' lang='lat' dir='ltr'><strong>subjectus</strong></span> <span class='ocrx_word' id='word_1_171' title='bbox 3189 923 3295 964; x_wconf 91' lang='lat' dir='ltr'><strong>non</strong></span> <span class='ocrx_word' id='word_1_172' title='bbox 3315 919 3400 964; x_wconf 89' lang='lat' dir='ltr'><strong>est</strong></span> <span class='ocrx_word' id='word_1_173' title='bbox 3423 928 3437 962; x_wconf 91' lang='lat'><strong>:</strong></span> <span class='ocrx_word' id='word_1_174' title='bbox 3473 914 3590 978; x_wconf 88' lang='lat' dir='ltr'><strong>sed,</strong></span> <span class='ocrx_word' id='word_1_175' title='bbox 3617 915 3756 970; x_wconf 82' lang='lat' dir='ltr'><strong>sicut</strong></span> <span class='ocrx_word' id='word_1_176' title='bbox 3783 917 3973 978; x_wconf 85' lang='lat' dir='ltr'><strong>beatus</strong></span> 
     </span>
    </p>
   </div>
   <div class='ocr_carea' id='block_1_25' title="bbox 2409 992 3974 1071">
    <p class='ocr_par' dir='ltr' id='par_1_25' title="bbox 2409 992 3974 1071">
     <span class='ocr_line' id='line_1_25' title="bbox 2409 992 3974 1071; baseline 0.011 -25"><span class='ocrx_word' id='word_1_177' title='bbox 2409 992 2598 1047; x_wconf 88' lang='lat' dir='ltr'><strong>Petrus</strong></span> <span class='ocrx_word' id='word_1_178' title='bbox 2644 995 2893 1066; x_wconf 80' lang='lat' dir='ltr'><strong>princeps</strong></span> <span class='ocrx_word' id='word_1_179' title='bbox 2936 995 3295 1064; x_wconf 80' lang='lat' dir='ltr'><strong>apostolorum</strong></span> <span class='ocrx_word' id='word_1_180' title='bbox 3341 999 3456 1053; x_wconf 88' lang='lat' dir='ltr'><strong>ait:</strong></span> <span class='ocrx_word' id='word_1_181' title='bbox 3499 998 3774 1071; x_wconf 72' lang='lat' dir='ltr'><strong>Profectus</strong></span> <span class='ocrx_word' id='word_1_182' title='bbox 3817 1017 3894 1061; x_wconf 86' lang='lat' dir='ltr'><strong>cst</strong></span> <span class='ocrx_word' id='word_1_183' title='bbox 3913 1009 3974 1064; x_wconf 81' lang='lat' dir='ltr'><strong>iu</strong></span> 
     </span>
    </p>
   </div>
   <div class='ocr_carea' id='block_1_26' title="bbox 2409 1082 3994 1158">
    <p class='ocr_par' dir='ltr' id='par_1_26' title="bbox 2409 1082 3994 1158">
     <span class='ocr_line' id='line_1_26' title="bbox 2409 1082 3994 1158; baseline 0.009 -22"><span class='ocrx_word' id='word_1_184' title='bbox 2409 1082 2590 1136; x_wconf 71' lang='lat' dir='ltr'><strong>caelum</strong></span> <span class='ocrx_word' id='word_1_185' title='bbox 2613 1084 2855 1153; x_wconf 81' lang='lat' dir='ltr'><strong>subjectis</strong></span> <span class='ocrx_word' id='word_1_186' title='bbox 2891 1085 2989 1139; x_wconf 87' lang='lat' dir='ltr'><strong>sibi</strong></span> <span class='ocrx_word' id='word_1_187' title='bbox 3015 1085 3211 1156; x_wconf 81' lang='lat' dir='ltr'><strong>angelis</strong></span> <span class='ocrx_word' id='word_1_188' title='bbox 3239 1097 3287 1140; x_wconf 89' lang='lat' dir='ltr'><strong>et</strong></span> <span class='ocrx_word' id='word_1_189' title='bbox 3308 1090 3673 1158; x_wconf 70' lang='lat' dir='ltr'><strong>potestatibus,</strong></span> <span class='ocrx_word' id='word_1_190' title='bbox 3699 1104 3747 1146; x_wconf 90' lang='lat' dir='ltr'><strong>et</strong></span> <span class='ocrx_word' id='word_1_191' title='bbox 3770 1085 3994 1151; x_wconf 46' lang='lat' dir='ltr'><strong>uirtuti?</strong></span> 
     </span>
    </p>
   </div>
   <div class='ocr_carea' id='block_1_27' title="bbox 2409 1171 3974 1254">
    <p class='ocr_par' dir='ltr' id='par_1_27' title="bbox 2409 1171 3974 1254">
     <span class='ocr_line' id='line_1_27' title="bbox 2409 1171 3974 1254; baseline 0.011 -30"><span class='ocrx_word' id='word_1_192' title='bbox 2409 1172 2502 1224; x_wconf 88' lang='lat' dir='ltr'><strong>bus</strong></span> <span class='ocrx_word' id='word_1_193' title='bbox 2525 1171 2577 1243; x_wconf 90' lang='grc'><strong>(1</strong></span> <span class='ocrx_word' id='word_1_194' title='bbox 2621 1171 2766 1226; x_wconf 86' lang='lat' dir='ltr'><strong>Petri</strong></span> <span class='ocrx_word' id='word_1_195' title='bbox 2811 1190 2898 1240; x_wconf 90' lang='grc' dir='ltr'>ιιι,</span> <span class='ocrx_word' id='word_1_196' title='bbox 2927 1174 3037 1244; x_wconf 77' lang='grc'><strong>22).</strong></span> <span class='ocrx_word' id='word_1_197' title='bbox 3066 1175 3219 1241; x_wconf 85' lang='lat' dir='ltr'><strong>Quod</strong></span> <span class='ocrx_word' id='word_1_198' title='bbox 3251 1185 3307 1231; x_wconf 86' lang='lat' dir='ltr'><strong>et</strong></span> <span class='ocrx_word' id='word_1_199' title='bbox 3337 1177 3478 1233; x_wconf 87' lang='lat' dir='ltr'><strong>idem</strong></span> <span class='ocrx_word' id='word_1_200' title='bbox 3525 1178 3807 1238; x_wconf 86' lang='lat' dir='ltr'><strong>Psalmista</strong></span> <span class='ocrx_word' id='word_1_201' title='bbox 3833 1199 3974 1254; x_wconf 76' lang='lat' dir='ltr'><strong>pm-</strong></span> 
     </span>
    </p>
   </div>
   <div class='ocr_carea' id='block_1_28' title="bbox 3303 1267 3972 1344">
    <p class='ocr_par' dir='ltr' id='par_1_28' title="bbox 3303 1267 3972 1344">
     <span class='ocr_line' id='line_1_28' title="bbox 3303 1267 3972 1344; baseline 0.018 -25"><span class='ocrx_word' id='word_1_202' title='bbox 3303 1267 3582 1344; x_wconf 57' lang='lat' dir='ltr'><strong>7Minuisti,</strong></span> <span class='ocrx_word' id='word_1_203' title='bbox 3627 1271 3821 1340; x_wconf 83' lang='lat' dir='ltr'><strong>inquit,</strong></span> <span class='ocrx_word' id='word_1_204' title='bbox 3848 1289 3972 1330; x_wconf 73' lang='lat' dir='ltr'><strong>cum</strong></span> 
     </span>
    </p>
   </div>
   <div class='ocr_carea' id='block_1_29' title="bbox 2407 1356 3973 1430">
    <p class='ocr_par' dir='ltr' id='par_1_29' title="bbox 2407 1356 3973 1430">
     <span class='ocr_line' id='line_1_29' title="bbox 2407 1356 3973 1430; baseline 0.008 -21"><span class='ocrx_word' id='word_1_205' title='bbox 2407 1356 2565 1427; x_wconf 87' lang='lat' dir='ltr'><strong>paulo</strong></span> <span class='ocrx_word' id='word_1_206' title='bbox 2594 1359 2765 1412; x_wconf 84' lang='lat' dir='ltr'><strong>minus</strong></span> <span class='ocrx_word' id='word_1_207' title='bbox 2805 1358 2893 1430; x_wconf 80' lang='lat' dir='ltr'><strong>[ab</strong></span> <span class='ocrx_word' id='word_1_208' title='bbox 2918 1358 3160 1430; x_wconf 79' lang='lat' dir='ltr'><strong>angelis],</strong></span> <span class='ocrx_word' id='word_1_209' title='bbox 3199 1360 3367 1428; x_wconf 85' lang='lat' dir='ltr'><strong>gloria</strong></span> <span class='ocrx_word' id='word_1_210' title='bbox 3407 1371 3457 1415; x_wconf 86' lang='lat' dir='ltr'><strong>et</strong></span> <span class='ocrx_word' id='word_1_211' title='bbox 3479 1363 3674 1418; x_wconf 76' lang='lat' dir='ltr'><strong>honore</strong></span> <span class='ocrx_word' id='word_1_212' title='bbox 3707 1366 3973 1421; x_wconf 79' lang='lat' dir='ltr'><strong>coronasti</strong></span> 
     </span>
    </p>
   </div>
   <div class='ocr_carea' id='block_1_30' title="bbox 2407 1449 3966 1520">
    <p class='ocr_par' dir='ltr' id='par_1_30' title="bbox 2407 1449 3966 1520">
     <span class='ocr_line' id='line_1_30' title="bbox 2407 1449 3966 1520; baseline 0.006 -21"><span class='ocrx_word' id='word_1_213' title='bbox 2407 1462 2546 1511; x_wconf 87' lang='lat' dir='ltr'><strong>eum,</strong></span> <span class='ocrx_word' id='word_1_214' title='bbox 2567 1457 2614 1500; x_wconf 89' lang='lat' dir='ltr'><strong>et</strong></span> <span class='ocrx_word' id='word_1_215' title='bbox 2640 1449 2953 1502; x_wconf 78' lang='lat' dir='ltr'><strong>constituisti</strong></span> <span class='ocrx_word' id='word_1_216' title='bbox 2972 1464 3088 1502; x_wconf 85' lang='lat' dir='ltr'><strong>eum</strong></span> <span class='ocrx_word' id='word_1_217' title='bbox 3110 1464 3265 1519; x_wconf 82' lang='lat' dir='ltr'><strong>super</strong></span> <span class='ocrx_word' id='word_1_218' title='bbox 3287 1467 3444 1520; x_wconf 89' lang='lat' dir='ltr'><strong>opera</strong></span> <span class='ocrx_word' id='word_1_219' title='bbox 3466 1467 3714 1506; x_wconf 78' lang='lat' dir='ltr'><strong>manuum</strong></span> <span class='ocrx_word' id='word_1_220' title='bbox 3735 1464 3966 1510; x_wconf 65' lang='lat' dir='ltr'><strong>tuarum.</strong></span> 
     </span>
    </p>
   </div>
   <div class='ocr_carea' id='block_1_31' title="bbox 2411 1535 3972 1616">
    <p class='ocr_par' dir='ltr' id='par_1_31' title="bbox 2411 1535 3972 1616">
     <span class='ocr_line' id='line_1_31' title="bbox 2411 1535 3972 1616; baseline 0.008 -26"><span class='ocrx_word' id='word_1_221' title='bbox 2411 1535 2604 1590; x_wconf 84' lang='lat' dir='ltr'><strong>Omnia</strong></span> <span class='ocrx_word' id='word_1_222' title='bbox 2630 1538 2896 1608; x_wconf 87' lang='lat' dir='ltr'><strong>subjecisti</strong></span> <span class='ocrx_word' id='word_1_223' title='bbox 2936 1539 3030 1593; x_wconf 90' lang='lat' dir='ltr'><strong>sub</strong></span> <span class='ocrx_word' id='word_1_224' title='bbox 3057 1540 3270 1609; x_wconf 82' lang='lat' dir='ltr'><strong>pedibus</strong></span> <span class='ocrx_word' id='word_1_225' title='bbox 3296 1541 3410 1610; x_wconf 88' lang='lat' dir='ltr'><strong>ejus</strong></span> <span class='ocrx_word' id='word_1_226' title='bbox 3451 1540 3622 1613; x_wconf 85' lang='lat' dir='ltr'><strong>(Psal.</strong></span> <span class='ocrx_word' id='word_1_227' title='bbox 3659 1558 3776 1608; x_wconf 87' lang='lat' dir='ltr'><strong>vm,</strong></span> <span class='ocrx_word' id='word_1_228' title='bbox 3803 1543 3880 1616; x_wconf 86' lang='lat'><strong>6).</strong></span> <span class='ocrx_word' id='word_1_229' title='bbox 3923 1545 3972 1602; x_wconf 88' lang='lat'><strong>0</strong></span> 
     </span>
    </p>
   </div>
   <div class='ocr_carea' id='block_1_32' title="bbox 2409 1624 3994 1705">
    <p class='ocr_par' dir='ltr' id='par_1_32' title="bbox 2409 1624 3994 1705">
     <span class='ocr_line' id='line_1_32' title="bbox 2409 1624 3994 1705; baseline 0.009 -30"><span class='ocrx_word' id='word_1_230' title='bbox 2409 1624 2641 1695; x_wconf 74' lang='lat' dir='ltr'><strong>gloriosa</strong></span> <span class='ocrx_word' id='word_1_231' title='bbox 2670 1626 2975 1682; x_wconf 89' lang='lat' dir='ltr'><strong>obedientia</strong></span> <span class='ocrx_word' id='word_1_232' title='bbox 3021 1636 3077 1682; x_wconf 90' lang='lat' dir='ltr'><strong>et</strong></span> <span class='ocrx_word' id='word_1_233' title='bbox 3102 1628 3248 1683; x_wconf 90' lang='lat' dir='ltr'><strong>omni</strong></span> <span class='ocrx_word' id='word_1_234' title='bbox 3276 1629 3432 1685; x_wconf 89' lang='lat' dir='ltr'><strong>laude</strong></span> <span class='ocrx_word' id='word_1_235' title='bbox 3458 1631 3771 1701; x_wconf 78' lang='lat' dir='ltr'><strong>dignissima</strong></span> <span class='ocrx_word' id='word_1_236' title='bbox 3791 1674 3808 1698; x_wconf 93' lang='lat'><strong>,</strong></span> <span class='ocrx_word' id='word_1_237' title='bbox 3849 1651 3994 1705; x_wconf 46' lang='lat' dir='ltr'><strong>qua,</strong></span> 
     </span>
    </p>
   </div>
   <div class='ocr_carea' id='block_1_33' title="bbox 2411 1715 3970 1792">
    <p class='ocr_par' dir='ltr' id='par_1_33' title="bbox 2411 1715 3970 1792">
     <span class='ocr_line' id='line_1_33' title="bbox 2411 1715 3970 1792; baseline 0.01 -25"><span class='ocrx_word' id='word_1_238' title='bbox 2411 1715 2467 1768; x_wconf 91' lang='lat' dir='ltr'><strong>in</strong></span> <span class='ocrx_word' id='word_1_239' title='bbox 2496 1724 2700 1771; x_wconf 85' lang='lat' dir='ltr'><strong>tantam</strong></span> <span class='ocrx_word' id='word_1_240' title='bbox 2725 1719 2920 1774; x_wconf 70' lang='lat' dir='ltr'><strong>divina:</strong></span> <span class='ocrx_word' id='word_1_241' title='bbox 2939 1720 3223 1789; x_wconf 84' lang='lat' dir='ltr'><strong>potestatis</strong></span> <span class='ocrx_word' id='word_1_242' title='bbox 3245 1723 3663 1792; x_wconf 73' lang='lat' dir='ltr'><strong>magnitudinem</strong></span> <span class='ocrx_word' id='word_1_243' title='bbox 3682 1726 3970 1783; x_wconf 81' lang='lat' dir='ltr'><strong>sublimata</strong></span> 
     </span>
    </p>
   </div>
   <div class='ocr_carea' id='block_1_34' title="bbox 822 1796 3972 1891">
    <p class='ocr_par' dir='ltr' id='par_1_34' title="bbox 822 1796 3972 1891">
     <span class='ocr_line' id='line_1_34' title="bbox 822 1796 3972 1891; baseline 0.004 -29"><span class='ocrx_word' id='word_1_244' title='bbox 822 1810 908 1863; x_wconf 84' lang='lat' dir='ltr'><strong>IV.</strong></span> <span class='ocrx_word' id='word_1_245' title='bbox 949 1809 1052 1864; x_wconf 86' lang='lat' dir='ltr'><strong>Sed</strong></span> <span class='ocrx_word' id='word_1_246' title='bbox 1082 1809 1331 1891; x_wconf 34' lang='lat' dir='ltr'><strong>etiinter</strong></span> <span class='ocrx_word' id='word_1_247' title='bbox 1374 1817 1590 1872; x_wconf 61' lang='lat' dir='ltr'><strong>caetera,</strong></span> <span class='ocrx_word' id='word_1_248' title='bbox 1635 1822 1741 1877; x_wconf 91' lang='lat' dir='ltr'><strong>quo</strong></span> <span class='ocrx_word' id='word_1_249' title='bbox 1781 1816 1832 1862; x_wconf 87' lang='lat' dir='ltr'><strong>te</strong></span> <span class='ocrx_word' id='word_1_250' title='bbox 1858 1822 2025 1879; x_wconf 86' lang='lat' dir='ltr'><strong>vagus</strong></span> <span class='ocrx_word' id='word_1_251' title='bbox 2049 1806 2312 1862; x_wconf 87' lang='lat' dir='ltr'><strong>sermonis</strong></span> <span class='ocrx_word' id='word_1_252' title='bbox 2341 1796 2388 1855; x_wconf 78' lang='grc' dir='ltr'><strong>Β</strong></span> <span class='ocrx_word' id='word_1_253' title='bbox 2414 1820 2517 1878; x_wconf 88' lang='lat' dir='ltr'><strong>est,</strong></span> <span class='ocrx_word' id='word_1_254' title='bbox 2547 1821 2608 1866; x_wconf 91' lang='lat' dir='ltr'><strong>ut</strong></span> <span class='ocrx_word' id='word_1_255' title='bbox 2630 1827 2790 1884; x_wconf 90' lang='lat' dir='ltr'><strong>super</strong></span> <span class='ocrx_word' id='word_1_256' title='bbox 2811 1813 2990 1866; x_wconf 88' lang='lat' dir='ltr'><strong>omnia</strong></span> <span class='ocrx_word' id='word_1_257' title='bbox 3030 1827 3192 1880; x_wconf 85' lang='lat' dir='ltr'><strong>opera</strong></span> <span class='ocrx_word' id='word_1_258' title='bbox 3236 1812 3332 1867; x_wconf 88' lang='lat' dir='ltr'><strong>Dei</strong></span> <span class='ocrx_word' id='word_1_259' title='bbox 3359 1815 3807 1870; x_wconf 81' lang='lat' dir='ltr'><strong>censtitueretur!</strong></span> <span class='ocrx_word' id='word_1_260' title='bbox 3837 1818 3972 1875; x_wconf 89' lang='lat' dir='ltr'><strong>Item</strong></span> 
     </span>
    </p>
   </div>
   <div class='ocr_carea' id='block_1_35' title="bbox 758 1895 2312 1966">
    <p class='ocr_par' dir='ltr' id='par_1_35' title="bbox 758 1895 2312 1966">
     <span class='ocr_line' id='line_1_35' title="bbox 758 1895 2312 1966; baseline -0.002 -15"><span class='ocrx_word' id='word_1_261' title='bbox 758 1899 832 1951; x_wconf 89' lang='lat' dir='ltr'><strong>tui</strong></span> <span class='ocrx_word' id='word_1_262' title='bbox 856 1898 1104 1966; x_wconf 75' lang='lat' dir='ltr'><strong>perduxit</strong></span> <span class='ocrx_word' id='word_1_263' title='bbox 1128 1905 1336 1959; x_wconf 79' lang='lat' dir='ltr'><strong>textus,</strong></span> <span class='ocrx_word' id='word_1_264' title='bbox 1362 1898 1522 1950; x_wconf 89' lang='lat' dir='ltr'><strong>etiam</strong></span> <span class='ocrx_word' id='word_1_265' title='bbox 1555 1895 1620 1950; x_wconf 85' lang='lat' dir='ltr'><strong>ad</strong></span> <span class='ocrx_word' id='word_1_266' title='bbox 1650 1897 1752 1950; x_wconf 91' lang='lat' dir='ltr'><strong>hoc</strong></span> <span class='ocrx_word' id='word_1_267' title='bbox 1793 1897 2103 1966; x_wconf 67' lang='lat' dir='ltr'><strong>pervenisti,</strong></span> <span class='ocrx_word' id='word_1_268' title='bbox 2133 1905 2192 1950; x_wconf 93' lang='lat' dir='ltr'><strong>ut</strong></span> <span class='ocrx_word' id='word_1_269' title='bbox 2232 1895 2312 1950; x_wconf 85' lang='lat' dir='ltr'><strong>di-</strong></span> 
     </span>
    </p>
   </div>
   <div class='ocr_carea' id='block_1_36' title="bbox 757 1986 2312 2062">
    <p class='ocr_par' dir='ltr' id='par_1_36' title="bbox 757 1986 2312 2062">
     <span class='ocr_line' id='line_1_36' title="bbox 757 1986 2312 2062; baseline -0.001 -21"><span class='ocrx_word' id='word_1_270' title='bbox 757 2003 909 2042; x_wconf 88' lang='lat' dir='ltr'><strong>ceres</strong></span> <span class='ocrx_word' id='word_1_271' title='bbox 937 1989 1040 2042; x_wconf 91' lang='lat' dir='ltr'><strong>duo</strong></span> <span class='ocrx_word' id='word_1_272' title='bbox 1065 2001 1260 2058; x_wconf 75' lang='lat' dir='ltr'><strong>genera</strong></span> <span class='ocrx_word' id='word_1_273' title='bbox 1283 1987 1558 2062; x_wconf 84' lang='lat' dir='ltr'><strong>servitutis</strong></span> <span class='ocrx_word' id='word_1_274' title='bbox 1584 2002 1702 2040; x_wconf 85' lang='lat' dir='ltr'><strong>esse</strong></span> <span class='ocrx_word' id='word_1_275' title='bbox 1731 1987 1783 2041; x_wconf 92' lang='lat' dir='ltr'><strong>in</strong></span> <span class='ocrx_word' id='word_1_276' title='bbox 1815 1987 2096 2051; x_wconf 88' lang='lat' dir='ltr'><strong>creaturis,</strong></span> <span class='ocrx_word' id='word_1_277' title='bbox 2124 1986 2312 2040; x_wconf 82' lang='lat' dir='ltr'><strong>volun-</strong></span> 
     </span>
    </p>
   </div>
   <div class='ocr_carea' id='block_1_37' title="bbox 756 2078 2310 2150">
    <p class='ocr_par' dir='ltr' id='par_1_37' title="bbox 756 2078 2310 2150">
     <span class='ocr_line' id='line_1_37' title="bbox 756 2078 2310 2150; baseline -0.001 -19"><span class='ocrx_word' id='word_1_278' title='bbox 756 2080 944 2134; x_wconf 87' lang='lat' dir='ltr'><strong>tarium</strong></span> <span class='ocrx_word' id='word_1_279' title='bbox 974 2080 1187 2150; x_wconf 85' lang='lat' dir='ltr'><strong>quidem</strong></span> <span class='ocrx_word' id='word_1_280' title='bbox 1216 2087 1270 2134; x_wconf 88' lang='lat' dir='ltr'><strong>et</strong></span> <span class='ocrx_word' id='word_1_281' title='bbox 1298 2078 1676 2143; x_wconf 87' lang='lat' dir='ltr'><strong>conditionale,</strong></span> <span class='ocrx_word' id='word_1_282' title='bbox 1703 2080 1849 2150; x_wconf 86' lang='lat' dir='ltr'><strong>quia,</strong></span> <span class='ocrx_word' id='word_1_283' title='bbox 1898 2079 2098 2148; x_wconf 88' lang='lat' dir='ltr'><strong>inquis,</strong></span> <span class='ocrx_word' id='word_1_284' title='bbox 2145 2078 2310 2132; x_wconf 88' lang='lat' dir='ltr'><strong>omnis</strong></span> 
     </span>
    </p>
   </div>
   <div class='ocr_carea' id='block_1_38' title="bbox 752 2169 2312 2240">
    <p class='ocr_par' dir='ltr' id='par_1_38' title="bbox 752 2169 2312 2240">
     <span class='ocr_line' id='line_1_38' title="bbox 752 2169 2312 2240; baseline -0.001 -18"><span class='ocrx_word' id='word_1_285' title='bbox 752 2179 989 2223; x_wconf 84' lang='lat' dir='ltr'><strong>creatura</strong></span> <span class='ocrx_word' id='word_1_286' title='bbox 1037 2169 1297 2224; x_wconf 81' lang='lat' dir='ltr'><strong>voluntate</strong></span> <span class='ocrx_word' id='word_1_287' title='bbox 1341 2187 1433 2224; x_wconf 86' lang='lat' dir='ltr'><strong>seu</strong></span> <span class='ocrx_word' id='word_1_288' title='bbox 1477 2171 1780 2224; x_wconf 81' lang='lat' dir='ltr'><strong>necessitate</strong></span> <span class='ocrx_word' id='word_1_289' title='bbox 1829 2185 1921 2240; x_wconf 87' lang='lat' dir='ltr'><strong>per</strong></span> <span class='ocrx_word' id='word_1_290' title='bbox 1945 2170 2312 2222; x_wconf 75' lang='lat' dir='ltr'><strong>~conditionem</strong></span> 
     </span>
    </p>
   </div>
   <div class='ocr_carea' id='block_1_39' title="bbox 755 2259 2354 2336">
    <p class='ocr_par' dir='ltr' id='par_1_39' title="bbox 755 2259 2354 2336">
     <span class='ocr_line' id='line_1_39' title="bbox 755 2259 2354 2336; baseline 0.001 -22"><span class='ocrx_word' id='word_1_291' title='bbox 755 2263 860 2316; x_wconf 84' lang='lat' dir='ltr'><strong>Deo</strong></span> <span class='ocrx_word' id='word_1_292' title='bbox 889 2262 1060 2314; x_wconf 79' lang='lat' dir='ltr'><strong>servit.</strong></span> <span class='ocrx_word' id='word_1_293' title='bbox 1091 2259 1254 2312; x_wconf 84' lang='lat' dir='ltr'><strong>Plane</strong></span> <span class='ocrx_word' id='word_1_294' title='bbox 1279 2260 1528 2315; x_wconf 88' lang='lat' dir='ltr'><strong>omnibus</strong></span> <span class='ocrx_word' id='word_1_295' title='bbox 1565 2269 1715 2330; x_wconf 89' lang='lat' dir='ltr'><strong>patet</strong></span> <span class='ocrx_word' id='word_1_296' title='bbox 1741 2259 1966 2314; x_wconf 81' lang='lat' dir='ltr'><strong>inferius</strong></span> <span class='ocrx_word' id='word_1_297' title='bbox 1991 2275 2108 2314; x_wconf 88' lang='lat' dir='ltr'><strong>esse</strong></span> <span class='ocrx_word' id='word_1_298' title='bbox 2147 2276 2312 2330; x_wconf 80' lang='lat' dir='ltr'><strong>genus</strong></span> <span class='ocrx_word' id='word_1_299' title='bbox 2347 2331 2354 2336; x_wconf 29' lang='grc' dir='ltr'>η</span> 
     </span>
    </p>
   </div>
   <div class='ocr_carea' id='block_1_40' title="bbox 759 2351 2314 2420">
    <p class='ocr_par' dir='ltr' id='par_1_40' title="bbox 759 2351 2314 2420">
     <span class='ocr_line' id='line_1_40' title="bbox 759 2351 2314 2420; baseline -0.001 -14"><span class='ocrx_word' id='word_1_300' title='bbox 759 2351 1128 2407; x_wconf 86' lang='lat' dir='ltr'><strong>conditionalis</strong></span> <span class='ocrx_word' id='word_1_301' title='bbox 1169 2352 1395 2414; x_wconf 89' lang='lat' dir='ltr'><strong>servitii,</strong></span> <span class='ocrx_word' id='word_1_302' title='bbox 1423 2367 1584 2420; x_wconf 88' lang='lat' dir='ltr'><strong>quam</strong></span> <span class='ocrx_word' id='word_1_303' title='bbox 1611 2351 1924 2416; x_wconf 88' lang='lat' dir='ltr'><strong>voluntarii,</strong></span> <span class='ocrx_word' id='word_1_304' title='bbox 1975 2351 2075 2405; x_wconf 90' lang='lat' dir='ltr'><strong>sub</strong></span> <span class='ocrx_word' id='word_1_305' title='bbox 2098 2366 2204 2420; x_wconf 89' lang='lat' dir='ltr'><strong>quo</strong></span> <span class='ocrx_word' id='word_1_306' title='bbox 2233 2352 2314 2404; x_wconf 87' lang='lat' dir='ltr'><strong>in-</strong></span> 
     </span>
    </p>
   </div>
   <div class='ocr_carea' id='block_1_41' title="bbox 747 2432 2312 2513">
    <p class='ocr_par' dir='ltr' id='par_1_41' title="bbox 747 2432 2312 2513">
     <span class='ocr_line' id='line_1_41' title="bbox 747 2432 2312 2513; baseline 0.001 -17"><span class='ocrx_word' id='word_1_307' title='bbox 747 2432 936 2499; x_wconf 72' lang='lat' dir='ltr'><strong>teriori</strong></span> <span class='ocrx_word' id='word_1_308' title='bbox 969 2446 1133 2512; x_wconf 77' lang='lat' dir='ltr'><strong>gradu</strong></span> <span class='ocrx_word' id='word_1_309' title='bbox 1162 2443 1321 2513; x_wconf 87' lang='lat' dir='ltr'><strong>impia</strong></span> <span class='ocrx_word' id='word_1_310' title='bbox 1352 2445 1653 2498; x_wconf 85' lang='lat' dir='ltr'><strong>temeritate</strong></span> <span class='ocrx_word' id='word_1_311' title='bbox 1680 2444 1958 2500; x_wconf 87' lang='lat' dir='ltr'><strong>Christum</strong></span> <span class='ocrx_word' id='word_1_312' title='bbox 1997 2452 2312 2511; x_wconf 86' lang='lat' dir='ltr'><strong>computare</strong></span> 
     </span>
    </p>
   </div>
   <div class='ocr_carea' id='block_1_42' title="bbox 751 2532 2315 2608">
    <p class='ocr_par' dir='ltr' id='par_1_42' title="bbox 751 2532 2315 2608">
     <span class='ocr_line' id='line_1_42' title="bbox 751 2532 2315 2608; baseline -0.001 -22"><span class='ocrx_word' id='word_1_313' title='bbox 751 2550 857 2587; x_wconf 88' lang='lat' dir='ltr'><strong>non</strong></span> <span class='ocrx_word' id='word_1_314' title='bbox 902 2533 1076 2598; x_wconf 89' lang='lat' dir='ltr'><strong>times,</strong></span> <span class='ocrx_word' id='word_1_315' title='bbox 1105 2533 1246 2587; x_wconf 82' lang='lat' dir='ltr'><strong>sicut</strong></span> <span class='ocrx_word' id='word_1_316' title='bbox 1289 2549 1352 2587; x_wconf 82' lang='lat' dir='ltr'><strong>ex</strong></span> <span class='ocrx_word' id='word_1_317' title='bbox 1401 2534 1509 2588; x_wconf 86' lang='lat' dir='ltr'><strong>tuis</strong></span> <span class='ocrx_word' id='word_1_318' title='bbox 1538 2534 1715 2588; x_wconf 87' lang='lat' dir='ltr'><strong>verbis</strong></span> <span class='ocrx_word' id='word_1_319' title='bbox 1737 2533 1849 2602; x_wconf 90' lang='lat' dir='ltr'><strong>jam</strong></span> <span class='ocrx_word' id='word_1_320' title='bbox 1890 2545 2048 2586; x_wconf 84' lang='lat' dir='ltr'><strong>antea</strong></span> <span class='ocrx_word' id='word_1_321' title='bbox 2077 2532 2315 2608; x_wconf 85' lang='lat' dir='ltr'><strong>ostendi-</strong></span> 
     </span>
    </p>
   </div>
   <div class='ocr_carea' id='block_1_43' title="bbox 751 2621 2314 2691">
    <p class='ocr_par' dir='ltr' id='par_1_43' title="bbox 751 2621 2314 2691">
     <span class='ocr_line' id='line_1_43' title="bbox 751 2621 2314 2691; baseline -0.001 -15"><span class='ocrx_word' id='word_1_322' title='bbox 751 2637 889 2676; x_wconf 90' lang='lat' dir='ltr'><strong>mus.</strong></span> <span class='ocrx_word' id='word_1_323' title='bbox 933 2623 988 2676; x_wconf 82' lang='grc' dir='ltr'><strong>ιιι</strong></span> <span class='ocrx_word' id='word_1_324' title='bbox 1015 2636 1122 2690; x_wconf 90' lang='lat' dir='ltr'><strong>quo</strong></span> <span class='ocrx_word' id='word_1_325' title='bbox 1149 2623 1309 2674; x_wconf 90' lang='lat' dir='ltr'><strong>etiam</strong></span> <span class='ocrx_word' id='word_1_326' title='bbox 1357 2624 1526 2691; x_wconf 77' lang='lat' dir='ltr'><strong>gradu</strong></span> <span class='ocrx_word' id='word_1_327' title='bbox 1573 2621 1950 2676; x_wconf 88' lang='lat' dir='ltr'><strong>conditionalis</strong></span> <span class='ocrx_word' id='word_1_328' title='bbox 1978 2621 2217 2684; x_wconf 89' lang='lat' dir='ltr'><strong>servitii,</strong></span> <span class='ocrx_word' id='word_1_329' title='bbox 2259 2632 2314 2675; x_wconf 92' lang='lat' dir='ltr'><strong>et</strong></span> 
     </span>
    </p>
   </div>
   <div class='ocr_carea' id='block_1_44' title="bbox 754 2712 2312 2784">
    <p class='ocr_par' dir='ltr' id='par_1_44' title="bbox 754 2712 2312 2784">
     <span class='ocr_line' id='line_1_44' title="bbox 754 2712 2312 2784; baseline -0.002 -16"><span class='ocrx_word' id='word_1_330' title='bbox 754 2716 923 2784; x_wconf 86' lang='lat' dir='ltr'><strong>ipsum</strong></span> <span class='ocrx_word' id='word_1_331' title='bbox 964 2713 1229 2767; x_wconf 86' lang='lat' dir='ltr'><strong>diabolum</strong></span> <span class='ocrx_word' id='word_1_332' title='bbox 1275 2712 1499 2782; x_wconf 87' lang='lat' dir='ltr'><strong>posuisti</strong></span> <span class='ocrx_word' id='word_1_333' title='bbox 1541 2712 1726 2766; x_wconf 89' lang='lat' dir='ltr'><strong>dicens</strong></span> <span class='ocrx_word' id='word_1_334' title='bbox 1777 2730 1790 2766; x_wconf 90' lang='lat'>:</span> <span class='ocrx_word' id='word_1_335' title='bbox 1831 2712 2028 2781; x_wconf 87' lang='lat' dir='ltr'><strong>Nempe</strong></span> <span class='ocrx_word' id='word_1_336' title='bbox 2073 2712 2312 2765; x_wconf 86' lang='lat' dir='ltr'><strong>diabolus</strong></span> 
     </span>
    </p>
   </div>
   <div class='ocr_carea' id='block_1_45' title="bbox 752 2801 2312 2872">
    <p class='ocr_par' dir='ltr' id='par_1_45' title="bbox 752 2801 2312 2872">
     <span class='ocr_line' id='line_1_45' title="bbox 752 2801 2312 2872; baseline -0.002 -16"><span class='ocrx_word' id='word_1_337' title='bbox 752 2819 923 2856; x_wconf 76' lang='lat' dir='ltr'><strong>servus</strong></span> <span class='ocrx_word' id='word_1_338' title='bbox 952 2801 1160 2855; x_wconf 82' lang='lat' dir='ltr'><strong>Domini</strong></span> <span class='ocrx_word' id='word_1_339' title='bbox 1184 2819 1273 2871; x_wconf 86' lang='lat' dir='ltr'><strong>per</strong></span> <span class='ocrx_word' id='word_1_340' title='bbox 1297 2802 1644 2855; x_wconf 85' lang='lat' dir='ltr'><strong>conditionem</strong></span> <span class='ocrx_word' id='word_1_341' title='bbox 1671 2804 1726 2855; x_wconf 88' lang='lat' dir='ltr'><strong>in</strong></span> <span class='ocrx_word' id='word_1_342' title='bbox 1749 2819 1898 2855; x_wconf 88' lang='lat' dir='ltr'><strong>sacro</strong></span> <span class='ocrx_word' id='word_1_343' title='bbox 1939 2801 2142 2872; x_wconf 87' lang='lat' dir='ltr'><strong>eloquio</strong></span> <span class='ocrx_word' id='word_1_344' title='bbox 2182 2803 2312 2854; x_wconf 67' lang='lat' dir='ltr'><strong>dicio</strong></span> 
     </span>
    </p>
   </div>
   <div class='ocr_carea' id='block_1_46' title="bbox 753 2892 2312 2962">
    <p class='ocr_par' dir='ltr' id='par_1_46' title="bbox 753 2892 2312 2962">
     <span class='ocr_line' id='line_1_46' title="bbox 753 2892 2312 2962; baseline 0.002 -17"><span class='ocrx_word' id='word_1_345' title='bbox 753 2905 856 2946; x_wconf 88' lang='lat' dir='ltr'><strong>tur.</strong></span> <span class='ocrx_word' id='word_1_346' title='bbox 893 2892 1115 2947; x_wconf 79' lang='lat' dir='ltr'><strong>Videsne</strong></span> <span class='ocrx_word' id='word_1_347' title='bbox 1143 2908 1248 2961; x_wconf 89' lang='lat' dir='ltr'><strong>quo</strong></span> <span class='ocrx_word' id='word_1_348' title='bbox 1276 2902 1327 2945; x_wconf 90' lang='lat' dir='ltr'><strong>te</strong></span> <span class='ocrx_word' id='word_1_349' title='bbox 1353 2902 1442 2946; x_wconf 89' lang='lat' dir='ltr'><strong>tua</strong></span> <span class='ocrx_word' id='word_1_350' title='bbox 1468 2895 1715 2962; x_wconf 82' lang='lat' dir='ltr'><strong>perduxit</strong></span> <span class='ocrx_word' id='word_1_351' title='bbox 1742 2893 2099 2962; x_wconf 86' lang='lat' dir='ltr'><strong>blasphemia,</strong></span> <span class='ocrx_word' id='word_1_352' title='bbox 2125 2905 2184 2947; x_wconf 91' lang='lat' dir='ltr'><strong>ut</strong></span> <span class='ocrx_word' id='word_1_353' title='bbox 2206 2911 2312 2948; x_wconf 91' lang='lat' dir='ltr'><strong>uno</strong></span> 
     </span>
    </p>
   </div>
   <div class='ocr_carea' id='block_1_47' title="bbox 754 2977 2308 3054">
    <p class='ocr_par' dir='ltr' id='par_1_47' title="bbox 754 2977 2308 3054">
     <span class='ocr_line' id='line_1_47' title="bbox 754 2977 2308 3054; baseline -0.001 -15"><span class='ocrx_word' id='word_1_354' title='bbox 754 2986 1023 3039; x_wconf 77' lang='lat' dir='ltr'><strong>servitutis</strong></span> <span class='ocrx_word' id='word_1_355' title='bbox 1041 2999 1235 3054; x_wconf 81' lang='lat' dir='ltr'><strong>genere</strong></span> <span class='ocrx_word' id='word_1_356' title='bbox 1259 2983 1530 3040; x_wconf 85' lang='lat' dir='ltr'><strong>Christum</strong></span> <span class='ocrx_word' id='word_1_357' title='bbox 1555 2993 1610 3038; x_wconf 93' lang='lat' dir='ltr'><strong>et</strong></span> <span class='ocrx_word' id='word_1_358' title='bbox 1646 2977 1913 3040; x_wconf 85' lang='lat' dir='ltr'><strong>diabolum</strong></span> <span class='ocrx_word' id='word_1_359' title='bbox 1935 2993 2308 3053; x_wconf 87' lang='lat' dir='ltr'><strong>computares:</strong></span> 
     </span>
    </p>
   </div>
   <div class='ocr_carea' id='block_1_48' title="bbox 756 3069 2312 3146">
    <p class='ocr_par' dir='ltr' id='par_1_48' title="bbox 756 3069 2312 3146">
     <span class='ocr_line' id='line_1_48' title="bbox 756 3069 2312 3146; baseline 0 -16"><span class='ocrx_word' id='word_1_360' title='bbox 756 3093 853 3130; x_wconf 77' lang='lat' dir='ltr'><strong>nec</strong></span> <span class='ocrx_word' id='word_1_361' title='bbox 881 3079 1052 3146; x_wconf 88' lang='lat' dir='ltr'><strong>ipsum</strong></span> <span class='ocrx_word' id='word_1_362' title='bbox 1074 3075 1344 3132; x_wconf 89' lang='lat' dir='ltr'><strong>Christum</strong></span> <span class='ocrx_word' id='word_1_363' title='bbox 1373 3069 1708 3132; x_wconf 78' lang='lat' dir='ltr'><strong>consenlires</strong></span> <span class='ocrx_word' id='word_1_364' title='bbox 1729 3076 2029 3130; x_wconf 86' lang='lat' dir='ltr'><strong>voluntaria</strong></span> <span class='ocrx_word' id='word_1_365' title='bbox 2059 3076 2312 3130; x_wconf 87' lang='lat' dir='ltr'><strong>obedien-</strong></span> 
     </span>
    </p>
   </div>
   <div class='ocr_carea' id='block_1_49' title="bbox 757 3168 2312 3234">
    <p class='ocr_par' dir='ltr' id='par_1_49' title="bbox 757 3168 2312 3234">
     <span class='ocr_line' id='line_1_49' title="bbox 757 3168 2312 3234; baseline 0.002 -13"><span class='ocrx_word' id='word_1_366' title='bbox 757 3170 826 3221; x_wconf 83' lang='lat' dir='ltr'><strong>tia</strong></span> <span class='ocrx_word' id='word_1_367' title='bbox 863 3168 969 3220; x_wconf 84' lang='lat' dir='ltr'><strong>Deo</strong></span> <span class='ocrx_word' id='word_1_368' title='bbox 999 3168 1142 3224; x_wconf 81' lang='lat' dir='ltr'><strong>Patri</strong></span> <span class='ocrx_word' id='word_1_369' title='bbox 1188 3170 1458 3223; x_wconf 86' lang='lat' dir='ltr'><strong>deservire</strong></span> <span class='ocrx_word' id='word_1_370' title='bbox 1503 3169 1557 3222; x_wconf 92' lang='lat' dir='ltr'><strong>in</strong></span> <span class='ocrx_word' id='word_1_371' title='bbox 1602 3168 1792 3223; x_wconf 89' lang='lat' dir='ltr'><strong>diebus</strong></span> <span class='ocrx_word' id='word_1_372' title='bbox 1833 3170 2011 3222; x_wconf 91' lang='lat' dir='ltr'><strong>carnis</strong></span> <span class='ocrx_word' id='word_1_373' title='bbox 2047 3186 2176 3234; x_wconf 75' lang='lat' dir='ltr'><strong>suze,</strong></span> <span class='ocrx_word' id='word_1_374' title='bbox 2219 3171 2312 3224; x_wconf 88' lang='lat' dir='ltr'><strong>sed</strong></span> 
     </span>
    </p>
   </div>
   <div class='ocr_carea' id='block_1_50' title="bbox 760 3260 2311 3331">
    <p class='ocr_par' dir='ltr' id='par_1_50' title="bbox 760 3260 2311 3331">
     <span class='ocr_line' id='line_1_50' title="bbox 760 3260 2311 3331; baseline 0.004 -20"><span class='ocrx_word' id='word_1_375' title='bbox 760 3260 1103 3314; x_wconf 82' lang='lat' dir='ltr'><strong>ronditionali</strong></span> <span class='ocrx_word' id='word_1_376' title='bbox 1153 3263 1491 3323; x_wconf 82' lang='lat' dir='ltr'><strong>necessitate,</strong></span> <span class='ocrx_word' id='word_1_377' title='bbox 1546 3263 1684 3314; x_wconf 90' lang='lat' dir='ltr'><strong>sicut</strong></span> <span class='ocrx_word' id='word_1_378' title='bbox 1729 3262 2016 3329; x_wconf 83' lang='lat' dir='ltr'><strong>diabolum.</strong></span> <span class='ocrx_word' id='word_1_379' title='bbox 2063 3263 2311 3331; x_wconf 80' lang='lat' dir='ltr'><strong>Nunquid</strong></span> 
     </span>
    </p>
   </div>
   <div class='ocr_carea' id='block_1_51' title="bbox 758 3348 2313 3420">
    <p class='ocr_par' dir='ltr' id='par_1_51' title="bbox 758 3348 2313 3420">
     <span class='ocr_line' id='line_1_51' title="bbox 758 3348 2313 3420; baseline 0 -18"><span class='ocrx_word' id='word_1_380' title='bbox 758 3365 862 3402; x_wconf 85' lang='lat' dir='ltr'><strong>non</strong></span> <span class='ocrx_word' id='word_1_381' title='bbox 927 3364 1084 3401; x_wconf 86' lang='lat' dir='ltr'><strong>omne</strong></span> <span class='ocrx_word' id='word_1_382' title='bbox 1145 3348 1562 3402; x_wconf 86' lang='lat' dir='ltr'><strong>Christianorum</strong></span> <span class='ocrx_word' id='word_1_383' title='bbox 1617 3350 1892 3402; x_wconf 89' lang='lat' dir='ltr'><strong>servitium</strong></span> <span class='ocrx_word' id='word_1_384' title='bbox 1953 3350 2004 3402; x_wconf 92' lang='lat' dir='ltr'><strong>in</strong></span> <span class='ocrx_word' id='word_1_385' title='bbox 2058 3351 2313 3420; x_wconf 82' lang='lat' dir='ltr'><strong>religione</strong></span> 
     </span>
    </p>
   </div>
   <div class='ocr_carea' id='block_1_52' title="bbox 665 3439 2311 3507">
    <p class='ocr_par' dir='ltr' id='par_1_52' title="bbox 665 3439 2311 3507">
     <span class='ocr_line' id='line_1_52' title="bbox 665 3439 2311 3507; baseline 0.001 -16"><span class='ocrx_word' id='word_1_386' title='bbox 665 3501 668 3505; x_wconf 26' lang='grc' dir='ltr'><em>ι</em></span> <span class='ocrx_word' id='word_1_387' title='bbox 757 3439 1060 3492; x_wconf 85' lang='lat' dir='ltr'><strong>sanctitatis</strong></span> <span class='ocrx_word' id='word_1_388' title='bbox 1085 3439 1441 3493; x_wconf 88' lang='lat' dir='ltr'><strong>voluntarium</strong></span> <span class='ocrx_word' id='word_1_389' title='bbox 1491 3440 1596 3492; x_wconf 89' lang='lat' dir='ltr'><strong>Deo</strong></span> <span class='ocrx_word' id='word_1_390' title='bbox 1624 3439 1783 3493; x_wconf 87' lang='lat' dir='ltr'><strong>debet</strong></span> <span class='ocrx_word' id='word_1_391' title='bbox 1807 3454 1926 3492; x_wconf 88' lang='lat' dir='ltr'><strong>esse</strong></span> <span class='ocrx_word' id='word_1_392' title='bbox 1956 3440 2124 3507; x_wconf 88' lang='lat' dir='ltr'><strong>magis</strong></span> <span class='ocrx_word' id='word_1_393' title='bbox 2153 3455 2311 3507; x_wconf 91' lang='lat' dir='ltr'><strong>quam</strong></span> 
     </span>
    </p>
   </div>
   <div class='ocr_carea' id='block_1_53' title="bbox 758 3529 2314 3598">
    <p class='ocr_par' dir='ltr' id='par_1_53' title="bbox 758 3529 2314 3598">
     <span class='ocr_line' id='line_1_53' title="bbox 758 3529 2314 3598; baseline 0.002 -19"><span class='ocrx_word' id='word_1_394' title='bbox 758 3529 1136 3590; x_wconf 80' lang='lat' dir='ltr'><strong>necessarium,</strong></span> <span class='ocrx_word' id='word_1_395' title='bbox 1167 3530 1217 3580; x_wconf 89' lang='lat' dir='ltr'><strong>in</strong></span> <span class='ocrx_word' id='word_1_396' title='bbox 1251 3538 1480 3589; x_wconf 85' lang='lat' dir='ltr'><strong>tantum,</strong></span> <span class='ocrx_word' id='word_1_397' title='bbox 1512 3537 1570 3581; x_wconf 90' lang='lat' dir='ltr'><strong>ut</strong></span> <span class='ocrx_word' id='word_1_398' title='bbox 1600 3529 1848 3582; x_wconf 85' lang='lat' dir='ltr'><strong>voluntas</strong></span> <span class='ocrx_word' id='word_1_399' title='bbox 1876 3530 2010 3582; x_wconf 80' lang='lat' dir='ltr'><strong>bona</strong></span> <span class='ocrx_word' id='word_1_400' title='bbox 2039 3544 2135 3598; x_wconf 89' lang='lat' dir='ltr'><strong>pro</strong></span> <span class='ocrx_word' id='word_1_401' title='bbox 2153 3545 2314 3598; x_wconf 73' lang='lat' dir='ltr'><strong>apere</strong></span> 
     </span>
    </p>
   </div>
   <div class='ocr_carea' id='block_1_54' title="bbox 755 3618 2310 3687">
    <p class='ocr_par' dir='ltr' id='par_1_54' title="bbox 755 3618 2310 3687">
     <span class='ocr_line' id='line_1_54' title="bbox 755 3618 2310 3687; baseline 0.002 -19"><span class='ocrx_word' id='word_1_402' title='bbox 755 3626 1111 3686; x_wconf 80' lang='lat' dir='ltr'><strong>computetur,</strong></span> <span class='ocrx_word' id='word_1_403' title='bbox 1167 3618 1411 3684; x_wconf 75' lang='lat' dir='ltr'><strong>quamvis</strong></span> <span class='ocrx_word' id='word_1_404' title='bbox 1462 3618 1640 3686; x_wconf 86' lang='lat' dir='ltr'><strong>aliqua</strong></span> <span class='ocrx_word' id='word_1_405' title='bbox 1699 3621 1995 3674; x_wconf 79' lang='lat' dir='ltr'><strong>necessitas</strong></span> <span class='ocrx_word' id='word_1_406' title='bbox 2055 3620 2310 3687; x_wconf 85' lang='lat' dir='ltr'><strong>operandi</strong></span> 
     </span>
    </p>
   </div>
   <div class='ocr_carea' id='block_1_55' title="bbox 759 3692 2331 3775">
    <p class='ocr_par' dir='ltr' id='par_1_55' title="bbox 759 3692 2331 3775">
     <span class='ocr_line' id='line_1_55' title="bbox 759 3692 2331 3775; baseline 0.003 -17"><span class='ocrx_word' id='word_1_407' title='bbox 759 3709 1009 3775; x_wconf 76' lang='lat' dir='ltr'><strong>impediat</strong></span> <span class='ocrx_word' id='word_1_408' title='bbox 1055 3708 1395 3761; x_wconf 75' lang='lat' dir='ltr'><strong>facultatem?</strong></span> <span class='ocrx_word' id='word_1_409' title='bbox 1437 3706 1603 3760; x_wconf 77' lang='lat' dir='ltr'><strong>Addis</strong></span> <span class='ocrx_word' id='word_1_410' title='bbox 1643 3709 1817 3762; x_wconf 84' lang='lat' dir='ltr'><strong>adhuc</strong></span> <span class='ocrx_word' id='word_1_411' title='bbox 1859 3708 1925 3760; x_wconf 87' lang='lat' dir='ltr'><strong>de</strong></span> <span class='ocrx_word' id='word_1_412' title='bbox 1965 3692 2331 3763; x_wconf 44' lang='lat' dir='ltr'><strong>conditionali&#39;</strong></span> 
     </span>
    </p>
   </div>
   <div class='ocr_carea' id='block_1_56' title="bbox 760 3796 2314 3865">
    <p class='ocr_par' dir='ltr' id='par_1_56' title="bbox 760 3796 2314 3865">
     <span class='ocr_line' id='line_1_56' title="bbox 760 3796 2314 3865; baseline 0.002 -17"><span class='ocrx_word' id='word_1_413' title='bbox 760 3800 975 3850; x_wconf 82' lang='lat' dir='ltr'><strong>servitio</strong></span> <span class='ocrx_word' id='word_1_414' title='bbox 1006 3798 1202 3851; x_wconf 84' lang='lat' dir='ltr'><strong>Christi</strong></span> <span class='ocrx_word' id='word_1_415' title='bbox 1236 3799 1345 3850; x_wconf 78' lang='lat' dir='ltr'><strong>hzec</strong></span> <span class='ocrx_word' id='word_1_416' title='bbox 1380 3797 1538 3848; x_wconf 83' lang='lat' dir='ltr'><strong>verba</strong></span> <span class='ocrx_word' id='word_1_417' title='bbox 1570 3814 1581 3848; x_wconf 91' lang='lat'>:</span> <span class='ocrx_word' id='word_1_418' title='bbox 1629 3815 1646 3845; x_wconf 74' lang='grc' dir='ltr'><strong>ι</strong></span> <span class='ocrx_word' id='word_1_419' title='bbox 1689 3797 1954 3865; x_wconf 69' lang='lat' dir='ltr'><strong>Nunquid,</strong></span> <span class='ocrx_word' id='word_1_420' title='bbox 1977 3796 2079 3862; x_wconf 88' lang='lat' dir='ltr'><strong>ais,</strong></span> <span class='ocrx_word' id='word_1_421' title='bbox 2108 3799 2197 3865; x_wconf 91' lang='lat' dir='ltr'><strong>qui</strong></span> <span class='ocrx_word' id='word_1_422' title='bbox 2230 3813 2314 3851; x_wconf 80' lang='lat' dir='ltr'><strong>ve-</strong></span> 
     </span>
    </p>
   </div>
   <div class='ocr_carea' id='block_1_57' title="bbox 761 3886 2313 3954">
    <p class='ocr_par' dir='ltr' id='par_1_57' title="bbox 761 3886 2313 3954">
     <span class='ocr_line' id='line_1_57' title="bbox 761 3886 2313 3954; baseline 0.003 -17"><span class='ocrx_word' id='word_1_423' title='bbox 761 3902 851 3938; x_wconf 89' lang='lat' dir='ltr'><strong>rus</strong></span> <span class='ocrx_word' id='word_1_424' title='bbox 878 3898 956 3938; x_wconf 85' lang='lat' dir='ltr'><strong>est</strong></span> <span class='ocrx_word' id='word_1_425' title='bbox 984 3890 1140 3948; x_wconf 85' lang='lat' dir='ltr'><strong>Deus,</strong></span> <span class='ocrx_word' id='word_1_426' title='bbox 1189 3886 1301 3939; x_wconf 83' lang='lat' dir='ltr'><strong>ﬁeri</strong></span> <span class='ocrx_word' id='word_1_427' title='bbox 1334 3897 1530 3954; x_wconf 89' lang='lat' dir='ltr'><strong>potest,</strong></span> <span class='ocrx_word' id='word_1_428' title='bbox 1559 3895 1617 3939; x_wconf 94' lang='lat' dir='ltr'><strong>ut</strong></span> <span class='ocrx_word' id='word_1_429' title='bbox 1658 3887 1963 3941; x_wconf 87' lang='lat' dir='ltr'><strong>conditiOne</strong></span> <span class='ocrx_word' id='word_1_430' title='bbox 2003 3902 2189 3941; x_wconf 89' lang='lat' dir='ltr'><strong>servus</strong></span> <span class='ocrx_word' id='word_1_431' title='bbox 2221 3888 2313 3941; x_wconf 89' lang='lat' dir='ltr'><strong>Dei</strong></span> 
     </span>
    </p>
   </div>
   <div class='ocr_carea' id='block_1_58' title="bbox 765 3971 2314 4046">
    <p class='ocr_par' dir='ltr' id='par_1_58' title="bbox 765 3971 2314 4046">
     <span class='ocr_line' id='line_1_58' title="bbox 765 3971 2314 4046; baseline 0.004 -22"><span class='ocrx_word' id='word_1_432' title='bbox 765 3973 850 4035; x_wconf 87' lang='lat' dir='ltr'><strong>sit,</strong></span> <span class='ocrx_word' id='word_1_433' title='bbox 881 3974 1015 4025; x_wconf 86' lang='lat' dir='ltr'><strong>sicut</strong></span> <span class='ocrx_word' id='word_1_434' title='bbox 1041 3971 1287 4027; x_wconf 81' lang='lat' dir='ltr'><strong>Christus</strong></span> <span class='ocrx_word' id='word_1_435' title='bbox 1316 3974 1567 4026; x_wconf 84' lang='lat' dir='ltr'><strong>Dominus</strong></span> <span class='ocrx_word' id='word_1_436' title='bbox 1594 3976 1651 4026; x_wconf 83' lang='lat' dir='ltr'><strong>iu</strong></span> <span class='ocrx_word' id='word_1_437' title='bbox 1679 3975 1847 4027; x_wconf 84' lang='lat' dir='ltr'><strong>forma</strong></span> <span class='ocrx_word' id='word_1_438' title='bbox 1877 3978 2041 4039; x_wconf 82' lang='lat' dir='ltr'><strong>servi,</strong></span> <span class='ocrx_word' id='word_1_439' title='bbox 2064 3978 2154 4046; x_wconf 92' lang='lat' dir='ltr'><strong>qui</strong></span> <span class='ocrx_word' id='word_1_440' title='bbox 2183 3978 2314 4030; x_wconf 92' lang='lat' dir='ltr'><strong>mul-</strong></span> 
     </span>
    </p>
   </div>
   <div class='ocr_carea' id='block_1_59' title="bbox 765 4060 2313 4137">
    <p class='ocr_par' dir='ltr' id='par_1_59' title="bbox 765 4060 2313 4137">
     <span class='ocr_line' id='line_1_59' title="bbox 765 4060 2313 4137; baseline 0.006 -24"><span class='ocrx_word' id='word_1_441' title='bbox 765 4063 830 4114; x_wconf 88' lang='lat' dir='ltr'><strong>tis</strong></span> <span class='ocrx_word' id='word_1_442' title='bbox 877 4064 1044 4113; x_wconf 79' lang='lat' dir='ltr'><strong>mudis</strong></span> <span class='ocrx_word' id='word_1_443' title='bbox 1091 4060 1374 4130; x_wconf 86' lang='lat' dir='ltr'><strong>multisque</strong></span> <span class='ocrx_word' id='word_1_444' title='bbox 1423 4065 1770 4125; x_wconf 84' lang='lat' dir='ltr'><strong>documentis,</strong></span> <span class='ocrx_word' id='word_1_445' title='bbox 1795 4077 1908 4118; x_wconf 90' lang='lat' dir='ltr'><strong>&#39;non</strong></span> <span class='ocrx_word' id='word_1_446' title='bbox 1958 4075 2161 4119; x_wconf 91' lang='lat' dir='ltr'><strong>tantum</strong></span> <span class='ocrx_word' id='word_1_447' title='bbox 2191 4084 2313 4137; x_wconf 81' lang='lat' dir='ltr'><strong>pro-</strong></span> 
     </span>
    </p>
   </div>
   <div class='ocr_carea' id='block_1_60' title="bbox 763 4150 2316 4221">
    <p class='ocr_par' dir='ltr' id='par_1_60' title="bbox 763 4150 2316 4221">
     <span class='ocr_line' id='line_1_60' title="bbox 763 4150 2316 4221; baseline 0.008 -23"><span class='ocrx_word' id='word_1_448' title='bbox 763 4159 876 4214; x_wconf 88' lang='lat' dir='ltr'><strong>pter</strong></span> <span class='ocrx_word' id='word_1_449' title='bbox 906 4150 1281 4221; x_wconf 74' lang='lat' dir='ltr'><strong>obedientiam,</strong></span> <span class='ocrx_word' id='word_1_450' title='bbox 1313 4161 1367 4202; x_wconf 94' lang='lat' dir='ltr'><strong>ut</strong></span> <span class='ocrx_word' id='word_1_451' title='bbox 1409 4151 1646 4220; x_wconf 81' lang='lat' dir='ltr'><strong>plerique</strong></span> <span class='ocrx_word' id='word_1_452' title='bbox 1676 4154 1889 4216; x_wconf 63' lang='lat' dir='ltr'><strong>volunt,</strong></span> <span class='ocrx_word' id='word_1_453' title='bbox 1923 4157 2013 4208; x_wconf 89' lang='lat' dir='ltr'><strong>sed</strong></span> <span class='ocrx_word' id='word_1_454' title='bbox 2058 4158 2219 4210; x_wconf 83' lang='lat' dir='ltr'><strong>etiam</strong></span> <span class='ocrx_word' id='word_1_455' title='bbox 2262 4166 2316 4210; x_wconf 83' lang='lat' dir='ltr'><strong>et</strong></span> 
     </span>
    </p>
   </div>
   <div class='ocr_carea' id='block_1_61' title="bbox 764 4238 2313 4312">
    <p class='ocr_par' dir='ltr' id='par_1_61' title="bbox 764 4238 2313 4312">
     <span class='ocr_line' id='line_1_61' title="bbox 764 4238 2313 4312; baseline 0.005 -24"><span class='ocrx_word' id='word_1_456' title='bbox 764 4253 858 4303; x_wconf 86' lang='lat' dir='ltr'><strong>per</strong></span> <span class='ocrx_word' id='word_1_457' title='bbox 889 4248 1131 4290; x_wconf 87' lang='lat' dir='ltr'><strong>naturam</strong></span> <span class='ocrx_word' id='word_1_458' title='bbox 1162 4253 1346 4290; x_wconf 88' lang='lat' dir='ltr'><strong>servus</strong></span> <span class='ocrx_word' id='word_1_459' title='bbox 1373 4238 1548 4292; x_wconf 81' lang='lat' dir='ltr'><strong>Patris</strong></span> <span class='ocrx_word' id='word_1_460' title='bbox 1576 4249 1630 4292; x_wconf 77' lang='lat' dir='ltr'><strong>et</strong></span> <span class='ocrx_word' id='word_1_461' title='bbox 1675 4241 1814 4294; x_wconf 83' lang='lat' dir='ltr'><strong>illius</strong></span> <span class='ocrx_word' id='word_1_462' title='bbox 1840 4243 2047 4296; x_wconf 73' lang='lat' dir='ltr'><strong>ancilla:</strong></span> <span class='ocrx_word' id='word_1_463' title='bbox 2074 4245 2191 4312; x_wconf 84' lang='lat' dir='ltr'><strong>ejus</strong></span> <span class='ocrx_word' id='word_1_464' title='bbox 2221 4260 2313 4296; x_wconf 89' lang='lat' dir='ltr'><strong>ve-</strong></span> 
     </span>
    </p>
   </div>
   <div class='ocr_carea' id='block_1_62' title="bbox 765 4327 2317 4396">
    <p class='ocr_par' dir='ltr' id='par_1_62' title="bbox 765 4327 2317 4396">
     <span class='ocr_line' id='line_1_62' title="bbox 765 4327 2317 4396; baseline 0.006 -20"><span class='ocrx_word' id='word_1_465' title='bbox 765 4327 973 4380; x_wconf 85' lang='lat' dir='ltr'><strong>rissime</strong></span> <span class='ocrx_word' id='word_1_466' title='bbox 1011 4328 1294 4381; x_wconf 77' lang='lat' dir='ltr'><strong>educetur?</strong></span> <span class='ocrx_word' id='word_1_467' title='bbox 1332 4348 1348 4378; x_wconf 74' lang='grc' dir='ltr'><strong>ι</strong></span> <span class='ocrx_word' id='word_1_468' title='bbox 1389 4327 1538 4393; x_wconf 84' lang='lat' dir='ltr'><strong>Quod</strong></span> <span class='ocrx_word' id='word_1_469' title='bbox 1587 4345 1743 4396; x_wconf 88' lang='lat' dir='ltr'><strong>quam</strong></span> <span class='ocrx_word' id='word_1_470' title='bbox 1801 4331 2090 4383; x_wconf 82' lang='lat' dir='ltr'><strong>absurdum</strong></span> <span class='ocrx_word' id='word_1_471' title='bbox 2119 4334 2224 4396; x_wconf 93' lang='lat' dir='ltr'><strong>sit,</strong></span> <span class='ocrx_word' id='word_1_472' title='bbox 2263 4342 2317 4385; x_wconf 90' lang='lat' dir='ltr'><strong>et</strong></span> 
     </span>
    </p>
   </div>
   <div class='ocr_carea' id='block_1_63' title="bbox 2337 3131 2385 3192">
    <p class='ocr_par' dir='ltr' id='par_1_63' title="bbox 2337 3131 2385 3192">
     <span class='ocr_line' id='line_1_63' title="bbox 2337 3131 2385 3192; baseline 0 0"><span class='ocrx_word' id='word_1_473' title='bbox 2337 3131 2385 3192; x_wconf 89' lang='lat' dir='ltr'><strong>C</strong></span> 
     </span>
    </p>
   </div>
   <div class='ocr_carea' id='block_1_64' title="bbox 2411 1904 3972 1982">
    <p class='ocr_par' dir='ltr' id='par_1_64' title="bbox 2411 1904 3972 1982">
     <span class='ocr_line' id='line_1_64' title="bbox 2411 1904 3972 1982; baseline 0.003 -23"><span class='ocrx_word' id='word_1_474' title='bbox 2411 1904 2465 1959; x_wconf 90' lang='lat' dir='ltr'><strong>in</strong></span> <span class='ocrx_word' id='word_1_475' title='bbox 2498 1904 2604 1961; x_wconf 88' lang='lat' dir='ltr'><strong>alio</strong></span> <span class='ocrx_word' id='word_1_476' title='bbox 2633 1904 2750 1959; x_wconf 88' lang='lat' dir='ltr'><strong>loco</strong></span> <span class='ocrx_word' id='word_1_477' title='bbox 2774 1904 3059 1973; x_wconf 83' lang='lat' dir='ltr'><strong>Apostolus</strong></span> <span class='ocrx_word' id='word_1_478' title='bbox 3091 1922 3102 1956; x_wconf 94' lang='lat'>:</span> <span class='ocrx_word' id='word_1_479' title='bbox 3137 1904 3240 1970; x_wconf 84' lang='lat' dir='ltr'><strong>Qui</strong></span> <span class='ocrx_word' id='word_1_480' title='bbox 3264 1905 3480 1959; x_wconf 81' lang='lat' dir='ltr'><strong>tradidit</strong></span> <span class='ocrx_word' id='word_1_481' title='bbox 3512 1909 3840 1978; x_wconf 70' lang='lat' dir='ltr'><strong>semetipsum</strong></span> <span class='ocrx_word' id='word_1_482' title='bbox 3872 1929 3972 1982; x_wconf 79' lang='lat' dir='ltr'><strong>pro</strong></span> 
     </span>
    </p>
   </div>
   <div class='ocr_carea' id='block_1_65' title="bbox 2411 1993 3973 2064">
    <p class='ocr_par' dir='ltr' id='par_1_65' title="bbox 2411 1993 3973 2064">
     <span class='ocr_line' id='line_1_65' title="bbox 2411 1993 3973 2064; baseline 0.004 -18"><span class='ocrx_word' id='word_1_483' title='bbox 2411 1993 2557 2047; x_wconf 84' lang='lat' dir='ltr'><strong>nobis</strong></span> <span class='ocrx_word' id='word_1_484' title='bbox 2607 1993 2919 2046; x_wconf 84' lang='lat' dir='ltr'><strong>oblationem</strong></span> <span class='ocrx_word' id='word_1_485' title='bbox 2961 2002 3010 2045; x_wconf 89' lang='lat' dir='ltr'><strong>et</strong></span> <span class='ocrx_word' id='word_1_486' title='bbox 3047 1993 3269 2046; x_wconf 79' lang='lat' dir='ltr'><strong>hostiam</strong></span> <span class='ocrx_word' id='word_1_487' title='bbox 3297 1993 3511 2064; x_wconf 75' lang='lat' dir='ltr'><strong>(Ephcs.</strong></span> <span class='ocrx_word' id='word_1_488' title='bbox 3551 2011 3606 2059; x_wconf 63' lang='grc' dir='ltr'>ν,</span> <span class='ocrx_word' id='word_1_489' title='bbox 3645 1996 3723 2055; x_wconf 76' lang='grc'><strong>2).</strong></span> <span class='ocrx_word' id='word_1_490' title='bbox 3769 1997 3828 2053; x_wconf 86' lang='lat' dir='ltr'><strong>In</strong></span> <span class='ocrx_word' id='word_1_491' title='bbox 3867 2001 3973 2056; x_wconf 85' lang='lat' dir='ltr'><strong>hoc</strong></span> 
     </span>
    </p>
   </div>
   <div class='ocr_carea' id='block_1_66' title="bbox 2408 2079 3972 2149">
    <p class='ocr_par' dir='ltr' id='par_1_66' title="bbox 2408 2079 3972 2149">
     <span class='ocr_line' id='line_1_66' title="bbox 2408 2079 3972 2149; baseline 0.006 -15"><span class='ocrx_word' id='word_1_492' title='bbox 2408 2082 2550 2149; x_wconf 90' lang='lat' dir='ltr'><strong>quod</strong></span> <span class='ocrx_word' id='word_1_493' title='bbox 2578 2082 2652 2134; x_wconf 89' lang='lat' dir='ltr'><strong>ait</strong></span> <span class='ocrx_word' id='word_1_494' title='bbox 2680 2099 2692 2134; x_wconf 89' lang='lat'>:</span> <span class='ocrx_word' id='word_1_495' title='bbox 2721 2079 2959 2133; x_wconf 83' lang='lat' dir='ltr'><strong>Tradidit</strong></span> <span class='ocrx_word' id='word_1_496' title='bbox 2984 2083 3333 2149; x_wconf 81' lang='lat' dir='ltr'><strong>semetipsum,</strong></span> <span class='ocrx_word' id='word_1_497' title='bbox 3360 2083 3660 2139; x_wconf 85' lang='lat' dir='ltr'><strong>voluntarie</strong></span> <span class='ocrx_word' id='word_1_498' title='bbox 3682 2100 3741 2140; x_wconf 87' lang='lat' dir='ltr'><strong>se</strong></span> <span class='ocrx_word' id='word_1_499' title='bbox 3761 2089 3972 2144; x_wconf 78' lang='lat' dir='ltr'><strong>traden-</strong></span> 
     </span>
    </p>
   </div>
   <div class='ocr_carea' id='block_1_67' title="bbox 2411 2169 3969 2236">
    <p class='ocr_par' dir='ltr' id='par_1_67' title="bbox 2411 2169 3969 2236">
     <span class='ocr_line' id='line_1_67' title="bbox 2411 2169 3969 2236; baseline 0.006 -14"><span class='ocrx_word' id='word_1_500' title='bbox 2411 2169 2501 2233; x_wconf 91' lang='lat' dir='ltr'><strong>tis,</strong></span> <span class='ocrx_word' id='word_1_501' title='bbox 2531 2184 2639 2224; x_wconf 92' lang='lat' dir='ltr'><strong>non</strong></span> <span class='ocrx_word' id='word_1_502' title='bbox 2665 2169 3096 2224; x_wconf 89' lang='lat' dir='ltr'><strong>conditionaliter</strong></span> <span class='ocrx_word' id='word_1_503' title='bbox 3113 2171 3418 2236; x_wconf 87' lang='lat' dir='ltr'><strong>servientis,</strong></span> <span class='ocrx_word' id='word_1_504' title='bbox 3442 2174 3678 2228; x_wconf 88' lang='lat' dir='ltr'><strong>ostendit</strong></span> <span class='ocrx_word' id='word_1_505' title='bbox 3696 2174 3969 2232; x_wconf 82' lang='lat' dir='ltr'><strong>aﬂ&#39;ectum.</strong></span> 
     </span>
    </p>
   </div>
   <div class='ocr_carea' id='block_1_68' title="bbox 2410 2257 3974 2328">
    <p class='ocr_par' dir='ltr' id='par_1_68' title="bbox 2410 2257 3974 2328">
     <span class='ocr_line' id='line_1_68' title="bbox 2410 2257 3974 2328; baseline 0.004 -17"><span class='ocrx_word' id='word_1_506' title='bbox 2410 2257 2548 2312; x_wconf 89' lang='lat' dir='ltr'><strong>Dicit</strong></span> <span class='ocrx_word' id='word_1_507' title='bbox 2575 2268 2632 2312; x_wconf 92' lang='lat' dir='ltr'><strong>et</strong></span> <span class='ocrx_word' id='word_1_508' title='bbox 2658 2258 2770 2328; x_wconf 90' lang='lat' dir='ltr'><strong>ipse</strong></span> <span class='ocrx_word' id='word_1_509' title='bbox 2797 2257 2964 2312; x_wconf 90' lang='lat' dir='ltr'><strong>David</strong></span> <span class='ocrx_word' id='word_1_510' title='bbox 2993 2258 3093 2312; x_wconf 87' lang='lat' dir='ltr'><strong>sub</strong></span> <span class='ocrx_word' id='word_1_511' title='bbox 3119 2273 3348 2326; x_wconf 84' lang='lat' dir='ltr'><strong>persona</strong></span> <span class='ocrx_word' id='word_1_512' title='bbox 3388 2267 3735 2314; x_wconf 87' lang='lat' dir='ltr'><strong>sanctorum:</strong></span> <span class='ocrx_word' id='word_1_513' title='bbox 3776 2261 3974 2318; x_wconf 81' lang='lat' dir='ltr'><strong>Volun-</strong></span> 
     </span>
    </p>
   </div>
   <div class='ocr_carea' id='block_1_69' title="bbox 2409 2348 3974 2420">
    <p class='ocr_par' dir='ltr' id='par_1_69' title="bbox 2409 2348 3974 2420">
     <span class='ocr_line' id='line_1_69' title="bbox 2409 2348 3974 2420; baseline 0.004 -18"><span class='ocrx_word' id='word_1_514' title='bbox 2409 2351 2542 2402; x_wconf 87' lang='lat' dir='ltr'><strong>tarie</strong></span> <span class='ocrx_word' id='word_1_515' title='bbox 2567 2350 2876 2418; x_wconf 77' lang='lat' dir='ltr'><strong>sacrificabo</strong></span> <span class='ocrx_word' id='word_1_516' title='bbox 2901 2349 2994 2402; x_wconf 89' lang='lat' dir='ltr'><strong>tibi</strong></span> <span class='ocrx_word' id='word_1_517' title='bbox 3023 2348 3192 2418; x_wconf 88' lang='lat' dir='ltr'><strong>(Psal.</strong></span> <span class='ocrx_word' id='word_1_518' title='bbox 3222 2365 3338 2413; x_wconf 82' lang='lat' dir='ltr'><strong>uti,</strong></span> <span class='ocrx_word' id='word_1_519' title='bbox 3361 2349 3438 2420; x_wconf 88' lang='grc'><strong>8).</strong></span> <span class='ocrx_word' id='word_1_520' title='bbox 3467 2349 3526 2405; x_wconf 88' lang='lat' dir='ltr'><strong>Si</strong></span> <span class='ocrx_word' id='word_1_521' title='bbox 3554 2360 3865 2407; x_wconf 88' lang='lat' dir='ltr'><strong>sanctorum</strong></span> <span class='ocrx_word' id='word_1_522' title='bbox 3883 2369 3974 2409; x_wconf 75' lang='lat' dir='ltr'><strong>sa-</strong></span> 
     </span>
    </p>
   </div>
   <div class='ocr_carea' id='block_1_70' title="bbox 2409 2436 3973 2506">
    <p class='ocr_par' dir='ltr' id='par_1_70' title="bbox 2409 2436 3973 2506">
     <span class='ocr_line' id='line_1_70' title="bbox 2409 2436 3973 2506; baseline 0.005 -14"><span class='ocrx_word' id='word_1_523' title='bbox 2409 2437 2632 2502; x_wconf 86' lang='lat' dir='ltr'><strong>crilicia,</strong></span> <span class='ocrx_word' id='word_1_524' title='bbox 2680 2453 2800 2506; x_wconf 69' lang='lat' dir='ltr'><strong>quae</strong></span> <span class='ocrx_word' id='word_1_525' title='bbox 2826 2438 2936 2491; x_wconf 90' lang='lat' dir='ltr'><strong>Deo</strong></span> <span class='ocrx_word' id='word_1_526' title='bbox 2981 2436 3158 2492; x_wconf 88' lang='lat' dir='ltr'><strong>solent</strong></span> <span class='ocrx_word' id='word_1_527' title='bbox 3197 2437 3412 2505; x_wconf 86' lang='lat' dir='ltr'><strong>oli&#39;erri,</strong></span> <span class='ocrx_word' id='word_1_528' title='bbox 3459 2440 3759 2496; x_wconf 86' lang='lat' dir='ltr'><strong>voluntaria</strong></span> <span class='ocrx_word' id='word_1_529' title='bbox 3803 2441 3973 2500; x_wconf 81' lang='lat' dir='ltr'><strong>fuisse</strong></span> 
     </span>
    </p>
   </div>
   <div class='ocr_carea' id='block_1_71' title="bbox 2411 2524 3972 2599">
    <p class='ocr_par' dir='ltr' id='par_1_71' title="bbox 2411 2524 3972 2599">
     <span class='ocr_line' id='line_1_71' title="bbox 2411 2524 3972 2599; baseline 0.004 -15"><span class='ocrx_word' id='word_1_530' title='bbox 2411 2530 2753 2585; x_wconf 81' lang='lat' dir='ltr'><strong>manifestum</strong></span> <span class='ocrx_word' id='word_1_531' title='bbox 2778 2538 2880 2594; x_wconf 90' lang='lat' dir='ltr'><strong>est,</strong></span> <span class='ocrx_word' id='word_1_532' title='bbox 2913 2532 3180 2599; x_wconf 89' lang='lat' dir='ltr'><strong>quomodo</strong></span> <span class='ocrx_word' id='word_1_533' title='bbox 3202 2531 3307 2586; x_wconf 89' lang='lat' dir='ltr'><strong>hoc</strong></span> <span class='ocrx_word' id='word_1_534' title='bbox 3329 2531 3502 2586; x_wconf 89' lang='lat' dir='ltr'><strong>solum</strong></span> <span class='ocrx_word' id='word_1_535' title='bbox 3526 2533 3874 2599; x_wconf 80' lang='lat' dir='ltr'><strong>sacriﬁcium,</strong></span> <span class='ocrx_word' id='word_1_536' title='bbox 3891 2524 3894 2528; x_wconf 66' lang='grc'><em>’</em></span> <span class='ocrx_word' id='word_1_537' title='bbox 3912 2535 3972 2590; x_wconf 87' lang='lat' dir='ltr'><strong>in</strong></span> 
     </span>
    </p>
   </div>
   <div class='ocr_carea' id='block_1_72' title="bbox 2408 2619 3990 2692">
    <p class='ocr_par' dir='ltr' id='par_1_72' title="bbox 2408 2619 3990 2692">
     <span class='ocr_line' id='line_1_72' title="bbox 2408 2619 3990 2692; baseline 0.001 -16"><span class='ocrx_word' id='word_1_538' title='bbox 2408 2639 2516 2692; x_wconf 91' lang='lat' dir='ltr'><strong>quo</strong></span> <span class='ocrx_word' id='word_1_539' title='bbox 2546 2624 2713 2677; x_wconf 88' lang='lat' dir='ltr'><strong>totius</strong></span> <span class='ocrx_word' id='word_1_540' title='bbox 2758 2623 2942 2676; x_wconf 90' lang='lat' dir='ltr'><strong>mundi</strong></span> <span class='ocrx_word' id='word_1_541' title='bbox 2973 2619 3270 2691; x_wconf 87' lang='lat' dir='ltr'><strong>redemptio</strong></span> <span class='ocrx_word' id='word_1_542' title='bbox 3309 2629 3426 2686; x_wconf 89' lang='lat' dir='ltr'><strong>est,</strong></span> <span class='ocrx_word' id='word_1_543' title='bbox 3475 2636 3571 2690; x_wconf 90' lang='lat' dir='ltr'><strong>per</strong></span> <span class='ocrx_word' id='word_1_544' title='bbox 3598 2624 3990 2678; x_wconf 82' lang='lat' dir='ltr'><strong>necessitatem</strong></span> 
     </span>
    </p>
   </div>
   <div class='ocr_carea' id='block_1_73' title="bbox 2411 2711 3972 2783">
    <p class='ocr_par' dir='ltr' id='par_1_73' title="bbox 2411 2711 3972 2783">
     <span class='ocr_line' id='line_1_73' title="bbox 2411 2711 3972 2783; baseline 0.003 -20"><span class='ocrx_word' id='word_1_545' title='bbox 2411 2712 2574 2766; x_wconf 79' lang='lat' dir='ltr'><strong>fuisse</strong></span> <span class='ocrx_word' id='word_1_546' title='bbox 2622 2712 2990 2775; x_wconf 90' lang='lat' dir='ltr'><strong>calumniaris,</strong></span> <span class='ocrx_word' id='word_1_547' title='bbox 3039 2719 3095 2764; x_wconf 92' lang='lat' dir='ltr'><strong>et</strong></span> <span class='ocrx_word' id='word_1_548' title='bbox 3126 2725 3233 2765; x_wconf 91' lang='lat' dir='ltr'><strong>non</strong></span> <span class='ocrx_word' id='word_1_549' title='bbox 3275 2726 3373 2780; x_wconf 90' lang='lat' dir='ltr'><strong>per</strong></span> <span class='ocrx_word' id='word_1_550' title='bbox 3410 2711 3736 2766; x_wconf 85' lang='lat' dir='ltr'><strong>voluntatem</strong></span> <span class='ocrx_word' id='word_1_551' title='bbox 3781 2722 3972 2783; x_wconf 72' lang='lat' dir='ltr'><strong>sponte</strong></span> 
     </span>
    </p>
   </div>
   <div class='ocr_carea' id='block_1_74' title="bbox 2410 2800 3971 2872">
    <p class='ocr_par' dir='ltr' id='par_1_74' title="bbox 2410 2800 3971 2872">
     <span class='ocr_line' id='line_1_74' title="bbox 2410 2800 3971 2872; baseline -0.001 -12"><span class='ocrx_word' id='word_1_552' title='bbox 2410 2803 2643 2872; x_wconf 86' lang='lat' dir='ltr'><strong>seipsum</strong></span> <span class='ocrx_word' id='word_1_553' title='bbox 2671 2800 2983 2857; x_wconf 82' lang='lat' dir='ltr'><strong>oli&#39;erentis?</strong></span> <span class='ocrx_word' id='word_1_554' title='bbox 3005 2802 3145 2856; x_wconf 89' lang='lat' dir='ltr'><strong>sicut</strong></span> <span class='ocrx_word' id='word_1_555' title='bbox 3167 2801 3305 2856; x_wconf 88' lang='lat' dir='ltr'><strong>idem</strong></span> <span class='ocrx_word' id='word_1_556' title='bbox 3329 2801 3591 2871; x_wconf 87' lang='lat' dir='ltr'><strong>propheta</strong></span> <span class='ocrx_word' id='word_1_557' title='bbox 3627 2802 3682 2856; x_wconf 91' lang='lat' dir='ltr'><strong>in</strong></span> <span class='ocrx_word' id='word_1_558' title='bbox 3704 2801 3813 2858; x_wconf 91' lang='lat' dir='ltr'><strong>alio</strong></span> <span class='ocrx_word' id='word_1_559' title='bbox 3850 2802 3971 2858; x_wconf 85' lang='lat' dir='ltr'><strong>loco</strong></span> 
     </span>
    </p>
   </div>
   <div class='ocr_carea' id='block_1_75' title="bbox 2410 2892 3972 2963">
    <p class='ocr_par' dir='ltr' id='par_1_75' title="bbox 2410 2892 3972 2963">
     <span class='ocr_line' id='line_1_75' title="bbox 2410 2892 3972 2963; baseline 0.002 -16"><span class='ocrx_word' id='word_1_560' title='bbox 2410 2894 2486 2947; x_wconf 90' lang='lat' dir='ltr'><strong>ait</strong></span> <span class='ocrx_word' id='word_1_561' title='bbox 2514 2913 2526 2946; x_wconf 91' lang='lat'>:</span> <span class='ocrx_word' id='word_1_562' title='bbox 2561 2893 2630 2947; x_wconf 84' lang='lat' dir='ltr'><strong>In</strong></span> <span class='ocrx_word' id='word_1_563' title='bbox 2657 2895 2823 2963; x_wconf 82' lang='lat' dir='ltr'><strong>capite</strong></span> <span class='ocrx_word' id='word_1_564' title='bbox 2847 2892 2965 2945; x_wconf 84' lang='lat' dir='ltr'><strong>libri</strong></span> <span class='ocrx_word' id='word_1_565' title='bbox 2986 2893 3233 2963; x_wconf 85' lang='lat' dir='ltr'><strong>scriptum</strong></span> <span class='ocrx_word' id='word_1_566' title='bbox 3259 2903 3333 2947; x_wconf 86' lang='lat' dir='ltr'><strong>est</strong></span> <span class='ocrx_word' id='word_1_567' title='bbox 3357 2893 3422 2946; x_wconf 88' lang='lat' dir='ltr'><strong>de</strong></span> <span class='ocrx_word' id='word_1_568' title='bbox 3441 2909 3543 2959; x_wconf 83' lang='lat' dir='ltr'><strong>me,</strong></span> <span class='ocrx_word' id='word_1_569' title='bbox 3564 2903 3622 2947; x_wconf 89' lang='lat' dir='ltr'><strong>ut</strong></span> <span class='ocrx_word' id='word_1_570' title='bbox 3641 2895 3867 2963; x_wconf 75' lang='lat' dir='ltr'><strong>facerem</strong></span> <span class='ocrx_word' id='word_1_571' title='bbox 3887 2911 3972 2950; x_wconf 75' lang='lat' dir='ltr'><strong>ua-</strong></span> 
     </span>
    </p>
   </div>
   <div class='ocr_carea' id='block_1_76' title="bbox 2409 2981 3970 3054">
    <p class='ocr_par' dir='ltr' id='par_1_76' title="bbox 2409 2981 3970 3054">
     <span class='ocr_line' id='line_1_76' title="bbox 2409 2981 3970 3054; baseline 0.003 -19"><span class='ocrx_word' id='word_1_572' title='bbox 2409 2983 2657 3038; x_wconf 86' lang='lat' dir='ltr'><strong>luntatem</strong></span> <span class='ocrx_word' id='word_1_573' title='bbox 2700 2994 2842 3036; x_wconf 88' lang='lat' dir='ltr'><strong>tuam</strong></span> <span class='ocrx_word' id='word_1_574' title='bbox 2868 2999 2885 3036; x_wconf 90' lang='lat'><strong><em>:</em></strong></span> <span class='ocrx_word' id='word_1_575' title='bbox 2911 2982 3051 3036; x_wconf 83' lang='lat' dir='ltr'><strong>Deus</strong></span> <span class='ocrx_word' id='word_1_576' title='bbox 3087 2999 3233 3036; x_wconf 81' lang='lat' dir='ltr'><strong>meus</strong></span> <span class='ocrx_word' id='word_1_577' title='bbox 3271 2981 3434 3047; x_wconf 78' lang='lat' dir='ltr'><strong>colui,</strong></span> <span class='ocrx_word' id='word_1_578' title='bbox 3475 2983 3704 3054; x_wconf 80' lang='lat' dir='ltr'><strong>etlegcru</strong></span> <span class='ocrx_word' id='word_1_579' title='bbox 3731 2993 3876 3038; x_wconf 70' lang='lat' dir='ltr'><strong>tuast</strong></span> <span class='ocrx_word' id='word_1_580' title='bbox 3913 2985 3970 3039; x_wconf 79' lang='lat' dir='ltr'><strong>iu</strong></span> 
     </span>
    </p>
   </div>
   <div class='ocr_carea' id='block_1_77' title="bbox 2411 3070 3970 3143">
    <p class='ocr_par' dir='ltr' id='par_1_77' title="bbox 2411 3070 3970 3143">
     <span class='ocr_line' id='line_1_77' title="bbox 2411 3070 3970 3143; baseline 0.001 -17"><span class='ocrx_word' id='word_1_581' title='bbox 2411 3077 2580 3126; x_wconf 84' lang='lat' dir='ltr'><strong>medio</strong></span> <span class='ocrx_word' id='word_1_582' title='bbox 2606 3073 2777 3126; x_wconf 84' lang='lat' dir='ltr'><strong>cordis</strong></span> <span class='ocrx_word' id='word_1_583' title='bbox 2801 3073 2900 3125; x_wconf 87' lang='lat' dir='ltr'><strong>mei</strong></span> <span class='ocrx_word' id='word_1_584' title='bbox 2927 3070 3100 3140; x_wconf 86' lang='lat' dir='ltr'><strong>(Psal.</strong></span> <span class='ocrx_word' id='word_1_585' title='bbox 3129 3087 3314 3136; x_wconf 75' lang='lat' dir='ltr'><strong>xxxu,</strong></span> <span class='ocrx_word' id='word_1_586' title='bbox 3335 3073 3412 3142; x_wconf 86' lang='lat'><strong>8).</strong></span> <span class='ocrx_word' id='word_1_587' title='bbox 3450 3070 3623 3139; x_wconf 84' lang='lat' dir='ltr'><strong>Volui,</strong></span> <span class='ocrx_word' id='word_1_588' title='bbox 3646 3073 3841 3143; x_wconf 86' lang='lat' dir='ltr'><strong>inquit,</strong></span> <span class='ocrx_word' id='word_1_589' title='bbox 3862 3088 3970 3129; x_wconf 86' lang='lat' dir='ltr'><strong>nou</strong></span> 
     </span>
    </p>
   </div>
   <div class='ocr_carea' id='block_1_78' title="bbox 2413 3163 3971 3233">
    <p class='ocr_par' dir='ltr' id='par_1_78' title="bbox 2413 3163 3971 3233">
     <span class='ocr_line' id='line_1_78' title="bbox 2413 3163 3971 3233; baseline 0.001 -15"><span class='ocrx_word' id='word_1_590' title='bbox 2413 3177 2553 3218; x_wconf 82' lang='lat' dir='ltr'><strong>sicut</strong></span> <span class='ocrx_word' id='word_1_591' title='bbox 2579 3177 2634 3216; x_wconf 89' lang='lat' dir='ltr'><strong>tu</strong></span> <span class='ocrx_word' id='word_1_592' title='bbox 2677 3165 2820 3218; x_wconf 83' lang='lat' dir='ltr'><strong>soles</strong></span> <span class='ocrx_word' id='word_1_593' title='bbox 2870 3165 3068 3226; x_wconf 89' lang='lat' dir='ltr'><strong>dicere,</strong></span> <span class='ocrx_word' id='word_1_594' title='bbox 3123 3163 3276 3216; x_wconf 86' lang='lat' dir='ltr'><strong>debui</strong></span> <span class='ocrx_word' id='word_1_595' title='bbox 3316 3163 3516 3233; x_wconf 87' lang='lat' dir='ltr'><strong>(debita</strong></span> <span class='ocrx_word' id='word_1_596' title='bbox 3543 3164 3685 3218; x_wconf 79' lang='lat' dir='ltr'><strong>enim</strong></span> <span class='ocrx_word' id='word_1_597' title='bbox 3729 3165 3812 3220; x_wconf 86' lang='lat' dir='ltr'><strong>ais</strong></span> <span class='ocrx_word' id='word_1_598' title='bbox 3856 3180 3971 3220; x_wconf 87' lang='lat' dir='ltr'><strong>ser-</strong></span> 
     </span>
    </p>
   </div>
   <div class='ocr_carea' id='block_1_79' title="bbox 2411 3251 3971 3324">
    <p class='ocr_par' dir='ltr' id='par_1_79' title="bbox 2411 3251 3971 3324">
     <span class='ocr_line' id='line_1_79' title="bbox 2411 3251 3971 3324; baseline 0.004 -21"><span class='ocrx_word' id='word_1_599' title='bbox 2411 3251 2598 3322; x_wconf 84' lang='lat' dir='ltr'><strong>vitute)</strong></span> <span class='ocrx_word' id='word_1_600' title='bbox 2633 3253 2744 3307; x_wconf 89' lang='lat' dir='ltr'><strong>Deo</strong></span> <span class='ocrx_word' id='word_1_601' title='bbox 2771 3252 2918 3307; x_wconf 85' lang='lat' dir='ltr'><strong>Patri</strong></span> <span class='ocrx_word' id='word_1_602' title='bbox 2967 3253 3239 3319; x_wconf 87' lang='lat' dir='ltr'><strong>subjectus</strong></span> <span class='ocrx_word' id='word_1_603' title='bbox 3265 3269 3402 3306; x_wconf 88' lang='lat' dir='ltr'><strong>esse.</strong></span> <span class='ocrx_word' id='word_1_604' title='bbox 3439 3252 3594 3320; x_wconf 85' lang='lat' dir='ltr'><strong>Quod</strong></span> <span class='ocrx_word' id='word_1_605' title='bbox 3629 3254 3848 3324; x_wconf 89' lang='lat' dir='ltr'><strong>quidem</strong></span> <span class='ocrx_word' id='word_1_606' title='bbox 3875 3254 3971 3309; x_wconf 85' lang='lat' dir='ltr'><strong>de—</strong></span> 
     </span>
    </p>
   </div>
   <div class='ocr_carea' id='block_1_80' title="bbox 2410 3342 3972 3410">
    <p class='ocr_par' dir='ltr' id='par_1_80' title="bbox 2410 3342 3972 3410">
     <span class='ocr_line' id='line_1_80' title="bbox 2410 3342 3972 3410; baseline 0.003 -15"><span class='ocrx_word' id='word_1_607' title='bbox 2410 3343 2580 3395; x_wconf 90' lang='lat' dir='ltr'><strong>bitum</strong></span> <span class='ocrx_word' id='word_1_608' title='bbox 2607 3348 2662 3396; x_wconf 88' lang='lat' dir='ltr'><strong>et</strong></span> <span class='ocrx_word' id='word_1_609' title='bbox 2685 3343 3043 3410; x_wconf 85' lang='lat' dir='ltr'><strong>conditionale</strong></span> <span class='ocrx_word' id='word_1_610' title='bbox 3067 3342 3368 3407; x_wconf 83' lang='lat' dir='ltr'><strong>servitium,</strong></span> <span class='ocrx_word' id='word_1_611' title='bbox 3410 3346 3479 3398; x_wconf 89' lang='lat' dir='ltr'><strong>ab</strong></span> <span class='ocrx_word' id='word_1_612' title='bbox 3507 3345 3887 3404; x_wconf 65' lang='lat' dir='ltr'><strong>ecclesiastica</strong></span> <span class='ocrx_word' id='word_1_613' title='bbox 3907 3346 3972 3400; x_wconf 81' lang='lat' dir='ltr'><strong>ii-</strong></span> 
     </span>
    </p>
   </div>
   <div class='ocr_carea' id='block_1_81' title="bbox 2411 3432 3973 3504">
    <p class='ocr_par' dir='ltr' id='par_1_81' title="bbox 2411 3432 3973 3504">
     <span class='ocr_line' id='line_1_81' title="bbox 2411 3432 3973 3504; baseline 0.004 -18"><span class='ocrx_word' id='word_1_614' title='bbox 2411 3433 2494 3486; x_wconf 88' lang='lat' dir='ltr'><strong>dei</strong></span> <span class='ocrx_word' id='word_1_615' title='bbox 2517 3433 2744 3486; x_wconf 87' lang='lat' dir='ltr'><strong>veritate</strong></span> <span class='ocrx_word' id='word_1_616' title='bbox 2761 3433 2979 3486; x_wconf 90' lang='lat' dir='ltr'><strong>omnino</strong></span> <span class='ocrx_word' id='word_1_617' title='bbox 3000 3432 3232 3487; x_wconf 86' lang='lat' dir='ltr'><strong>alienum</strong></span> <span class='ocrx_word' id='word_1_618' title='bbox 3257 3449 3376 3487; x_wconf 88' lang='lat' dir='ltr'><strong>esse</strong></span> <span class='ocrx_word' id='word_1_619' title='bbox 3403 3435 3750 3504; x_wconf 79' lang='lat' dir='ltr'><strong>dignoscitur.</strong></span> <span class='ocrx_word' id='word_1_620' title='bbox 3779 3437 3973 3492; x_wconf 89' lang='lat' dir='ltr'><strong>Catho-</strong></span> 
     </span>
    </p>
   </div>
   <div class='ocr_carea' id='block_1_82' title="bbox 2412 3522 3969 3593">
    <p class='ocr_par' dir='ltr' id='par_1_82' title="bbox 2412 3522 3969 3593">
     <span class='ocr_line' id='line_1_82' title="bbox 2412 3522 3969 3593; baseline 0.004 -18"><span class='ocrx_word' id='word_1_621' title='bbox 2412 3523 2512 3577; x_wconf 87' lang='lat' dir='ltr'><strong>lica</strong></span> <span class='ocrx_word' id='word_1_622' title='bbox 2527 3538 2755 3591; x_wconf 89' lang='lat' dir='ltr'><strong>namque</strong></span> <span class='ocrx_word' id='word_1_623' title='bbox 2778 3522 2976 3588; x_wconf 89' lang='lat' dir='ltr'><strong>veritas</strong></span> <span class='ocrx_word' id='word_1_624' title='bbox 2999 3525 3051 3576; x_wconf 94' lang='lat' dir='ltr'><strong>in</strong></span> <span class='ocrx_word' id='word_1_625' title='bbox 3079 3539 3184 3578; x_wconf 92' lang='lat' dir='ltr'><strong>uno</strong></span> <span class='ocrx_word' id='word_1_626' title='bbox 3208 3526 3501 3593; x_wconf 87' lang='lat' dir='ltr'><strong>eodemque</strong></span> <span class='ocrx_word' id='word_1_627' title='bbox 3524 3524 3741 3580; x_wconf 89' lang='lat' dir='ltr'><strong>Christo</strong></span> <span class='ocrx_word' id='word_1_628' title='bbox 3775 3527 3969 3593; x_wconf 85' lang='lat' dir='ltr'><strong>credit,</strong></span> 
     </span>
    </p>
   </div>
   <div class='ocr_carea' id='block_1_83' title="bbox 2410 3603 3975 3680">
    <p class='ocr_par' dir='ltr' id='par_1_83' title="bbox 2410 3603 3975 3680">
     <span class='ocr_line' id='line_1_83' title="bbox 2410 3603 3975 3680; baseline 0.001 -11"><span class='ocrx_word' id='word_1_629' title='bbox 2410 3613 2760 3678; x_wconf 82' lang='lat' dir='ltr'><strong>etconﬁtetur</strong></span> <span class='ocrx_word' id='word_1_630' title='bbox 2771 3614 3064 3668; x_wconf 88' lang='lat' dir='ltr'><strong>secundum</strong></span> <span class='ocrx_word' id='word_1_631' title='bbox 3075 3629 3258 3667; x_wconf 86' lang='lat' dir='ltr'><strong>veram</strong></span> <span class='ocrx_word' id='word_1_632' title='bbox 3269 3603 3623 3668; x_wconf 86' lang='lat' dir='ltr'><strong>substantiam</strong></span> <span class='ocrx_word' id='word_1_633' title='bbox 3638 3616 3842 3680; x_wconf 78' lang='lat' dir='ltr'><strong>carnis,</strong></span> <span class='ocrx_word' id='word_1_634' title='bbox 3854 3630 3975 3670; x_wconf 88' lang='lat' dir='ltr'><strong>om—</strong></span> 
     </span>
    </p>
   </div>
   <div class='ocr_carea' id='block_1_84' title="bbox 2411 3706 3970 3775">
    <p class='ocr_par' dir='ltr' id='par_1_84' title="bbox 2411 3706 3970 3775">
     <span class='ocr_line' id='line_1_84' title="bbox 2411 3706 3970 3775; baseline 0.004 -17"><span class='ocrx_word' id='word_1_635' title='bbox 2411 3722 2506 3759; x_wconf 87' lang='lat' dir='ltr'><strong>nes</strong></span> <span class='ocrx_word' id='word_1_636' title='bbox 2540 3706 2777 3774; x_wconf 87' lang='lat' dir='ltr'><strong>ejusdem</strong></span> <span class='ocrx_word' id='word_1_637' title='bbox 2813 3706 3009 3767; x_wconf 88' lang='lat' dir='ltr'><strong>carnis,</strong></span> <span class='ocrx_word' id='word_1_638' title='bbox 3041 3720 3176 3773; x_wconf 87' lang='lat' dir='ltr'><strong>quas</strong></span> <span class='ocrx_word' id='word_1_639' title='bbox 3203 3708 3459 3775; x_wconf 89' lang='lat' dir='ltr'><strong>suscepit,</strong></span> <span class='ocrx_word' id='word_1_640' title='bbox 3492 3707 3831 3762; x_wconf 82' lang='lat' dir='ltr'><strong>inﬁrmitates</strong></span> <span class='ocrx_word' id='word_1_641' title='bbox 3875 3722 3970 3764; x_wconf 87' lang='lat' dir='ltr'><strong>vo-</strong></span> 
     </span>
    </p>
   </div>
   <div class='ocr_carea' id='block_1_85' title="bbox 2413 3793 3971 3852">
    <p class='ocr_par' dir='ltr' id='par_1_85' title="bbox 2413 3793 3971 3852">
     <span class='ocr_line' id='line_1_85' title="bbox 2413 3793 3971 3852; baseline 0.003 -7"><span class='ocrx_word' id='word_1_642' title='bbox 2413 3795 2677 3847; x_wconf 83' lang='lat' dir='ltr'><strong>luntarias</strong></span> <span class='ocrx_word' id='word_1_643' title='bbox 2705 3795 2903 3848; x_wconf 87' lang='lat' dir='ltr'><strong>habere</strong></span> <span class='ocrx_word' id='word_1_644' title='bbox 2927 3793 3220 3852; x_wconf 85' lang='lat' dir='ltr'><strong>Christum,</strong></span> <span class='ocrx_word' id='word_1_645' title='bbox 3248 3811 3370 3847; x_wconf 88' lang='lat' dir='ltr'><strong>cum</strong></span> <span class='ocrx_word' id='word_1_646' title='bbox 3398 3793 3671 3848; x_wconf 88' lang='lat' dir='ltr'><strong>voluisset.</strong></span> <span class='ocrx_word' id='word_1_647' title='bbox 3713 3797 3971 3850; x_wconf 81' lang='lat' dir='ltr'><strong>Volunta-</strong></span> 
     </span>
    </p>
   </div>
   <div class='ocr_carea' id='block_1_86' title="bbox 2413 3879 3971 3950">
    <p class='ocr_par' dir='ltr' id='par_1_86' title="bbox 2413 3879 3971 3950">
     <span class='ocr_line' id='line_1_86' title="bbox 2413 3879 3971 3950; baseline 0.003 -15"><span class='ocrx_word' id='word_1_648' title='bbox 2413 3883 2549 3936; x_wconf 90' lang='lat' dir='ltr'><strong>riam</strong></span> <span class='ocrx_word' id='word_1_649' title='bbox 2582 3897 2811 3950; x_wconf 82' lang='lat' dir='ltr'><strong>namque</strong></span> <span class='ocrx_word' id='word_1_650' title='bbox 2839 3893 2892 3935; x_wconf 92' lang='lat' dir='ltr'><strong>et</strong></span> <span class='ocrx_word' id='word_1_651' title='bbox 2922 3897 3100 3933; x_wconf 89' lang='lat' dir='ltr'><strong>veram</strong></span> <span class='ocrx_word' id='word_1_652' title='bbox 3128 3879 3344 3945; x_wconf 76' lang='lat' dir='ltr'><strong>famem,</strong></span> <span class='ocrx_word' id='word_1_653' title='bbox 3375 3895 3498 3935; x_wconf 89' lang='lat' dir='ltr'><strong>cum</strong></span> <span class='ocrx_word' id='word_1_654' title='bbox 3524 3883 3770 3938; x_wconf 88' lang='lat' dir='ltr'><strong>esuriens</strong></span> <span class='ocrx_word' id='word_1_655' title='bbox 3806 3883 3874 3937; x_wconf 91' lang='lat' dir='ltr'><strong>ad</strong></span> <span class='ocrx_word' id='word_1_656' title='bbox 3905 3886 3971 3939; x_wconf 86' lang='lat' dir='ltr'><strong>li-</strong></span> 
     </span>
    </p>
   </div>
   <div class='ocr_carea' id='block_1_87' title="bbox 2411 3971 3965 4040">
    <p class='ocr_par' dir='ltr' id='par_1_87' title="bbox 2411 3971 3965 4040">
     <span class='ocr_line' id='line_1_87' title="bbox 2411 3971 3965 4040; baseline 0.003 -16"><span class='ocrx_word' id='word_1_657' title='bbox 2411 3972 2653 4025; x_wconf 88' lang='lat' dir='ltr'><strong>culneam</strong></span> <span class='ocrx_word' id='word_1_658' title='bbox 2675 3972 2909 4024; x_wconf 89' lang='lat' dir='ltr'><strong>veniret:</strong></span> <span class='ocrx_word' id='word_1_659' title='bbox 2937 3971 3289 4024; x_wconf 88' lang='lat' dir='ltr'><strong>voluntariam</strong></span> <span class='ocrx_word' id='word_1_660' title='bbox 3301 3981 3354 4024; x_wconf 91' lang='lat' dir='ltr'><strong>et</strong></span> <span class='ocrx_word' id='word_1_661' title='bbox 3371 3987 3554 4025; x_wconf 88' lang='lat' dir='ltr'><strong>veram</strong></span> <span class='ocrx_word' id='word_1_662' title='bbox 3574 3972 3965 4040; x_wconf 87' lang='lat' dir='ltr'><strong>lassitudinem,</strong></span> 
     </span>
    </p>
   </div>
   <div class='ocr_carea' id='block_1_88' title="bbox 2413 4059 3971 4130">
    <p class='ocr_par' dir='ltr' id='par_1_88' title="bbox 2413 4059 3971 4130">
     <span class='ocr_line' id='line_1_88' title="bbox 2413 4059 3971 4130; baseline 0.003 -17"><span class='ocrx_word' id='word_1_663' title='bbox 2413 4075 2533 4113; x_wconf 91' lang='lat' dir='ltr'><strong>cum</strong></span> <span class='ocrx_word' id='word_1_664' title='bbox 2564 4059 2816 4128; x_wconf 73' lang='lat' dir='ltr'><strong>fatigatus</strong></span> <span class='ocrx_word' id='word_1_665' title='bbox 2842 4061 2909 4112; x_wconf 89' lang='lat' dir='ltr'><strong>ab</strong></span> <span class='ocrx_word' id='word_1_666' title='bbox 2936 4061 3127 4113; x_wconf 87' lang='lat' dir='ltr'><strong>itinere</strong></span> <span class='ocrx_word' id='word_1_667' title='bbox 3168 4075 3326 4128; x_wconf 88' lang='lat' dir='ltr'><strong>super</strong></span> <span class='ocrx_word' id='word_1_668' title='bbox 3347 4070 3563 4130; x_wconf 88' lang='lat' dir='ltr'><strong>puteum</strong></span> <span class='ocrx_word' id='word_1_669' title='bbox 3590 4063 3800 4118; x_wconf 84' lang='lat' dir='ltr'><strong>sederet</strong></span> <span class='ocrx_word' id='word_1_670' title='bbox 3823 4079 3839 4126; x_wconf 87' lang='lat'><strong>;</strong></span> <span class='ocrx_word' id='word_1_671' title='bbox 3871 4067 3971 4117; x_wconf 77' lang='lat' dir='ltr'><strong>vo-</strong></span> 
     </span>
    </p>
   </div>
   <div class='ocr_carea' id='block_1_89' title="bbox 2413 4150 3970 4223">
    <p class='ocr_par' dir='ltr' id='par_1_89' title="bbox 2413 4150 3970 4223">
     <span class='ocr_line' id='line_1_89' title="bbox 2413 4150 3970 4223; baseline 0.004 -22"><span class='ocrx_word' id='word_1_672' title='bbox 2413 4151 2702 4203; x_wconf 89' lang='lat' dir='ltr'><strong>luntarium</strong></span> <span class='ocrx_word' id='word_1_673' title='bbox 2729 4154 2784 4204; x_wconf 86' lang='lat' dir='ltr'><strong>et</strong></span> <span class='ocrx_word' id='word_1_674' title='bbox 2806 4165 2989 4222; x_wconf 83' lang='lat' dir='ltr'><strong>verum</strong></span> <span class='ocrx_word' id='word_1_675' title='bbox 3017 4150 3228 4214; x_wconf 87' lang='lat' dir='ltr'><strong>vulnus,</strong></span> <span class='ocrx_word' id='word_1_676' title='bbox 3258 4167 3377 4206; x_wconf 88' lang='lat' dir='ltr'><strong>cum</strong></span> <span class='ocrx_word' id='word_1_677' title='bbox 3411 4152 3598 4206; x_wconf 90' lang='lat' dir='ltr'><strong>militis</strong></span> <span class='ocrx_word' id='word_1_678' title='bbox 3634 4153 3816 4208; x_wconf 84' lang='lat' dir='ltr'><strong>lancea</strong></span> <span class='ocrx_word' id='word_1_679' title='bbox 3841 4169 3970 4223; x_wconf 86' lang='lat' dir='ltr'><strong>per-</strong></span> 
     </span>
    </p>
   </div>
   <div class='ocr_carea' id='block_1_90' title="bbox 2413 4240 3967 4305">
    <p class='ocr_par' dir='ltr' id='par_1_90' title="bbox 2413 4240 3967 4305">
     <span class='ocr_line' id='line_1_90' title="bbox 2413 4240 3967 4305; baseline -0.001 -10"><span class='ocrx_word' id='word_1_680' title='bbox 2413 4249 2684 4295; x_wconf 89' lang='lat' dir='ltr'><strong>cuteretur</strong></span> <span class='ocrx_word' id='word_1_681' title='bbox 2714 4242 2764 4293; x_wconf 92' lang='lat' dir='ltr'><strong>in</strong></span> <span class='ocrx_word' id='word_1_682' title='bbox 2793 4241 2988 4302; x_wconf 84' lang='lat' dir='ltr'><strong>latere;</strong></span> <span class='ocrx_word' id='word_1_683' title='bbox 3019 4240 3369 4292; x_wconf 84' lang='lat' dir='ltr'><strong>voluntariam</strong></span> <span class='ocrx_word' id='word_1_684' title='bbox 3394 4251 3447 4293; x_wconf 90' lang='lat' dir='ltr'><strong>et</strong></span> <span class='ocrx_word' id='word_1_685' title='bbox 3486 4257 3668 4294; x_wconf 82' lang='lat' dir='ltr'><strong>veram</strong></span> <span class='ocrx_word' id='word_1_686' title='bbox 3711 4251 3967 4305; x_wconf 88' lang='lat' dir='ltr'><strong>mortem,</strong></span> 
     </span>
    </p>
   </div>
   <div class='ocr_carea' id='block_1_91' title="bbox 2413 4329 3964 4394">
    <p class='ocr_par' dir='ltr' id='par_1_91' title="bbox 2413 4329 3964 4394">
     <span class='ocr_line' id='line_1_91' title="bbox 2413 4329 3964 4394; baseline 0.003 -13"><span class='ocrx_word' id='word_1_687' title='bbox 2413 4345 2533 4381; x_wconf 85' lang='lat' dir='ltr'><strong>cum</strong></span> <span class='ocrx_word' id='word_1_688' title='bbox 2585 4331 2835 4380; x_wconf 86' lang='lat' dir='ltr'><strong>inclinato</strong></span> <span class='ocrx_word' id='word_1_689' title='bbox 2879 4329 3052 4394; x_wconf 78' lang='lat' dir='ltr'><strong>capite</strong></span> <span class='ocrx_word' id='word_1_690' title='bbox 3095 4329 3339 4394; x_wconf 79' lang='lat' dir='ltr'><strong>spiritum</strong></span> <span class='ocrx_word' id='word_1_691' title='bbox 3383 4329 3649 4383; x_wconf 87' lang='lat' dir='ltr'><strong>emisisset</strong></span> <span class='ocrx_word' id='word_1_692' title='bbox 3687 4331 3739 4383; x_wconf 89' lang='lat' dir='ltr'><strong>in</strong></span> <span class='ocrx_word' id='word_1_693' title='bbox 3767 4345 3964 4394; x_wconf 83' lang='lat' dir='ltr'><strong>cruce;</strong></span> 
     </span>
    </p>
   </div>
   <div class='ocr_carea' id='block_1_92' title="bbox 763 4417 3971 4509">
    <p class='ocr_par' dir='ltr' id='par_1_92' title="bbox 763 4417 3971 4509">
     <span class='ocr_line' id='line_1_92' title="bbox 763 4417 3971 4509; baseline -0 -34"><span class='ocrx_word' id='word_1_694' title='bbox 763 4432 920 4481; x_wconf 68' lang='lat' dir='ltr'><strong>quam</strong></span> <span class='ocrx_word' id='word_1_695' title='bbox 968 4417 1202 4484; x_wconf 72' lang='lat' dir='ltr'><strong>ineptum</strong></span> <span class='ocrx_word' id='word_1_696' title='bbox 1251 4418 1350 4470; x_wconf 86' lang='lat' dir='ltr'><strong>hoc</strong></span> <span class='ocrx_word' id='word_1_697' title='bbox 1380 4419 1442 4471; x_wconf 81' lang='lat' dir='ltr'><strong>de</strong></span> <span class='ocrx_word' id='word_1_698' title='bbox 1471 4419 1597 4480; x_wconf 77' lang='lat' dir='ltr'><strong>D00.</strong></span> <span class='ocrx_word' id='word_1_699' title='bbox 1632 4420 1720 4471; x_wconf 78' lang='lat' dir='ltr'><strong>Dei</strong></span> <span class='ocrx_word' id='word_1_700' title='bbox 1757 4420 1913 4483; x_wconf 76' lang='lat' dir='ltr'><strong>Filio,</strong></span> <span class='ocrx_word' id='word_1_701' title='bbox 1946 4438 2009 4489; x_wconf 80' lang='lat' dir='ltr'><strong>ac</strong></span> <span class='ocrx_word' id='word_1_702' title='bbox 2037 4423 2143 4475; x_wconf 83' lang='lat' dir='ltr'><strong>Deo</strong></span> <span class='ocrx_word' id='word_1_703' title='bbox 2186 4440 2312 4477; x_wconf 90' lang='lat' dir='ltr'><strong>vero</strong></span> <span class='ocrx_word' id='word_1_704' title='bbox 2344 4451 2391 4509; x_wconf 72' lang='grc' dir='ltr'>ο</span> <span class='ocrx_word' id='word_1_705' title='bbox 2414 4417 2766 4469; x_wconf 71' lang='lat' dir='ltr'><strong>voluntariam</strong></span> <span class='ocrx_word' id='word_1_706' title='bbox 2791 4425 2844 4468; x_wconf 86' lang='lat' dir='ltr'><strong>et</strong></span> <span class='ocrx_word' id='word_1_707' title='bbox 2873 4432 3052 4468; x_wconf 82' lang='lat' dir='ltr'><strong>veram</strong></span> <span class='ocrx_word' id='word_1_708' title='bbox 3080 4417 3426 4484; x_wconf 83' lang='lat' dir='ltr'><strong>sepulturam,</strong></span> <span class='ocrx_word' id='word_1_709' title='bbox 3455 4433 3574 4470; x_wconf 91' lang='lat' dir='ltr'><strong>cum</strong></span> <span class='ocrx_word' id='word_1_710' title='bbox 3605 4435 3726 4472; x_wconf 89' lang='lat' dir='ltr'><strong>eum</strong></span> <span class='ocrx_word' id='word_1_711' title='bbox 3754 4418 3971 4490; x_wconf 80' lang='lat' dir='ltr'><strong>deposi-</strong></span> 
     </span>
    </p>
   </div>
   <div class='ocr_carea' id='block_1_93' title="bbox 763 4509 2314 4582">
    <p class='ocr_par' dir='ltr' id='par_1_93' title="bbox 763 4509 2314 4582">
     <span class='ocr_line' id='line_1_93' title="bbox 763 4509 2314 4582; baseline 0.005 -22"><span class='ocrx_word' id='word_1_712' title='bbox 763 4509 980 4561; x_wconf 83' lang='lat' dir='ltr'><strong>credere</strong></span> <span class='ocrx_word' id='word_1_713' title='bbox 1006 4510 1210 4575; x_wconf 88' lang='lat' dir='ltr'><strong>piorum</strong></span> <span class='ocrx_word' id='word_1_714' title='bbox 1241 4511 1449 4578; x_wconf 81' lang='lat' dir='ltr'><strong>ignorat</strong></span> <span class='ocrx_word' id='word_1_715' title='bbox 1476 4527 1648 4564; x_wconf 88' lang='lat' dir='ltr'><strong>nemo.</strong></span> <span class='ocrx_word' id='word_1_716' title='bbox 1685 4512 1827 4566; x_wconf 85' lang='lat' dir='ltr'><strong>Inter</strong></span> <span class='ocrx_word' id='word_1_717' title='bbox 1851 4515 2153 4582; x_wconf 86' lang='lat' dir='ltr'><strong>plerosque,</strong></span> <span class='ocrx_word' id='word_1_718' title='bbox 2181 4532 2314 4582; x_wconf 85' lang='lat' dir='ltr'><strong>quos</strong></span> 
     </span>
    </p>
   </div>
   <div class='ocr_carea' id='block_1_94' title="bbox 765 4597 2311 4670">
    <p class='ocr_par' dir='ltr' id='par_1_94' title="bbox 765 4597 2311 4670">
     <span class='ocr_line' id='line_1_94' title="bbox 765 4597 2311 4670; baseline 0.003 -21"><span class='ocrx_word' id='word_1_719' title='bbox 765 4598 896 4650; x_wconf 87' lang='lat' dir='ltr'><strong>dicis</strong></span> <span class='ocrx_word' id='word_1_720' title='bbox 931 4597 1199 4651; x_wconf 79' lang='lat' dir='ltr'><strong>Christum</strong></span> <span class='ocrx_word' id='word_1_721' title='bbox 1229 4608 1415 4668; x_wconf 87' lang='lat' dir='ltr'><strong>putare</strong></span> <span class='ocrx_word' id='word_1_722' title='bbox 1440 4617 1537 4670; x_wconf 89' lang='lat' dir='ltr'><strong>per</strong></span> <span class='ocrx_word' id='word_1_723' title='bbox 1564 4603 1920 4656; x_wconf 83' lang='lat' dir='ltr'><strong>obedientiam</strong></span> <span class='ocrx_word' id='word_1_724' title='bbox 1954 4606 2155 4656; x_wconf 76' lang='lat' dir='ltr'><strong>servire</strong></span> <span class='ocrx_word' id='word_1_725' title='bbox 2183 4605 2311 4668; x_wconf 86' lang='lat' dir='ltr'><strong>Deo,</strong></span> 
     </span>
    </p>
   </div>
   <div class='ocr_carea' id='block_1_95' title="bbox 768 4687 2317 4760">
    <p class='ocr_par' dir='ltr' id='par_1_95' title="bbox 768 4687 2317 4760">
     <span class='ocr_line' id='line_1_95' title="bbox 768 4687 2317 4760; baseline 0.007 -25"><span class='ocrx_word' id='word_1_726' title='bbox 768 4701 901 4739; x_wconf 87' lang='lat' dir='ltr'><strong>unus</strong></span> <span class='ocrx_word' id='word_1_727' title='bbox 949 4687 1164 4756; x_wconf 75' lang='lat' dir='ltr'><strong>quidem</strong></span> <span class='ocrx_word' id='word_1_728' title='bbox 1205 4699 1286 4741; x_wconf 86' lang='lat' dir='ltr'><strong>est</strong></span> <span class='ocrx_word' id='word_1_729' title='bbox 1337 4692 1521 4743; x_wconf 84' lang='lat' dir='ltr'><strong>beatus</strong></span> <span class='ocrx_word' id='word_1_730' title='bbox 1569 4691 1762 4744; x_wconf 88' lang='lat' dir='ltr'><strong>Paulus</strong></span> <span class='ocrx_word' id='word_1_731' title='bbox 1807 4694 2078 4760; x_wconf 82' lang='lat' dir='ltr'><strong>apostolus</strong></span> <span class='ocrx_word' id='word_1_732' title='bbox 2130 4695 2317 4746; x_wconf 88' lang='lat' dir='ltr'><strong>doctor</strong></span> 
     </span>
    </p>
   </div>
   <div class='ocr_carea' id='block_1_96' title="bbox 770 4777 2316 4851">
    <p class='ocr_par' dir='ltr' id='par_1_96' title="bbox 770 4777 2316 4851">
     <span class='ocr_line' id='line_1_96' title="bbox 770 4777 2316 4851; baseline 0.004 -21"><span class='ocrx_word' id='word_1_733' title='bbox 770 4777 1022 4843; x_wconf 77' lang='lat' dir='ltr'><strong>gentium,</strong></span> <span class='ocrx_word' id='word_1_734' title='bbox 1064 4779 1153 4845; x_wconf 88' lang='lat' dir='ltr'><strong>qui</strong></span> <span class='ocrx_word' id='word_1_735' title='bbox 1194 4780 1267 4832; x_wconf 88' lang='lat' dir='ltr'><strong>ait</strong></span> <span class='ocrx_word' id='word_1_736' title='bbox 1298 4794 1311 4831; x_wconf 91' lang='lat'>:</span> <span class='ocrx_word' id='word_1_737' title='bbox 1340 4781 1573 4834; x_wconf 76' lang='lat' dir='ltr'><strong>Christus</strong></span> <span class='ocrx_word' id='word_1_738' title='bbox 1604 4783 1842 4833; x_wconf 78' lang='lat' dir='ltr'><strong>obediens</strong></span> <span class='ocrx_word' id='word_1_739' title='bbox 1885 4782 2036 4834; x_wconf 80' lang='lat' dir='ltr'><strong>Patri</strong></span> <span class='ocrx_word' id='word_1_740' title='bbox 2066 4800 2223 4851; x_wconf 84' lang='lat' dir='ltr'><strong>usque</strong></span> <span class='ocrx_word' id='word_1_741' title='bbox 2250 4785 2316 4836; x_wconf 83' lang='lat' dir='ltr'><strong>ad</strong></span> 
     </span>
    </p>
   </div>
   <div class='ocr_carea' id='block_1_97' title="bbox 771 4871 2318 4940">
    <p class='ocr_par' dir='ltr' id='par_1_97' title="bbox 771 4871 2318 4940">
     <span class='ocr_line' id='line_1_97' title="bbox 771 4871 2318 4940; baseline 0.007 -26"><span class='ocrx_word' id='word_1_742' title='bbox 771 4879 997 4930; x_wconf 86' lang='lat' dir='ltr'><strong>mortem,</strong></span> <span class='ocrx_word' id='word_1_743' title='bbox 1031 4880 1245 4922; x_wconf 85' lang='lat' dir='ltr'><strong>mortem</strong></span> <span class='ocrx_word' id='word_1_744' title='bbox 1281 4880 1382 4921; x_wconf 64' lang='lat' dir='ltr'><strong>aut.</strong></span> <span class='ocrx_word' id='word_1_745' title='bbox 1403 4887 1450 4921; x_wconf 90' lang='lat' dir='ltr'><strong>m</strong></span> <span class='ocrx_word' id='word_1_746' title='bbox 1477 4875 1663 4934; x_wconf 85' lang='lat' dir='ltr'><strong>crucis,</strong></span> <span class='ocrx_word' id='word_1_747' title='bbox 1694 4883 1901 4940; x_wconf 83' lang='lat' dir='ltr'><strong>propter</strong></span> <span class='ocrx_word' id='word_1_748' title='bbox 1929 4872 2065 4940; x_wconf 89' lang='lat' dir='ltr'><strong>quod</strong></span> <span class='ocrx_word' id='word_1_749' title='bbox 2091 4883 2137 4924; x_wconf 84' lang='lat' dir='ltr'><strong>et</strong></span> <span class='ocrx_word' id='word_1_750' title='bbox 2176 4871 2318 4926; x_wconf 84' lang='lat' dir='ltr'><strong>Deus</strong></span> 
     </span>
    </p>
   </div>
   <div class='ocr_carea' id='block_1_98' title="bbox 770 4954 2317 5030">
    <p class='ocr_par' dir='ltr' id='par_1_98' title="bbox 770 4954 2317 5030">
     <span class='ocr_line' id='line_1_98' title="bbox 770 4954 2317 5030; baseline 0.005 -26"><span class='ocrx_word' id='word_1_751' title='bbox 770 4954 1006 5006; x_wconf 69' lang='lat' dir='ltr'><strong>exultavit</strong></span> <span class='ocrx_word' id='word_1_752' title='bbox 1049 4958 1232 5018; x_wconf 87' lang='lat' dir='ltr'><strong>illum,</strong></span> <span class='ocrx_word' id='word_1_753' title='bbox 1285 4968 1331 5010; x_wconf 92' lang='lat' dir='ltr'><strong>ct</strong></span> <span class='ocrx_word' id='word_1_754' title='bbox 1374 4959 1512 5010; x_wconf 82' lang='lat' dir='ltr'><strong>dedit</strong></span> <span class='ocrx_word' id='word_1_755' title='bbox 1559 4962 1602 5010; x_wconf 88' lang='lat' dir='ltr'><strong>ei</strong></span> <span class='ocrx_word' id='word_1_756' title='bbox 1642 4977 1821 5013; x_wconf 83' lang='lat' dir='ltr'><strong>nomen</strong></span> <span class='ocrx_word' id='word_1_757' title='bbox 1865 4961 2000 5030; x_wconf 84' lang='lat' dir='ltr'><strong>quod</strong></span> <span class='ocrx_word' id='word_1_758' title='bbox 2041 4971 2113 5012; x_wconf 81' lang='lat' dir='ltr'><strong>est</strong></span> <span class='ocrx_word' id='word_1_759' title='bbox 2165 4979 2317 5029; x_wconf 84' lang='lat' dir='ltr'><strong>super</strong></span> 
     </span>
    </p>
   </div>
   <div class='ocr_carea' id='block_1_99' title="bbox 772 5039 2317 5116">
    <p class='ocr_par' dir='ltr' id='par_1_99' title="bbox 772 5039 2317 5116">
     <span class='ocr_line' id='line_1_99' title="bbox 772 5039 2317 5116; baseline 0.005 -22"><span class='ocrx_word' id='word_1_760' title='bbox 772 5058 916 5094; x_wconf 85' lang='lat' dir='ltr'><strong>omne</strong></span> <span class='ocrx_word' id='word_1_761' title='bbox 952 5059 1133 5102; x_wconf 82' lang='lat' dir='ltr'><strong>nomen</strong></span> <span class='ocrx_word' id='word_1_762' title='bbox 1162 5045 1377 5116; x_wconf 80' lang='lat' dir='ltr'><strong>(Philip.</strong></span> <span class='ocrx_word' id='word_1_763' title='bbox 1411 5063 1472 5107; x_wconf 93' lang='grc' dir='ltr'><strong>ιι,</strong></span> <span class='ocrx_word' id='word_1_764' title='bbox 1503 5039 1555 5106; x_wconf 83' lang='grc'>8,</span> <span class='ocrx_word' id='word_1_765' title='bbox 1584 5046 1657 5114; x_wconf 85' lang='grc'><strong>9).</strong></span> <span class='ocrx_word' id='word_1_766' title='bbox 1707 5049 1905 5101; x_wconf 85' lang='lat' dir='ltr'><strong>Servus</strong></span> <span class='ocrx_word' id='word_1_767' title='bbox 1944 5050 2317 5103; x_wconf 78' lang='lat' dir='ltr'><strong>conditionalis</strong></span> 
     </span>
    </p>
   </div>
   <div class='ocr_carea' id='block_1_100' title="bbox 773 5138 2316 5202">
    <p class='ocr_par' dir='ltr' id='par_1_100' title="bbox 773 5138 2316 5202">
     <span class='ocr_line' id='line_1_100' title="bbox 773 5138 2316 5202; baseline 0.005 -18"><span class='ocrx_word' id='word_1_768' title='bbox 773 5142 990 5185; x_wconf 87' lang='lat' dir='ltr'><strong>nonest</strong></span> <span class='ocrx_word' id='word_1_769' title='bbox 1039 5148 1195 5202; x_wconf 87' lang='lat' dir='ltr'><strong>super</strong></span> <span class='ocrx_word' id='word_1_770' title='bbox 1224 5150 1381 5192; x_wconf 88' lang='lat' dir='ltr'><strong>omne</strong></span> <span class='ocrx_word' id='word_1_771' title='bbox 1430 5151 1643 5200; x_wconf 89' lang='lat' dir='ltr'><strong>nomen,</strong></span> <span class='ocrx_word' id='word_1_772' title='bbox 1695 5138 1786 5189; x_wconf 85' lang='lat' dir='ltr'><strong>sed</strong></span> <span class='ocrx_word' id='word_1_773' title='bbox 1819 5138 2038 5192; x_wconf 80' lang='lat' dir='ltr'><strong>inferius</strong></span> <span class='ocrx_word' id='word_1_774' title='bbox 2089 5140 2316 5193; x_wconf 82' lang='lat' dir='ltr'><strong>ﬁliorum</strong></span> 
     </span>
    </p>
   </div>
   <div class='ocr_carea' id='block_1_101' title="bbox 773 5220 2315 5294">
    <p class='ocr_par' dir='ltr' id='par_1_101' title="bbox 773 5220 2315 5294">
     <span class='ocr_line' id='line_1_101' title="bbox 773 5220 2315 5294; baseline 0.006 -22"><span class='ocrx_word' id='word_1_775' title='bbox 773 5222 1004 5273; x_wconf 89' lang='lat' dir='ltr'><strong>nomine.</strong></span> <span class='ocrx_word' id='word_1_776' title='bbox 1058 5220 1178 5274; x_wconf 87' lang='lat' dir='ltr'><strong>Filii</strong></span> <span class='ocrx_word' id='word_1_777' title='bbox 1208 5225 1398 5290; x_wconf 88' lang='lat' dir='ltr'><strong>quippe</strong></span> <span class='ocrx_word' id='word_1_778' title='bbox 1442 5240 1637 5294; x_wconf 83' lang='lat' dir='ltr'><strong>nomen</strong></span> <span class='ocrx_word' id='word_1_779' title='bbox 1677 5229 1925 5280; x_wconf 90' lang='lat' dir='ltr'><strong>omnibus</strong></span> <span class='ocrx_word' id='word_1_780' title='bbox 1974 5231 2187 5289; x_wconf 82' lang='lat' dir='ltr'><strong>sanctis,</strong></span> <span class='ocrx_word' id='word_1_781' title='bbox 2222 5229 2315 5281; x_wconf 87' lang='lat' dir='ltr'><strong>Dei</strong></span> 
     </span>
    </p>
   </div>
   <div class='ocr_carea' id='block_1_102' title="bbox 773 5307 2320 5384">
    <p class='ocr_par' dir='ltr' id='par_1_102' title="bbox 773 5307 2320 5384">
     <span class='ocr_line' id='line_1_102' title="bbox 773 5307 2320 5384; baseline 0.007 -27"><span class='ocrx_word' id='word_1_782' title='bbox 773 5309 1094 5374; x_wconf 71' lang='lat' dir='ltr'><strong>dignatione,</strong></span> <span class='ocrx_word' id='word_1_783' title='bbox 1122 5309 1475 5364; x_wconf 86' lang='lat' dir='ltr'><strong>communiter</strong></span> <span class='ocrx_word' id='word_1_784' title='bbox 1497 5307 1748 5366; x_wconf 80' lang='lat' dir='ltr'><strong>donatum</strong></span> <span class='ocrx_word' id='word_1_785' title='bbox 1777 5321 1876 5366; x_wconf 86' lang='lat' dir='ltr'><strong>est.</strong></span> <span class='ocrx_word' id='word_1_786' title='bbox 1909 5312 2056 5378; x_wconf 86' lang='lat' dir='ltr'><strong>Quod</strong></span> <span class='ocrx_word' id='word_1_787' title='bbox 2084 5325 2164 5368; x_wconf 89' lang='lat' dir='ltr'><strong>est</strong></span> <span class='ocrx_word' id='word_1_788' title='bbox 2194 5332 2320 5384; x_wconf 83' lang='lat' dir='ltr'><strong>ergo</strong></span> 
     </span>
    </p>
   </div>
   <div class='ocr_carea' id='block_1_103' title="bbox 777 5390 2321 5474">
    <p class='ocr_par' dir='ltr' id='par_1_103' title="bbox 777 5390 2321 5474">
     <span class='ocr_line' id='line_1_103' title="bbox 777 5390 2321 5474; baseline 0.01 -32"><span class='ocrx_word' id='word_1_789' title='bbox 777 5398 897 5448; x_wconf 85' lang='lat' dir='ltr'><strong>illud</strong></span> <span class='ocrx_word' id='word_1_790' title='bbox 946 5399 1291 5451; x_wconf 62' lang='lat' dir='ltr'><strong>ensellentius</strong></span> <span class='ocrx_word' id='word_1_791' title='bbox 1334 5390 1543 5452; x_wconf 61' lang='lat' dir='ltr'><strong>carteris</strong></span> <span class='ocrx_word' id='word_1_792' title='bbox 1587 5404 1889 5456; x_wconf 89' lang='lat' dir='ltr'><strong>nominibus</strong></span> <span class='ocrx_word' id='word_1_793' title='bbox 1919 5420 2130 5466; x_wconf 87' lang='lat' dir='ltr'><strong>nomen,</strong></span> <span class='ocrx_word' id='word_1_794' title='bbox 2181 5406 2321 5474; x_wconf 86' lang='lat' dir='ltr'><strong>quod</strong></span> 
     </span>
    </p>
   </div>
   <div class='ocr_carea' id='block_1_104' title="bbox 776 5484 2320 5555">
    <p class='ocr_par' dir='ltr' id='par_1_104' title="bbox 776 5484 2320 5555">
     <span class='ocr_line' id='line_1_104' title="bbox 776 5484 2320 5555; baseline 0.007 -23"><span class='ocrx_word' id='word_1_795' title='bbox 776 5485 985 5537; x_wconf 69' lang='lat' dir='ltr'><strong>(Lnrtsto</strong></span> <span class='ocrx_word' id='word_1_796' title='bbox 1015 5502 1042 5537; x_wconf 88' lang='lat' dir='ltr'><strong>a</strong></span> <span class='ocrx_word' id='word_1_797' title='bbox 1072 5484 1178 5538; x_wconf 86' lang='lat' dir='ltr'><strong>Deo</strong></span> <span class='ocrx_word' id='word_1_798' title='bbox 1209 5484 1382 5549; x_wconf 82' lang='lat' dir='ltr'><strong>Patre,</strong></span> <span class='ocrx_word' id='word_1_799' title='bbox 1417 5486 1670 5555; x_wconf 79' lang='lat' dir='ltr'><strong>Apostolo</strong></span> <span class='ocrx_word' id='word_1_800' title='bbox 1705 5501 1858 5552; x_wconf 87' lang='lat' dir='ltr'><strong>teste,</strong></span> <span class='ocrx_word' id='word_1_801' title='bbox 1890 5492 2073 5543; x_wconf 86' lang='lat' dir='ltr'><strong>datum</strong></span> <span class='ocrx_word' id='word_1_802' title='bbox 2104 5507 2220 5546; x_wconf 85' lang='lat' dir='ltr'><strong>esse</strong></span> <span class='ocrx_word' id='word_1_803' title='bbox 2240 5493 2320 5545; x_wconf 86' lang='lat' dir='ltr'><strong>di—‘</strong></span> 
     </span>
    </p>
   </div>
   <div class='ocr_carea' id='block_1_105' title="bbox 779 5573 2318 5650">
    <p class='ocr_par' dir='ltr' id='par_1_105' title="bbox 779 5573 2318 5650">
     <span class='ocr_line' id='line_1_105' title="bbox 779 5573 2318 5650; baseline 0.008 -28"><span class='ocrx_word' id='word_1_804' title='bbox 779 5586 932 5633; x_wconf 80' lang='lat' dir='ltr'><strong>cum,</strong></span> <span class='ocrx_word' id='word_1_805' title='bbox 963 5573 1176 5642; x_wconf 73' lang='lat' dir='ltr'><strong>propter</strong></span> <span class='ocrx_word' id='word_1_806' title='bbox 1211 5578 1526 5631; x_wconf 65' lang='lat' dir='ltr'><strong>obedientia:</strong></span> <span class='ocrx_word' id='word_1_807' title='bbox 1558 5581 1799 5634; x_wconf 85' lang='lat' dir='ltr'><strong>mirabile</strong></span> <span class='ocrx_word' id='word_1_808' title='bbox 1827 5581 1984 5650; x_wconf 69' lang='grc'><strong>841</strong></span> <span class='ocrx_word' id='word_1_809' title='bbox 2017 5596 2318 5635; x_wconf 86' lang='lat' dir='ltr'><strong>sacramen-</strong></span> 
     </span>
    </p>
   </div>
   <div class='ocr_carea' id='block_1_106' title="bbox 779 5664 2311 5737">
    <p class='ocr_par' dir='ltr' id='par_1_106' title="bbox 779 5664 2311 5737">
     <span class='ocr_line' id='line_1_106' title="bbox 779 5664 2311 5737; baseline 0.003 -22"><span class='ocrx_word' id='word_1_810' title='bbox 779 5664 919 5716; x_wconf 83' lang='lat' dir='ltr'><strong>tum?</strong></span> <span class='ocrx_word' id='word_1_811' title='bbox 946 5664 1074 5718; x_wconf 85' lang='lat' dir='ltr'><strong>Illud</strong></span> <span class='ocrx_word' id='word_1_812' title='bbox 1092 5669 1297 5721; x_wconf 75' lang='lat' dir='ltr'><strong>scilicet</strong></span> <span class='ocrx_word' id='word_1_813' title='bbox 1326 5671 1465 5737; x_wconf 89' lang='lat' dir='ltr'><strong>quod</strong></span> <span class='ocrx_word' id='word_1_814' title='bbox 1484 5670 1620 5723; x_wconf 78' lang='lat' dir='ltr'><strong>idem</strong></span> <span class='ocrx_word' id='word_1_815' title='bbox 1647 5671 1757 5737; x_wconf 81' lang='lat' dir='ltr'><strong>ipse</strong></span> <span class='ocrx_word' id='word_1_816' title='bbox 1775 5670 2038 5737; x_wconf 69' lang='lat' dir='ltr'><strong>subjungit</strong></span> <span class='ocrx_word' id='word_1_817' title='bbox 2060 5672 2311 5722; x_wconf 65' lang='lat' dir='ltr'><strong>dir-endo:</strong></span> 
     </span>
    </p>
   </div>
   <div class='ocr_carea' id='block_1_107' title="bbox 2419 4503 4040 4575">
    <p class='ocr_par' dir='ltr' id='par_1_107' title="bbox 2419 4503 4040 4575">
     <span class='ocr_line' id='line_1_107' title="bbox 2419 4503 4040 4575; baseline -0.001 -16"><span class='ocrx_word' id='word_1_818' title='bbox 2419 4517 2527 4559; x_wconf 90' lang='lat' dir='ltr'><strong>tum</strong></span> <span class='ocrx_word' id='word_1_819' title='bbox 2571 4508 2634 4558; x_wconf 87' lang='lat' dir='ltr'><strong>de</strong></span> <span class='ocrx_word' id='word_1_820' title='bbox 2673 4505 2816 4574; x_wconf 79' lang='lat' dir='ltr'><strong>ligno</strong></span> <span class='ocrx_word' id='word_1_821' title='bbox 2849 4503 3039 4572; x_wconf 83' lang='lat' dir='ltr'><strong>Joscph</strong></span> <span class='ocrx_word' id='word_1_822' title='bbox 3071 4515 3123 4557; x_wconf 87' lang='lat' dir='ltr'><strong>et</strong></span> <span class='ocrx_word' id='word_1_823' title='bbox 3161 4505 3476 4559; x_wconf 79' lang='lat' dir='ltr'><strong>Nicodemus</strong></span> <span class='ocrx_word' id='word_1_824' title='bbox 3506 4516 3762 4575; x_wconf 87' lang='lat' dir='ltr'><strong>ponerent</strong></span> <span class='ocrx_word' id='word_1_825' title='bbox 3788 4510 3841 4561; x_wconf 92' lang='lat' dir='ltr'><strong>in</strong></span> <span class='ocrx_word' id='word_1_826' title='bbox 3880 4524 3968 4562; x_wconf 76' lang='lat' dir='ltr'><strong>se-</strong></span> <span class='ocrx_word' id='word_1_827' title='bbox 4031 4540 4040 4546; x_wconf 85' lang='lat'><strong>-</strong></span> 
     </span>
    </p>
   </div>
   <div class='ocr_carea' id='block_1_108' title="bbox 2421 4592 4070 4662">
    <p class='ocr_par' dir='ltr' id='par_1_108' title="bbox 2421 4592 4070 4662">
     <span class='ocr_line' id='line_1_108' title="bbox 2421 4592 4070 4662; baseline 0.002 -16"><span class='ocrx_word' id='word_1_828' title='bbox 2421 4595 2624 4661; x_wconf 90' lang='lat' dir='ltr'><strong>pulcro.</strong></span> <span class='ocrx_word' id='word_1_829' title='bbox 2667 4592 2772 4646; x_wconf 83' lang='lat' dir='ltr'><strong>llas</strong></span> <span class='ocrx_word' id='word_1_830' title='bbox 2806 4594 2946 4646; x_wconf 86' lang='lat' dir='ltr'><strong>enim</strong></span> <span class='ocrx_word' id='word_1_831' title='bbox 2989 4594 3166 4646; x_wconf 87' lang='lat' dir='ltr'><strong>carnis</strong></span> <span class='ocrx_word' id='word_1_832' title='bbox 3188 4608 3373 4645; x_wconf 88' lang='lat' dir='ltr'><strong>omnes</strong></span> <span class='ocrx_word' id='word_1_833' title='bbox 3411 4594 3749 4649; x_wconf 73' lang='lat' dir='ltr'><strong>inﬁrmitates</strong></span> <span class='ocrx_word' id='word_1_834' title='bbox 3781 4596 3970 4662; x_wconf 59' lang='lat' dir='ltr'><strong>volun-</strong></span> <span class='ocrx_word' id='word_1_835' title='bbox 4066 4655 4070 4662; x_wconf 53' lang='grc'><strong>,</strong></span> 
     </span>
    </p>
   </div>
   <div class='ocr_carea' id='block_1_109' title="bbox 2423 4683 3973 4754">
    <p class='ocr_par' dir='ltr' id='par_1_109' title="bbox 2423 4683 3973 4754">
     <span class='ocr_line' id='line_1_109' title="bbox 2423 4683 3973 4754; baseline 0.002 -19"><span class='ocrx_word' id='word_1_836' title='bbox 2423 4687 2584 4737; x_wconf 83' lang='lat' dir='ltr'><strong>tarias</strong></span> <span class='ocrx_word' id='word_1_837' title='bbox 2605 4685 2835 4750; x_wconf 84' lang='lat' dir='ltr'><strong>quidem,</strong></span> <span class='ocrx_word' id='word_1_838' title='bbox 2877 4686 2968 4735; x_wconf 88' lang='lat' dir='ltr'><strong>sed</strong></span> <span class='ocrx_word' id='word_1_839' title='bbox 2996 4698 3146 4736; x_wconf 83' lang='lat' dir='ltr'><strong>veras</strong></span> <span class='ocrx_word' id='word_1_840' title='bbox 3183 4683 3427 4735; x_wconf 87' lang='lat' dir='ltr'><strong>Christus</strong></span> <span class='ocrx_word' id='word_1_841' title='bbox 3456 4683 3655 4747; x_wconf 91' lang='lat' dir='ltr'><strong>habuit,</strong></span> <span class='ocrx_word' id='word_1_842' title='bbox 3696 4686 3818 4754; x_wconf 85' lang='lat' dir='ltr'><strong>quia</strong></span> <span class='ocrx_word' id='word_1_843' title='bbox 3846 4700 3973 4740; x_wconf 52' lang='lat' dir='ltr'><strong>cars</strong></span> 
     </span>
    </p>
   </div>
   <div class='ocr_carea' id='block_1_110' title="bbox 2422 4770 3972 4840">
    <p class='ocr_par' dir='ltr' id='par_1_110' title="bbox 2422 4770 3972 4840">
     <span class='ocr_line' id='line_1_110' title="bbox 2422 4770 3972 4840; baseline 0 -17"><span class='ocrx_word' id='word_1_844' title='bbox 2422 4774 2504 4823; x_wconf 87' lang='lat' dir='ltr'><strong>nis</strong></span> <span class='ocrx_word' id='word_1_845' title='bbox 2529 4774 2772 4823; x_wconf 76' lang='lat' dir='ltr'><strong>humana:</strong></span> <span class='ocrx_word' id='word_1_846' title='bbox 2811 4780 3074 4830; x_wconf 87' lang='lat' dir='ltr'><strong>naturam,</strong></span> <span class='ocrx_word' id='word_1_847' title='bbox 3115 4784 3217 4822; x_wconf 87' lang='lat' dir='ltr'><strong>non</strong></span> <span class='ocrx_word' id='word_1_848' title='bbox 3261 4772 3313 4822; x_wconf 92' lang='lat' dir='ltr'><strong>in</strong></span> <span class='ocrx_word' id='word_1_849' title='bbox 3347 4771 3650 4840; x_wconf 83' lang='lat' dir='ltr'><strong>phantasia,</strong></span> <span class='ocrx_word' id='word_1_850' title='bbox 3677 4770 3770 4826; x_wconf 87' lang='lat' dir='ltr'><strong>sed</strong></span> <span class='ocrx_word' id='word_1_851' title='bbox 3801 4775 3853 4826; x_wconf 90' lang='lat' dir='ltr'><strong>in</strong></span> <span class='ocrx_word' id='word_1_852' title='bbox 3878 4789 3972 4828; x_wconf 79' lang='lat' dir='ltr'><strong>ve-</strong></span> 
     </span>
    </p>
   </div>
   <div class='ocr_carea' id='block_1_111' title="bbox 2422 4862 3971 4931">
    <p class='ocr_par' dir='ltr' id='par_1_111' title="bbox 2422 4862 3971 4931">
     <span class='ocr_line' id='line_1_111' title="bbox 2422 4862 3971 4931; baseline 0.002 -16"><span class='ocrx_word' id='word_1_853' title='bbox 2422 4864 2577 4915; x_wconf 84' lang='lat' dir='ltr'><strong>ritate</strong></span> <span class='ocrx_word' id='word_1_854' title='bbox 2615 4864 2880 4930; x_wconf 85' lang='lat' dir='ltr'><strong>suscepit:</strong></span> <span class='ocrx_word' id='word_1_855' title='bbox 2929 4877 3060 4930; x_wconf 88' lang='lat' dir='ltr'><strong>quas</strong></span> <span class='ocrx_word' id='word_1_856' title='bbox 3091 4863 3363 4931; x_wconf 88' lang='lat' dir='ltr'><strong>passiones</strong></span> <span class='ocrx_word' id='word_1_857' title='bbox 3403 4871 3680 4930; x_wconf 79' lang='lat' dir='ltr'><strong>propterea</strong></span> <span class='ocrx_word' id='word_1_858' title='bbox 3722 4862 3776 4918; x_wconf 85' lang='lat' dir='ltr'><strong>in</strong></span> <span class='ocrx_word' id='word_1_859' title='bbox 3805 4879 3971 4922; x_wconf 79' lang='lat' dir='ltr'><strong>carne</strong></span> 
     </span>
    </p>
   </div>
   <div class='ocr_carea' id='block_1_112' title="bbox 2421 4941 3972 5026">
    <p class='ocr_par' dir='ltr' id='par_1_112' title="bbox 2421 4941 3972 5026">
     <span class='ocr_line' id='line_1_112' title="bbox 2421 4941 3972 5026; baseline 0.002 -20"><span class='ocrx_word' id='word_1_860' title='bbox 2421 4956 2745 5006; x_wconf 82' lang='lat' dir='ltr'><strong>voluntarias</strong></span> <span class='ocrx_word' id='word_1_861' title='bbox 2790 4955 2993 5013; x_wconf 85' lang='lat' dir='ltr'><strong>habuit,</strong></span> <span class='ocrx_word' id='word_1_862' title='bbox 3022 4962 3080 5005; x_wconf 90' lang='lat' dir='ltr'><strong>ut</strong></span> <span class='ocrx_word' id='word_1_863' title='bbox 3118 4955 3173 5005; x_wconf 92' lang='lat' dir='ltr'><strong>in</strong></span> <span class='ocrx_word' id='word_1_864' title='bbox 3215 4956 3442 5007; x_wconf 86' lang='lat' dir='ltr'><strong>veritate</strong></span> <span class='ocrx_word' id='word_1_865' title='bbox 3472 4953 3652 5007; x_wconf 82' lang='lat' dir='ltr'><strong>carnis</strong></span> <span class='ocrx_word' id='word_1_866' title='bbox 3675 4941 3852 5010; x_wconf 71' lang='lat' dir='ltr'><strong>divitia</strong></span> 
     </span>
    </p>
   </div>
   <div class='ocr_carea' id='block_1_113' title="bbox 2421 5042 3972 5111">
    <p class='ocr_par' dir='ltr' id='par_1_113' title="bbox 2421 5042 3972 5111">
     <span class='ocr_line' id='line_1_113' title="bbox 2421 5042 3972 5111; baseline 0.001 -14"><span class='ocrx_word' id='word_1_867' title='bbox 2421 5047 2604 5105; x_wconf 87' lang='lat' dir='ltr'><strong>tentia,</strong></span> <span class='ocrx_word' id='word_1_868' title='bbox 2637 5059 2754 5110; x_wconf 72' lang='lat' dir='ltr'><strong>quze</strong></span> <span class='ocrx_word' id='word_1_869' title='bbox 2800 5059 2898 5095; x_wconf 86' lang='lat' dir='ltr'><strong>nec</strong></span> <span class='ocrx_word' id='word_1_870' title='bbox 2925 5044 3030 5111; x_wconf 90' lang='lat' dir='ltr'><strong>pati</strong></span> <span class='ocrx_word' id='word_1_871' title='bbox 3056 5045 3226 5108; x_wconf 86' lang='lat' dir='ltr'><strong>potuit</strong></span> <span class='ocrx_word' id='word_1_872' title='bbox 3261 5042 3543 5110; x_wconf 85' lang='lat' dir='ltr'><strong>aliquando</strong></span> <span class='ocrx_word' id='word_1_873' title='bbox 3572 5057 3669 5097; x_wconf 87' lang='lat' dir='ltr'><strong>nec</strong></span> <span class='ocrx_word' id='word_1_874' title='bbox 3703 5043 3862 5107; x_wconf 89' lang='lat' dir='ltr'><strong>mori,</strong></span> <span class='ocrx_word' id='word_1_875' title='bbox 3887 5044 3972 5098; x_wconf 80' lang='lat' dir='ltr'><strong>in-</strong></span> 
     </span>
    </p>
   </div>
   <div class='ocr_carea' id='block_1_114' title="bbox 2422 5133 3969 5199">
    <p class='ocr_par' dir='ltr' id='par_1_114' title="bbox 2422 5133 3969 5199">
     <span class='ocr_line' id='line_1_114' title="bbox 2422 5133 3969 5199; baseline 0.001 -13"><span class='ocrx_word' id='word_1_876' title='bbox 2422 5135 2727 5186; x_wconf 84' lang='lat' dir='ltr'><strong>ﬁrmitatem</strong></span> <span class='ocrx_word' id='word_1_877' title='bbox 2774 5140 3104 5199; x_wconf 87' lang='lat' dir='ltr'><strong>mortemque</strong></span> <span class='ocrx_word' id='word_1_878' title='bbox 3128 5133 3450 5195; x_wconf 86' lang='lat' dir='ltr'><strong>devinceret,</strong></span> <span class='ocrx_word' id='word_1_879' title='bbox 3482 5143 3538 5187; x_wconf 89' lang='lat' dir='ltr'><strong>et</strong></span> <span class='ocrx_word' id='word_1_880' title='bbox 3561 5148 3778 5190; x_wconf 82' lang='lat' dir='ltr'><strong>carnem</strong></span> <span class='ocrx_word' id='word_1_881' title='bbox 3815 5143 3969 5188; x_wconf 80' lang='lat' dir='ltr'><strong>suam</strong></span> 
     </span>
    </p>
   </div>
   <div class='ocr_carea' id='block_1_115' title="bbox 2381 5221 3968 5292">
    <p class='ocr_par' dir='ltr' id='par_1_115' title="bbox 2381 5221 3968 5292">
     <span class='ocr_line' id='line_1_115' title="bbox 2381 5221 3968 5292; baseline 0.003 -20"><span class='ocrx_word' id='word_1_882' title='bbox 2381 5288 2384 5289; x_wconf 15' lang='grc' dir='ltr'><em>ν</em></span> <span class='ocrx_word' id='word_1_883' title='bbox 2423 5221 2474 5274; x_wconf 91' lang='lat' dir='ltr'><strong>in</strong></span> <span class='ocrx_word' id='word_1_884' title='bbox 2498 5223 2659 5275; x_wconf 87' lang='lat' dir='ltr'><strong>vitam</strong></span> <span class='ocrx_word' id='word_1_885' title='bbox 2680 5223 3033 5289; x_wconf 82' lang='lat' dir='ltr'><strong>virtutemque</strong></span> <span class='ocrx_word' id='word_1_886' title='bbox 3055 5228 3361 5290; x_wconf 81' lang='lat' dir='ltr'><strong>perpetuam</strong></span> <span class='ocrx_word' id='word_1_887' title='bbox 3386 5223 3669 5276; x_wconf 85' lang='lat' dir='ltr'><strong>suscitaret</strong></span> <span class='ocrx_word' id='word_1_888' title='bbox 3694 5238 3710 5276; x_wconf 89' lang='lat'><strong>:</strong></span> <span class='ocrx_word' id='word_1_889' title='bbox 3731 5236 3890 5292; x_wconf 82' lang='lat' dir='ltr'><strong>quem</strong></span> <span class='ocrx_word' id='word_1_890' title='bbox 3906 5231 3968 5278; x_wconf 82' lang='grc' dir='ltr'><strong>ιιι</strong></span> 
     </span>
    </p>
   </div>
   <div class='ocr_carea' id='block_1_116' title="bbox 2424 5311 3815 5380">
    <p class='ocr_par' dir='ltr' id='par_1_116' title="bbox 2424 5311 3815 5380">
     <span class='ocr_line' id='line_1_116' title="bbox 2424 5311 3815 5380; baseline 0.001 -15"><span class='ocrx_word' id='word_1_891' title='bbox 2424 5325 2633 5365; x_wconf 69' lang='lat' dir='ltr'><strong>aeterna:</strong></span> <span class='ocrx_word' id='word_1_892' title='bbox 2662 5311 3004 5380; x_wconf 83' lang='lat' dir='ltr'><strong>subjectionis</strong></span> <span class='ocrx_word' id='word_1_893' title='bbox 3038 5314 3254 5366; x_wconf 70' lang='grc' dir='ltr'>εει·ιίϋο</span> <span class='ocrx_word' id='word_1_894' title='bbox 3284 5313 3581 5380; x_wconf 86' lang='lat' dir='ltr'><strong>opprimere</strong></span> <span class='ocrx_word' id='word_1_895' title='bbox 3609 5312 3815 5367; x_wconf 86' lang='lat' dir='ltr'><strong>niteris.</strong></span> 
     </span>
    </p>
   </div>
   <div class='ocr_carea' id='block_1_117' title="bbox 2493 5397 3969 5472">
    <p class='ocr_par' dir='ltr' id='par_1_117' title="bbox 2493 5397 3969 5472">
     <span class='ocr_line' id='line_1_117' title="bbox 2493 5397 3969 5472; baseline 0.003 -15"><span class='ocrx_word' id='word_1_896' title='bbox 2493 5405 2552 5457; x_wconf 74' lang='grc' dir='ltr'><strong>γ.</strong></span> <span class='ocrx_word' id='word_1_897' title='bbox 2585 5404 2724 5456; x_wconf 87' lang='lat' dir='ltr'><strong>Dicis</strong></span> <span class='ocrx_word' id='word_1_898' title='bbox 2752 5403 2891 5455; x_wconf 84' lang='lat' dir='ltr'><strong>enim</strong></span> <span class='ocrx_word' id='word_1_899' title='bbox 2918 5422 2930 5455; x_wconf 92' lang='lat'><strong>:</strong></span> <span class='ocrx_word' id='word_1_900' title='bbox 2983 5397 3074 5454; x_wconf 76' lang='lat' dir='ltr'><strong>Vel</strong></span> <span class='ocrx_word' id='word_1_901' title='bbox 3112 5406 3164 5455; x_wconf 87' lang='lat' dir='ltr'><strong>in</strong></span> <span class='ocrx_word' id='word_1_902' title='bbox 3188 5422 3286 5470; x_wconf 86' lang='lat' dir='ltr'><strong>qua</strong></span> <span class='ocrx_word' id='word_1_903' title='bbox 3318 5407 3484 5472; x_wconf 76' lang='lat' dir='ltr'><strong>[arma</strong></span> <span class='ocrx_word' id='word_1_904' title='bbox 3525 5405 3621 5457; x_wconf 80' lang='lat' dir='ltr'><strong>erit</strong></span> <span class='ocrx_word' id='word_1_905' title='bbox 3640 5405 3694 5457; x_wconf 86' lang='lat' dir='ltr'><strong>in</strong></span> <span class='ocrx_word' id='word_1_906' title='bbox 3720 5417 3969 5460; x_wconf 69' lang='lat' dir='ltr'><strong>alemus</strong></span> 
     </span>
    </p>
   </div>
   <div class='ocr_carea' id='block_1_118' title="bbox 2425 5492 3969 5562">
    <p class='ocr_par' dir='ltr' id='par_1_118' title="bbox 2425 5492 3969 5562">
     <span class='ocr_line' id='line_1_118' title="bbox 2425 5492 3969 5562; baseline 0.003 -19"><span class='ocrx_word' id='word_1_907' title='bbox 2425 5492 2570 5544; x_wconf 84' lang='lat' dir='ltr'><strong>Patri</strong></span> <span class='ocrx_word' id='word_1_908' title='bbox 2608 5493 2862 5556; x_wconf 81' lang='lat' dir='ltr'><strong>subditus,</strong></span> <span class='ocrx_word' id='word_1_909' title='bbox 2897 5495 2939 5545; x_wconf 88' lang='lat' dir='ltr'><strong>si</strong></span> <span class='ocrx_word' id='word_1_910' title='bbox 2980 5495 3113 5545; x_wconf 85' lang='lat' dir='ltr'><strong>inter</strong></span> <span class='ocrx_word' id='word_1_911' title='bbox 3149 5494 3462 5546; x_wconf 76' lang='lat' dir='ltr'><strong>divinitatem</strong></span> <span class='ocrx_word' id='word_1_912' title='bbox 3506 5495 3618 5562; x_wconf 87' lang='lat' dir='ltr'><strong>ejus</strong></span> <span class='ocrx_word' id='word_1_913' title='bbox 3654 5505 3700 5548; x_wconf 89' lang='lat' dir='ltr'><strong>et</strong></span> <span class='ocrx_word' id='word_1_914' title='bbox 3725 5496 3969 5548; x_wconf 44' lang='lat' dir='ltr'><strong>humans;</strong></span> 
     </span>
    </p>
   </div>
   <div class='ocr_carea' id='block_1_119' title="bbox 2418 5581 3968 5651">
    <p class='ocr_par' dir='ltr' id='par_1_119' title="bbox 2418 5581 3968 5651">
     <span class='ocr_line' id='line_1_119' title="bbox 2418 5581 3968 5651; baseline 0 -19"><span class='ocrx_word' id='word_1_915' title='bbox 2418 5592 2570 5633; x_wconf 85' lang='lat' dir='ltr'><strong>tatem</strong></span> <span class='ocrx_word' id='word_1_916' title='bbox 2606 5582 2748 5634; x_wconf 87' lang='lat' dir='ltr'><strong>nulla</strong></span> <span class='ocrx_word' id='word_1_917' title='bbox 2789 5582 3080 5648; x_wconf 64' lang='lat' dir='ltr'><strong>diﬂerentia</strong></span> <span class='ocrx_word' id='word_1_918' title='bbox 3105 5581 3343 5648; x_wconf 80' lang='lat' dir='ltr'><strong>nullaque</strong></span> <span class='ocrx_word' id='word_1_919' title='bbox 3376 5584 3698 5651; x_wconf 66' lang='lat' dir='ltr'><strong>inmqualitas</strong></span> <span class='ocrx_word' id='word_1_920' title='bbox 3723 5583 3833 5650; x_wconf 75' lang='lat' dir='ltr'><strong>fon</strong></span> <span class='ocrx_word' id='word_1_921' title='bbox 3857 5597 3968 5633; x_wconf 84' lang='lat' dir='ltr'><strong>ere-</strong></span> 
     </span>
    </p>
   </div>
   <div class='ocr_carea' id='block_1_120' title="bbox 2417 5673 3970 5740">
    <p class='ocr_par' dir='ltr' id='par_1_120' title="bbox 2417 5673 3970 5740">
     <span class='ocr_line' id='line_1_120' title="bbox 2417 5673 3970 5740; baseline 0.005 -19"><span class='ocrx_word' id='word_1_922' title='bbox 2417 5673 2614 5724; x_wconf 74' lang='lat' dir='ltr'><strong>datur?</strong></span> <span class='ocrx_word' id='word_1_923' title='bbox 2673 5675 2901 5728; x_wconf 74' lang='lat' dir='ltr'><strong>Dicimus</strong></span> <span class='ocrx_word' id='word_1_924' title='bbox 2947 5675 3122 5740; x_wconf 71' lang='lat' dir='ltr'><strong>itaque</strong></span> <span class='ocrx_word' id='word_1_925' title='bbox 3173 5674 3224 5725; x_wconf 89' lang='lat' dir='ltr'><strong>in</strong></span> <span class='ocrx_word' id='word_1_926' title='bbox 3270 5674 3374 5726; x_wconf 68' lang='lat' dir='ltr'><strong>Deo</strong></span> <span class='ocrx_word' id='word_1_927' title='bbox 3411 5673 3622 5730; x_wconf 87' lang='lat' dir='ltr'><strong>Christo</strong></span> <span class='ocrx_word' id='word_1_928' title='bbox 3669 5678 3801 5729; x_wconf 72' lang='lat' dir='ltr'><strong>duas</strong></span> <span class='ocrx_word' id='word_1_929' title='bbox 3851 5688 3970 5729; x_wconf 80' lang='lat' dir='ltr'><strong>esse</strong></span> 
     </span>
    </p>
   </div>
  </div>
