4238 6278
400 324 507 381 209

400 508 538 583 vidis
563 525 836 597 Christum
862 523 915 576 in
939 521 1073 575 duos
1109 518 1257 580 deos,
1302 512 1710 582 nuncupativum
1745 508 1946 563 scilicet

399 624 456 669 et
479 627 661 668 verum
685 629 700 664 :
731 619 785 665 et
812 610 863 663 in
895 611 1026 664 duos
1047 606 1205 671 ﬁlios,
1241 603 1542 672 adoptivum
1571 608 1624 654 et
1652 599 1944 681 proprium,

400 699 740 761 accumulaus
786 710 947 766 super
977 702 1136 764 caput
1182 702 1329 747 tuum
1360 690 1596 745 terribile
1643 687 1944 746 anathema,

400 790 543 860 quod
564 789 617 843 in
641 788 825 842 eodem
848 783 1051 855 praefati
1075 781 1250 836 Patris
1268 781 1405 834 libro
1433 778 1623 848 legitur
1644 794 1671 829 τ
1693 793 1711 824 ι
1750 773 1805 828 Si
1829 773 1949 841 quis
1980 828 1983 829 ν

399 876 679 949 praesumit
723 875 902 930 dicere
944 870 1210 926 Deilerum
1246 867 1519 937 hominem
1557 863 1850 924 Christum,
1895 869 1951 949 et

400 985 508 1026 non
550 967 727 1037 potius
770 963 939 1020 Deum
983 976 1103 1017 esse
1142 973 1289 1022 vere,
1319 957 1457 1013 sicut
1498 955 1664 1010 ﬁlium
1694 968 1854 1006 unum
1896 959 1951 1004 et

397 1056 726 1121 naturalem,
751 1048 1041 1109 secundum
1064 1049 1208 1119 quod
1226 1046 1422 1102 factum
1442 1052 1524 1099 est
1544 1057 1670 1097 caro
1697 1041 1948 1102 Verbum,

398 1158 461 1203 et‘
482 1144 895 1204 communicavit
925 1141 1169 1211 proxime
1200 1136 1354 1192 nobis
1397 1133 1653 1203 sanguine
1678 1138 1733 1196 et
1769 1142 1948 1191 carne,

398 1240 685 1296 anathema
716 1236 805 1291 sit.
831 1253 849 1287 ι
877 1233 946 1288 Et
971 1232 1026 1286 in
1046 1227 1387 1298 sequentibus
1406 1243 1423 1289 _:
1456 1242 1474 1273 ι
1500 1222 1591 1275 Ait
1605 1220 1747 1274 enim
1768 1227 1822 1271 et
1841 1219 1953 1286 ipse

398 1327 647 1383 Christus
688 1324 754 1379 de
781 1320 981 1376 sanctis
1020 1314 1312 1388 prophetis,
1350 1313 1463 1367 sive
1488 1308 1554 1363 de
1597 1307 1817 1369 sanctis,
1858 1304 1952 1373 qui

398 1416 553 1486 prius
578 1413 791 1467 luerunt
814 1427 829 1464 :
861 1408 921 1464 Si
934 1407 1059 1461 illos
1076 1402 1384 1467 dixit‘dcos’,
1408 1399 1475 1453 ad
1513 1413 1640 1465 quos
1667 1410 1833 1449 sermo
1857 1392 1953 1446 Dei

399 1508 572 1578 (actus
596 1512 671 1558 est
697 1516 715 1554 :
750 1515 902 1572 quem
941 1497 1100 1552 Pater
1122 1491 1460 1562 sanctiﬁcarit
1494 1497 1540 1542 et
1567 1487 1704 1542 misit
1723 1489 1778 1538 in
1792 1500 1954 1578 utun-

399 1573 549 1660 itum.
597 1610 684 1649 sos
721 1592 892 1646 dicitis
918 1588 1043 1658 quia
1081 1583 1423 1648 blasphemus,
1454 1580 1576 1652 quia
1620 1577 1750 1641 dixi,
1784 1573 1831 1627 F
1833 1574 1955 1627 ilius

398 1684 499 1740 Dei
523 1700 639 1738 sum
678 1679 860 1752 (Joan.
888 1694 945 1743 ι,
971 1676 1058 1739 56,
1088 1673 1198 1745 37).
1242 1672 1346 1727 Sed
1392 1685 1497 1725 non
1541 1668 1679 1723 sicut
1706 1666 1762 1719 in
1801 1663 1956 1719 nobis

1088 309 1497 371 DOGMATICA.
1539 339 1605 350 —
1636 308 1793 365 Αυγ.
1833 302 2123 361 FELlCEM
2160 305 2336 361 LIBRI
2371 307 2479 363 Vll.
2514 334 2583 347 --
2618 300 2743 361 LIB.
2788 304 2872 359 Vl.

1719 81 1722 84 Ι
2153 63 2162 66 -
2187 61 2192 64 “
2213 63 2216 65 -
2413 77 2440 82 __
2523 71 2586 80 ____
2627 71 2696 79 ___
2899 59 2906 68 ι
2929 65 2932 68 .
3063 61 3068 64 -
3299 63 3302 66 ,
3373 55 3412 64 ιιι-
3455 53 3498 60 -—-
3515 69 3546 76 ἰ
3569 59 3576 62 -
3601 69 3608 72 _
3675 67 3702 72 .-
3735 67 3750 72 _'
3831 75 3838 78 —
3883 73 3892 78 -

1321 107 1344 118 ρ-
1381 105 1520 116 ·ν---α-
1706 106 1753 123 ια
1861 73 2056 112 -'--'
2147 91 2160 112 μ
2189 89 2240 110 ειε-
2267 85 2344 106 ·““
2349 59 3528 106 ’τ-τδη-*ν
2855 107 2868 112 ,.
2943 97 2956 100 -
3205 95 3222 102 -.
3325 97 3340 106 .
3531 69 3654 90 -τμ-
3563 85 3634 102 ..--.
3661 76 3768 104 ’πρε-ει
3891 81 3896 84 -
3927 99 3930 104 ,
3982 78 4009 99 -,
4051 80 4067 104 -

1782 140 1791 145 ⁸
1971 113 2006 124 ψ·-
2031 117 2072 124 ι...
2169 113 2174 116 -
2392 138 2393 141 Ἰ
2539 119 2564 124 --
2721 111 3086 136 4......2.____~_..—__-
3105 121 3110 123 .
3191 113 3220 124 ,ι
3285 119 3292 124 ..
3337 113 3346 120 r
3375 111 3442 141 _'__;-
3453 111 3512 124 ηεξ·
3535 109 3746 142 -.··’---Ῐ--“τ;’-;.
3911 111 4058 136 εει-ψ

3478 300 3585 354 2ιο

386 412 742 509 apostolicam
769 439 964 488 sanettn
996 428 1091 483 Dei
1135 426 1382 482 Ecclesiae
1407 419 1837 478 consuetudinem
1859 417 1941 470 di-
1965 423 2013 475 Α
2036 417 2178 471 enim
2200 418 2450 486 cavendis
2485 418 2597 487 ipsa
2621 415 2830 472 Veritas
2852 416 2905 469 in
2945 414 3226 485 Evangelia
3247 413 3324 468 ait
3344 429 3359 467 :
3383 410 3441 486 Si
3462 428 3585 466 ora-

2042 506 2124 561 lus
2155 516 2275 560 tuus
2316 507 2492 560 dexter
2515 504 2833 561 scandalizat
2861 515 2928 567 te,
2965 519 3088 561 erue
3126 519 3262 565 eam,
3307 510 3357 556 et
3395 504 3587 572 proﬁce

2042 596 2134 647 abs
2156 604 2224 657 te,
2253 594 2452 663 expedit
2497 593 2589 646 tibi
2616 601 2672 646 ut
2698 608 2858 645 unum
2880 600 3072 660 'pereat
3110 590 3450 643 membrorum
3472 601 3588 644 tuo-

2044 699 2180 747 rum,
2218 700 2373 752 quam
2397 693 2560 737 totum
2580 698 2760 749 corpus
2788 692 2930 734 tuum
2957 682 3194 735 mittatur
3223 682 3278 735 in
3305 681 3587 750 gehennam

2046 769 2255 841 (Matth.
2276 785 2333 833 v,
2355 770 2467 842 29).
2680 830 2689 837 χ
3154 786 3157 789 ν

2036 878 2049 883 “
2114 859 2202 913 IX.
2244 858 2376 913 Nam
2408 868 2464 914 et
2476 858 2760 933 “Aruonius
2796 857 3127 931 [Arnobius],
3157 860 3242 913 vir
3272 860 3413 914 acris
3445 860 3589 929 inge-

2047 951 2143 1016 nii,
2170 951 2223 1005 in
2246 950 2491 1006 conﬂictu
2513 965 2671 1020 quem
2695 966 2815 1005 cum
2838 951 3124 1020 Serapione
3146 951 3329 1005 habuit
3352 951 3418 1006 de
3439 951 3589 1023 nobi-

2047 1038 2197 1092 litate
2224 1046 2419 1094 sanctae
2441 1038 2618 1093 Marias
2636 1038 2909 1109 genitricis
2937 1039 3062 1104 Dei,
3095 1047 3150 1093 et
3176 1040 3237 1093 de
3264 1040 3592 1108 incompara-

2046 1128 2139 1182 bili
2182 1129 2432 1185 omnibns
2468 1127 2679 1185 feminis
2717 1132 3021 1194 sanctitate,
3065 1140 3120 1184 et
3162 1131 3229 1185 de
3266 1120 3433 1199 ipsius
3471 1130 3589 1184 Filii

2049 1216 2165 1279 Dei,
2192 1217 2284 1284 qui
2311 1232 2468 1286 circa
2495 1227 2652 1273 natus
2676 1228 2758 1273 est
2780 1219 3072 1284 divinitate,
3099 1229 3449 1275 consentanea
3472 1234 3593 1273 san—

2049 1308 2151 1360 ctis
2190 1304 2460 1369 Patribus,
2504 1322 2732 1373 quorum
2758 1308 2899 1362 dicta
2938 1308 3265 1363 abundanter
3302 1309 3592 1377 posuimus.

2050 1392 2255 1461 profert
2279 1395 2607 1459 testimonia,
2639 1397 2820 1451 dicens
2850 1415 2863 1449 :
2899 1415 2918 1447 ‹
2952 1397 3087 1450 Dum
3114 1398 3168 1452 in
3194 1396 3480 1466 unigenito,
3508 1395 3593 1450 in—

2051 1482 2201 1551 quit,
2238 1484 2371 1538 duas
2399 1493 2614 1538 naturas
2647 1483 2961 1539 conﬁtemur
2982 1485 3221 1556 duasque
3251 1486 3595 1549 substantias,

2052 1570 2301 1640 obiicitur
2325 1573 2463 1640 quod
2488 1571 2714 1650 alterum
2737 1563 2976 1627 dicamus
3004 1574 3096 1628 Dei
3114 1574 3314 1629 Filium
3331 1616 3347 1640 ,
3368 1575 3596 1631 alterum
3711 1643 3719 1650 .
3794 1580 3801 1587 '

2056 1658 2222 1713 ﬁlium
2249 1658 2498 1735 hominis.
2524 1643 2629 1714 Nos
2666 1654 2845 1714 autém
2869 1662 3184 1716 auctoritate
3209 1662 3597 1732 Apostoli-diei-

402 1771 666 1830 inhabitat
687 1748 866 1830 'Deus,
915 1766 991 1819 ita
1016 1772 1071 1820 et
1098 1762 1151 1817 in
1190 1758 1442 1815 Christo:
1488 1755 1630 1810 Deus
1668 1754 1811 1808 enim
1839 1759 1958 1807 erat
1976 1748 2032 1837 Β
2055 1764 2219 1837 tuus}
2247 1748 2387 1802 Deus
2412 1758 2528 1837 erat
2559 1749 2616 1803 in
2641 1748 2851 1805 Christo
2870 1751 3119 1809 mundum
3147 1752 3480 1811 reconcilians
3503 1754 3601 1807 sibi

399 1860 719 1928 naturaliter
743 1869 1003 1927 apparens
1041 1850 1326 1908 secundum
1360 1862 1479 1909 nos.
1504 1859 1747 1914 unusque
1787 1850 1843 1897 et
1869 1856 1958 1896 so-

400 1950 487 2004 lus
512 1948 674 2012 ﬁlius,
694 1932 755 2001 et
778 1941 990 2015 quando
1017 1940 1190 1996 factus
1207 1946 1292 1994 est
1316 1951 1463 1992 caro.
1509 1933 1611 2001 Qui
1635 1933 1800 2003 igitur
1822 1946 1959 2003 pre-

398 2047 619 2097 sumunt
654 2037 831 2094 dicere
873 2032 1144 2089 Deilerum
1171 2029 1440 2085 hominem
1482 2042 1624 2091 eum,
1651 2032 1706 2080 et
1730 2040 1835 2080 non
1862 2039 1958 2095 po-

398 2129 509 2184 tius
557 2127 961 2183 inhumanatum
1011 2121 1218 2185 Deum,
1253 2117 1555 2174 necessario
1606 2115 1958 2171 succumbunt

400 2214 847 2274 anathematismo
880 2209 1174 2282 proposito.
1207 2228 1226 2259 ι
1257 2206 1387 2263 Item
1415 2206 1500 2261 ille
1525 2206 1639 2275 ipse
1664 2205 1757 2275 qui
1776 2218 1956 2274 supra,

399 2306 624 2379 epistola
646 2305 716 2360 ad
745 2301 1036 2358 monachos
1063 2299 1299 2354 directa:
1332 2314 1351 2347 ι
1400 2284 1532 2351 Cum
1558 2295 1721 2361 enim,
1766 2292 1957 2361 inquit,

397 2397 660 2467 probatur
684 2394 811 2463 quia
853 2392 995 2447 Deus
1020 2385 1319 2444 secundum
1346 2394 1591 2441 naturam
1615 2391 1716 2448 est,
1772 2384 1862 2453 qui
1892 2396 1958 2436 ex

400 2493 585 2541 saneta
635 2482 856 2553 Virgine
900 2488 1058 2543 natus
1103 2486 1230 2543 est;
1277 2475 1479 2531 nullum
1524 2490 1616 2530 eos
1664 2472 1783 2545 [F.,
1814 2472 1955 2543 reor]

398 2589 615 2645 segnem
652 2571 951 2640 intelligere
979 2583 1044 2633 ac
1082 2566 1260 2638 loqui,
1306 2567 1431 2636 quia
1470 2566 1565 2620 Dei
1607 2563 1851 2621 Genitrix
1890 2565 1960 2618 sit

398 2663 646 2720 dicenda.
672 2682 690 2714 ι
730 2661 796 2715 Et
818 2661 1014 2715 iterum
1047 2675 1062 2711 :
1096 2676 1115 2709 ε
1145 2658 1541 2717 Verumtamen,
1586 2653 1778 2723 inquit,
1822 2668 1960 2709 unus

401 2751 667 2806 Dominus
709 2746 864 2802 Jesus
894 2745 1164 2810 Christus,
1209 2757 1449 2813 unusque
1483 2748 1547 2821 et,
1576 2755 1735 2795 verus
1756 2738 1983 2804 .Filius,'

402 2842 545 2899 Deus
590 2839 745 2912 simul
792 2847 847 2892 et
892 2835 1089 2902 homo;
1138 2840 1194 2889 et
1240 2848 1347 2888 non
1394 2832 1552 2887 homo
1595 2829 1736 2885 Deus
1775 2823 1960 2883 lactus

402 2925 635 3000 ἱερῆα..
672 2921 977 2993 Deiﬁeatus]
1016 2923 1116 2977 sub
1157 2920 1459 2991 mqualitate
1503 2919 1695 2973 horum
1729 2916 1822 2986 qui
1862 2929 1960 2984 per

403 3018 655 3093 gratiam,
701 3014 796 3071 sed
822 3014 981 3093 Deus
1022 3012 1199 3082 potius
1222 3025 1383 3065 verus
1428 3008 1483 3063 in
1510 3009 1740 3063 humana
1786 3006 1956 3061 l'orma

2055 1835 2143 1907 (II
2165 1833 2289 1891 Cor.
2320 1852 2372 1901 v,
2403 1835 2511 1907 l9).
2552 1836 2609 1891 Si
2645 1836 2791 1891 enim
2823 1839 3077 1892 mundum
3110 1841 3493 1904 reconciliavit,
3530 1842 3600 1895 ita

2053 1932 2115 1978 ut
2142 1923 2423 1979 credentes
2446 1924 2502 1978 in
2523 1938 2581 1979 se
2606 1922 2740 1979 ﬁlios
2776 1925 2879 1980 Dei
2897 1924 3092 1981 lauaret
3122 1928 3383 1991 homines,
3421 1931 3604 1998 utique

2055 2021 2247 2067 natura
2272 2008 2475 2079 servos,
2502 2028 2608 2069 non
2629 2013 2722 2069 Dei
2748 2013 2905 2076 ﬁlios.
2931 2025 3051 2071 actu
3076 2017 3238 2072 etiam
3264 2034 3405 2085 reos,
3427 2029 3481 2076 et
3502 2036 3603 2090 per

2054 2103 2542 2173 praevaricationem
2564 2103 2724 2174 primi
2748 2106 2978 2160 hominis
3010 2106 3224 2162 inimico
3257 2111 3475 2180 generis
3496 2112 3602 2165 bu-

2056 2194 2202 2263 mani
2226 2193 2495 2249 obnoxios
2524 2208 2540 2248 :
2580 2190 2759 2251 tamen
2789 2211 2888 2266 per
2921 2211 3073 2251 suam
3112 2201 3338 2267 gratiam
3372 2202 3469 2256 bos
3510 2202 3605 2257 Dei

2057 2283 2194 2340 ﬁlios
2219 2284 2363 2346 fecit.
2404 2282 2525 2357 [Qui
2553 2300 2682 2357 ergo
2708 2285 2840 2341 alios
2865 2287 2955 2341 Dei
2987 2287 3122 2343 ﬁlios
3146 2290 3316 2362 fecit,]
3341 2295 3604 2361 quomodo

2057 2374 2170 2443 ipse
2197 2388 2301 2428 non
2335 2381 2417 2429 est
2452 2373 2618 2429 Filius
2655 2374 2751 2429 Dei
2788 2375 3217 2437 adunatuscum.
3242 2380 3431 2443 Verbo,
3462 2381 3605 2451 quod
3641 2436 3650 2446 ,

2055 2477 2182 2518 caro
2212 2462 2411 2518 factum
2443 2464 2669 2534 legitur?
2699 2485 2719 2516 ι
2760 2465 2825 2519 Et
2854 2476 2975 2537 post
3006 2480 3174 2538 pauca
3210 2488 3226 2524 :
3270 2488 3290 2520 ι
3327 2470 3429 2527 Per
3455 2489 3609 2528 suam

2053 2568 2183 2624 ergo
2222 2554 2676 2624 omnipotentiam,
2718 2571 2839 2611 cum
2882 2557 3081 2623 voluit,
3125 2559 3266 2615 hunc
3310 2539 3599 2628 hominem,

2057 2642 2260 2716 [quem]
2285 2644 2593 2715 assumpsit,
2617 2647 2719 2701 hoc
2743 2647 2936 2710 facere,
2962 2658 3234 2720 assumpto
3256 2649 3498 2722 [Arnob.,
3520 2669 3605 2708 as-

2056 2734 2334 2803 sumendo]
2378 2748 2441 2789 ex
2485 2743 2743 2805 tempore,
2780 2738 2921 2806 quod
2965 2739 3089 2806 ipso
3111 2755 3324 2809 semper
3357 2741 3458 2796 fuit
3492 2743 3609 2797 sine
3672 2778 3677 2782 ι

2055 2831 2316 2894 tempore,
2344 2832 2408 2884 ut
2428 2826 2766 2905 nonpossint
2788 2826 2894 2881 dici
2918 2827 3021 2882 duo
3046 2826 3137 2881 lilii
3319 2830 3454 2885 alius
3484 2839 3608 2886 ante

2056 2920 2317 2982 tempora,
2357 2919 2412 2968 et
2451 2913 2586 2967 alius
2624 2922 2778 2968 natus
2807 2929 2872 2969 ex
2911 2922 3148 2986 tempore
3175 2936 3189 2972 :
3221 2919 3314 2974 sed
3350 2936 3485 2976 unus
3512 2921 3623 2977 Dei‘

2055 3000 2221 3056 Filius
2242 3001 2498 3058 Dominus
2521 3001 2677 3058 Jesus
2704 3003 2965 3061 Christus.
2990 3005 3117 3062 Inde
3134 3017 3219 3063 est
3243 3011 3384 3079 quod
3408 3012 3607 3068 dictum

403 3089 667 3181 apparens
689 3089 908 3177 propter
934 3120 1052 3159 nos.
1076 3123 1097 3157 ι
1144 3103 1210 3157 Ει
1236 3103 1291 3157 in
1336 3092 1679 3170 sequentibus
1722 3096 1959 3167 ejusdem
1983 3091 2032 3155 Ο
2058 3099 2143 3159 est
2166 3091 2235 3146 ab
2255 3089 2508 3181 Apostolo
2537 3091 2644 3158 ε,Ξὶ
2663 3095 2989 3163 cognovimus
3018 3095 3297 3152 Dominum
3318 3098 3611 3155 lcruma»

401 3189 641 3270 epistola:
667 3215 685 3252 :
710 3216 729 3249 ‹
778 3195 909 3269 Age,
953 3208 1071 3263 age,
1112 3201 1471 3249 monstremus
1516 3203 1584 3243 ex
1627 3189 1755 3259 ipsis
1781 3195 1960 3243 osten-

402 3290 592 3346 dentes
618 3288 776 3346 ﬁdem
802 3288 969 3343 sacris
992 3285 1186 3341 litteris
1207 3279 1330 3353 quia
1361 3282 1501 3336 Deus
1528 3277 1818 3336 secundum
1858 3293 1956 3331 na-

404 3388 581 3433 turam
605 3386 708 3442 est,
733 3376 833 3431 etsi
858 3375 926 3429 ad
954 3373 1210 3428 unitatem
1237 3369 1503 3440 capulavit
1542 3367 1645 3424 sibi
1688 3366 1959 3437 propriam

402 3484 644 3532 carnem,
672 3482 778 3537 quo
794 3468 982 3520 vivere
1024 3464 1246 3534 probato
1287 3460 1514 3533 [Cyrill.,
1541 3476 1646 3529 quo
1670 3458 1956 3529 patefacto]

404 3557 500 3612 Dei
529 3554 771 3611 Genitrix
799 3554 993 3619 dicitur
1017 3567 1047 3605 a
1072 3550 1248 3613 nobis,
1287 3555 1341 3602 et
1366 3548 1495 3602 satis
1540 3547 1739 3601 merito”
1775 3553 1957 3600 sancta

409 3628 586 3715 Virgo.
615 3665 638 3696 ι
682 3642 813 3699 Item
843 3643 898 3696 iu
923 3642 1107 3696 eadem
1132 3659 1145 3693 :
1173 3659 1193 3692 Ι
1247 3638 1521 3705 Quomodo
1561 3652 1690 3707 ergo
1713 3637 1960 3707 proprius

403 3736 500 3792 Dei
527 3735 693 3790 Filius
714 3733 1018 3788 nominatus
1040 3738 1124 3786 est
1145 3730 1405 3793 Christus,
1434 3730 1526 3798 qui
1552 3729 1712 3783 etiam
1734 3728 1961 3783 traditus

399 3836 486 3883 est
510 3843 541 3883 a
565 3828 673 3881 Deo
709 3824 888 3889 Patre,
914 3838 1075 3878 causa
1097 3820 1332 3877 omnium
1361 3818 1546 3875 salutis
1570 3824 1625 3873 et
1650 3818 1772 3872 vitae
1789 3820 1812 3871 ?
1831 3817 1962 3872 Tra-

403 3919 547 3973 ditus
566 3924 649 3974 est
675 3916 817 3971 enim
842 3922 1062 3989 propter
1082 3896 1300 3984 peccata
1325 3922 1527 3977 nostra,
1546 3902 1747 3980 ,et'ipse
1769 3911 1963 3980 iniqui-

404 4013 544 4059 tates
585 4003 876 4058 multorum
916 4001 1079 4074 855
1118 4001 1353 4072 portavit
1395 4001 1449 4055 in
1493 4015 1717 4069 corpore
1765 4014 1860 4053 suo
1907 4001 1959 4053 in

405 4090 570 4161 ligno,
617 4090 908 4144 secundum
954 4088 1228 4158 praphetze
1259 4101 1443 4141 vocem
1489 4086 1643 4156 (Isai:
1678 4085 1957 4154 tunde);

406 4179 581 4249 palam
594 4193 733 4249 ergo
759 4186 844 4232 est
864 4178 989 4247 quia
1034 4177 1181 4247 unita
1226 4191 1315 4231 res
1354 4183 1623 4244 assumpta
1661 4177 1962 4231 necessarie

402 4270 675 4339 preprium
700 4266 893 4321 Filium
937 4265 1225 4321 declaravit
1262 4264 1379 4331 Dei,
1407 4265 1498 4336 qui
1538 4280 1604 4321 ex
1629 4272 1815 4321 Sancta
1842 4268 1961 4321 Vi'r-

2063 3183 2289 3265 cundum
2315 3172 2555 3261 carnem,
2577 3184 2825 3239 sednunc
2853 3186 2967 3255 jam
2992 3202 3094 3241 non
3119 3189 3349 3249 novimus
3376 3188 3460 3260 (11
3482 3187 3618 3246 Cora
3641 3239 3649 3245 .

2056 3291 2111 3342 v,
2139 3274 2227 3347 l6)
2261 3293 2281 3330 :
2311 3268 2468 3346 quasi
2507 3277 2597 3346 qui
2637 3276 2781 3332 dicat
2822 3297 2836 3329 ;
2877 3285 2934 3331 et
2972 3276 3019 3331 si
3055 3279 3397 3349 cognovimus
3432 3280 3610 3337 lanam

2056 3366 2367 3435 priusquam
2386 3354 2701 3420 admistione
2726 3366 3002 3435 sanguinis
3026 3364 3290 3439 conchylii
3312 3369 3465 3425 ﬁeret
3486 3384 3613 3440 pur-

2055 3470 2208 3524 pura;
2229 3455 2322 3509 sed
2334 3470 2474 3509 nunc
2485 3454 2593 3525 jam
2610 3470 2715 3510 non
2729 3457 3076 3524 cognovimus
3088 3457 3288 3523 lanam,
3307 3461 3400 3513 sed
3419 3476 3616 3531 purpu-

2058 3557 2347 3613 ram,,qua
2386 3544 2527 3599 inter
2559 3559 2746 3600 omnes
2788 3547 3029 3601 homines
3076 3548 3253 3605 nullus
3295 3551 3373 3603 uti
3407 3556 3610 3619 possit,

2056 3633 2431 3704 nisiAugusta
2480 3634 2721 3707 [Arnob.,
2761 3636 3006 3708 Augusti]
3047 3638 3208 3694 fuerit
3240 3638 3491 3710 praditus
3527 3647 3613 3699 di-

2057 3723 2278 3792 gnitate.
2322 3714 2636 3795 lmpingitur
2679 3725 2782 3781 hoc
2826 3724 2986 3781 loco:
3026 3743 3154 3799 ergo
3192 3731 3313 3786 vilis
3352 3733 3472 3787 lana
3514 3734 3615 3789 fuit

2056 3814 2207 3883 prius
2243 3811 2419 3877 Iesus,
2451 3821 2506 3870 et
2544 3813 2768 3872 dealitas
2812 3813 3023 3887 [deitas]
3069 3820 3446 3887 superveniens
3484 3821 3613 3876 fecit

2058 3918 2180 3957 eum
2225 3900 2549 3973 purpuram?
2596 3903 2709 3959 Non
2755 3905 2828 3957 ita
2871 3904 3096 3959 dicimus
3134 3924 3148 3959 :
3192 3908 3283 3961 sed
3328 3918 3610 3979 antequam

2059 3994 2289 4062 Spiritus
2315 4002 2530 4071 sanctus
2550 3995 2755 4048 veniret
2782 4010 2940 4064 super
2963 3996 3209 4063 Mariam,
3236 3990 3292 4054 et
3307 4001 3485 4057 virtus
3519 4005 3610 4057 Al-

2058 4084 2249 4138 tissiati
2272 4084 2633 4146 obumbraret,
2668 4093 2721 4138 et
2748 4086 2850 4163 hoc
2873 4087 3176 4157 conciperet
3202 4092 3344 4159 quod
3370 4101 3610 4148 sanctum

2056 4182 2337 4228 vocaretur
2365 4173 2528 4229 Filius
2551 4173 2648 4229 Dei
2689 4174 2835 4245 (Luc.
2868 4193 2917 4242 ι,
2950 4178 3038 4243 35,
3064 4179 3187 4251 36);
3217 4191 3342 4236 ante
3366 4184 3607 4248 hoc,.in.-

2054 4281 2243 4335 quam,
2289 4266 2399 4336 ipse
2440 4274 2622 4323 uterus
2652 4266 2851 4335 Malim,
2889 4272 3134 4340 quamvis
3155 4274 3385 4328 mundus
3408 4286 3549 4329 esset
3574 4293 3607 4329 ει

405 4362 530 4432 gine
570 4366 657 4414 est
680 4354 910 4431 [Cyriu.,
970 4356 1193 4411 Planum
1233 4364 1319 4410 est
1353 4357 1493 4425 quod
1538 4357 1605 4410 ad
1647 4367 1958 4412 naturarum
1992 4419 2036 4435 ﬁ
2060 4366 2280 4427 peccato
2302 4364 2358 4412 et
2390 4368 2639 4425 sanctus;
2670 4368 2848 4414 tamen
2870 4361 3073 4421 vilitate
3109 4361 3454 4417 humanitatis
3483 4362 3608 4435 [Ar-

404 4419 653 4515 uniopem
681 4419 972 4517 respiciens
998 4419 1415 4511 Emmanuelem,
1441 4446 1530 4514 qui
1555 4460 1622 4499 ex
1662 4461 1811 4501 sacra
1842 4447 1961 4523 Vir—
1992 4419 2040 4478 θ
2061 4419 2208 4508 iam,
2252 4447 2586 4520 humilitatis]
2608 4419 2724 4503 erat
2749 4457 2806 4503 ut
2832 4419 2957 4503 lana
2978 4449 3176 4519 optima
3200 4461 3256 4517 et
3276 4419 3613 4523 incomphra-
3710 4474 3720 4485 ·

404 4536 529 4607 gine
552 4545 773 4591 exortus
796 4545 903 4599 est,
941 4534 1037 4590 Dei
1076 4536 1270 4589 Filium
1296 4534 1553 4607 deﬁniat].
1584 4535 1792 4606 Corpus
1816 4521 1978 4593 enim'

404 4632 522 4681 erat
543 4639 653 4681 non
677 4622 897 4678 alterius
923 4621 1216 4691 cuiuspiam
1254 4623 1544 4677 secundum
1583 4638 1702 4686 nos,
1732 4626 1826 4680 sed
1848 4640 1962 4679 ma-

404 4717 490 4788 gis
510 4713 784 4786 proprium
804 4727 872 4767 ex
888 4712 1051 4767 Patre
1069 4710 1350 4773 existentis
1370 4709 1531 4765 Verbi
1551 4718 1734 4764 natum
1753 4725 1818 4766 ex
1838 4727 1920 4766 ea.
1935 4734 1953 4765 ι

406 4804 561 4861 Unde
589 4803 706 4867 tibi,
732 4798 773 4856 o'
790 4800 939 4856 Felix
962 4800 977 4853 l
1004 4806 1126 4870 pot
1151 4805 1301 4871 tants
1325 4798 1489 4852 etiam
1512 4797 1807 4854 clarissima
1838 4816 1961 4855 san-

405 4899 617 4948 ctorum
658 4889 877 4945 Patrum
932 4876 1388 4975 testimonia-tam
1441 4887 1653 4942 inimica
1696 4889 1964 4958 subrepsit

406 4980 703 5046 temeritas,
727 4986 789 5035 ut
809 4977 1312 5047 Christum‘uegare
1333 4979 1530 5032 audeas
1554 4980 1823 5047 proprium
1866 4980 1960 5036 Dei

404 5065 736 5137 PMveI
780 5082 966 5123 verum
995 5065 1296 5121 Dominum
1338 5078 1475 5128 esse,
1511 5065 1598 5119 vel
1644 5066 1699 5119 in
1744 5069 1961 5137 proprio

360 5157 369 5166 ’
405 5169 631 5229 culpae
675 5158 973 5229 passiones’
1003 5164 1199 5214 nostra:
1247 5154 1434 5211 salutis
1479 5169 1638 5209 causa
1688 5157 1962 5211 subiisse?

407 5234 595 5303 Nasus
611 5247 828 5303 cautius
853 5248 951 5303 tibi
972 5255 1119 5319 esset
1136 5246 1276 5302 intra
1299 5260 1507 5301 murum
1536 5244 1810 5301 catholica:
1837 5247 1958 5303 ﬁdei

406 5338 633 5409 Ialysum
660 5339 897 5394 retinere
912 5340 1079 5408 inuam
1110 5355 1207 5410 per
1230 5339 1380 5395 devia
1406 5336 1728 5392 inﬁdelitatis
1751 5342 1965 5394 errare?

407 5426 543 5505 Quid
574 5428 642 5485 de
681 5425 873 5483 ovibus
908 5430 1274 5485 aestimandum
1322 5436 1424 5494 est,
1461 5428 1586 5483 dum
1626 5429 1738 5497 ipse
1784 5438 1967 5499 pastor

406 5533 587 5577 errare
609 5519 914 5592 probatur:
961 5526 1017 5572 et
1041 5520 1132 5587 qui
1157 5520 1345 5575 ductor
1370 5518 1549 5574 debuit
1586 5532 1704 5572 esse
1733 5518 1798 5572 ad
1826 5519 1966 5573 salu-

410 5618 536 5681 tent,
560 5606 756 5672 doctor
796 5608 970 5665 factu‘s
995 5617 1078 5665 est
1118 5610 1185 5666 ad
1224 5611 1612 5681 perditionem?
1653 5610 1727 5666 De
1771 5611 1962 5667 talibus

2061 4535 2183 4588 bilis
2214 4536 2473 4592 universis
2497 4551 2614 4604 quae
2638 4546 2792 4590 erant
2818 4537 2918 4591 sub
2944 4536 3079 4594 ctelo
3106 4539 3398 4611 virginibus
3425 4560 3439 4596 :
3468 4554 3611 4598 erat—

2060 4641 2165 4694 que
2205 4627 2326 4681 talis
2366 4642 2430 4681 ac
2471 4634 2635 4689 tanta,
2666 4642 2785 4697 qua:
2812 4628 3064 4684 decenter
3104 4631 3157 4685 in
3207 4648 3266 4688 se
3308 4635 3609 4691 doalitatem

2059 4715 2182 4770 Filii
2208 4715 2321 4775 Dei,
2353 4715 2488 4769 sicut
2515 4715 2631 4789 lana
2652 4716 2927 4788 conchylii
2955 4706 3271 4790 sanguinem.
3294 4726 3607 4793 susciperet,

2060 4814 2114 4861 et
2138 4806 2253 4877 ipsa
2277 4805 2395 4860 lana
2419 4821 2537 4861 esse
2560 4819 2817 4873 cessaret,
2842 4811 2933 4864 sed
2957 4826 3081 4866 vera
3110 4827 3338 4882 purpura
3365 4832 3459 4883 per
3479 4832 3606 4871 sau-

2060 4898 2269 4970 guinem
2298 4896 2449 4952 ﬁeret
2476 4909 2846 4953 mentoratum.
2878 4899 2992 4955 Non
3020 4902 3162 4955 enim
3188 4903 3307 4956 lana
3335 4904 3474 4967 vilis,
3512 4908 3607 4961 sed

2058 4988 2287 5056 pretiosa
2322 4984 2479 5055 hujus
2505 4995 2589 5041 est
2615 4988 2883 5056 sanguinis
2906 5003 3088 5057 capax.
3121 4988 3270 5054 Quod
3300 4991 3353 5045 si
3392 4995 3609 5063 sanguis

2060 5075 2147 5130 hic
2174 5076 2346 5131 lanam
2387 5084 2531 5131 tanta
2570 5075 2844 5145 majestate
2881 5077 3181 5134 sublimavit
3215 5094 3311 5147 per
3334 5096 3484 5141 suam
3514 5086 3609 5138 ad-

2059 5165 2390 5230 mistionem,
2418 5174 2477 5220 ut
2496 5166 2626 5223 nulli
2654 5167 2753 5222 hac
2772 5166 2926 5221 liceat
2949 5166 3047 5229 uti,
3072 5167 3322 5224 nisihuic
3348 5172 3438 5240 qui
3463 5174 3607 5243 regia

2060 5252 2220 5307 fuerit
2258 5253 2511 5323 praeditus
2555 5255 2810 5325 dignitate
2856 5264 3117 5325 aquanto
3160 5260 3348 5328 magis,
3394 5248 3609 5328 quando

2062 5342 2292 5411 Spiritus
2319 5350 2536 5396 sanctus
2557 5343 2701 5396 venit
2722 5344 2775 5396 in
2802 5342 3041 5409 Mariam,
3073 5356 3125 5399 et
3154 5346 3321 5401 virtus
3349 5346 3604 5401 Altissimi

2058 5431 2394 5485 obumbravit
2418 5446 2556 5495 eam,
2598 5432 2700 5486 hoc
2725 5433 2865 5500 quod
2903 5443 3084 5487 natum
3115 5443 3196 5486 est
3230 5449 3298 5487 ex
3338 5448 3401 5489 ea
3426 5433 3491 5486 de
3522 5449 3605 5488 sc-

2061 5521 2201 5573 mine
2225 5519 2388 5574 David
2416 5523 2701 5576 secundum
2728 5537 2941 5577 carnem
2978 5530 3215 5575 sanctum
3252 5520 3494 5591 [Arnob.,
3522 5539 3609 5578 sco

2061 5607 2225 5679 cum],
2259 5610 2381 5663 fecit
2405 5608 2594 5664 Filium
2619 5611 2710 5665 Dei
2730 5651 2758 5675 ,η
2776 5620 2832 5664 ut
2853 5612 2926 5665 sic
2956 5618 3093 5665 esset
3120 5606 3281 5663 Maria
3309 5611 3605 5667 Christum-
