  <div class='ocr_page' id='page_1' title='image "/cluster/home/n/w/nwhite01/storage/ocr_20150623/101/uva.x000834944/115.png"; bbox 0 0 4238 6192; ppageno 0'>
   <div class='ocr_carea' id='block_1_1' title="bbox 600 285 705 342">
    <p class='ocr_par' dir='ltr' id='par_1_1' title="bbox 600 285 705 342">
     <span class='ocr_line' id='line_1_1' title="bbox 600 285 705 342; baseline -0.029 0"><span class='ocrx_word' id='word_1_1' title='bbox 600 285 705 342; x_wconf 71' lang='grc' dir='ltr'><strong>σιιδ</strong></span> 
     </span>
    </p>
   </div>
   <div class='ocr_carea' id='block_1_2' title="bbox 1442 262 3011 331">
    <p class='ocr_par' dir='ltr' id='par_1_2' title="bbox 1442 262 3011 331">
     <span class='ocr_line' id='line_1_2' title="bbox 1442 262 3011 331; baseline -0.006 0"><span class='ocrx_word' id='word_1_2' title='bbox 1442 279 1497 331; x_wconf 89' lang='grc' dir='ltr'><strong>Β.</strong></span> <span class='ocrx_word' id='word_1_3' title='bbox 1540 278 1599 331; x_wconf 66' lang='lat' dir='ltr'><strong>l&quot;.</strong></span> <span class='ocrx_word' id='word_1_4' title='bbox 1640 276 1861 331; x_wconf 69' lang='lat' dir='ltr'><strong>ALUlNl</strong></span> <span class='ocrx_word' id='word_1_5' title='bbox 1903 273 2032 329; x_wconf 82' lang='lat' dir='ltr'><strong>SEU</strong></span> <span class='ocrx_word' id='word_1_6' title='bbox 2072 270 2342 327; x_wconf 81' lang='lat' dir='ltr'><strong>ALCUINI</strong></span> <span class='ocrx_word' id='word_1_7' title='bbox 2396 268 2677 325; x_wconf 74' lang='lat' dir='ltr'><strong>OPERUM</strong></span> <span class='ocrx_word' id='word_1_8' title='bbox 2713 268 2891 325; x_wconf 80' lang='lat' dir='ltr'><strong>PARS</strong></span> <span class='ocrx_word' id='word_1_9' title='bbox 2925 262 3011 322; x_wconf 83' lang='lat' dir='ltr'><strong>ill.</strong></span> 
     </span>
    </p>
   </div>
   <div class='ocr_carea' id='block_1_3' title="bbox 3703 258 3877 315">
    <p class='ocr_par' dir='ltr' id='par_1_3' title="bbox 3703 258 3877 315">
     <span class='ocr_line' id='line_1_3' title="bbox 3703 258 3877 315; baseline -0.006 0"><span class='ocrx_word' id='word_1_10' title='bbox 3703 258 3805 315; x_wconf 78' lang='lat' dir='ltr'><strong>!l6</strong></span> <span class='ocrx_word' id='word_1_11' title='bbox 3866 270 3877 275; x_wconf 72' lang='lat'>&#39;</span> 
     </span>
    </p>
   </div>
   <div class='ocr_carea' id='block_1_4' title="bbox 606 378 3822 454">
    <p class='ocr_par' dir='ltr' id='par_1_4' title="bbox 606 378 3822 454">
     <span class='ocr_line' id='line_1_4' title="bbox 606 378 3822 454; baseline -0.007 0"><span class='ocrx_word' id='word_1_12' title='bbox 606 402 711 454; x_wconf 81' lang='lat' dir='ltr'><strong>tius</strong></span> <span class='ocrx_word' id='word_1_13' title='bbox 736 396 899 451; x_wconf 89' lang='lat' dir='ltr'><strong>Deum</strong></span> <span class='ocrx_word' id='word_1_14' title='bbox 925 408 1049 448; x_wconf 85' lang='lat' dir='ltr'><strong>vere</strong></span> <span class='ocrx_word' id='word_1_15' title='bbox 1090 407 1226 453; x_wconf 86' lang='lat' dir='ltr'><strong>esse,</strong></span> <span class='ocrx_word' id='word_1_16' title='bbox 1272 392 1408 444; x_wconf 75' lang='lat' dir='ltr'><strong>sicut</strong></span> <span class='ocrx_word' id='word_1_17' title='bbox 1453 389 1644 443; x_wconf 83' lang='lat' dir='ltr'><strong>Filium</strong></span> <span class='ocrx_word' id='word_1_18' title='bbox 1686 390 1902 442; x_wconf 87' lang='lat' dir='ltr'><strong>unicum</strong></span> <span class='ocrx_word' id='word_1_19' title='bbox 1940 393 2154 446; x_wconf 87' lang='lat' dir='ltr'><strong>natura,</strong></span> <span class='ocrx_word' id='word_1_20' title='bbox 2186 389 2226 442; x_wconf 73' lang='grc' dir='ltr'><strong>Α</strong></span> <span class='ocrx_word' id='word_1_21' title='bbox 2259 382 2343 436; x_wconf 89' lang='lat' dir='ltr'><strong>ilia</strong></span> <span class='ocrx_word' id='word_1_22' title='bbox 2371 396 2488 448; x_wconf 68' lang='lat' dir='ltr'><strong>qua:</strong></span> <span class='ocrx_word' id='word_1_23' title='bbox 2510 382 2815 435; x_wconf 77' lang='lat' dir='ltr'><strong>novissimis</strong></span> <span class='ocrx_word' id='word_1_24' title='bbox 2844 379 3172 449; x_wconf 74' lang='lat' dir='ltr'><strong>temporibus</strong></span> <span class='ocrx_word' id='word_1_25' title='bbox 3195 395 3260 434; x_wconf 78' lang='lat' dir='ltr'><strong>ex</strong></span> <span class='ocrx_word' id='word_1_26' title='bbox 3286 378 3501 450; x_wconf 78' lang='lat' dir='ltr'><strong>Virgine</strong></span> <span class='ocrx_word' id='word_1_27' title='bbox 3525 378 3660 431; x_wconf 77' lang='lat' dir='ltr'><strong>facta</strong></span> <span class='ocrx_word' id='word_1_28' title='bbox 3684 392 3822 432; x_wconf 57' lang='lat' dir='ltr'><strong>eone.</strong></span> 
     </span>
    </p>
   </div>
   <div class='ocr_carea' id='block_1_5' title="bbox 604 478 2163 551">
    <p class='ocr_par' dir='ltr' id='par_1_5' title="bbox 604 478 2163 551">
     <span class='ocr_line' id='line_1_5' title="bbox 604 478 2163 551; baseline -0.013 -9"><span class='ocrx_word' id='word_1_29' title='bbox 604 485 889 543; x_wconf 79' lang='lat' dir='ltr'><strong>secundum</strong></span> <span class='ocrx_word' id='word_1_30' title='bbox 928 482 1067 551; x_wconf 84' lang='lat' dir='ltr'><strong>quod</strong></span> <span class='ocrx_word' id='word_1_31' title='bbox 1109 480 1305 532; x_wconf 80' lang='lat' dir='ltr'><strong>factum</strong></span> <span class='ocrx_word' id='word_1_32' title='bbox 1347 487 1430 532; x_wconf 81' lang='lat' dir='ltr'><strong>est</strong></span> <span class='ocrx_word' id='word_1_33' title='bbox 1457 478 1689 530; x_wconf 72' lang='lat' dir='ltr'><strong>Verbum</strong></span> <span class='ocrx_word' id='word_1_34' title='bbox 1728 488 1876 536; x_wconf 84' lang='lat' dir='ltr'><strong>caro,</strong></span> <span class='ocrx_word' id='word_1_35' title='bbox 1918 482 1974 526; x_wconf 90' lang='lat' dir='ltr'><strong>et</strong></span> <span class='ocrx_word' id='word_1_36' title='bbox 2015 486 2163 525; x_wconf 90' lang='lat' dir='ltr'><strong>eom-</strong></span> 
     </span>
    </p>
   </div>
   <div class='ocr_carea' id='block_1_6' title="bbox 606 565 2163 639">
    <p class='ocr_par' dir='ltr' id='par_1_6' title="bbox 606 565 2163 639">
     <span class='ocr_line' id='line_1_6' title="bbox 606 565 2163 639; baseline -0.01 -12"><span class='ocrx_word' id='word_1_37' title='bbox 606 573 893 627; x_wconf 85' lang='lat' dir='ltr'><strong>munieavit</strong></span> <span class='ocrx_word' id='word_1_38' title='bbox 939 570 1176 639; x_wconf 84' lang='lat' dir='ltr'><strong>proxime</strong></span> <span class='ocrx_word' id='word_1_39' title='bbox 1216 567 1367 621; x_wconf 87' lang='lat' dir='ltr'><strong>nobis</strong></span> <span class='ocrx_word' id='word_1_40' title='bbox 1412 565 1668 634; x_wconf 82' lang='lat' dir='ltr'><strong>sanguine</strong></span> <span class='ocrx_word' id='word_1_41' title='bbox 1714 571 1769 617; x_wconf 91' lang='lat' dir='ltr'><strong>et</strong></span> <span class='ocrx_word' id='word_1_42' title='bbox 1806 576 1991 622; x_wconf 89' lang='lat' dir='ltr'><strong>carne,</strong></span> <span class='ocrx_word' id='word_1_43' title='bbox 2034 573 2163 612; x_wconf 87' lang='lat' dir='ltr'><strong>ana-</strong></span> 
     </span>
    </p>
   </div>
   <div class='ocr_carea' id='block_1_7' title="bbox 605 651 2165 722">
    <p class='ocr_par' dir='ltr' id='par_1_7' title="bbox 605 651 2165 722">
     <span class='ocr_line' id='line_1_7' title="bbox 605 651 2165 722; baseline -0.009 -7"><span class='ocrx_word' id='word_1_44' title='bbox 605 664 781 715; x_wconf 90' lang='lat' dir='ltr'><strong>thema</strong></span> <span class='ocrx_word' id='word_1_45' title='bbox 808 661 891 714; x_wconf 91' lang='lat' dir='ltr'><strong>sit.</strong></span> <span class='ocrx_word' id='word_1_46' title='bbox 929 679 946 710; x_wconf 78' lang='grc' dir='ltr'><strong>ι</strong></span> <span class='ocrx_word' id='word_1_47' title='bbox 986 657 1107 711; x_wconf 65' lang='lat' dir='ltr'><strong>Haec</strong></span> <span class='ocrx_word' id='word_1_48' title='bbox 1135 658 1276 709; x_wconf 89' lang='lat' dir='ltr'><strong>enim</strong></span> <span class='ocrx_word' id='word_1_49' title='bbox 1316 663 1399 709; x_wconf 87' lang='lat' dir='ltr'><strong>est</strong></span> <span class='ocrx_word' id='word_1_50' title='bbox 1437 656 1524 707; x_wconf 88' lang='lat' dir='ltr'><strong>hic</strong></span> <span class='ocrx_word' id='word_1_51' title='bbox 1571 654 1623 707; x_wconf 90' lang='lat' dir='ltr'><strong>in</strong></span> <span class='ocrx_word' id='word_1_52' title='bbox 1666 651 1921 722; x_wconf 71' lang='lat' dir='ltr'><strong>praesenti</strong></span> <span class='ocrx_word' id='word_1_53' title='bbox 1957 663 2165 702; x_wconf 85' lang='lat' dir='ltr'><strong>merces</strong></span> 
     </span>
    </p>
   </div>
   <div class='ocr_carea' id='block_1_8' title="bbox 608 738 2163 812">
    <p class='ocr_par' dir='ltr' id='par_1_8' title="bbox 608 738 2163 812">
     <span class='ocr_line' id='line_1_8' title="bbox 608 738 2163 812; baseline -0.01 -9"><span class='ocrx_word' id='word_1_54' title='bbox 608 751 801 805; x_wconf 85' lang='lat' dir='ltr'><strong>laboris</strong></span> <span class='ocrx_word' id='word_1_55' title='bbox 828 750 920 802; x_wconf 91' lang='lat' dir='ltr'><strong>tui.</strong></span> <span class='ocrx_word' id='word_1_56' title='bbox 953 746 1135 812; x_wconf 82' lang='lat' dir='ltr'><strong>Qualis</strong></span> <span class='ocrx_word' id='word_1_57' title='bbox 1159 753 1336 798; x_wconf 89' lang='lat' dir='ltr'><strong>autem</strong></span> <span class='ocrx_word' id='word_1_58' title='bbox 1380 743 1558 796; x_wconf 79' lang='lat' dir='ltr'><strong>futura</strong></span> <span class='ocrx_word' id='word_1_59' title='bbox 1604 743 1672 795; x_wconf 93' lang='lat' dir='ltr'><strong>sit</strong></span> <span class='ocrx_word' id='word_1_60' title='bbox 1715 741 1781 794; x_wconf 92' lang='lat' dir='ltr'><strong>ab</strong></span> <span class='ocrx_word' id='word_1_61' title='bbox 1821 738 2007 799; x_wconf 83' lang='lat' dir='ltr'><strong>eodem</strong></span> <span class='ocrx_word' id='word_1_62' title='bbox 2050 738 2163 805; x_wconf 86' lang='lat' dir='ltr'><strong>Ipso</strong></span> 
     </span>
    </p>
   </div>
   <div class='ocr_carea' id='block_1_9' title="bbox 606 826 2164 907">
    <p class='ocr_par' dir='ltr' id='par_1_9' title="bbox 606 826 2164 907">
     <span class='ocr_line' id='line_1_9' title="bbox 606 826 2164 907; baseline -0.01 -15"><span class='ocrx_word' id='word_1_63' title='bbox 606 853 760 907; x_wconf 89' lang='lat' dir='ltr'><strong>quem</strong></span> <span class='ocrx_word' id='word_1_64' title='bbox 789 838 839 891; x_wconf 92' lang='lat' dir='ltr'><strong>in</strong></span> <span class='ocrx_word' id='word_1_65' title='bbox 863 845 1067 890; x_wconf 89' lang='lat' dir='ltr'><strong>tantum</strong></span> <span class='ocrx_word' id='word_1_66' title='bbox 1096 833 1376 888; x_wconf 89' lang='lat' dir='ltr'><strong>humiliare</strong></span> <span class='ocrx_word' id='word_1_67' title='bbox 1405 830 1608 891; x_wconf 87' lang='lat' dir='ltr'><strong>niteris,</strong></span> <span class='ocrx_word' id='word_1_68' title='bbox 1640 838 1699 882; x_wconf 91' lang='lat' dir='ltr'><strong>ut</strong></span> <span class='ocrx_word' id='word_1_69' title='bbox 1719 842 1930 882; x_wconf 88' lang='lat' dir='ltr'><strong>omnem</strong></span> <span class='ocrx_word' id='word_1_70' title='bbox 1954 826 2002 879; x_wconf 91' lang='lat' dir='ltr'><strong>ci</strong></span> <span class='ocrx_word' id='word_1_71' title='bbox 2024 826 2164 877; x_wconf 87' lang='lat' dir='ltr'><strong>veri-</strong></span> 
     </span>
    </p>
   </div>
   <div class='ocr_carea' id='block_1_10' title="bbox 608 917 2167 991">
    <p class='ocr_par' dir='ltr' id='par_1_10' title="bbox 608 917 2167 991">
     <span class='ocr_line' id='line_1_10' title="bbox 608 917 2167 991; baseline -0.011 -10"><span class='ocrx_word' id='word_1_72' title='bbox 608 936 768 981; x_wconf 89' lang='lat' dir='ltr'><strong>tatem</strong></span> <span class='ocrx_word' id='word_1_73' title='bbox 796 925 1028 979; x_wconf 82' lang='lat' dir='ltr'><strong>lilietatis</strong></span> <span class='ocrx_word' id='word_1_74' title='bbox 1054 933 1110 977; x_wconf 89' lang='lat' dir='ltr'><strong>et</strong></span> <span class='ocrx_word' id='word_1_75' title='bbox 1139 929 1457 991; x_wconf 89' lang='lat' dir='ltr'><strong>potestatem</strong></span> <span class='ocrx_word' id='word_1_76' title='bbox 1494 918 1717 972; x_wconf 83' lang='lat' dir='ltr'><strong>Deitatis</strong></span> <span class='ocrx_word' id='word_1_77' title='bbox 1745 917 1981 969; x_wconf 81' lang='lat' dir='ltr'><strong>adimere</strong></span> <span class='ocrx_word' id='word_1_78' title='bbox 2006 927 2167 965; x_wconf 81' lang='lat' dir='ltr'><strong>cone-</strong></span> 
     </span>
    </p>
   </div>
   <div class='ocr_carea' id='block_1_11' title="bbox 607 999 2167 1083">
    <p class='ocr_par' dir='ltr' id='par_1_11' title="bbox 607 999 2167 1083">
     <span class='ocr_line' id='line_1_11' title="bbox 607 999 2167 1083; baseline -0.011 -13"><span class='ocrx_word' id='word_1_79' title='bbox 607 1016 708 1081; x_wconf 86' lang='lat' dir='ltr'><strong>ris,</strong></span> <span class='ocrx_word' id='word_1_80' title='bbox 739 1024 792 1068; x_wconf 89' lang='lat' dir='ltr'><strong>tu</strong></span> <span class='ocrx_word' id='word_1_81' title='bbox 825 1016 937 1083; x_wconf 86' lang='lat' dir='ltr'><strong>ipse</strong></span> <span class='ocrx_word' id='word_1_82' title='bbox 961 1012 1209 1082; x_wconf 80' lang='lat' dir='ltr'><strong>probabis</strong></span> <span class='ocrx_word' id='word_1_83' title='bbox 1238 1008 1451 1079; x_wconf 86' lang='lat' dir='ltr'><strong>quando</strong></span> <span class='ocrx_word' id='word_1_84' title='bbox 1476 1017 1600 1061; x_wconf 86' lang='lat' dir='ltr'><strong>ante</strong></span> <span class='ocrx_word' id='word_1_85' title='bbox 1630 1003 1860 1059; x_wconf 83' lang='lat' dir='ltr'><strong>tribunal</strong></span> <span class='ocrx_word' id='word_1_86' title='bbox 1888 1003 2002 1071; x_wconf 80' lang='lat' dir='ltr'><strong>ejus</strong></span> <span class='ocrx_word' id='word_1_87' title='bbox 2021 999 2167 1067; x_wconf 84' lang='lat' dir='ltr'><strong>judi-</strong></span> 
     </span>
    </p>
   </div>
   <div class='ocr_carea' id='block_1_12' title="bbox 605 1090 2167 1166">
    <p class='ocr_par' dir='ltr' id='par_1_12' title="bbox 605 1090 2167 1166">
     <span class='ocr_line' id='line_1_12' title="bbox 605 1090 2167 1166; baseline -0.012 -7"><span class='ocrx_word' id='word_1_88' title='bbox 605 1106 804 1159; x_wconf 83' lang='lat' dir='ltr'><strong>candus</strong></span> <span class='ocrx_word' id='word_1_89' title='bbox 846 1102 1066 1156; x_wconf 87' lang='lat' dir='ltr'><strong>astabis.</strong></span> <span class='ocrx_word' id='word_1_90' title='bbox 1110 1098 1445 1166; x_wconf 80' lang='lat' dir='ltr'><strong>Subjuugunt</strong></span> <span class='ocrx_word' id='word_1_91' title='bbox 1488 1107 1699 1163; x_wconf 89' lang='lat' dir='ltr'><strong>quoque</strong></span> <span class='ocrx_word' id='word_1_92' title='bbox 1737 1090 1940 1161; x_wconf 69' lang='lat' dir='ltr'><strong>prmfati</strong></span> <span class='ocrx_word' id='word_1_93' title='bbox 1983 1090 2167 1143; x_wconf 81' lang='lat' dir='ltr'><strong>Patres</strong></span> 
     </span>
    </p>
   </div>
   <div class='ocr_carea' id='block_1_13' title="bbox 606 1180 2169 1250">
    <p class='ocr_par' dir='ltr' id='par_1_13' title="bbox 606 1180 2169 1250">
     <span class='ocr_line' id='line_1_13' title="bbox 606 1180 2169 1250; baseline -0.012 0"><span class='ocrx_word' id='word_1_94' title='bbox 606 1196 671 1250; x_wconf 89' lang='lat' dir='ltr'><strong>de</strong></span> <span class='ocrx_word' id='word_1_95' title='bbox 696 1194 882 1247; x_wconf 89' lang='lat' dir='ltr'><strong>eadem</strong></span> <span class='ocrx_word' id='word_1_96' title='bbox 910 1206 967 1245; x_wconf 90' lang='lat' dir='ltr'><strong>re</strong></span> <span class='ocrx_word' id='word_1_97' title='bbox 990 1191 1227 1243; x_wconf 76' lang='lat' dir='ltr'><strong>dicentes</strong></span> <span class='ocrx_word' id='word_1_98' title='bbox 1253 1206 1262 1240; x_wconf 93' lang='lat'>:</span> <span class='ocrx_word' id='word_1_99' title='bbox 1302 1205 1319 1237; x_wconf 78' lang='grc' dir='ltr'><strong>ι</strong></span> <span class='ocrx_word' id='word_1_100' title='bbox 1352 1185 1465 1238; x_wconf 81' lang='lat' dir='ltr'><strong>Non</strong></span> <span class='ocrx_word' id='word_1_101' title='bbox 1494 1185 1631 1237; x_wconf 90' lang='lat' dir='ltr'><strong>sicut</strong></span> <span class='ocrx_word' id='word_1_102' title='bbox 1660 1183 1711 1236; x_wconf 91' lang='lat' dir='ltr'><strong>in</strong></span> <span class='ocrx_word' id='word_1_103' title='bbox 1728 1182 1887 1236; x_wconf 84' lang='lat' dir='ltr'><strong>nobis</strong></span> <span class='ocrx_word' id='word_1_104' title='bbox 1909 1180 2169 1234; x_wconf 86' lang='lat' dir='ltr'><strong>inhabitat</strong></span> 
     </span>
    </p>
   </div>
   <div class='ocr_carea' id='block_1_14' title="bbox 604 1272 2184 1347">
    <p class='ocr_par' dir='ltr' id='par_1_14' title="bbox 604 1272 2184 1347">
     <span class='ocr_line' id='line_1_14' title="bbox 604 1272 2184 1347; baseline -0.01 -9"><span class='ocrx_word' id='word_1_105' title='bbox 604 1284 765 1347; x_wconf 84' lang='lat' dir='ltr'><strong>Deus,</strong></span> <span class='ocrx_word' id='word_1_106' title='bbox 795 1282 873 1337; x_wconf 87' lang='lat' dir='ltr'><strong>sie</strong></span> <span class='ocrx_word' id='word_1_107' title='bbox 896 1289 951 1336; x_wconf 89' lang='lat' dir='ltr'><strong>et</strong></span> <span class='ocrx_word' id='word_1_108' title='bbox 987 1281 1041 1334; x_wconf 89' lang='lat' dir='ltr'><strong>in</strong></span> <span class='ocrx_word' id='word_1_109' title='bbox 1069 1278 1301 1334; x_wconf 85' lang='lat' dir='ltr'><strong>Christo.</strong></span> <span class='ocrx_word' id='word_1_110' title='bbox 1333 1277 1473 1331; x_wconf 86' lang='lat' dir='ltr'><strong>Deus</strong></span> <span class='ocrx_word' id='word_1_111' title='bbox 1494 1275 1635 1330; x_wconf 90' lang='lat' dir='ltr'><strong>enim</strong></span> <span class='ocrx_word' id='word_1_112' title='bbox 1665 1282 1782 1327; x_wconf 90' lang='lat' dir='ltr'><strong>erat</strong></span> <span class='ocrx_word' id='word_1_113' title='bbox 1810 1272 1924 1341; x_wconf 86' lang='lat' dir='ltr'><strong>ipse</strong></span> <span class='ocrx_word' id='word_1_114' title='bbox 1951 1275 2184 1324; x_wconf 80' lang='lat' dir='ltr'><strong>natura-&#39;</strong></span> 
     </span>
    </p>
   </div>
   <div class='ocr_carea' id='block_1_15' title="bbox 605 1361 2167 1442">
    <p class='ocr_par' dir='ltr' id='par_1_15' title="bbox 605 1361 2167 1442">
     <span class='ocr_line' id='line_1_15' title="bbox 605 1361 2167 1442; baseline -0.009 -15"><span class='ocrx_word' id='word_1_115' title='bbox 605 1374 726 1427; x_wconf 86' lang='lat' dir='ltr'><strong>liter</strong></span> <span class='ocrx_word' id='word_1_116' title='bbox 773 1386 1036 1442; x_wconf 85' lang='lat' dir='ltr'><strong>apparens</strong></span> <span class='ocrx_word' id='word_1_117' title='bbox 1082 1369 1371 1424; x_wconf 87' lang='lat' dir='ltr'><strong>secundum</strong></span> <span class='ocrx_word' id='word_1_118' title='bbox 1413 1382 1509 1421; x_wconf 91' lang='lat' dir='ltr'><strong>nos</strong></span> <span class='ocrx_word' id='word_1_119' title='bbox 1536 1380 1775 1432; x_wconf 91' lang='lat' dir='ltr'><strong>unusque</strong></span> <span class='ocrx_word' id='word_1_120' title='bbox 1815 1371 1870 1415; x_wconf 91' lang='lat' dir='ltr'><strong>et</strong></span> <span class='ocrx_word' id='word_1_121' title='bbox 1910 1361 2053 1417; x_wconf 90' lang='lat' dir='ltr'><strong>solus</strong></span> <span class='ocrx_word' id='word_1_122' title='bbox 2079 1361 2167 1415; x_wconf 84' lang='lat' dir='ltr'><strong>Fi-</strong></span> 
     </span>
    </p>
   </div>
   <div class='ocr_carea' id='block_1_16' title="bbox 604 1456 2170 1530">
    <p class='ocr_par' dir='ltr' id='par_1_16' title="bbox 604 1456 2170 1530">
     <span class='ocr_line' id='line_1_16' title="bbox 604 1456 2170 1530; baseline -0.008 -13"><span class='ocrx_word' id='word_1_123' title='bbox 604 1464 726 1523; x_wconf 89' lang='lat' dir='ltr'><strong>lius.</strong></span> <span class='ocrx_word' id='word_1_124' title='bbox 755 1472 809 1517; x_wconf 93' lang='lat' dir='ltr'><strong>et</strong></span> <span class='ocrx_word' id='word_1_125' title='bbox 829 1460 1037 1530; x_wconf 86' lang='lat' dir='ltr'><strong>quando</strong></span> <span class='ocrx_word' id='word_1_126' title='bbox 1065 1459 1233 1517; x_wconf 81' lang='lat' dir='ltr'><strong>factus</strong></span> <span class='ocrx_word' id='word_1_127' title='bbox 1253 1467 1336 1513; x_wconf 86' lang='lat' dir='ltr'><strong>est</strong></span> <span class='ocrx_word' id='word_1_128' title='bbox 1357 1473 1505 1511; x_wconf 86' lang='lat' dir='ltr'><strong>caro.</strong></span> <span class='ocrx_word' id='word_1_129' title='bbox 1534 1456 1631 1523; x_wconf 87' lang='lat' dir='ltr'><strong>Qui</strong></span> <span class='ocrx_word' id='word_1_130' title='bbox 1662 1456 1819 1524; x_wconf 80' lang='lat' dir='ltr'><strong>igitur</strong></span> <span class='ocrx_word' id='word_1_131' title='bbox 1843 1460 2170 1524; x_wconf 82' lang='lat' dir='ltr'><strong>praesumunt</strong></span> 
     </span>
    </p>
   </div>
   <div class='ocr_carea' id='block_1_17' title="bbox 607 1542 2170 1610">
    <p class='ocr_par' dir='ltr' id='par_1_17' title="bbox 607 1542 2170 1610">
     <span class='ocr_line' id='line_1_17' title="bbox 607 1542 2170 1610; baseline -0.007 -7"><span class='ocrx_word' id='word_1_132' title='bbox 607 1554 783 1605; x_wconf 70' lang='lat' dir='ltr'><strong>dicere</strong></span> <span class='ocrx_word' id='word_1_133' title='bbox 811 1548 1078 1603; x_wconf 67' lang='lat' dir='ltr'><strong>Deirorum</strong></span> <span class='ocrx_word' id='word_1_134' title='bbox 1109 1548 1376 1607; x_wconf 83' lang='lat' dir='ltr'><strong>hominem</strong></span> <span class='ocrx_word' id='word_1_135' title='bbox 1418 1559 1538 1598; x_wconf 90' lang='lat' dir='ltr'><strong>eum</strong></span> <span class='ocrx_word' id='word_1_136' title='bbox 1566 1559 1708 1607; x_wconf 88' lang='lat' dir='ltr'><strong>esse,</strong></span> <span class='ocrx_word' id='word_1_137' title='bbox 1752 1550 1806 1597; x_wconf 88' lang='lat' dir='ltr'><strong>et</strong></span> <span class='ocrx_word' id='word_1_138' title='bbox 1850 1557 1953 1595; x_wconf 91' lang='lat' dir='ltr'><strong>non</strong></span> <span class='ocrx_word' id='word_1_139' title='bbox 1996 1542 2170 1610; x_wconf 88' lang='lat' dir='ltr'><strong>potius</strong></span> 
     </span>
    </p>
   </div>
   <div class='ocr_carea' id='block_1_18' title="bbox 604 1630 2168 1699">
    <p class='ocr_par' dir='ltr' id='par_1_18' title="bbox 604 1630 2168 1699">
     <span class='ocr_line' id='line_1_18' title="bbox 604 1630 2168 1699; baseline -0.01 -4"><span class='ocrx_word' id='word_1_140' title='bbox 604 1641 1003 1695; x_wconf 87' lang='lat' dir='ltr'><strong>iuhumanatum</strong></span> <span class='ocrx_word' id='word_1_141' title='bbox 1049 1636 1247 1699; x_wconf 89' lang='lat' dir='ltr'><strong>Deum,</strong></span> <span class='ocrx_word' id='word_1_142' title='bbox 1297 1634 1600 1689; x_wconf 83' lang='lat' dir='ltr'><strong>necessario</strong></span> <span class='ocrx_word' id='word_1_143' title='bbox 1649 1630 2004 1687; x_wconf 85' lang='lat' dir='ltr'><strong>succumbunt</strong></span> <span class='ocrx_word' id='word_1_144' title='bbox 2042 1642 2168 1685; x_wconf 85' lang='lat' dir='ltr'><strong>ana-</strong></span> 
     </span>
    </p>
   </div>
   <div class='ocr_carea' id='block_1_19' title="bbox 605 1726 959 1781">
    <p class='ocr_par' dir='ltr' id='par_1_19' title="bbox 605 1726 959 1781">
     <span class='ocr_line' id='line_1_19' title="bbox 605 1726 959 1781; baseline -0.014 0"><span class='ocrx_word' id='word_1_145' title='bbox 605 1726 846 1781; x_wconf 84' lang='lat' dir='ltr'><strong>themati.</strong></span> <span class='ocrx_word' id='word_1_146' title='bbox 883 1743 901 1777; x_wconf 75' lang='lat' dir='ltr'><strong>t</strong></span> <span class='ocrx_word' id='word_1_147' title='bbox 946 1758 959 1765; x_wconf 68' lang='grc' dir='ltr'><strong>ι</strong></span> 
     </span>
    </p>
   </div>
   <div class='ocr_carea' id='block_1_20' title="bbox 678 1810 2169 1883">
    <p class='ocr_par' dir='ltr' id='par_1_20' title="bbox 678 1810 2169 1883">
     <span class='ocr_line' id='line_1_20' title="bbox 678 1810 2169 1883; baseline -0.009 -13"><span class='ocrx_word' id='word_1_148' title='bbox 678 1815 761 1871; x_wconf 84' lang='grc' dir='ltr'><strong>ΙΙΙ.</strong></span> <span class='ocrx_word' id='word_1_149' title='bbox 802 1814 965 1868; x_wconf 80' lang='lat' dir='ltr'><strong>Mior</strong></span> <span class='ocrx_word' id='word_1_150' title='bbox 1000 1828 1128 1868; x_wconf 90' lang='lat' dir='ltr'><strong>vero</strong></span> <span class='ocrx_word' id='word_1_151' title='bbox 1167 1826 1335 1883; x_wconf 89' lang='lat' dir='ltr'><strong>quare</strong></span> <span class='ocrx_word' id='word_1_152' title='bbox 1372 1810 1712 1865; x_wconf 85' lang='lat' dir='ltr'><strong>introducere</strong></span> <span class='ocrx_word' id='word_1_153' title='bbox 1741 1822 1935 1862; x_wconf 89' lang='lat' dir='ltr'><strong>novum</strong></span> <span class='ocrx_word' id='word_1_154' title='bbox 1965 1819 2169 1859; x_wconf 86' lang='lat' dir='ltr'><strong>nuneu-</strong></span> 
     </span>
    </p>
   </div>
   <div class='ocr_carea' id='block_1_21' title="bbox 560 1899 2170 1976">
    <p class='ocr_par' dir='ltr' id='par_1_21' title="bbox 560 1899 2170 1976">
     <span class='ocr_line' id='line_1_21' title="bbox 560 1899 2170 1976; baseline -0.006 -14"><span class='ocrx_word' id='word_1_155' title='bbox 560 1902 564 1907; x_wconf 74' lang='grc'><em>’</em></span> <span class='ocrx_word' id='word_1_156' title='bbox 605 1906 832 1976; x_wconf 87' lang='lat' dir='ltr'><strong>pationis</strong></span> <span class='ocrx_word' id='word_1_157' title='bbox 877 1906 931 1959; x_wconf 92' lang='lat' dir='ltr'><strong>in</strong></span> <span class='ocrx_word' id='word_1_158' title='bbox 975 1905 1188 1960; x_wconf 85' lang='lat' dir='ltr'><strong>Christo</strong></span> <span class='ocrx_word' id='word_1_159' title='bbox 1232 1918 1425 1957; x_wconf 86' lang='lat' dir='ltr'><strong>nomen</strong></span> <span class='ocrx_word' id='word_1_160' title='bbox 1467 1917 1573 1955; x_wconf 91' lang='lat' dir='ltr'><strong>non</strong></span> <span class='ocrx_word' id='word_1_161' title='bbox 1622 1902 1847 1962; x_wconf 88' lang='lat' dir='ltr'><strong>timeas,</strong></span> <span class='ocrx_word' id='word_1_162' title='bbox 1898 1914 2020 1953; x_wconf 91' lang='lat' dir='ltr'><strong>cum</strong></span> <span class='ocrx_word' id='word_1_163' title='bbox 2068 1899 2170 1953; x_wconf 87' lang='lat' dir='ltr'><strong>hoc</strong></span> 
     </span>
    </p>
   </div>
   <div class='ocr_carea' id='block_1_22' title="bbox 607 1988 2170 2064">
    <p class='ocr_par' dir='ltr' id='par_1_22' title="bbox 607 1988 2170 2064">
     <span class='ocr_line' id='line_1_22' title="bbox 607 1988 2170 2064; baseline -0.004 -14"><span class='ocrx_word' id='word_1_164' title='bbox 607 1996 778 2064; x_wconf 87' lang='lat' dir='ltr'><strong>ipsum</strong></span> <span class='ocrx_word' id='word_1_165' title='bbox 820 2005 1187 2050; x_wconf 85' lang='lat' dir='ltr'><strong>antecessores</strong></span> <span class='ocrx_word' id='word_1_166' title='bbox 1229 1994 1304 2047; x_wconf 91' lang='lat' dir='ltr'><strong>tui</strong></span> <span class='ocrx_word' id='word_1_167' title='bbox 1347 1992 1581 2047; x_wconf 52' lang='lat' dir='ltr'><strong>haeretici</strong></span> <span class='ocrx_word' id='word_1_168' title='bbox 1610 1999 1929 2060; x_wconf 85' lang='lat' dir='ltr'><strong>usurpantes</strong></span> <span class='ocrx_word' id='word_1_169' title='bbox 1964 1988 2032 2043; x_wconf 91' lang='lat' dir='ltr'><strong>ab</strong></span> <span class='ocrx_word' id='word_1_170' title='bbox 2072 1989 2170 2044; x_wconf 85' lang='lat' dir='ltr'><strong>Ec-</strong></span> 
     </span>
    </p>
   </div>
   <div class='ocr_carea' id='block_1_23' title="bbox 607 2081 2218 2153">
    <p class='ocr_par' dir='ltr' id='par_1_23' title="bbox 607 2081 2218 2153">
     <span class='ocr_line' id='line_1_23' title="bbox 607 2081 2218 2153; baseline -0.004 -13"><span class='ocrx_word' id='word_1_171' title='bbox 607 2086 785 2141; x_wconf 72' lang='lat' dir='ltr'><strong>cleslm</strong></span> <span class='ocrx_word' id='word_1_172' title='bbox 810 2084 1035 2139; x_wconf 77' lang='lat' dir='ltr'><strong>fuissent</strong></span> <span class='ocrx_word' id='word_1_173' title='bbox 1054 2084 1425 2139; x_wconf 89' lang='lat' dir='ltr'><strong>communione</strong></span> <span class='ocrx_word' id='word_1_174' title='bbox 1454 2083 1627 2137; x_wconf 82' lang='lat' dir='ltr'><strong>divisi.</strong></span> <span class='ocrx_word' id='word_1_175' title='bbox 1656 2082 1746 2137; x_wconf 93' lang='lat' dir='ltr'><strong>Ait</strong></span> <span class='ocrx_word' id='word_1_176' title='bbox 1770 2096 1999 2153; x_wconf 85' lang='lat' dir='ltr'><strong>namque</strong></span> <span class='ocrx_word' id='word_1_177' title='bbox 2029 2081 2167 2134; x_wconf 90' lang='lat' dir='ltr'><strong>idem</strong></span> <span class='ocrx_word' id='word_1_178' title='bbox 2213 2125 2218 2133; x_wconf 94' lang='lat'><strong>.</strong></span> 
     </span>
    </p>
   </div>
   <div class='ocr_carea' id='block_1_24' title="bbox 608 2170 2167 2245">
    <p class='ocr_par' dir='ltr' id='par_1_24' title="bbox 608 2170 2167 2245">
     <span class='ocr_line' id='line_1_24' title="bbox 608 2170 2167 2245; baseline -0.004 -18"><span class='ocrx_word' id='word_1_179' title='bbox 608 2176 794 2228; x_wconf 85' lang='lat' dir='ltr'><strong>beatus</strong></span> <span class='ocrx_word' id='word_1_180' title='bbox 817 2173 1044 2243; x_wconf 77' lang='lat' dir='ltr'><strong>Cyrilius</strong></span> <span class='ocrx_word' id='word_1_181' title='bbox 1071 2192 1083 2226; x_wconf 88' lang='lat'>:</span> <span class='ocrx_word' id='word_1_182' title='bbox 1117 2191 1135 2223; x_wconf 83' lang='grc'><em>‹</em></span> <span class='ocrx_word' id='word_1_183' title='bbox 1168 2173 1461 2226; x_wconf 74' lang='lat' dir='ltr'><strong>Careamus</strong></span> <span class='ocrx_word' id='word_1_184' title='bbox 1483 2188 1610 2245; x_wconf 87' lang='lat' dir='ltr'><strong>ergo</strong></span> <span class='ocrx_word' id='word_1_185' title='bbox 1632 2172 1696 2226; x_wconf 90' lang='lat' dir='ltr'><strong>de</strong></span> <span class='ocrx_word' id='word_1_186' title='bbox 1719 2171 1934 2225; x_wconf 86' lang='lat' dir='ltr'><strong>Christo</strong></span> <span class='ocrx_word' id='word_1_187' title='bbox 1956 2170 2133 2223; x_wconf 86' lang='lat' dir='ltr'><strong>dicere</strong></span> <span class='ocrx_word' id='word_1_188' title='bbox 2154 2186 2167 2222; x_wconf 91' lang='lat'>:</span> 
     </span>
    </p>
   </div>
   <div class='ocr_carea' id='block_1_25' title="bbox 606 2268 2173 2333">
    <p class='ocr_par' dir='ltr' id='par_1_25' title="bbox 606 2268 2173 2333">
     <span class='ocr_line' id='line_1_25' title="bbox 606 2268 2173 2333; baseline -0.004 -17"><span class='ocrx_word' id='word_1_189' title='bbox 606 2274 825 2333; x_wconf 86' lang='lat' dir='ltr'><strong>propter</strong></span> <span class='ocrx_word' id='word_1_190' title='bbox 864 2274 1224 2318; x_wconf 84' lang='lat' dir='ltr'><strong>assumentem</strong></span> <span class='ocrx_word' id='word_1_191' title='bbox 1271 2276 1499 2325; x_wconf 84' lang='lat' dir='ltr'><strong>veneror</strong></span> <span class='ocrx_word' id='word_1_192' title='bbox 1544 2268 1906 2328; x_wconf 87' lang='lat' dir='ltr'><strong>assumptum,</strong></span> <span class='ocrx_word' id='word_1_193' title='bbox 1955 2268 2011 2312; x_wconf 93' lang='lat' dir='ltr'><strong>et</strong></span> <span class='ocrx_word' id='word_1_194' title='bbox 2049 2271 2173 2326; x_wconf 86' lang='lat' dir='ltr'><strong>pro-</strong></span> 
     </span>
    </p>
   </div>
   <div class='ocr_carea' id='block_1_26' title="bbox 609 2346 2173 2423">
    <p class='ocr_par' dir='ltr' id='par_1_26' title="bbox 609 2346 2173 2423">
     <span class='ocr_line' id='line_1_26' title="bbox 609 2346 2173 2423; baseline -0.003 -17"><span class='ocrx_word' id='word_1_195' title='bbox 609 2364 727 2423; x_wconf 93' lang='lat' dir='ltr'><strong>pter</strong></span> <span class='ocrx_word' id='word_1_196' title='bbox 757 2353 1072 2413; x_wconf 83' lang='lat' dir='ltr'><strong>invisibilem</strong></span> <span class='ocrx_word' id='word_1_197' title='bbox 1099 2353 1263 2407; x_wconf 91' lang='lat' dir='ltr'><strong>adoro</strong></span> <span class='ocrx_word' id='word_1_198' title='bbox 1284 2346 1583 2406; x_wconf 49' lang='lat' dir='ltr'><strong>&#39;visibilem.</strong></span> <span class='ocrx_word' id='word_1_199' title='bbox 1618 2371 1635 2403; x_wconf 79' lang='grc' dir='ltr'><strong>ι</strong></span> <span class='ocrx_word' id='word_1_200' title='bbox 1681 2349 2027 2405; x_wconf 80' lang='lat' dir='ltr'><strong>llorrcndum‘</strong></span> <span class='ocrx_word' id='word_1_201' title='bbox 2048 2363 2173 2402; x_wconf 89' lang='lat' dir='ltr'><strong>vero</strong></span> 
     </span>
    </p>
   </div>
   <div class='ocr_carea' id='block_1_27' title="bbox 609 2443 2171 2515">
    <p class='ocr_par' dir='ltr' id='par_1_27' title="bbox 609 2443 2171 2515">
     <span class='ocr_line' id='line_1_27' title="bbox 609 2443 2171 2515; baseline -0.004 -16"><span class='ocrx_word' id='word_1_202' title='bbox 609 2459 769 2513; x_wconf 72' lang='lat' dir='ltr'><strong>super</strong></span> <span class='ocrx_word' id='word_1_203' title='bbox 796 2446 895 2499; x_wconf 92' lang='lat' dir='ltr'><strong>hoc</strong></span> <span class='ocrx_word' id='word_1_204' title='bbox 918 2445 1080 2499; x_wconf 84' lang='lat' dir='ltr'><strong>etiam</strong></span> <span class='ocrx_word' id='word_1_205' title='bbox 1122 2445 1250 2498; x_wconf 90' lang='lat' dir='ltr'><strong>illud</strong></span> <span class='ocrx_word' id='word_1_206' title='bbox 1279 2445 1509 2515; x_wconf 83' lang='lat' dir='ltr'><strong>adjicitis</strong></span> <span class='ocrx_word' id='word_1_207' title='bbox 1537 2463 1548 2497; x_wconf 90' lang='lat'><strong>:</strong></span> <span class='ocrx_word' id='word_1_208' title='bbox 1584 2462 1600 2493; x_wconf 76' lang='grc' dir='ltr'><strong>ι</strong></span> <span class='ocrx_word' id='word_1_209' title='bbox 1635 2443 1734 2509; x_wconf 85' lang='lat' dir='ltr'><strong>Qui</strong></span> <span class='ocrx_word' id='word_1_210' title='bbox 1763 2450 2041 2511; x_wconf 86' lang='lat' dir='ltr'><strong>susceptus</strong></span> <span class='ocrx_word' id='word_1_211' title='bbox 2067 2450 2171 2505; x_wconf 90' lang='lat' dir='ltr'><strong>est,</strong></span> 
     </span>
    </p>
   </div>
   <div class='ocr_carea' id='block_1_28' title="bbox 608 2532 2173 2606">
    <p class='ocr_par' dir='ltr' id='par_1_28' title="bbox 608 2532 2173 2606">
     <span class='ocr_line' id='line_1_28' title="bbox 608 2532 2173 2606; baseline -0.001 -20"><span class='ocrx_word' id='word_1_212' title='bbox 608 2548 732 2586; x_wconf 83' lang='lat' dir='ltr'><strong>eum</strong></span> <span class='ocrx_word' id='word_1_213' title='bbox 780 2548 845 2590; x_wconf 84' lang='lat' dir='ltr'><strong>eo</strong></span> <span class='ocrx_word' id='word_1_214' title='bbox 885 2534 973 2602; x_wconf 86' lang='lat' dir='ltr'><strong>qui</strong></span> <span class='ocrx_word' id='word_1_215' title='bbox 1018 2535 1284 2602; x_wconf 87' lang='lat' dir='ltr'><strong>suscepit,</strong></span> <span class='ocrx_word' id='word_1_216' title='bbox 1333 2545 1772 2606; x_wconf 81' lang='lat' dir='ltr'><strong>couuuncupatur</strong></span> <span class='ocrx_word' id='word_1_217' title='bbox 1818 2533 1976 2586; x_wconf 90' lang='lat' dir='ltr'><strong>Deus.</strong></span> <span class='ocrx_word' id='word_1_218' title='bbox 2017 2553 2035 2584; x_wconf 73' lang='grc' dir='ltr'><strong>ι</strong></span> <span class='ocrx_word' id='word_1_219' title='bbox 2071 2532 2173 2598; x_wconf 91' lang='lat' dir='ltr'><strong>Qui</strong></span> 
     </span>
    </p>
   </div>
   <div class='ocr_carea' id='block_1_29' title="bbox 610 2620 2173 2694">
    <p class='ocr_par' dir='ltr' id='par_1_29' title="bbox 610 2620 2173 2694">
     <span class='ocr_line' id='line_1_29' title="bbox 610 2620 2173 2694; baseline -0.001 -19"><span class='ocrx_word' id='word_1_220' title='bbox 610 2622 752 2675; x_wconf 84' lang='lat' dir='ltr'><strong>enim</strong></span> <span class='ocrx_word' id='word_1_221' title='bbox 784 2622 895 2676; x_wconf 60' lang='lat' dir='ltr'><strong>haec</strong></span> <span class='ocrx_word' id='word_1_222' title='bbox 924 2621 1071 2685; x_wconf 89' lang='lat' dir='ltr'><strong>dicit,</strong></span> <span class='ocrx_word' id='word_1_223' title='bbox 1118 2623 1306 2676; x_wconf 83' lang='lat' dir='ltr'><strong>dividit</strong></span> <span class='ocrx_word' id='word_1_224' title='bbox 1347 2622 1447 2694; x_wconf 90' lang='lat' dir='ltr'><strong>[iu]</strong></span> <span class='ocrx_word' id='word_1_225' title='bbox 1493 2624 1625 2678; x_wconf 91' lang='lat' dir='ltr'><strong>duos</strong></span> <span class='ocrx_word' id='word_1_226' title='bbox 1648 2622 1891 2676; x_wconf 89' lang='lat' dir='ltr'><strong>Christos</strong></span> <span class='ocrx_word' id='word_1_227' title='bbox 1919 2636 2042 2675; x_wconf 91' lang='lat' dir='ltr'><strong>eum</strong></span> <span class='ocrx_word' id='word_1_228' title='bbox 2083 2620 2173 2689; x_wconf 89' lang='lat' dir='ltr'><strong>qui</strong></span> 
     </span>
    </p>
   </div>
   <div class='ocr_carea' id='block_1_30' title="bbox 611 2711 2177 2780">
    <p class='ocr_par' dir='ltr' id='par_1_30' title="bbox 611 2711 2177 2780">
     <span class='ocr_line' id='line_1_30' title="bbox 611 2711 2177 2780; baseline -0.001 -15"><span class='ocrx_word' id='word_1_229' title='bbox 611 2727 747 2766; x_wconf 87' lang='lat' dir='ltr'><strong>unus</strong></span> <span class='ocrx_word' id='word_1_230' title='bbox 770 2718 881 2774; x_wconf 90' lang='lat' dir='ltr'><strong>est,</strong></span> <span class='ocrx_word' id='word_1_231' title='bbox 910 2712 1180 2771; x_wconf 86' lang='lat' dir='ltr'><strong>hominem</strong></span> <span class='ocrx_word' id='word_1_232' title='bbox 1211 2728 1451 2766; x_wconf 88' lang='lat' dir='ltr'><strong>seorsum</strong></span> <span class='ocrx_word' id='word_1_233' title='bbox 1483 2713 1533 2767; x_wconf 87' lang='lat' dir='ltr'><strong>in</strong></span> <span class='ocrx_word' id='word_1_234' title='bbox 1565 2722 1799 2780; x_wconf 91' lang='lat' dir='ltr'><strong>partem,</strong></span> <span class='ocrx_word' id='word_1_235' title='bbox 1827 2722 1879 2767; x_wconf 90' lang='lat' dir='ltr'><strong>et</strong></span> <span class='ocrx_word' id='word_1_236' title='bbox 1907 2711 2074 2765; x_wconf 91' lang='lat' dir='ltr'><strong>Deum</strong></span> <span class='ocrx_word' id='word_1_237' title='bbox 2104 2712 2177 2764; x_wconf 92' lang='lat' dir='ltr'><strong>si-</strong></span> 
     </span>
    </p>
   </div>
   <div class='ocr_carea' id='block_1_31' title="bbox 609 2799 2178 2870">
    <p class='ocr_par' dir='ltr' id='par_1_31' title="bbox 609 2799 2178 2870">
     <span class='ocr_line' id='line_1_31' title="bbox 609 2799 2178 2870; baseline -0.001 -16"><span class='ocrx_word' id='word_1_238' title='bbox 609 2799 808 2855; x_wconf 88' lang='lat' dir='ltr'><strong>militer</strong></span> <span class='ocrx_word' id='word_1_239' title='bbox 843 2801 895 2854; x_wconf 93' lang='lat' dir='ltr'><strong>in</strong></span> <span class='ocrx_word' id='word_1_240' title='bbox 926 2810 1128 2870; x_wconf 90' lang='lat' dir='ltr'><strong>partem</strong></span> <span class='ocrx_word' id='word_1_241' title='bbox 1165 2802 1526 2865; x_wconf 87' lang='lat' dir='ltr'><strong>constituens;</strong></span> <span class='ocrx_word' id='word_1_242' title='bbox 1568 2800 1845 2855; x_wconf 82' lang='lat' dir='ltr'><strong>evidenter</strong></span> <span class='ocrx_word' id='word_1_243' title='bbox 1871 2801 2012 2855; x_wconf 88' lang='lat' dir='ltr'><strong>enim</strong></span> <span class='ocrx_word' id='word_1_244' title='bbox 2043 2800 2178 2854; x_wconf 79' lang='lat' dir='ltr'><strong>divi-</strong></span> 
     </span>
    </p>
   </div>
   <div class='ocr_carea' id='block_1_32' title="bbox 611 2890 2178 2967">
    <p class='ocr_par' dir='ltr' id='par_1_32' title="bbox 611 2890 2178 2967">
     <span class='ocr_line' id='line_1_32' title="bbox 611 2890 2178 2967; baseline 0.001 -24"><span class='ocrx_word' id='word_1_245' title='bbox 611 2891 689 2944; x_wconf 85' lang='lat' dir='ltr'><strong>dit</strong></span> <span class='ocrx_word' id='word_1_246' title='bbox 718 2893 1001 2950; x_wconf 86' lang='lat' dir='ltr'><strong>_unitatem.</strong></span> <span class='ocrx_word' id='word_1_247' title='bbox 1041 2892 1153 2946; x_wconf 80' lang='lat' dir='ltr'><strong>Non</strong></span> <span class='ocrx_word' id='word_1_248' title='bbox 1190 2907 1315 2960; x_wconf 83' lang='lat' dir='ltr'><strong>ergo</strong></span> <span class='ocrx_word' id='word_1_249' title='bbox 1345 2892 1482 2945; x_wconf 87' lang='lat' dir='ltr'><strong>alter</strong></span> <span class='ocrx_word' id='word_1_250' title='bbox 1510 2907 1629 2946; x_wconf 90' lang='lat' dir='ltr'><strong>cum</strong></span> <span class='ocrx_word' id='word_1_251' title='bbox 1662 2892 1832 2945; x_wconf 87' lang='lat' dir='ltr'><strong>altero</strong></span> <span class='ocrx_word' id='word_1_252' title='bbox 1858 2890 2178 2967; x_wconf 78' lang='lat' dir='ltr'><strong>coadoratur</strong></span> 
     </span>
    </p>
   </div>
   <div class='ocr_carea' id='block_1_33' title="bbox 614 2978 2175 3053">
    <p class='ocr_par' dir='ltr' id='par_1_33' title="bbox 614 2978 2175 3053">
     <span class='ocr_line' id='line_1_33' title="bbox 614 2978 2175 3053; baseline 0.002 -19"><span class='ocrx_word' id='word_1_253' title='bbox 614 2992 706 3037; x_wconf 79' lang='lat' dir='ltr'><strong>aut</strong></span> <span class='ocrx_word' id='word_1_254' title='bbox 735 2994 1169 3052; x_wconf 89' lang='lat' dir='ltr'><strong>eonnuncupatur</strong></span> <span class='ocrx_word' id='word_1_255' title='bbox 1194 2985 1364 3048; x_wconf 89' lang='lat' dir='ltr'><strong>Deus;</strong></span> <span class='ocrx_word' id='word_1_256' title='bbox 1398 2986 1489 3039; x_wconf 89' lang='lat' dir='ltr'><strong>sed</strong></span> <span class='ocrx_word' id='word_1_257' title='bbox 1518 3002 1654 3040; x_wconf 86' lang='lat' dir='ltr'><strong>unus</strong></span> <span class='ocrx_word' id='word_1_258' title='bbox 1682 2983 1993 3053; x_wconf 78' lang='lat' dir='ltr'><strong>intelligitur</strong></span> <span class='ocrx_word' id='word_1_259' title='bbox 2017 2978 2175 3040; x_wconf 85' lang='lat' dir='ltr'><strong>Chri-</strong></span> 
     </span>
    </p>
   </div>
   <div class='ocr_carea' id='block_1_34' title="bbox 2262 467 3811 540">
    <p class='ocr_par' dir='ltr' id='par_1_34' title="bbox 2262 467 3811 540">
     <span class='ocr_line' id='line_1_34' title="bbox 2262 467 3811 540; baseline -0.002 -17"><span class='ocrx_word' id='word_1_260' title='bbox 2262 471 2485 540; x_wconf 82' lang='lat' dir='ltr'><strong>eipitur?</strong></span> <span class='ocrx_word' id='word_1_261' title='bbox 2508 470 2876 539; x_wconf 77' lang='lat' dir='ltr'><strong>Expositorem</strong></span> <span class='ocrx_word' id='word_1_262' title='bbox 2902 478 2954 524; x_wconf 89' lang='lat' dir='ltr'><strong>te</strong></span> <span class='ocrx_word' id='word_1_263' title='bbox 2977 468 3272 533; x_wconf 66' lang='lat' dir='ltr'><strong>alienorum</strong></span> <span class='ocrx_word' id='word_1_264' title='bbox 3294 469 3554 523; x_wconf 88' lang='lat' dir='ltr'><strong>dictorum</strong></span> <span class='ocrx_word' id='word_1_265' title='bbox 3574 467 3811 536; x_wconf 87' lang='lat' dir='ltr'><strong>jactitas,</strong></span> 
     </span>
    </p>
   </div>
   <div class='ocr_carea' id='block_1_35' title="bbox 2262 554 3813 628">
    <p class='ocr_par' dir='ltr' id='par_1_35' title="bbox 2262 554 3813 628">
     <span class='ocr_line' id='line_1_35' title="bbox 2262 554 3813 628; baseline -0.003 -14"><span class='ocrx_word' id='word_1_266' title='bbox 2262 576 2381 614; x_wconf 91' lang='lat' dir='ltr'><strong>cum</strong></span> <span class='ocrx_word' id='word_1_267' title='bbox 2420 561 2507 614; x_wconf 81' lang='lat' dir='ltr'><strong>vix</strong></span> <span class='ocrx_word' id='word_1_268' title='bbox 2549 575 2785 628; x_wconf 82' lang='lat' dir='ltr'><strong>unquam</strong></span> <span class='ocrx_word' id='word_1_269' title='bbox 2834 568 2924 614; x_wconf 88' lang='lat' dir='ltr'><strong>tua</strong></span> <span class='ocrx_word' id='word_1_270' title='bbox 2965 569 3111 614; x_wconf 90' lang='lat' dir='ltr'><strong>recte</strong></span> <span class='ocrx_word' id='word_1_271' title='bbox 3158 556 3400 628; x_wconf 77' lang='lat' dir='ltr'><strong>proferre</strong></span> <span class='ocrx_word' id='word_1_272' title='bbox 3446 557 3699 627; x_wconf 86' lang='lat' dir='ltr'><strong>potueris.</strong></span> <span class='ocrx_word' id='word_1_273' title='bbox 3729 554 3813 609; x_wconf 79' lang='lat' dir='ltr'><strong>Me</strong></span> 
     </span>
    </p>
   </div>
   <div class='ocr_carea' id='block_1_36' title="bbox 2262 649 3807 723">
    <p class='ocr_par' dir='ltr' id='par_1_36' title="bbox 2262 649 3807 723">
     <span class='ocr_line' id='line_1_36' title="bbox 2262 649 3807 723; baseline -0.001 -22"><span class='ocrx_word' id='word_1_274' title='bbox 2262 664 2471 718; x_wconf 87' lang='lat' dir='ltr'><strong>quoque</strong></span> <span class='ocrx_word' id='word_1_275' title='bbox 2496 652 2695 718; x_wconf 82' lang='lat' dir='ltr'><strong>arguis,</strong></span> <span class='ocrx_word' id='word_1_276' title='bbox 2725 650 2815 717; x_wconf 88' lang='lat' dir='ltr'><strong>qui</strong></span> <span class='ocrx_word' id='word_1_277' title='bbox 2845 649 2934 703; x_wconf 90' lang='lat' dir='ltr'><strong>ubi</strong></span> <span class='ocrx_word' id='word_1_278' title='bbox 2964 658 3113 703; x_wconf 88' lang='lat' dir='ltr'><strong>recte</strong></span> <span class='ocrx_word' id='word_1_279' title='bbox 3139 649 3604 723; x_wconf 69' lang='lat' dir='ltr'><strong>arguendussum,</strong></span> <span class='ocrx_word' id='word_1_280' title='bbox 3631 661 3807 702; x_wconf 66' lang='lat' dir='ltr'><strong>emen~</strong></span> 
     </span>
    </p>
   </div>
   <div class='ocr_carea' id='block_1_37' title="bbox 2263 734 3813 811">
    <p class='ocr_par' dir='ltr' id='par_1_37' title="bbox 2263 734 3813 811">
     <span class='ocr_line' id='line_1_37' title="bbox 2263 734 3813 811; baseline -0.005 -16"><span class='ocrx_word' id='word_1_281' title='bbox 2263 743 2377 795; x_wconf 88' lang='lat' dir='ltr'><strong>dari</strong></span> <span class='ocrx_word' id='word_1_282' title='bbox 2424 756 2527 795; x_wconf 91' lang='lat' dir='ltr'><strong>non</strong></span> <span class='ocrx_word' id='word_1_283' title='bbox 2577 740 2799 811; x_wconf 80' lang='lat' dir='ltr'><strong>refugio,</strong></span> <span class='ocrx_word' id='word_1_284' title='bbox 2842 739 2934 793; x_wconf 88' lang='lat' dir='ltr'><strong>sed</strong></span> <span class='ocrx_word' id='word_1_285' title='bbox 2981 738 3155 807; x_wconf 86' lang='lat' dir='ltr'><strong>potius</strong></span> <span class='ocrx_word' id='word_1_286' title='bbox 3206 737 3451 791; x_wconf 89' lang='lat' dir='ltr'><strong>desidero</strong></span> <span class='ocrx_word' id='word_1_287' title='bbox 3492 744 3549 789; x_wconf 88' lang='lat' dir='ltr'><strong>et</strong></span> <span class='ocrx_word' id='word_1_288' title='bbox 3590 734 3813 788; x_wconf 88' lang='lat' dir='ltr'><strong>multum</strong></span> 
     </span>
    </p>
   </div>
   <div class='ocr_carea' id='block_1_38' title="bbox 2264 824 3815 899">
    <p class='ocr_par' dir='ltr' id='par_1_38' title="bbox 2264 824 3815 899">
     <span class='ocr_line' id='line_1_38' title="bbox 2264 824 3815 899; baseline -0.004 -15"><span class='ocrx_word' id='word_1_289' title='bbox 2264 842 2385 899; x_wconf 90' lang='lat' dir='ltr'><strong>opto</strong></span> <span class='ocrx_word' id='word_1_290' title='bbox 2412 848 2424 882; x_wconf 73' lang='grc' dir='ltr'><strong>ι</strong></span> <span class='ocrx_word' id='word_1_291' title='bbox 2454 830 2547 884; x_wconf 87' lang='lat' dir='ltr'><strong>sed</strong></span> <span class='ocrx_word' id='word_1_292' title='bbox 2568 838 2692 883; x_wconf 89' lang='lat' dir='ltr'><strong>sunt</strong></span> <span class='ocrx_word' id='word_1_293' title='bbox 2719 829 2957 899; x_wconf 87' lang='lat' dir='ltr'><strong>plerique</strong></span> <span class='ocrx_word' id='word_1_294' title='bbox 2980 829 3092 899; x_wconf 88' lang='lat' dir='ltr'><strong>qui,</strong></span> <span class='ocrx_word' id='word_1_295' title='bbox 3119 828 3244 881; x_wconf 89' lang='lat' dir='ltr'><strong>dum</strong></span> <span class='ocrx_word' id='word_1_296' title='bbox 3271 826 3404 880; x_wconf 88' lang='lat' dir='ltr'><strong>alios</strong></span> <span class='ocrx_word' id='word_1_297' title='bbox 3426 824 3815 893; x_wconf 86' lang='lat' dir='ltr'><strong>reprehendere</strong></span> 
     </span>
    </p>
   </div>
   <div class='ocr_carea' id='block_1_39' title="bbox 2264 913 3815 992">
    <p class='ocr_par' dir='ltr' id='par_1_39' title="bbox 2264 913 3815 992">
     <span class='ocr_line' id='line_1_39' title="bbox 2264 913 3815 992; baseline -0.008 -16"><span class='ocrx_word' id='word_1_298' title='bbox 2264 924 2503 992; x_wconf 89' lang='lat' dir='ltr'><strong>cupiunt,</strong></span> <span class='ocrx_word' id='word_1_299' title='bbox 2533 922 2750 975; x_wconf 91' lang='lat' dir='ltr'><strong>omnino</strong></span> <span class='ocrx_word' id='word_1_300' title='bbox 2779 918 2949 988; x_wconf 83' lang='lat' dir='ltr'><strong>magis</strong></span> <span class='ocrx_word' id='word_1_301' title='bbox 2963 934 3127 973; x_wconf 64' lang='lat' dir='ltr'><strong>suam</strong></span> <span class='ocrx_word' id='word_1_302' title='bbox 3164 917 3483 985; x_wconf 88' lang='lat' dir='ltr'><strong>imperitiam</strong></span> <span class='ocrx_word' id='word_1_303' title='bbox 3507 913 3815 977; x_wconf 84' lang='lat' dir='ltr'><strong>Ostendunt,</strong></span> 
     </span>
    </p>
   </div>
   <div class='ocr_carea' id='block_1_40' title="bbox 2265 999 3790 1081">
    <p class='ocr_par' dir='ltr' id='par_1_40' title="bbox 2265 999 3790 1081">
     <span class='ocr_line' id='line_1_40' title="bbox 2265 999 3790 1081; baseline -0.007 -17"><span class='ocrx_word' id='word_1_304' title='bbox 2265 1027 2384 1081; x_wconf 62' lang='lat' dir='ltr'><strong>quae</strong></span> <span class='ocrx_word' id='word_1_305' title='bbox 2422 1009 2557 1063; x_wconf 82' lang='lat' dir='ltr'><strong>forte</strong></span> <span class='ocrx_word' id='word_1_306' title='bbox 2587 1008 2795 1063; x_wconf 89' lang='lat' dir='ltr'><strong>occulta</strong></span> <span class='ocrx_word' id='word_1_307' title='bbox 2825 1006 3012 1060; x_wconf 80' lang='lat' dir='ltr'><strong>fuisset</strong></span> <span class='ocrx_word' id='word_1_308' title='bbox 3054 1005 3098 1059; x_wconf 90' lang='lat' dir='ltr'><strong>si</strong></span> <span class='ocrx_word' id='word_1_309' title='bbox 3147 1006 3458 1064; x_wconf 85' lang='lat' dir='ltr'><strong>tacuissent,</strong></span> <span class='ocrx_word' id='word_1_310' title='bbox 3501 1001 3641 1054; x_wconf 90' lang='lat' dir='ltr'><strong>sicut</strong></span> <span class='ocrx_word' id='word_1_311' title='bbox 3686 999 3790 1053; x_wconf 89' lang='lat' dir='ltr'><strong>scri</strong></span> 
     </span>
    </p>
   </div>
   <div class='ocr_carea' id='block_1_41' title="bbox 2266 1087 3820 1167">
    <p class='ocr_par' dir='ltr' id='par_1_41' title="bbox 2266 1087 3820 1167">
     <span class='ocr_line' id='line_1_41' title="bbox 2266 1087 3820 1167; baseline -0.009 -16"><span class='ocrx_word' id='word_1_312' title='bbox 2266 1107 2412 1167; x_wconf 90' lang='lat' dir='ltr'><strong>ptum</strong></span> <span class='ocrx_word' id='word_1_313' title='bbox 2442 1105 2562 1152; x_wconf 84' lang='lat' dir='ltr'><strong>est:</strong></span> <span class='ocrx_word' id='word_1_314' title='bbox 2597 1094 2824 1157; x_wconf 74' lang='lat' dir='ltr'><strong>Stultus,</strong></span> <span class='ocrx_word' id='word_1_315' title='bbox 2868 1095 2911 1146; x_wconf 79' lang='lat' dir='ltr'><strong>si</strong></span> <span class='ocrx_word' id='word_1_316' title='bbox 2961 1094 3201 1156; x_wconf 81' lang='lat' dir='ltr'><strong>tacuerit,</strong></span> <span class='ocrx_word' id='word_1_317' title='bbox 3250 1091 3451 1158; x_wconf 77' lang='lat' dir='ltr'><strong>sapiens</strong></span> <span class='ocrx_word' id='word_1_318' title='bbox 3501 1087 3820 1157; x_wconf 81' lang='lat' dir='ltr'><strong>reputabitur</strong></span> 
     </span>
    </p>
   </div>
   <div class='ocr_carea' id='block_1_42' title="bbox 2267 1175 3820 1257">
    <p class='ocr_par' dir='ltr' id='par_1_42' title="bbox 2267 1175 3820 1257">
     <span class='ocr_line' id='line_1_42' title="bbox 2267 1175 3820 1257; baseline -0.008 -17"><span class='ocrx_word' id='word_1_319' title='bbox 2267 1187 2447 1257; x_wconf 85' lang='lat' dir='ltr'><strong>(Prov.</strong></span> <span class='ocrx_word' id='word_1_320' title='bbox 2472 1202 2582 1239; x_wconf 79' lang='lat' dir='ltr'><strong>xvn</strong></span> <span class='ocrx_word' id='word_1_321' title='bbox 2602 1226 2616 1249; x_wconf 95' lang='lat'><strong>,</strong></span> <span class='ocrx_word' id='word_1_322' title='bbox 2642 1185 2754 1252; x_wconf 71' lang='lat'><strong>28).</strong></span> <span class='ocrx_word' id='word_1_323' title='bbox 2783 1182 3013 1237; x_wconf 87' lang='lat' dir='ltr'><strong>Grandis</strong></span> <span class='ocrx_word' id='word_1_324' title='bbox 3039 1189 3123 1235; x_wconf 91' lang='lat' dir='ltr'><strong>est</strong></span> <span class='ocrx_word' id='word_1_325' title='bbox 3156 1180 3297 1233; x_wconf 87' lang='lat' dir='ltr'><strong>enim</strong></span> <span class='ocrx_word' id='word_1_326' title='bbox 3338 1177 3559 1230; x_wconf 83' lang='lat' dir='ltr'><strong>stultitia</strong></span> <span class='ocrx_word' id='word_1_327' title='bbox 3588 1175 3723 1229; x_wconf 83' lang='lat' dir='ltr'><strong>velle</strong></span> <span class='ocrx_word' id='word_1_328' title='bbox 3767 1182 3820 1227; x_wconf 89' lang='lat' dir='ltr'><strong>te</strong></span> 
     </span>
    </p>
   </div>
   <div class='ocr_carea' id='block_1_43' title="bbox 2266 1270 3821 1347">
    <p class='ocr_par' dir='ltr' id='par_1_43' title="bbox 2266 1270 3821 1347">
     <span class='ocr_line' id='line_1_43' title="bbox 2266 1270 3821 1347; baseline -0.012 -13"><span class='ocrx_word' id='word_1_329' title='bbox 2266 1278 2507 1347; x_wconf 79' lang='lat' dir='ltr'><strong>proferre</strong></span> <span class='ocrx_word' id='word_1_330' title='bbox 2536 1274 2897 1333; x_wconf 66' lang='lat' dir='ltr'><strong>testimonioin</strong></span> <span class='ocrx_word' id='word_1_331' title='bbox 2924 1272 3064 1341; x_wconf 87' lang='lat' dir='ltr'><strong>quod</strong></span> <span class='ocrx_word' id='word_1_332' title='bbox 3092 1285 3187 1340; x_wconf 89' lang='lat' dir='ltr'><strong>per</strong></span> <span class='ocrx_word' id='word_1_333' title='bbox 3211 1270 3387 1322; x_wconf 89' lang='lat' dir='ltr'><strong>omnia</strong></span> <span class='ocrx_word' id='word_1_334' title='bbox 3416 1275 3603 1321; x_wconf 89' lang='lat' dir='ltr'><strong>contra</strong></span> <span class='ocrx_word' id='word_1_335' title='bbox 3630 1271 3821 1318; x_wconf 86' lang='lat' dir='ltr'><strong>temet-</strong></span> 
     </span>
    </p>
   </div>
   <div class='ocr_carea' id='block_1_44' title="bbox 2269 1353 3823 1438">
    <p class='ocr_par' dir='ltr' id='par_1_44' title="bbox 2269 1353 3823 1438">
     <span class='ocr_line' id='line_1_44' title="bbox 2269 1353 3823 1438; baseline -0.009 -17"><span class='ocrx_word' id='word_1_336' title='bbox 2269 1368 2440 1438; x_wconf 87' lang='lat' dir='ltr'><strong>ipsum</strong></span> <span class='ocrx_word' id='word_1_337' title='bbox 2478 1379 2597 1420; x_wconf 90' lang='lat' dir='ltr'><strong>esse</strong></span> <span class='ocrx_word' id='word_1_338' title='bbox 2634 1361 2972 1418; x_wconf 67' lang='lat' dir='ltr'><strong>manifestum</strong></span> <span class='ocrx_word' id='word_1_339' title='bbox 2998 1368 3115 1414; x_wconf 82' lang='lat' dir='ltr'><strong>&#39;est.</strong></span> <span class='ocrx_word' id='word_1_340' title='bbox 3145 1359 3339 1413; x_wconf 89' lang='lat' dir='ltr'><strong>Tribus</strong></span> <span class='ocrx_word' id='word_1_341' title='bbox 3378 1369 3609 1423; x_wconf 88' lang='lat' dir='ltr'><strong>namque</strong></span> <span class='ocrx_word' id='word_1_342' title='bbox 3648 1353 3823 1408; x_wconf 88' lang='lat' dir='ltr'><strong>modis</strong></span> 
     </span>
    </p>
   </div>
   <div class='ocr_carea' id='block_1_45' title="bbox 2268 1444 3827 1518">
    <p class='ocr_par' dir='ltr' id='par_1_45' title="bbox 2268 1444 3827 1518">
     <span class='ocr_line' id='line_1_45' title="bbox 2268 1444 3827 1518; baseline -0.011 -7"><span class='ocrx_word' id='word_1_343' title='bbox 2268 1455 2569 1512; x_wconf 85' lang='lat' dir='ltr'><strong>testimonia</strong></span> <span class='ocrx_word' id='word_1_344' title='bbox 2600 1455 2652 1507; x_wconf 92' lang='lat' dir='ltr'><strong>in</strong></span> <span class='ocrx_word' id='word_1_345' title='bbox 2699 1453 2803 1506; x_wconf 88' lang='lat' dir='ltr'><strong>tuis</strong></span> <span class='ocrx_word' id='word_1_346' title='bbox 2827 1450 3039 1518; x_wconf 79' lang='lat' dir='ltr'><strong>scriptis</strong></span> <span class='ocrx_word' id='word_1_347' title='bbox 3077 1448 3416 1501; x_wconf 85' lang='lat' dir='ltr'><strong>inveniuntur</strong></span> <span class='ocrx_word' id='word_1_348' title='bbox 3441 1444 3664 1515; x_wconf 88' lang='lat' dir='ltr'><strong>prolata,</strong></span> <span class='ocrx_word' id='word_1_349' title='bbox 3690 1456 3827 1510; x_wconf 91' lang='lat' dir='ltr'><strong>quo-</strong></span> 
     </span>
    </p>
   </div>
   <div class='ocr_carea' id='block_1_46' title="bbox 2269 1532 3824 1614">
    <p class='ocr_par' dir='ltr' id='par_1_46' title="bbox 2269 1532 3824 1614">
     <span class='ocr_line' id='line_1_46' title="bbox 2269 1532 3824 1614; baseline -0.01 -15"><span class='ocrx_word' id='word_1_350' title='bbox 2269 1562 2385 1599; x_wconf 91' lang='lat' dir='ltr'><strong>rum</strong></span> <span class='ocrx_word' id='word_1_351' title='bbox 2413 1545 2654 1614; x_wconf 64' lang='lat' dir='ltr'><strong>quaedam</strong></span> <span class='ocrx_word' id='word_1_352' title='bbox 2685 1556 2784 1596; x_wconf 90' lang='lat' dir='ltr'><strong>nec</strong></span> <span class='ocrx_word' id='word_1_353' title='bbox 2820 1540 2912 1593; x_wconf 90' lang='lat' dir='ltr'><strong>tibi</strong></span> <span class='ocrx_word' id='word_1_354' title='bbox 2950 1552 3160 1601; x_wconf 88' lang='lat' dir='ltr'><strong>nocere,</strong></span> <span class='ocrx_word' id='word_1_355' title='bbox 3204 1549 3302 1590; x_wconf 89' lang='lat' dir='ltr'><strong>nec</strong></span> <span class='ocrx_word' id='word_1_356' title='bbox 3343 1533 3522 1587; x_wconf 81' lang='lat' dir='ltr'><strong>favere</strong></span> <span class='ocrx_word' id='word_1_357' title='bbox 3554 1532 3824 1594; x_wconf 89' lang='lat' dir='ltr'><strong>videntur,</strong></span> 
     </span>
    </p>
   </div>
   <div class='ocr_carea' id='block_1_47' title="bbox 2271 1619 3828 1696">
    <p class='ocr_par' dir='ltr' id='par_1_47' title="bbox 2271 1619 3828 1696">
     <span class='ocr_line' id='line_1_47' title="bbox 2271 1619 3828 1696; baseline -0.008 -9"><span class='ocrx_word' id='word_1_358' title='bbox 2271 1648 2369 1689; x_wconf 90' lang='lat' dir='ltr'><strong>nec</strong></span> <span class='ocrx_word' id='word_1_359' title='bbox 2410 1632 2627 1687; x_wconf 88' lang='lat' dir='ltr'><strong>omnino</strong></span> <span class='ocrx_word' id='word_1_360' title='bbox 2654 1630 2721 1683; x_wconf 90' lang='lat' dir='ltr'><strong>ad</strong></span> <span class='ocrx_word' id='word_1_361' title='bbox 2769 1643 2879 1681; x_wconf 90' lang='lat' dir='ltr'><strong>rem</strong></span> <span class='ocrx_word' id='word_1_362' title='bbox 2928 1625 3206 1696; x_wconf 64' lang='lat' dir='ltr'><strong>praesentis</strong></span> <span class='ocrx_word' id='word_1_363' title='bbox 3249 1620 3624 1692; x_wconf 89' lang='lat' dir='ltr'><strong>disputationis</strong></span> <span class='ocrx_word' id='word_1_364' title='bbox 3662 1619 3828 1689; x_wconf 74' lang='lat' dir='ltr'><strong>perti—</strong></span> 
     </span>
    </p>
   </div>
   <div class='ocr_carea' id='block_1_48' title="bbox 2201 1708 3829 1789">
    <p class='ocr_par' dir='ltr' id='par_1_48' title="bbox 2201 1708 3829 1789">
     <span class='ocr_line' id='line_1_48' title="bbox 2201 1708 3829 1789; baseline -0.007 -16"><span class='ocrx_word' id='word_1_365' title='bbox 2201 1714 2243 1773; x_wconf 86' lang='grc' dir='ltr'><strong>Β</strong></span> <span class='ocrx_word' id='word_1_366' title='bbox 2270 1719 2591 1789; x_wconf 85' lang='lat' dir='ltr'><strong>nent;‘quod</strong></span> <span class='ocrx_word' id='word_1_367' title='bbox 2612 1718 2927 1772; x_wconf 75' lang='lat' dir='ltr'><strong>certissima:</strong></span> <span class='ocrx_word' id='word_1_368' title='bbox 2950 1715 3260 1784; x_wconf 73' lang='lat' dir='ltr'><strong>ignorantia:</strong></span> <span class='ocrx_word' id='word_1_369' title='bbox 3281 1711 3536 1767; x_wconf 90' lang='lat' dir='ltr'><strong>indicium</strong></span> <span class='ocrx_word' id='word_1_370' title='bbox 3559 1718 3658 1765; x_wconf 89' lang='lat' dir='ltr'><strong>est.</strong></span> <span class='ocrx_word' id='word_1_371' title='bbox 3677 1708 3829 1775; x_wconf 65' lang='lat' dir='ltr'><strong>Qua:-</strong></span> 
     </span>
    </p>
   </div>
   <div class='ocr_carea' id='block_1_49' title="bbox 2270 1799 3828 1874">
    <p class='ocr_par' dir='ltr' id='par_1_49' title="bbox 2270 1799 3828 1874">
     <span class='ocr_line' id='line_1_49' title="bbox 2270 1799 3828 1874; baseline -0.01 -9"><span class='ocrx_word' id='word_1_372' title='bbox 2270 1812 2392 1865; x_wconf 87' lang='lat' dir='ltr'><strong>dam</strong></span> <span class='ocrx_word' id='word_1_373' title='bbox 2438 1823 2567 1862; x_wconf 88' lang='lat' dir='ltr'><strong>vero</strong></span> <span class='ocrx_word' id='word_1_374' title='bbox 2607 1808 2685 1861; x_wconf 91' lang='lat' dir='ltr'><strong>sic</strong></span> <span class='ocrx_word' id='word_1_375' title='bbox 2725 1822 2755 1859; x_wconf 92' lang='lat' dir='ltr'><strong>a</strong></span> <span class='ocrx_word' id='word_1_376' title='bbox 2805 1815 2857 1859; x_wconf 93' lang='lat' dir='ltr'><strong>te</strong></span> <span class='ocrx_word' id='word_1_377' title='bbox 2903 1813 3195 1874; x_wconf 86' lang='lat' dir='ltr'><strong>ponuntur,</strong></span> <span class='ocrx_word' id='word_1_378' title='bbox 3236 1810 3297 1858; x_wconf 91' lang='lat' dir='ltr'><strong>ut</strong></span> <span class='ocrx_word' id='word_1_379' title='bbox 3339 1810 3514 1857; x_wconf 84' lang='lat' dir='ltr'><strong>tamen</strong></span> <span class='ocrx_word' id='word_1_380' title='bbox 3553 1799 3828 1861; x_wconf 83' lang='lat' dir='ltr'><strong>nobiscum</strong></span> 
     </span>
    </p>
   </div>
   <div class='ocr_carea' id='block_1_50' title="bbox 2268 1889 3829 1969">
    <p class='ocr_par' dir='ltr' id='par_1_50' title="bbox 2268 1889 3829 1969">
     <span class='ocr_line' id='line_1_50' title="bbox 2268 1889 3829 1969; baseline -0.008 -16"><span class='ocrx_word' id='word_1_381' title='bbox 2268 1907 2450 1969; x_wconf 82' lang='lat' dir='ltr'><strong>agant,</strong></span> <span class='ocrx_word' id='word_1_382' title='bbox 2475 1905 2530 1963; x_wconf 84' lang='lat' dir='ltr'><strong>et</strong></span> <span class='ocrx_word' id='word_1_383' title='bbox 2562 1896 2659 1950; x_wconf 86' lang='lat' dir='ltr'><strong>tibi</strong></span> <span class='ocrx_word' id='word_1_384' title='bbox 2700 1908 2997 1964; x_wconf 83' lang='lat' dir='ltr'><strong>repugnare</strong></span> <span class='ocrx_word' id='word_1_385' title='bbox 3041 1902 3224 1963; x_wconf 87' lang='lat' dir='ltr'><strong>aperta</strong></span> <span class='ocrx_word' id='word_1_386' title='bbox 3254 1893 3477 1945; x_wconf 85' lang='lat' dir='ltr'><strong>veritate</strong></span> <span class='ocrx_word' id='word_1_387' title='bbox 3501 1889 3829 1959; x_wconf 82' lang='lat' dir='ltr'><strong>probantur;</strong></span> 
     </span>
    </p>
   </div>
   <div class='ocr_carea' id='block_1_51' title="bbox 2267 1980 3828 2059">
    <p class='ocr_par' dir='ltr' id='par_1_51' title="bbox 2267 1980 3828 2059">
     <span class='ocr_line' id='line_1_51' title="bbox 2267 1980 3828 2059; baseline -0.008 -15"><span class='ocrx_word' id='word_1_388' title='bbox 2267 1990 2428 2059; x_wconf 84' lang='lat' dir='ltr'><strong>quod,</strong></span> <span class='ocrx_word' id='word_1_389' title='bbox 2458 1996 2518 2041; x_wconf 90' lang='lat' dir='ltr'><strong>ut</strong></span> <span class='ocrx_word' id='word_1_390' title='bbox 2542 1986 2905 2058; x_wconf 67' lang='lat' dir='ltr'><strong>prtediximus,</strong></span> <span class='ocrx_word' id='word_1_391' title='bbox 2934 1984 3172 2038; x_wconf 75' lang='lat' dir='ltr'><strong>stultitia:</strong></span> <span class='ocrx_word' id='word_1_392' title='bbox 3196 1997 3304 2036; x_wconf 91' lang='lat' dir='ltr'><strong>non</strong></span> <span class='ocrx_word' id='word_1_393' title='bbox 3337 1980 3571 2034; x_wconf 77' lang='lat' dir='ltr'><strong>minimze</strong></span> <span class='ocrx_word' id='word_1_394' title='bbox 3606 1993 3694 2033; x_wconf 87' lang='lat' dir='ltr'><strong>res</strong></span> <span class='ocrx_word' id='word_1_395' title='bbox 3721 1987 3828 2040; x_wconf 89' lang='lat' dir='ltr'><strong>est,</strong></span> 
     </span>
    </p>
   </div>
   <div class='ocr_carea' id='block_1_52' title="bbox 2271 2068 3833 2136">
    <p class='ocr_par' dir='ltr' id='par_1_52' title="bbox 2271 2068 3833 2136">
     <span class='ocr_line' id='line_1_52' title="bbox 2271 2068 3833 2136; baseline -0.007 -3"><span class='ocrx_word' id='word_1_396' title='bbox 2271 2089 2322 2133; x_wconf 88' lang='lat' dir='ltr'><strong>te</strong></span> <span class='ocrx_word' id='word_1_397' title='bbox 2364 2093 2514 2132; x_wconf 87' lang='lat' dir='ltr'><strong>arma</strong></span> <span class='ocrx_word' id='word_1_398' title='bbox 2557 2075 2864 2131; x_wconf 84' lang='lat' dir='ltr'><strong>adversario</strong></span> <span class='ocrx_word' id='word_1_399' title='bbox 2891 2074 3213 2127; x_wconf 86' lang='lat' dir='ltr'><strong>ministrare.</strong></span> <span class='ocrx_word' id='word_1_400' title='bbox 3255 2068 3505 2136; x_wconf 63' lang='lat' dir='ltr'><strong>Quaedam</strong></span> <span class='ocrx_word' id='word_1_401' title='bbox 3550 2075 3728 2123; x_wconf 86' lang='lat' dir='ltr'><strong>autem</strong></span> <span class='ocrx_word' id='word_1_402' title='bbox 3757 2068 3833 2122; x_wconf 85' lang='lat' dir='ltr'><strong>ita</strong></span> 
     </span>
    </p>
   </div>
   <div class='ocr_carea' id='block_1_53' title="bbox 2270 2161 3835 2242">
    <p class='ocr_par' dir='ltr' id='par_1_53' title="bbox 2270 2161 3835 2242">
     <span class='ocr_line' id='line_1_53' title="bbox 2270 2161 3835 2242; baseline -0.004 -21"><span class='ocrx_word' id='word_1_403' title='bbox 2270 2170 2561 2242; x_wconf 86' lang='lat' dir='ltr'><strong>protulisti,</strong></span> <span class='ocrx_word' id='word_1_404' title='bbox 2584 2176 2644 2222; x_wconf 91' lang='lat' dir='ltr'><strong>ut</strong></span> <span class='ocrx_word' id='word_1_405' title='bbox 2665 2176 2865 2230; x_wconf 86' lang='lat' dir='ltr'><strong>tamen,</strong></span> <span class='ocrx_word' id='word_1_406' title='bbox 2887 2166 2990 2219; x_wconf 91' lang='lat' dir='ltr'><strong>nisi</strong></span> <span class='ocrx_word' id='word_1_407' title='bbox 3015 2177 3411 2232; x_wconf 88' lang='lat' dir='ltr'><strong>corrumperes,</strong></span> <span class='ocrx_word' id='word_1_408' title='bbox 3435 2171 3487 2216; x_wconf 90' lang='lat' dir='ltr'><strong>te</strong></span> <span class='ocrx_word' id='word_1_409' title='bbox 3510 2161 3652 2217; x_wconf 89' lang='lat' dir='ltr'><strong>nullo</strong></span> <span class='ocrx_word' id='word_1_410' title='bbox 3673 2162 3835 2215; x_wconf 81' lang='lat' dir='ltr'><strong>modo</strong></span> 
     </span>
    </p>
   </div>
   <div class='ocr_carea' id='block_1_54' title="bbox 2272 2250 3835 2329">
    <p class='ocr_par' dir='ltr' id='par_1_54' title="bbox 2272 2250 3835 2329">
     <span class='ocr_line' id='line_1_54' title="bbox 2272 2250 3835 2329; baseline -0.007 -15"><span class='ocrx_word' id='word_1_411' title='bbox 2272 2259 2527 2329; x_wconf 81' lang='lat' dir='ltr'><strong>adjuvare</strong></span> <span class='ocrx_word' id='word_1_412' title='bbox 2575 2258 2911 2318; x_wconf 90' lang='lat' dir='ltr'><strong>viderentur;</strong></span> <span class='ocrx_word' id='word_1_413' title='bbox 2942 2253 3084 2324; x_wconf 93' lang='lat' dir='ltr'><strong>quod</strong></span> <span class='ocrx_word' id='word_1_414' title='bbox 3131 2253 3347 2307; x_wconf 81' lang='lat' dir='ltr'><strong>omnino</strong></span> <span class='ocrx_word' id='word_1_415' title='bbox 3394 2250 3665 2304; x_wconf 69' lang='lat' dir='ltr'><strong>malevola:</strong></span> <span class='ocrx_word' id='word_1_416' title='bbox 3703 2264 3835 2303; x_wconf 81' lang='lat' dir='ltr'><strong>con-</strong></span> 
     </span>
    </p>
   </div>
   <div class='ocr_carea' id='block_1_55' title="bbox 2272 2338 3834 2411">
    <p class='ocr_par' dir='ltr' id='par_1_55' title="bbox 2272 2338 3834 2411">
     <span class='ocr_line' id='line_1_55' title="bbox 2272 2338 3834 2411; baseline -0.007 -10"><span class='ocrx_word' id='word_1_417' title='bbox 2272 2348 2510 2402; x_wconf 64' lang='lat' dir='ltr'><strong>scientiae</strong></span> <span class='ocrx_word' id='word_1_418' title='bbox 2537 2346 2725 2400; x_wconf 88' lang='lat' dir='ltr'><strong>vitium</strong></span> <span class='ocrx_word' id='word_1_419' title='bbox 2754 2358 2870 2398; x_wconf 89' lang='lat' dir='ltr'><strong>esse</strong></span> <span class='ocrx_word' id='word_1_420' title='bbox 2901 2342 3229 2411; x_wconf 84' lang='lat' dir='ltr'><strong>dignoscitur</strong></span> <span class='ocrx_word' id='word_1_421' title='bbox 3254 2359 3267 2393; x_wconf 86' lang='lat'><strong>:</strong></span> <span class='ocrx_word' id='word_1_422' title='bbox 3300 2341 3353 2393; x_wconf 89' lang='lat' dir='ltr'><strong>in</strong></span> <span class='ocrx_word' id='word_1_423' title='bbox 3381 2353 3606 2408; x_wconf 88' lang='lat' dir='ltr'><strong>quorum</strong></span> <span class='ocrx_word' id='word_1_424' title='bbox 3634 2338 3834 2407; x_wconf 77' lang='lat' dir='ltr'><strong>primo,</strong></span> 
     </span>
    </p>
   </div>
   <div class='ocr_carea' id='block_1_56' title="bbox 2274 2426 3833 2512">
    <p class='ocr_par' dir='ltr' id='par_1_56' title="bbox 2274 2426 3833 2512">
     <span class='ocr_line' id='line_1_56' title="bbox 2274 2426 3833 2512; baseline -0.008 -21"><span class='ocrx_word' id='word_1_425' title='bbox 2274 2437 2626 2500; x_wconf 79' lang='lat' dir='ltr'><strong>utdiximus,</strong></span> <span class='ocrx_word' id='word_1_426' title='bbox 2661 2443 2709 2512; x_wconf 82' lang='lat' dir='ltr'><strong>te</strong></span> <span class='ocrx_word' id='word_1_427' title='bbox 2748 2435 3111 2504; x_wconf 83' lang='lat' dir='ltr'><strong>ignorantem,</strong></span> <span class='ocrx_word' id='word_1_428' title='bbox 3151 2432 3202 2484; x_wconf 91' lang='lat' dir='ltr'><strong>in</strong></span> <span class='ocrx_word' id='word_1_429' title='bbox 3246 2430 3413 2482; x_wconf 88' lang='lat' dir='ltr'><strong>altero</strong></span> <span class='ocrx_word' id='word_1_430' title='bbox 3456 2426 3745 2490; x_wconf 88' lang='lat' dir='ltr'><strong>indoctum,</strong></span> <span class='ocrx_word' id='word_1_431' title='bbox 3776 2427 3833 2480; x_wconf 90' lang='lat' dir='ltr'><strong>in</strong></span> 
     </span>
    </p>
   </div>
   <div class='ocr_carea' id='block_1_57' title="bbox 2277 2516 3897 2588">
    <p class='ocr_par' dir='ltr' id='par_1_57' title="bbox 2277 2516 3897 2588">
     <span class='ocr_line' id='line_1_57' title="bbox 2277 2516 3897 2588; baseline -0.004 -9"><span class='ocrx_word' id='word_1_432' title='bbox 2277 2527 2436 2580; x_wconf 90' lang='lat' dir='ltr'><strong>tertio</strong></span> <span class='ocrx_word' id='word_1_433' title='bbox 2483 2540 2612 2579; x_wconf 89' lang='lat' dir='ltr'><strong>vero</strong></span> <span class='ocrx_word' id='word_1_434' title='bbox 2659 2522 2975 2577; x_wconf 65' lang='lat' dir='ltr'><strong>malev-olom</strong></span> <span class='ocrx_word' id='word_1_435' title='bbox 3021 2519 3318 2575; x_wconf 88' lang='lat' dir='ltr'><strong>ostendisti.</strong></span> <span class='ocrx_word' id='word_1_436' title='bbox 3366 2516 3663 2571; x_wconf 86' lang='lat' dir='ltr'><strong>Mirandum</strong></span> <span class='ocrx_word' id='word_1_437' title='bbox 3706 2532 3837 2588; x_wconf 76' lang='lat' dir='ltr'><strong>ergo</strong></span> <span class='ocrx_word' id='word_1_438' title='bbox 3894 2520 3897 2521; x_wconf 63' lang='grc'><strong><em>⁷</em></strong></span> 
     </span>
    </p>
   </div>
   <div class='ocr_carea' id='block_1_58' title="bbox 2273 2604 3835 2683">
    <p class='ocr_par' dir='ltr' id='par_1_58' title="bbox 2273 2604 3835 2683">
     <span class='ocr_line' id='line_1_58' title="bbox 2273 2604 3835 2683; baseline -0.007 -12"><span class='ocrx_word' id='word_1_439' title='bbox 2273 2627 2377 2680; x_wconf 88' lang='lat' dir='ltr'><strong>est,</strong></span> <span class='ocrx_word' id='word_1_440' title='bbox 2403 2615 2483 2671; x_wconf 89' lang='lat' dir='ltr'><strong>vel</strong></span> <span class='ocrx_word' id='word_1_441' title='bbox 2518 2615 2686 2683; x_wconf 82' lang='lat' dir='ltr'><strong>magis</strong></span> <span class='ocrx_word' id='word_1_442' title='bbox 2713 2613 3019 2674; x_wconf 85' lang='lat' dir='ltr'><strong>dolendum,</strong></span> <span class='ocrx_word' id='word_1_443' title='bbox 3050 2625 3145 2664; x_wconf 88' lang='lat' dir='ltr'><strong>cur</strong></span> <span class='ocrx_word' id='word_1_444' title='bbox 3171 2604 3369 2662; x_wconf 79' lang='lat' dir='ltr'><strong>audeas</strong></span> <span class='ocrx_word' id='word_1_445' title='bbox 3402 2617 3705 2662; x_wconf 88' lang='lat' dir='ltr'><strong>sanctorum</strong></span> <span class='ocrx_word' id='word_1_446' title='bbox 3733 2605 3835 2660; x_wconf 84' lang='lat' dir='ltr'><strong>Pa-</strong></span> 
     </span>
    </p>
   </div>
   <div class='ocr_carea' id='block_1_59' title="bbox 2277 2700 3836 2769">
    <p class='ocr_par' dir='ltr' id='par_1_59' title="bbox 2277 2700 3836 2769">
     <span class='ocr_line' id='line_1_59' title="bbox 2277 2700 3836 2769; baseline -0.004 -10"><span class='ocrx_word' id='word_1_447' title='bbox 2277 2717 2418 2761; x_wconf 91' lang='lat' dir='ltr'><strong>trum</strong></span> <span class='ocrx_word' id='word_1_448' title='bbox 2447 2706 2771 2760; x_wconf 87' lang='lat' dir='ltr'><strong>lucidissima</strong></span> <span class='ocrx_word' id='word_1_449' title='bbox 2804 2702 3109 2756; x_wconf 88' lang='lat' dir='ltr'><strong>testimonia</strong></span> <span class='ocrx_word' id='word_1_450' title='bbox 3138 2714 3502 2769; x_wconf 85' lang='lat' dir='ltr'><strong>corrumpere,</strong></span> <span class='ocrx_word' id='word_1_451' title='bbox 3526 2700 3836 2752; x_wconf 73' lang='lat' dir='ltr'><strong>~immutare</strong></span> 
     </span>
    </p>
   </div>
   <div class='ocr_carea' id='block_1_60' title="bbox 2276 2788 3838 2859">
    <p class='ocr_par' dir='ltr' id='par_1_60' title="bbox 2276 2788 3838 2859">
     <span class='ocr_line' id='line_1_60' title="bbox 2276 2788 3838 2859; baseline -0.008 -6"><span class='ocrx_word' id='word_1_452' title='bbox 2276 2808 2330 2853; x_wconf 89' lang='lat' dir='ltr'><strong>et</strong></span> <span class='ocrx_word' id='word_1_453' title='bbox 2358 2799 2410 2852; x_wconf 93' lang='lat' dir='ltr'><strong>in</strong></span> <span class='ocrx_word' id='word_1_454' title='bbox 2438 2796 2598 2851; x_wconf 88' lang='lat' dir='ltr'><strong>alium</strong></span> <span class='ocrx_word' id='word_1_455' title='bbox 2634 2794 2921 2848; x_wconf 84' lang='lat' dir='ltr'><strong>transferre</strong></span> <span class='ocrx_word' id='word_1_456' title='bbox 2953 2806 3165 2846; x_wconf 89' lang='lat' dir='ltr'><strong>sensum</strong></span> <span class='ocrx_word' id='word_1_457' title='bbox 3195 2805 3353 2859; x_wconf 88' lang='lat' dir='ltr'><strong>quam</strong></span> <span class='ocrx_word' id='word_1_458' title='bbox 3384 2789 3459 2843; x_wconf 91' lang='lat' dir='ltr'><strong>illi</strong></span> <span class='ocrx_word' id='word_1_459' title='bbox 3493 2789 3581 2859; x_wconf 90' lang='lat' dir='ltr'><strong>qui</strong></span> <span class='ocrx_word' id='word_1_460' title='bbox 3609 2788 3838 2856; x_wconf 85' lang='lat' dir='ltr'><strong>scripse-</strong></span> 
     </span>
    </p>
   </div>
   <div class='ocr_carea' id='block_1_61' title="bbox 2279 2875 3833 2955">
    <p class='ocr_par' dir='ltr' id='par_1_61' title="bbox 2279 2875 3833 2955">
     <span class='ocr_line' id='line_1_61' title="bbox 2279 2875 3833 2955; baseline -0.009 -13"><span class='ocrx_word' id='word_1_461' title='bbox 2279 2896 2420 2951; x_wconf 86' lang='lat' dir='ltr'><strong>runt,</strong></span> <span class='ocrx_word' id='word_1_462' title='bbox 2466 2893 2777 2955; x_wconf 90' lang='lat' dir='ltr'><strong>posuerunt,</strong></span> <span class='ocrx_word' id='word_1_463' title='bbox 2804 2883 2943 2937; x_wconf 91' lang='lat' dir='ltr'><strong>sicut</strong></span> <span class='ocrx_word' id='word_1_464' title='bbox 2968 2881 3126 2952; x_wconf 86' lang='lat' dir='ltr'><strong>paulo</strong></span> <span class='ocrx_word' id='word_1_465' title='bbox 3153 2889 3275 2935; x_wconf 87' lang='lat' dir='ltr'><strong>ante</strong></span> <span class='ocrx_word' id='word_1_466' title='bbox 3301 2888 3351 2933; x_wconf 88' lang='lat' dir='ltr'><strong>te</strong></span> <span class='ocrx_word' id='word_1_467' title='bbox 3380 2877 3569 2934; x_wconf 80' lang='lat' dir='ltr'><strong>fecisse</strong></span> <span class='ocrx_word' id='word_1_468' title='bbox 3594 2875 3833 2947; x_wconf 19' lang='lat' dir='ltr'><strong>probavit</strong></span> 
     </span>
    </p>
   </div>
   <div class='ocr_carea' id='block_1_62' title="bbox 2282 2965 3839 3044">
    <p class='ocr_par' dir='ltr' id='par_1_62' title="bbox 2282 2965 3839 3044">
     <span class='ocr_line' id='line_1_62' title="bbox 2282 2965 3839 3044; baseline -0.011 -9"><span class='ocrx_word' id='word_1_469' title='bbox 2282 2996 2420 3044; x_wconf 91' lang='lat' dir='ltr'><strong>mus,</strong></span> <span class='ocrx_word' id='word_1_470' title='bbox 2450 2987 2503 3032; x_wconf 93' lang='lat' dir='ltr'><strong>et</strong></span> <span class='ocrx_word' id='word_1_471' title='bbox 2538 2977 2591 3030; x_wconf 89' lang='lat' dir='ltr'><strong>in</strong></span> <span class='ocrx_word' id='word_1_472' title='bbox 2625 2976 2804 3030; x_wconf 90' lang='lat' dir='ltr'><strong>multis</strong></span> <span class='ocrx_word' id='word_1_473' title='bbox 2847 2983 3059 3028; x_wconf 89' lang='lat' dir='ltr'><strong>tuarum</strong></span> <span class='ocrx_word' id='word_1_474' title='bbox 3102 2972 3399 3025; x_wconf 90' lang='lat' dir='ltr'><strong>litterarum</strong></span> <span class='ocrx_word' id='word_1_475' title='bbox 3438 2969 3568 3024; x_wconf 88' lang='lat' dir='ltr'><strong>locis</strong></span> <span class='ocrx_word' id='word_1_476' title='bbox 3612 2965 3839 3021; x_wconf 76' lang='lat' dir='ltr'><strong>inveniu&#39;</strong></span> 
     </span>
    </p>
   </div>
   <div class='ocr_carea' id='block_1_63' title="bbox 616 3047 2476 3147">
    <p class='ocr_par' dir='ltr' id='par_1_63' title="bbox 616 3047 2476 3147">
     <span class='ocr_line' id='line_1_63' title="bbox 616 3047 2476 3147; baseline -0.005 -17"><span class='ocrx_word' id='word_1_477' title='bbox 616 3087 730 3130; x_wconf 87' lang='lat' dir='ltr'><strong>stus</strong></span> <span class='ocrx_word' id='word_1_478' title='bbox 759 3074 910 3131; x_wconf 82' lang='lat' dir='ltr'><strong>Jesus</strong></span> <span class='ocrx_word' id='word_1_479' title='bbox 938 3078 1106 3132; x_wconf 82' lang='lat' dir='ltr'><strong>Filius</strong></span> <span class='ocrx_word' id='word_1_480' title='bbox 1133 3079 1225 3133; x_wconf 87' lang='lat' dir='ltr'><strong>Dei</strong></span> <span class='ocrx_word' id='word_1_481' title='bbox 1254 3079 1578 3147; x_wconf 83' lang='lat' dir='ltr'><strong>unigenitus,</strong></span> <span class='ocrx_word' id='word_1_482' title='bbox 1610 3095 1713 3132; x_wconf 87' lang='lat' dir='ltr'><strong>una</strong></span> <span class='ocrx_word' id='word_1_483' title='bbox 1757 3078 2015 3133; x_wconf 87' lang='lat' dir='ltr'><strong>servitute</strong></span> <span class='ocrx_word' id='word_1_484' title='bbox 2056 3092 2177 3135; x_wconf 88' lang='lat' dir='ltr'><strong>cum</strong></span> <span class='ocrx_word' id='word_1_485' title='bbox 2206 3047 2252 3108; x_wconf 69' lang='grc' dir='ltr'>ο</span> <span class='ocrx_word' id='word_1_486' title='bbox 2281 3078 2476 3141; x_wconf 88' lang='lat' dir='ltr'><strong>potest.</strong></span> 
     </span>
    </p>
   </div>
   <div class='ocr_carea' id='block_1_64' title="bbox 617 3160 2176 3238">
    <p class='ocr_par' dir='ltr' id='par_1_64' title="bbox 617 3160 2176 3238">
     <span class='ocr_line' id='line_1_64' title="bbox 617 3160 2176 3238; baseline 0.001 -17"><span class='ocrx_word' id='word_1_487' title='bbox 617 3170 828 3238; x_wconf 86' lang='lat' dir='ltr'><strong>propria</strong></span> <span class='ocrx_word' id='word_1_488' title='bbox 858 3186 1017 3225; x_wconf 85' lang='lat' dir='ltr'><strong>carne</strong></span> <span class='ocrx_word' id='word_1_489' title='bbox 1046 3173 1379 3226; x_wconf 83' lang='lat' dir='ltr'><strong>venerandus</strong></span> <span class='ocrx_word' id='word_1_490' title='bbox 1413 3192 1423 3229; x_wconf 88' lang='lat'><strong>:</strong></span> <span class='ocrx_word' id='word_1_491' title='bbox 1459 3174 1545 3226; x_wconf 73' lang='lat' dir='ltr'><strong>ubi</strong></span> <span class='ocrx_word' id='word_1_492' title='bbox 1590 3174 1729 3227; x_wconf 85' lang='lat' dir='ltr'><strong>enim</strong></span> <span class='ocrx_word' id='word_1_493' title='bbox 1758 3182 1842 3227; x_wconf 86' lang='lat' dir='ltr'><strong>est</strong></span> <span class='ocrx_word' id='word_1_494' title='bbox 1876 3160 2016 3225; x_wconf 82' lang='lat' dir='ltr'><strong>nuda</strong></span> <span class='ocrx_word' id='word_1_495' title='bbox 2047 3187 2176 3225; x_wconf 78' lang='lat' dir='ltr'><strong>nllu-</strong></span> 
     </span>
    </p>
   </div>
   <div class='ocr_carea' id='block_1_65' title="bbox 618 3258 2180 3333">
    <p class='ocr_par' dir='ltr' id='par_1_65' title="bbox 618 3258 2180 3333">
     <span class='ocr_line' id='line_1_65' title="bbox 618 3258 2180 3333; baseline -0.004 -16"><span class='ocrx_word' id='word_1_496' title='bbox 618 3259 847 3333; x_wconf 68' lang='lat' dir='ltr'><strong>cupaiio,</strong></span> <span class='ocrx_word' id='word_1_497' title='bbox 874 3260 943 3319; x_wconf 84' lang='lat' dir='ltr'><strong>ibi</strong></span> <span class='ocrx_word' id='word_1_498' title='bbox 972 3261 1151 3319; x_wconf 70' lang='lat' dir='ltr'><strong>solida:</strong></span> <span class='ocrx_word' id='word_1_499' title='bbox 1174 3262 1415 3317; x_wconf 73' lang='lat' dir='ltr'><strong>veritatis</strong></span> <span class='ocrx_word' id='word_1_500' title='bbox 1440 3262 1718 3330; x_wconf 82' lang='lat' dir='ltr'><strong>denegatio</strong></span> <span class='ocrx_word' id='word_1_501' title='bbox 1739 3268 1838 3315; x_wconf 88' lang='lat' dir='ltr'><strong>est.</strong></span> <span class='ocrx_word' id='word_1_502' title='bbox 1864 3258 1968 3311; x_wconf 85' lang='lat' dir='ltr'><strong>Sed</strong></span> <span class='ocrx_word' id='word_1_503' title='bbox 2000 3273 2180 3311; x_wconf 90' lang='lat' dir='ltr'><strong>revera</strong></span> 
     </span>
    </p>
   </div>
   <div class='ocr_carea' id='block_1_66' title="bbox 620 3349 2183 3421">
    <p class='ocr_par' dir='ltr' id='par_1_66' title="bbox 620 3349 2183 3421">
     <span class='ocr_line' id='line_1_66' title="bbox 620 3349 2183 3421; baseline -0.002 -17"><span class='ocrx_word' id='word_1_504' title='bbox 620 3353 951 3405; x_wconf 78' lang='lat' dir='ltr'><strong>inraruatum</strong></span> <span class='ocrx_word' id='word_1_505' title='bbox 989 3353 1216 3409; x_wconf 87' lang='lat' dir='ltr'><strong>dicimus</strong></span> <span class='ocrx_word' id='word_1_506' title='bbox 1246 3352 1576 3421; x_wconf 77' lang='lat' dir='ltr'><strong>unigenitum</strong></span> <span class='ocrx_word' id='word_1_507' title='bbox 1618 3350 1810 3403; x_wconf 79' lang='lat' dir='ltr'><strong>Filium</strong></span> <span class='ocrx_word' id='word_1_508' title='bbox 1841 3349 1935 3402; x_wconf 83' lang='lat' dir='ltr'><strong>Dei</strong></span> <span class='ocrx_word' id='word_1_509' title='bbox 1979 3356 2183 3401; x_wconf 90' lang='lat' dir='ltr'><strong>secreto</strong></span> 
     </span>
    </p>
   </div>
   <div class='ocr_carea' id='block_1_67' title="bbox 617 3439 2181 3521">
    <p class='ocr_par' dir='ltr' id='par_1_67' title="bbox 617 3439 2181 3521">
     <span class='ocr_line' id='line_1_67' title="bbox 617 3439 2181 3521; baseline -0.004 -23"><span class='ocrx_word' id='word_1_510' title='bbox 617 3443 781 3521; x_wconf 64' lang='grc'><strong>849</strong></span> <span class='ocrx_word' id='word_1_511' title='bbox 812 3443 900 3496; x_wconf 92' lang='lat' dir='ltr'><strong>illo</strong></span> <span class='ocrx_word' id='word_1_512' title='bbox 930 3443 1182 3515; x_wconf 89' lang='lat' dir='ltr'><strong>mysterio</strong></span> <span class='ocrx_word' id='word_1_513' title='bbox 1207 3442 1347 3513; x_wconf 88' lang='lat' dir='ltr'><strong>quod</strong></span> <span class='ocrx_word' id='word_1_514' title='bbox 1387 3442 1497 3513; x_wconf 90' lang='lat' dir='ltr'><strong>ipse</strong></span> <span class='ocrx_word' id='word_1_515' title='bbox 1538 3441 1683 3495; x_wconf 89' lang='lat' dir='ltr'><strong>solus</strong></span> <span class='ocrx_word' id='word_1_516' title='bbox 1722 3440 1887 3494; x_wconf 91' lang='lat' dir='ltr'><strong>novit.</strong></span> <span class='ocrx_word' id='word_1_517' title='bbox 1934 3439 2181 3493; x_wconf 76' lang='lat' dir='ltr'><strong>Nostrum</strong></span> 
     </span>
    </p>
   </div>
   <div class='ocr_carea' id='block_1_68' title="bbox 622 3529 2185 3607">
    <p class='ocr_par' dir='ltr' id='par_1_68' title="bbox 622 3529 2185 3607">
     <span class='ocr_line' id='line_1_68' title="bbox 622 3529 2185 3607; baseline -0.003 -21"><span class='ocrx_word' id='word_1_518' title='bbox 622 3548 847 3607; x_wconf 82' lang='lat' dir='ltr'><strong>namque</strong></span> <span class='ocrx_word' id='word_1_519' title='bbox 871 3540 951 3587; x_wconf 90' lang='lat' dir='ltr'><strong>est</strong></span> <span class='ocrx_word' id='word_1_520' title='bbox 992 3533 1233 3596; x_wconf 87' lang='lat' dir='ltr'><strong>credere,</strong></span> <span class='ocrx_word' id='word_1_521' title='bbox 1276 3532 1414 3586; x_wconf 87' lang='lat' dir='ltr'><strong>illius</strong></span> <span class='ocrx_word' id='word_1_522' title='bbox 1460 3546 1635 3585; x_wconf 85' lang='lat' dir='ltr'><strong>nosse.</strong></span> <span class='ocrx_word' id='word_1_523' title='bbox 1680 3529 1831 3597; x_wconf 90' lang='lat' dir='ltr'><strong>Quod</strong></span> <span class='ocrx_word' id='word_1_524' title='bbox 1870 3539 1926 3583; x_wconf 92' lang='lat' dir='ltr'><strong>tu</strong></span> <span class='ocrx_word' id='word_1_525' title='bbox 1967 3529 2185 3585; x_wconf 90' lang='lat' dir='ltr'><strong>onmino</strong></span> 
     </span>
    </p>
   </div>
   <div class='ocr_carea' id='block_1_69' title="bbox 618 3621 2185 3693">
    <p class='ocr_par' dir='ltr' id='par_1_69' title="bbox 618 3621 2185 3693">
     <span class='ocr_line' id='line_1_69' title="bbox 618 3621 2185 3693; baseline 0.001 -18"><span class='ocrx_word' id='word_1_526' title='bbox 618 3624 811 3680; x_wconf 82' lang='lat' dir='ltr'><strong>oblitus</strong></span> <span class='ocrx_word' id='word_1_527' title='bbox 852 3624 1062 3679; x_wconf 85' lang='lat' dir='ltr'><strong>conaris</strong></span> <span class='ocrx_word' id='word_1_528' title='bbox 1108 3624 1234 3676; x_wconf 90' lang='lat' dir='ltr'><strong>illud</strong></span> <span class='ocrx_word' id='word_1_529' title='bbox 1280 3624 1851 3693; x_wconf 75' lang='lat' dir='ltr'><strong>ratione‘investigare</strong></span> <span class='ocrx_word' id='word_1_530' title='bbox 1897 3623 2039 3693; x_wconf 90' lang='lat' dir='ltr'><strong>quod</strong></span> <span class='ocrx_word' id='word_1_531' title='bbox 2086 3621 2185 3676; x_wconf 84' lang='lat' dir='ltr'><strong>ﬁde</strong></span> 
     </span>
    </p>
   </div>
   <div class='ocr_carea' id='block_1_70' title="bbox 618 3710 2185 3778">
    <p class='ocr_par' dir='ltr' id='par_1_70' title="bbox 618 3710 2185 3778">
     <span class='ocr_line' id='line_1_70' title="bbox 618 3710 2185 3778; baseline -0.001 -12"><span class='ocrx_word' id='word_1_532' title='bbox 618 3713 861 3766; x_wconf 78' lang='lat' dir='ltr'><strong>venerari</strong></span> <span class='ocrx_word' id='word_1_533' title='bbox 893 3710 1167 3765; x_wconf 84' lang='lat' dir='ltr'><strong>debuisses</strong></span> <span class='ocrx_word' id='word_1_534' title='bbox 1198 3730 1209 3765; x_wconf 88' lang='lat'>:</span> <span class='ocrx_word' id='word_1_535' title='bbox 1244 3714 1461 3765; x_wconf 89' lang='lat' dir='ltr'><strong>credere</strong></span> <span class='ocrx_word' id='word_1_536' title='bbox 1502 3712 1645 3765; x_wconf 86' lang='lat' dir='ltr'><strong>enim</strong></span> <span class='ocrx_word' id='word_1_537' title='bbox 1686 3720 1835 3767; x_wconf 89' lang='lat' dir='ltr'><strong>tuum</strong></span> <span class='ocrx_word' id='word_1_538' title='bbox 1866 3722 2010 3764; x_wconf 89' lang='lat' dir='ltr'><strong>esset</strong></span> <span class='ocrx_word' id='word_1_539' title='bbox 2047 3712 2185 3778; x_wconf 90' lang='lat' dir='ltr'><strong>quod</strong></span> 
     </span>
    </p>
   </div>
   <div class='ocr_carea' id='block_1_71' title="bbox 620 3799 2189 3869">
    <p class='ocr_par' dir='ltr' id='par_1_71' title="bbox 620 3799 2189 3869">
     <span class='ocr_line' id='line_1_71' title="bbox 620 3799 2189 3869; baseline -0.008 -6"><span class='ocrx_word' id='word_1_540' title='bbox 620 3806 757 3863; x_wconf 82' lang='lat' dir='ltr'><strong>Deus</strong></span> <span class='ocrx_word' id='word_1_541' title='bbox 804 3804 894 3857; x_wconf 80' lang='lat' dir='ltr'><strong>Dei</strong></span> <span class='ocrx_word' id='word_1_542' title='bbox 938 3804 1190 3865; x_wconf 72' lang='lat' dir='ltr'><strong>Verbum,</strong></span> <span class='ocrx_word' id='word_1_543' title='bbox 1234 3811 1405 3858; x_wconf 86' lang='lat' dir='ltr'><strong>totum</strong></span> <span class='ocrx_word' id='word_1_544' title='bbox 1444 3800 1739 3868; x_wconf 87' lang='lat' dir='ltr'><strong>suscipiens</strong></span> <span class='ocrx_word' id='word_1_545' title='bbox 1774 3800 1916 3869; x_wconf 88' lang='lat' dir='ltr'><strong>quod</strong></span> <span class='ocrx_word' id='word_1_546' title='bbox 1957 3799 2189 3855; x_wconf 85' lang='lat' dir='ltr'><strong>hominis</strong></span> 
     </span>
    </p>
   </div>
   <div class='ocr_carea' id='block_1_72' title="bbox 619 3886 2183 3968">
    <p class='ocr_par' dir='ltr' id='par_1_72' title="bbox 619 3886 2183 3968">
     <span class='ocr_line' id='line_1_72' title="bbox 619 3886 2183 3968; baseline -0.008 -18"><span class='ocrx_word' id='word_1_547' title='bbox 619 3908 700 3951; x_wconf 84' lang='lat' dir='ltr'><strong>est</strong></span> <span class='ocrx_word' id='word_1_548' title='bbox 724 3940 736 3968; x_wconf 86' lang='lat'><strong>,</strong></span> <span class='ocrx_word' id='word_1_549' title='bbox 768 3912 923 3953; x_wconf 81' lang='lat' dir='ltr'><strong>verus</strong></span> <span class='ocrx_word' id='word_1_550' title='bbox 952 3899 1110 3951; x_wconf 89' lang='lat' dir='ltr'><strong>homo</strong></span> <span class='ocrx_word' id='word_1_551' title='bbox 1150 3896 1321 3951; x_wconf 79' lang='lat' dir='ltr'><strong>factus</strong></span> <span class='ocrx_word' id='word_1_552' title='bbox 1350 3895 1448 3959; x_wconf 89' lang='lat' dir='ltr'><strong>sit,</strong></span> <span class='ocrx_word' id='word_1_553' title='bbox 1481 3901 1535 3947; x_wconf 86' lang='lat' dir='ltr'><strong>et</strong></span> <span class='ocrx_word' id='word_1_554' title='bbox 1562 3899 1833 3960; x_wconf 87' lang='lat' dir='ltr'><strong>assumpta</strong></span> <span class='ocrx_word' id='word_1_555' title='bbox 1862 3886 2183 3947; x_wconf 89' lang='lat' dir='ltr'><strong>humanitas,</strong></span> 
     </span>
    </p>
   </div>
   <div class='ocr_carea' id='block_1_73' title="bbox 621 3980 2188 4060">
    <p class='ocr_par' dir='ltr' id='par_1_73' title="bbox 621 3980 2188 4060">
     <span class='ocr_line' id='line_1_73' title="bbox 621 3980 2188 4060; baseline -0.006 -19"><span class='ocrx_word' id='word_1_556' title='bbox 621 3997 787 4041; x_wconf 76' lang='lat' dir='ltr'><strong>totum</strong></span> <span class='ocrx_word' id='word_1_557' title='bbox 818 3989 1083 4057; x_wconf 88' lang='lat' dir='ltr'><strong>accipiens</strong></span> <span class='ocrx_word' id='word_1_558' title='bbox 1108 3988 1248 4060; x_wconf 89' lang='lat' dir='ltr'><strong>quod</strong></span> <span class='ocrx_word' id='word_1_559' title='bbox 1274 3987 1367 4040; x_wconf 89' lang='lat' dir='ltr'><strong>Dei</strong></span> <span class='ocrx_word' id='word_1_560' title='bbox 1395 3993 1506 4049; x_wconf 87' lang='lat' dir='ltr'><strong>est,</strong></span> <span class='ocrx_word' id='word_1_561' title='bbox 1542 3982 1685 4037; x_wconf 88' lang='lat' dir='ltr'><strong>aliud</strong></span> <span class='ocrx_word' id='word_1_562' title='bbox 1716 3998 1873 4054; x_wconf 90' lang='lat' dir='ltr'><strong>quam</strong></span> <span class='ocrx_word' id='word_1_563' title='bbox 1900 3980 2043 4035; x_wconf 90' lang='lat' dir='ltr'><strong>Deus</strong></span> <span class='ocrx_word' id='word_1_564' title='bbox 2070 3993 2188 4033; x_wconf 89' lang='lat' dir='ltr'><strong>esse</strong></span> 
     </span>
    </p>
   </div>
   <div class='ocr_carea' id='block_1_74' title="bbox 622 4070 2097 4149">
    <p class='ocr_par' dir='ltr' id='par_1_74' title="bbox 622 4070 2097 4149">
     <span class='ocr_line' id='line_1_74' title="bbox 622 4070 2097 4149; baseline -0.008 -21"><span class='ocrx_word' id='word_1_565' title='bbox 622 4091 725 4128; x_wconf 90' lang='lat' dir='ltr'><strong>non</strong></span> <span class='ocrx_word' id='word_1_566' title='bbox 757 4074 943 4149; x_wconf 88' lang='lat' dir='ltr'><strong>possit.</strong></span> <span class='ocrx_word' id='word_1_567' title='bbox 2096 4070 2097 4073; x_wconf 68' lang='lat'>‘</span> 
     </span>
    </p>
   </div>
   <div class='ocr_carea' id='block_1_75' title="bbox 693 4145 2189 4235">
    <p class='ocr_par' dir='ltr' id='par_1_75' title="bbox 693 4145 2189 4235">
     <span class='ocr_line' id='line_1_75' title="bbox 693 4145 2189 4235; baseline -0.005 -17"><span class='ocrx_word' id='word_1_568' title='bbox 693 4145 777 4218; x_wconf 79' lang='lat' dir='ltr'><strong>iV.</strong></span> <span class='ocrx_word' id='word_1_569' title='bbox 818 4163 943 4217; x_wconf 80' lang='lat' dir='ltr'><strong>Milli</strong></span> <span class='ocrx_word' id='word_1_570' title='bbox 990 4172 1202 4235; x_wconf 86' lang='lat' dir='ltr'><strong>quoque</strong></span> <span class='ocrx_word' id='word_1_571' title='bbox 1231 4161 1419 4231; x_wconf 70' lang='lat' dir='ltr'><strong>obiicis</strong></span> <span class='ocrx_word' id='word_1_572' title='bbox 1450 4176 1554 4218; x_wconf 91' lang='lat' dir='ltr'><strong>non</strong></span> <span class='ocrx_word' id='word_1_573' title='bbox 1586 4145 1730 4215; x_wconf 85' lang='lat' dir='ltr'><strong>recte</strong></span> <span class='ocrx_word' id='word_1_574' title='bbox 1769 4157 2095 4213; x_wconf 70' lang='lat' dir='ltr'><strong>intellexisse</strong></span> <span class='ocrx_word' id='word_1_575' title='bbox 2124 4157 2189 4211; x_wconf 87' lang='lat' dir='ltr'><strong>de</strong></span> 
     </span>
    </p>
   </div>
   <div class='ocr_carea' id='block_1_76' title="bbox 625 4248 2186 4323">
    <p class='ocr_par' dir='ltr' id='par_1_76' title="bbox 625 4248 2186 4323">
     <span class='ocr_line' id='line_1_76' title="bbox 625 4248 2186 4323; baseline -0.004 -19"><span class='ocrx_word' id='word_1_576' title='bbox 625 4270 728 4321; x_wconf 88' lang='lat' dir='ltr'><strong>qua</strong></span> <span class='ocrx_word' id='word_1_577' title='bbox 777 4262 967 4307; x_wconf 87' lang='lat' dir='ltr'><strong>natura</strong></span> <span class='ocrx_word' id='word_1_578' title='bbox 1013 4254 1203 4306; x_wconf 90' lang='lat' dir='ltr'><strong>beatus</strong></span> <span class='ocrx_word' id='word_1_579' title='bbox 1245 4252 1537 4323; x_wconf 83' lang='lat' dir='ltr'><strong>Gregorius</strong></span> <span class='ocrx_word' id='word_1_580' title='bbox 1580 4250 1823 4313; x_wconf 73' lang='lat' dir='ltr'><strong>dixisset,</strong></span> <span class='ocrx_word' id='word_1_581' title='bbox 1867 4263 1989 4300; x_wconf 89' lang='lat' dir='ltr'><strong>cum</strong></span> <span class='ocrx_word' id='word_1_582' title='bbox 2021 4248 2186 4300; x_wconf 64' lang='lat' dir='ltr'><strong>aita:</strong></span> 
     </span>
    </p>
   </div>
   <div class='ocr_carea' id='block_1_77' title="bbox 633 4334 2189 4406">
    <p class='ocr_par' dir='ltr' id='par_1_77' title="bbox 633 4334 2189 4406">
     <span class='ocr_line' id='line_1_77' title="bbox 633 4334 2189 4406; baseline -0.003 -14"><span class='ocrx_word' id='word_1_583' title='bbox 633 4362 649 4391; x_wconf 70' lang='grc' dir='ltr'><strong>ι</strong></span> <span class='ocrx_word' id='word_1_584' title='bbox 680 4342 833 4394; x_wconf 81' lang='lat' dir='ltr'><strong>Aliud</strong></span> <span class='ocrx_word' id='word_1_585' title='bbox 862 4348 946 4395; x_wconf 92' lang='lat' dir='ltr'><strong>est</strong></span> <span class='ocrx_word' id='word_1_586' title='bbox 975 4341 1219 4396; x_wconf 83' lang='lat' dir='ltr'><strong>homines</strong></span> <span class='ocrx_word' id='word_1_587' title='bbox 1247 4347 1402 4391; x_wconf 89' lang='lat' dir='ltr'><strong>natos</strong></span> <span class='ocrx_word' id='word_1_588' title='bbox 1430 4340 1659 4406; x_wconf 80' lang='lat' dir='ltr'><strong>gratiam</strong></span> <span class='ocrx_word' id='word_1_589' title='bbox 1700 4335 2001 4403; x_wconf 88' lang='lat' dir='ltr'><strong>adoptionis</strong></span> <span class='ocrx_word' id='word_1_590' title='bbox 2043 4334 2189 4387; x_wconf 87' lang='lat' dir='ltr'><strong>acci-</strong></span> 
     </span>
    </p>
   </div>
   <div class='ocr_carea' id='block_1_78' title="bbox 2354 3145 3842 3220">
    <p class='ocr_par' dir='ltr' id='par_1_78' title="bbox 2354 3145 3842 3220">
     <span class='ocr_line' id='line_1_78' title="bbox 2354 3145 3842 3220; baseline -0.012 -7"><span class='ocrx_word' id='word_1_591' title='bbox 2354 3160 2414 3213; x_wconf 71' lang='grc' dir='ltr'><strong>γ.</strong></span> <span class='ocrx_word' id='word_1_592' title='bbox 2456 3158 2532 3213; x_wconf 90' lang='lat' dir='ltr'><strong>De</strong></span> <span class='ocrx_word' id='word_1_593' title='bbox 2561 3162 2748 3209; x_wconf 88' lang='lat' dir='ltr'><strong>sancto</strong></span> <span class='ocrx_word' id='word_1_594' title='bbox 2773 3167 3004 3220; x_wconf 89' lang='lat' dir='ltr'><strong>namque</strong></span> <span class='ocrx_word' id='word_1_595' title='bbox 3032 3150 3325 3203; x_wconf 82' lang='lat' dir='ltr'><strong>Athanasio</strong></span> <span class='ocrx_word' id='word_1_596' title='bbox 3354 3145 3716 3202; x_wconf 89' lang='lat' dir='ltr'><strong>testimonium</strong></span> <span class='ocrx_word' id='word_1_597' title='bbox 3745 3158 3842 3213; x_wconf 87' lang='lat' dir='ltr'><strong>po-</strong></span> 
     </span>
    </p>
   </div>
   <div class='ocr_carea' id='block_1_79' title="bbox 2283 3236 3840 3317">
    <p class='ocr_par' dir='ltr' id='par_1_79' title="bbox 2283 3236 3840 3317">
     <span class='ocr_line' id='line_1_79' title="bbox 2283 3236 3840 3317; baseline -0.011 -13"><span class='ocrx_word' id='word_1_598' title='bbox 2283 3250 2435 3304; x_wconf 89' lang='lat' dir='ltr'><strong>suisti</strong></span> <span class='ocrx_word' id='word_1_599' title='bbox 2482 3248 2621 3317; x_wconf 90' lang='lat' dir='ltr'><strong>quod</strong></span> <span class='ocrx_word' id='word_1_600' title='bbox 2654 3255 2796 3298; x_wconf 90' lang='lat' dir='ltr'><strong>tuam</strong></span> <span class='ocrx_word' id='word_1_601' title='bbox 2839 3253 3041 3297; x_wconf 88' lang='lat' dir='ltr'><strong>sectam</strong></span> <span class='ocrx_word' id='word_1_602' title='bbox 3080 3241 3311 3295; x_wconf 78' lang='lat' dir='ltr'><strong>maxime</strong></span> <span class='ocrx_word' id='word_1_603' title='bbox 3340 3238 3605 3293; x_wconf 87' lang='lat' dir='ltr'><strong>destruit:</strong></span> <span class='ocrx_word' id='word_1_604' title='bbox 3633 3244 3688 3289; x_wconf 89' lang='lat' dir='ltr'><strong>et</strong></span> <span class='ocrx_word' id='word_1_605' title='bbox 3714 3236 3840 3289; x_wconf 91' lang='lat' dir='ltr'><strong>dum</strong></span> 
     </span>
    </p>
   </div>
   <div class='ocr_carea' id='block_1_80' title="bbox 2284 3324 3844 3406">
    <p class='ocr_par' dir='ltr' id='par_1_80' title="bbox 2284 3324 3844 3406">
     <span class='ocr_line' id='line_1_80' title="bbox 2284 3324 3844 3406; baseline -0.011 -11"><span class='ocrx_word' id='word_1_606' title='bbox 2284 3344 2419 3395; x_wconf 80' lang='lat' dir='ltr'><strong>forte</strong></span> <span class='ocrx_word' id='word_1_607' title='bbox 2460 3338 2783 3406; x_wconf 83' lang='lat' dir='ltr'><strong>intelligeres</strong></span> <span class='ocrx_word' id='word_1_608' title='bbox 2820 3336 3059 3405; x_wconf 70' lang='lat' dir='ltr'><strong>quredam</strong></span> <span class='ocrx_word' id='word_1_609' title='bbox 3091 3332 3143 3385; x_wconf 88' lang='lat' dir='ltr'><strong>in</strong></span> <span class='ocrx_word' id='word_1_610' title='bbox 3190 3330 3304 3397; x_wconf 88' lang='lat' dir='ltr'><strong>ejus</strong></span> <span class='ocrx_word' id='word_1_611' title='bbox 3335 3326 3653 3383; x_wconf 88' lang='lat' dir='ltr'><strong>testimoniis</strong></span> <span class='ocrx_word' id='word_1_612' title='bbox 3683 3324 3844 3379; x_wconf 85' lang='lat' dir='ltr'><strong>verba</strong></span> 
     </span>
    </p>
   </div>
   <div class='ocr_carea' id='block_1_81' title="bbox 2285 3416 3897 3486">
    <p class='ocr_par' dir='ltr' id='par_1_81' title="bbox 2285 3416 3897 3486">
     <span class='ocr_line' id='line_1_81' title="bbox 2285 3416 3897 3486; baseline -0.012 0"><span class='ocrx_word' id='word_1_613' title='bbox 2285 3435 2389 3486; x_wconf 89' lang='lat' dir='ltr'><strong>tuis</strong></span> <span class='ocrx_word' id='word_1_614' title='bbox 2419 3430 2661 3485; x_wconf 87' lang='lat' dir='ltr'><strong>sensibus</strong></span> <span class='ocrx_word' id='word_1_615' title='bbox 2690 3426 2956 3483; x_wconf 88' lang='lat' dir='ltr'><strong>contraria</strong></span> <span class='ocrx_word' id='word_1_616' title='bbox 2989 3438 3124 3485; x_wconf 86' lang='lat' dir='ltr'><strong>esse,</strong></span> <span class='ocrx_word' id='word_1_617' title='bbox 3166 3420 3393 3474; x_wconf 87' lang='lat' dir='ltr'><strong>omisisti</strong></span> <span class='ocrx_word' id='word_1_618' title='bbox 3439 3420 3490 3471; x_wconf 87' lang='lat' dir='ltr'><strong>in</strong></span> <span class='ocrx_word' id='word_1_619' title='bbox 3518 3416 3695 3471; x_wconf 89' lang='lat' dir='ltr'><strong>medio</strong></span> <span class='ocrx_word' id='word_1_620' title='bbox 3725 3430 3843 3483; x_wconf 68' lang='lat' dir='ltr'><strong>qua:</strong></span> <span class='ocrx_word' id='word_1_621' title='bbox 3889 3418 3897 3427; x_wconf 86' lang='lat'><strong>&#39;</strong></span> 
     </span>
    </p>
   </div>
   <div class='ocr_carea' id='block_1_82' title="bbox 2285 3505 3847 3586">
    <p class='ocr_par' dir='ltr' id='par_1_82' title="bbox 2285 3505 3847 3586">
     <span class='ocr_line' id='line_1_82' title="bbox 2285 3505 3847 3586; baseline -0.014 -9"><span class='ocrx_word' id='word_1_622' title='bbox 2285 3524 2381 3586; x_wconf 89' lang='lat' dir='ltr'><strong>ait,</strong></span> <span class='ocrx_word' id='word_1_623' title='bbox 2410 3537 2475 3575; x_wconf 89' lang='lat' dir='ltr'><strong>ne</strong></span> <span class='ocrx_word' id='word_1_624' title='bbox 2505 3528 2690 3583; x_wconf 78' lang='lat' dir='ltr'><strong>contra</strong></span> <span class='ocrx_word' id='word_1_625' title='bbox 2725 3527 2774 3569; x_wconf 91' lang='lat' dir='ltr'><strong>te</strong></span> <span class='ocrx_word' id='word_1_626' title='bbox 2825 3516 2994 3584; x_wconf 89' lang='lat' dir='ltr'><strong>ipsum</strong></span> <span class='ocrx_word' id='word_1_627' title='bbox 3044 3512 3223 3567; x_wconf 84' lang='lat' dir='ltr'><strong>dicere</strong></span> <span class='ocrx_word' id='word_1_628' title='bbox 3257 3508 3533 3563; x_wconf 83' lang='lat' dir='ltr'><strong>videreris.</strong></span> <span class='ocrx_word' id='word_1_629' title='bbox 3580 3505 3847 3561; x_wconf 88' lang='lat' dir='ltr'><strong>Ponamus</strong></span> 
     </span>
    </p>
   </div>
   <div class='ocr_carea' id='block_1_83' title="bbox 2286 3601 3849 3683">
    <p class='ocr_par' dir='ltr' id='par_1_83' title="bbox 2286 3601 3849 3683">
     <span class='ocr_line' id='line_1_83' title="bbox 2286 3601 3849 3683; baseline -0.017 -13"><span class='ocrx_word' id='word_1_630' title='bbox 2286 3617 2465 3683; x_wconf 88' lang='lat' dir='ltr'><strong>itaque</strong></span> <span class='ocrx_word' id='word_1_631' title='bbox 2517 3612 2726 3681; x_wconf 87' lang='lat' dir='ltr'><strong>plenam</strong></span> <span class='ocrx_word' id='word_1_632' title='bbox 2782 3608 2921 3662; x_wconf 89' lang='lat' dir='ltr'><strong>illius</strong></span> <span class='ocrx_word' id='word_1_633' title='bbox 2982 3604 3331 3666; x_wconf 87' lang='lat' dir='ltr'><strong>sententiam,</strong></span> <span class='ocrx_word' id='word_1_634' title='bbox 3404 3608 3464 3653; x_wconf 90' lang='lat' dir='ltr'><strong>ut</strong></span> <span class='ocrx_word' id='word_1_635' title='bbox 3530 3601 3849 3665; x_wconf 73' lang='lat' dir='ltr'><strong>agnoscatur</strong></span> 
     </span>
    </p>
   </div>
   <div class='ocr_carea' id='block_1_84' title="bbox 2285 3688 3849 3774">
    <p class='ocr_par' dir='ltr' id='par_1_84' title="bbox 2285 3688 3849 3774">
     <span class='ocr_line' id='line_1_84' title="bbox 2285 3688 3849 3774; baseline -0.015 -15"><span class='ocrx_word' id='word_1_636' title='bbox 2285 3715 2481 3774; x_wconf 88' lang='lat' dir='ltr'><strong>quanta</strong></span> <span class='ocrx_word' id='word_1_637' title='bbox 2515 3702 2714 3757; x_wconf 88' lang='lat' dir='ltr'><strong>malitia</strong></span> <span class='ocrx_word' id='word_1_638' title='bbox 2761 3696 3025 3751; x_wconf 87' lang='lat' dir='ltr'><strong>abstulisti</strong></span> <span class='ocrx_word' id='word_1_639' title='bbox 3056 3694 3197 3763; x_wconf 91' lang='lat' dir='ltr'><strong>quod</strong></span> <span class='ocrx_word' id='word_1_640' title='bbox 3230 3688 3535 3745; x_wconf 77' lang='lat' dir='ltr'><strong>firmissime</strong></span> <span class='ocrx_word' id='word_1_641' title='bbox 3571 3693 3756 3738; x_wconf 87' lang='lat' dir='ltr'><strong>contra</strong></span> <span class='ocrx_word' id='word_1_642' title='bbox 3796 3691 3849 3737; x_wconf 90' lang='lat' dir='ltr'><strong>te</strong></span> 
     </span>
    </p>
   </div>
   <div class='ocr_carea' id='block_1_85' title="bbox 2288 3772 3846 3862">
    <p class='ocr_par' dir='ltr' id='par_1_85' title="bbox 2288 3772 3846 3862">
     <span class='ocr_line' id='line_1_85' title="bbox 2288 3772 3846 3862; baseline -0.016 -16"><span class='ocrx_word' id='word_1_643' title='bbox 2288 3772 2405 3846; x_wconf 81' lang='lat' dir='ltr'><strong>esse</strong></span> <span class='ocrx_word' id='word_1_644' title='bbox 2425 3792 2657 3862; x_wconf 88' lang='lat' dir='ltr'><strong>positum</strong></span> <span class='ocrx_word' id='word_1_645' title='bbox 2675 3787 2985 3853; x_wconf 80' lang='lat' dir='ltr'><strong>intelligitur</strong></span> <span class='ocrx_word' id='word_1_646' title='bbox 3005 3782 3082 3851; x_wconf 90' lang='lat' dir='ltr'><strong>(S.</strong></span> <span class='ocrx_word' id='word_1_647' title='bbox 3102 3781 3323 3841; x_wconf 70' lang='lat' dir='ltr'><strong>Atinam,</strong></span> <span class='ocrx_word' id='word_1_648' title='bbox 3344 3778 3490 3846; x_wconf 74' lang='lat' dir='ltr'><strong>epist.</strong></span> <span class='ocrx_word' id='word_1_649' title='bbox 3514 3774 3580 3827; x_wconf 87' lang='lat' dir='ltr'><strong>ad</strong></span> <span class='ocrx_word' id='word_1_650' title='bbox 3604 3772 3846 3841; x_wconf 67' lang='lat' dir='ltr'><strong>EpicteL,</strong></span> 
     </span>
    </p>
   </div>
   <div class='ocr_carea' id='block_1_86' title="bbox 2289 3860 3844 3940">
    <p class='ocr_par' dir='ltr' id='par_1_86' title="bbox 2289 3860 3844 3940">
     <span class='ocr_line' id='line_1_86' title="bbox 2289 3860 3844 3940; baseline -0.017 -3"><span class='ocrx_word' id='word_1_651' title='bbox 2289 3860 2445 3937; x_wconf 69' lang='lat'><strong>11.2).</strong></span> <span class='ocrx_word' id='word_1_652' title='bbox 2481 3896 2497 3925; x_wconf 76' lang='grc' dir='ltr'><strong>Ι</strong></span> <span class='ocrx_word' id='word_1_653' title='bbox 2527 3873 2801 3940; x_wconf 91' lang='lat' dir='ltr'><strong>Quomodo</strong></span> <span class='ocrx_word' id='word_1_654' title='bbox 2828 3879 3038 3931; x_wconf 89' lang='lat' dir='ltr'><strong>autem,</strong></span> <span class='ocrx_word' id='word_1_655' title='bbox 3065 3867 3266 3935; x_wconf 91' lang='lat' dir='ltr'><strong>inquit,</strong></span> <span class='ocrx_word' id='word_1_656' title='bbox 3312 3864 3585 3931; x_wconf 82' lang='lat' dir='ltr'><strong>ambigere</strong></span> <span class='ocrx_word' id='word_1_657' title='bbox 3628 3860 3844 3923; x_wconf 88' lang='lat' dir='ltr'><strong>audent,</strong></span> 
     </span>
    </p>
   </div>
   <div class='ocr_carea' id='block_1_87' title="bbox 2289 3952 3899 4039">
    <p class='ocr_par' dir='ltr' id='par_1_87' title="bbox 2289 3952 3899 4039">
     <span class='ocr_line' id='line_1_87' title="bbox 2289 3952 3899 4039; baseline -0.013 -18"><span class='ocrx_word' id='word_1_658' title='bbox 2289 3970 2380 4039; x_wconf 90' lang='lat' dir='ltr'><strong>qui</strong></span> <span class='ocrx_word' id='word_1_659' title='bbox 2417 3968 2663 4021; x_wconf 85' lang='lat' dir='ltr'><strong>dicuntur</strong></span> <span class='ocrx_word' id='word_1_660' title='bbox 2707 3958 3026 4023; x_wconf 89' lang='lat' dir='ltr'><strong>Christiani,</strong></span> <span class='ocrx_word' id='word_1_661' title='bbox 3069 3958 3133 4021; x_wconf 91' lang='lat' dir='ltr'><strong>si,</strong></span> <span class='ocrx_word' id='word_1_662' title='bbox 3167 3956 3255 4025; x_wconf 85' lang='lat' dir='ltr'><strong>qui</strong></span> <span class='ocrx_word' id='word_1_663' title='bbox 3282 3971 3347 4009; x_wconf 86' lang='lat' dir='ltr'><strong>ex</strong></span> <span class='ocrx_word' id='word_1_664' title='bbox 3396 3953 3560 4008; x_wconf 86' lang='lat' dir='ltr'><strong>Maria</strong></span> <span class='ocrx_word' id='word_1_665' title='bbox 3588 3952 3850 4024; x_wconf 84' lang='lat' dir='ltr'><strong>processit</strong></span> <span class='ocrx_word' id='word_1_666' title='bbox 3882 3984 3899 3999; x_wconf 88' lang='lat'><strong>.</strong></span> 
     </span>
    </p>
   </div>
   <div class='ocr_carea' id='block_1_88' title="bbox 2290 4041 3847 4123">
    <p class='ocr_par' dir='ltr' id='par_1_88' title="bbox 2290 4041 3847 4123">
     <span class='ocr_line' id='line_1_88' title="bbox 2290 4041 3847 4123; baseline -0.013 -10"><span class='ocrx_word' id='word_1_667' title='bbox 2290 4058 2453 4123; x_wconf 89' lang='lat' dir='ltr'><strong>Deus,</strong></span> <span class='ocrx_word' id='word_1_668' title='bbox 2501 4055 2668 4111; x_wconf 88' lang='lat' dir='ltr'><strong>Filius</strong></span> <span class='ocrx_word' id='word_1_669' title='bbox 2696 4052 2909 4122; x_wconf 90' lang='lat' dir='ltr'><strong>quidem</strong></span> <span class='ocrx_word' id='word_1_670' title='bbox 2951 4057 3139 4102; x_wconf 89' lang='lat' dir='ltr'><strong>natura</strong></span> <span class='ocrx_word' id='word_1_671' title='bbox 3184 4055 3235 4099; x_wconf 89' lang='lat' dir='ltr'><strong>et</strong></span> <span class='ocrx_word' id='word_1_672' title='bbox 3278 4042 3574 4099; x_wconf 87' lang='lat' dir='ltr'><strong>substantia</strong></span> <span class='ocrx_word' id='word_1_673' title='bbox 3618 4041 3708 4095; x_wconf 82' lang='lat' dir='ltr'><strong>Dei</strong></span> <span class='ocrx_word' id='word_1_674' title='bbox 3743 4048 3847 4100; x_wconf 71' lang='lat' dir='ltr'><strong>est,</strong></span> 
     </span>
    </p>
   </div>
   <div class='ocr_carea' id='block_1_89' title="bbox 2290 4132 3847 4207">
    <p class='ocr_par' dir='ltr' id='par_1_89' title="bbox 2290 4132 3847 4207">
     <span class='ocr_line' id='line_1_89' title="bbox 2290 4132 3847 4207; baseline -0.014 -5"><span class='ocrx_word' id='word_1_675' title='bbox 2290 4147 2579 4204; x_wconf 87' lang='lat' dir='ltr'><strong>secundum</strong></span> <span class='ocrx_word' id='word_1_676' title='bbox 2627 4158 2840 4207; x_wconf 81' lang='lat' dir='ltr'><strong>carnem</strong></span> <span class='ocrx_word' id='word_1_677' title='bbox 2885 4148 3061 4197; x_wconf 85' lang='lat' dir='ltr'><strong>autem</strong></span> <span class='ocrx_word' id='word_1_678' title='bbox 3090 4152 3153 4193; x_wconf 83' lang='lat' dir='ltr'><strong>ex</strong></span> <span class='ocrx_word' id='word_1_679' title='bbox 3199 4135 3401 4189; x_wconf 90' lang='lat' dir='ltr'><strong>semine</strong></span> <span class='ocrx_word' id='word_1_680' title='bbox 3432 4132 3597 4187; x_wconf 89' lang='lat' dir='ltr'><strong>David</strong></span> <span class='ocrx_word' id='word_1_681' title='bbox 3626 4139 3739 4192; x_wconf 85' lang='lat' dir='ltr'><strong>est,</strong></span> <span class='ocrx_word' id='word_1_682' title='bbox 3782 4143 3847 4181; x_wconf 74' lang='lat' dir='ltr'><strong>ex</strong></span> 
     </span>
    </p>
   </div>
   <div class='ocr_carea' id='block_1_90' title="bbox 2290 4218 3849 4290">
    <p class='ocr_par' dir='ltr' id='par_1_90' title="bbox 2290 4218 3849 4290">
     <span class='ocr_line' id='line_1_90' title="bbox 2290 4218 3849 4290; baseline -0.014 0"><span class='ocrx_word' id='word_1_683' title='bbox 2290 4251 2452 4290; x_wconf 88' lang='lat' dir='ltr'><strong>carne</strong></span> <span class='ocrx_word' id='word_1_684' title='bbox 2481 4245 2658 4289; x_wconf 72' lang='lat' dir='ltr'><strong>autem</strong></span> <span class='ocrx_word' id='word_1_685' title='bbox 2702 4238 2897 4285; x_wconf 76' lang='lat' dir='ltr'><strong>saneta:</strong></span> <span class='ocrx_word' id='word_1_686' title='bbox 2935 4227 3144 4281; x_wconf 68' lang='lat' dir='ltr'><strong>Marias?</strong></span> <span class='ocrx_word' id='word_1_687' title='bbox 3175 4246 3191 4276; x_wconf 78' lang='grc' dir='ltr'><strong>ι</strong></span> <span class='ocrx_word' id='word_1_688' title='bbox 3224 4226 3334 4278; x_wconf 85' lang='lat' dir='ltr'><strong>Hoc</strong></span> <span class='ocrx_word' id='word_1_689' title='bbox 3362 4231 3537 4277; x_wconf 86' lang='lat' dir='ltr'><strong>autem</strong></span> <span class='ocrx_word' id='word_1_690' title='bbox 3577 4218 3717 4287; x_wconf 91' lang='lat' dir='ltr'><strong>quod</strong></span> <span class='ocrx_word' id='word_1_691' title='bbox 3760 4230 3849 4270; x_wconf 88' lang='lat' dir='ltr'><strong>se-</strong></span> 
     </span>
    </p>
   </div>
   <div class='ocr_carea' id='block_1_91' title="bbox 2293 4302 3853 4394">
    <p class='ocr_par' dir='ltr' id='par_1_91' title="bbox 2293 4302 3853 4394">
     <span class='ocr_line' id='line_1_91' title="bbox 2293 4302 3853 4394; baseline -0.013 -18"><span class='ocrx_word' id='word_1_692' title='bbox 2293 4326 2474 4394; x_wconf 87' lang='lat' dir='ltr'><strong>quitur</strong></span> <span class='ocrx_word' id='word_1_693' title='bbox 2525 4320 2773 4379; x_wconf 73' lang='lat' dir='ltr'><strong>tacuisti,</strong></span> <span class='ocrx_word' id='word_1_694' title='bbox 2812 4318 2987 4386; x_wconf 23' lang='lat' dir='ltr'><strong>quod.</strong></span> <span class='ocrx_word' id='word_1_695' title='bbox 3023 4324 3126 4369; x_wconf 73' lang='lat' dir='ltr'><strong>tua:</strong></span> <span class='ocrx_word' id='word_1_696' title='bbox 3183 4310 3485 4368; x_wconf 74' lang='lat' dir='ltr'><strong>ﬁrmissime</strong></span> <span class='ocrx_word' id='word_1_697' title='bbox 3531 4302 3853 4359; x_wconf 88' lang='lat' dir='ltr'><strong>contradicit</strong></span> 
     </span>
    </p>
   </div>
   <div class='ocr_carea' id='block_1_92' title="bbox 626 4385 3851 4498">
    <p class='ocr_par' dir='ltr' id='par_1_92' title="bbox 626 4385 3851 4498">
     <span class='ocr_line' id='line_1_92' title="bbox 626 4385 3851 4498; baseline -0.011 -17"><span class='ocrx_word' id='word_1_698' title='bbox 626 4445 771 4497; x_wconf 80' lang='lat' dir='ltr'><strong>pere,</strong></span> <span class='ocrx_word' id='word_1_699' title='bbox 804 4429 948 4483; x_wconf 88' lang='lat' dir='ltr'><strong>aliud</strong></span> <span class='ocrx_word' id='word_1_700' title='bbox 977 4443 1141 4481; x_wconf 90' lang='lat' dir='ltr'><strong>unum</strong></span> <span class='ocrx_word' id='word_1_701' title='bbox 1170 4385 1510 4496; x_wconf 46' lang='lat' dir='ltr'><strong>singulariter</strong></span> <span class='ocrx_word' id='word_1_702' title='bbox 1536 4438 1633 4498; x_wconf 88' lang='lat' dir='ltr'><strong>per</strong></span> <span class='ocrx_word' id='word_1_703' title='bbox 1675 4385 1968 4476; x_wconf 75' lang='lat' dir='ltr'><strong>diviliitatis</strong></span> <span class='ocrx_word' id='word_1_704' title='bbox 2004 4431 2192 4489; x_wconf 76' lang='lat' dir='ltr'><strong>poten-</strong></span> <span class='ocrx_word' id='word_1_705' title='bbox 2220 4385 2265 4441; x_wconf 68' lang='grc' dir='ltr'>θ</span> <span class='ocrx_word' id='word_1_706' title='bbox 2292 4423 2468 4467; x_wconf 62' lang='lat' dir='ltr'><strong>secta}.</strong></span> <span class='ocrx_word' id='word_1_707' title='bbox 2505 4429 2521 4459; x_wconf 72' lang='grc' dir='ltr'><strong>ι</strong></span> <span class='ocrx_word' id='word_1_708' title='bbox 2550 4408 2686 4478; x_wconf 90' lang='lat' dir='ltr'><strong>Quid</strong></span> <span class='ocrx_word' id='word_1_709' title='bbox 2713 4385 2889 4459; x_wconf 77' lang='lat' dir='ltr'><strong>autem</strong></span> <span class='ocrx_word' id='word_1_710' title='bbox 2921 4412 3097 4473; x_wconf 88' lang='lat' dir='ltr'><strong>putas,</strong></span> <span class='ocrx_word' id='word_1_711' title='bbox 3120 4402 3220 4463; x_wconf 91' lang='lat' dir='ltr'><strong>ais,</strong></span> <span class='ocrx_word' id='word_1_712' title='bbox 3253 4397 3521 4453; x_wconf 87' lang='lat' dir='ltr'><strong>temerarii</strong></span> <span class='ocrx_word' id='word_1_713' title='bbox 3553 4394 3679 4449; x_wconf 83' lang='lat' dir='ltr'><strong>facti</strong></span> <span class='ocrx_word' id='word_1_714' title='bbox 3704 4402 3851 4456; x_wconf 77' lang='lat' dir='ltr'><strong>sunt.</strong></span> 
     </span>
    </p>
   </div>
   <div class='ocr_carea' id='block_1_93' title="bbox 628 4483 3850 4592">
    <p class='ocr_par' dir='ltr' id='par_1_93' title="bbox 628 4483 3850 4592">
     <span class='ocr_line' id='line_1_93' title="bbox 628 4483 3850 4592; baseline -0.012 -15"><span class='ocrx_word' id='word_1_715' title='bbox 628 4520 753 4573; x_wconf 85' lang='lat' dir='ltr'><strong>tiam</strong></span> <span class='ocrx_word' id='word_1_716' title='bbox 785 4521 949 4572; x_wconf 87' lang='lat' dir='ltr'><strong>Deum</strong></span> <span class='ocrx_word' id='word_1_717' title='bbox 977 4533 1040 4572; x_wconf 79' lang='lat' dir='ltr'><strong>ex</strong></span> <span class='ocrx_word' id='word_1_718' title='bbox 1075 4510 1189 4592; x_wconf 71' lang='lat' dir='ltr'><strong>ipsi)</strong></span> <span class='ocrx_word' id='word_1_719' title='bbox 1228 4483 1484 4584; x_wconf 65' lang='lat' dir='ltr'><strong>conceptu</strong></span> <span class='ocrx_word' id='word_1_720' title='bbox 1514 4483 1809 4583; x_wconf 72' lang='lat' dir='ltr'><strong>prodiisse:</strong></span> <span class='ocrx_word' id='word_1_721' title='bbox 1843 4531 1861 4561; x_wconf 75' lang='grc' dir='ltr'><strong>ι</strong></span> <span class='ocrx_word' id='word_1_722' title='bbox 1897 4511 1962 4564; x_wconf 86' lang='grc' dir='ltr'><strong>Ει</strong></span> <span class='ocrx_word' id='word_1_723' title='bbox 1991 4483 2191 4581; x_wconf 72' lang='lat' dir='ltr'><strong>gratias</strong></span> <span class='ocrx_word' id='word_1_724' title='bbox 2289 4510 2346 4555; x_wconf 89' lang='lat' dir='ltr'><strong>ut</strong></span> <span class='ocrx_word' id='word_1_725' title='bbox 2372 4501 2611 4555; x_wconf 84' lang='lat' dir='ltr'><strong>dicerent</strong></span> <span class='ocrx_word' id='word_1_726' title='bbox 2644 4490 2931 4559; x_wconf 83' lang='lat' dir='ltr'><strong>Christum,</strong></span> <span class='ocrx_word' id='word_1_727' title='bbox 2963 4491 3052 4563; x_wconf 87' lang='lat' dir='ltr'><strong>qui</strong></span> <span class='ocrx_word' id='word_1_728' title='bbox 3081 4504 3240 4544; x_wconf 88' lang='lat' dir='ltr'><strong>carne</strong></span> <span class='ocrx_word' id='word_1_729' title='bbox 3266 4502 3455 4558; x_wconf 84' lang='lat' dir='ltr'><strong>passus</strong></span> <span class='ocrx_word' id='word_1_730' title='bbox 3484 4495 3568 4541; x_wconf 88' lang='lat' dir='ltr'><strong>est</strong></span> <span class='ocrx_word' id='word_1_731' title='bbox 3589 4494 3644 4567; x_wconf 84' lang='lat' dir='ltr'><strong>et</strong></span> <span class='ocrx_word' id='word_1_732' title='bbox 3671 4483 3850 4539; x_wconf 87' lang='lat' dir='ltr'><strong>cruci-</strong></span> 
     </span>
    </p>
   </div>
   <div class='ocr_carea' id='block_1_94' title="bbox 628 4571 3857 4678">
    <p class='ocr_par' dir='ltr' id='par_1_94' title="bbox 628 4571 3857 4678">
     <span class='ocr_line' id='line_1_94' title="bbox 628 4571 3857 4678; baseline -0.012 -15"><span class='ocrx_word' id='word_1_733' title='bbox 628 4609 741 4678; x_wconf 77' lang='lat' dir='ltr'><strong>agis</strong></span> <span class='ocrx_word' id='word_1_734' title='bbox 767 4608 908 4677; x_wconf 90' lang='lat' dir='ltr'><strong>quod</strong></span> <span class='ocrx_word' id='word_1_735' title='bbox 939 4615 993 4661; x_wconf 89' lang='lat' dir='ltr'><strong>tu</strong></span> <span class='ocrx_word' id='word_1_736' title='bbox 1018 4571 1261 4660; x_wconf 72' lang='lat' dir='ltr'><strong>eamdem</strong></span> <span class='ocrx_word' id='word_1_737' title='bbox 1306 4605 1625 4659; x_wconf 84' lang='lat' dir='ltr'><strong>sententiam</strong></span> <span class='ocrx_word' id='word_1_738' title='bbox 1670 4603 1860 4657; x_wconf 89' lang='lat' dir='ltr'><strong>melius</strong></span> <span class='ocrx_word' id='word_1_739' title='bbox 1894 4599 2189 4675; x_wconf 75' lang='lat' dir='ltr'><strong>intellexis-</strong></span> <span class='ocrx_word' id='word_1_740' title='bbox 2288 4592 2447 4654; x_wconf 75' lang='lat' dir='ltr'><strong>ﬁxus,</strong></span> <span class='ocrx_word' id='word_1_741' title='bbox 2477 4604 2580 4644; x_wconf 89' lang='lat' dir='ltr'><strong>non</strong></span> <span class='ocrx_word' id='word_1_742' title='bbox 2609 4602 2726 4641; x_wconf 90' lang='lat' dir='ltr'><strong>esse</strong></span> <span class='ocrx_word' id='word_1_743' title='bbox 2752 4585 3035 4641; x_wconf 89' lang='lat' dir='ltr'><strong>Dominum</strong></span> <span class='ocrx_word' id='word_1_744' title='bbox 3056 4580 3386 4635; x_wconf 86' lang='lat' dir='ltr'><strong>Salvatorem</strong></span> <span class='ocrx_word' id='word_1_745' title='bbox 3416 4587 3468 4632; x_wconf 89' lang='lat' dir='ltr'><strong>et</strong></span> <span class='ocrx_word' id='word_1_746' title='bbox 3489 4576 3656 4630; x_wconf 88' lang='lat' dir='ltr'><strong>Deum</strong></span> <span class='ocrx_word' id='word_1_747' title='bbox 3683 4581 3737 4627; x_wconf 88' lang='lat' dir='ltr'><strong>et</strong></span> <span class='ocrx_word' id='word_1_748' title='bbox 3766 4571 3857 4626; x_wconf 77' lang='lat' dir='ltr'><strong>Fi-</strong></span> 
     </span>
    </p>
   </div>
   <div class='ocr_carea' id='block_1_95' title="bbox 628 4660 3851 4769">
    <p class='ocr_par' dir='ltr' id='par_1_95' title="bbox 628 4660 3851 4769">
     <span class='ocr_line' id='line_1_95' title="bbox 628 4660 3851 4769; baseline -0.014 -13"><span class='ocrx_word' id='word_1_749' title='bbox 628 4716 735 4764; x_wconf 73' lang='lat' dir='ltr'><strong>srs,</strong></span> <span class='ocrx_word' id='word_1_750' title='bbox 758 4712 984 4769; x_wconf 85' lang='lat' dir='ltr'><strong>eamque</strong></span> <span class='ocrx_word' id='word_1_751' title='bbox 1006 4697 1071 4750; x_wconf 92' lang='lat' dir='ltr'><strong>de</strong></span> <span class='ocrx_word' id='word_1_752' title='bbox 1091 4697 1387 4757; x_wconf 86' lang='lat' dir='ltr'><strong>divinitate,</strong></span> <span class='ocrx_word' id='word_1_753' title='bbox 1410 4711 1513 4749; x_wconf 91' lang='lat' dir='ltr'><strong>non</strong></span> <span class='ocrx_word' id='word_1_754' title='bbox 1542 4696 1607 4749; x_wconf 93' lang='lat' dir='ltr'><strong>de</strong></span> <span class='ocrx_word' id='word_1_755' title='bbox 1636 4695 1969 4751; x_wconf 83' lang='lat' dir='ltr'><strong>humanitate</strong></span> <span class='ocrx_word' id='word_1_756' title='bbox 1995 4666 2190 4745; x_wconf 80' lang='lat' dir='ltr'><strong>dictam</strong></span> <span class='ocrx_word' id='word_1_757' title='bbox 2288 4684 2415 4739; x_wconf 88' lang='lat' dir='ltr'><strong>lium</strong></span> <span class='ocrx_word' id='word_1_758' title='bbox 2439 4679 2653 4741; x_wconf 75' lang='lat' dir='ltr'><strong>Patris?</strong></span> <span class='ocrx_word' id='word_1_759' title='bbox 2670 4678 2768 4733; x_wconf 78' lang='lat' dir='ltr'><strong>Aut</strong></span> <span class='ocrx_word' id='word_1_760' title='bbox 2786 4673 3051 4747; x_wconf 86' lang='lat' dir='ltr'><strong>quomodo</strong></span> <span class='ocrx_word' id='word_1_761' title='bbox 3066 4671 3336 4741; x_wconf 81' lang='lat' dir='ltr'><strong>Christum</strong></span> <span class='ocrx_word' id='word_1_762' title='bbox 3358 4667 3541 4721; x_wconf 87' lang='lat' dir='ltr'><strong>volunt</strong></span> <span class='ocrx_word' id='word_1_763' title='bbox 3561 4660 3851 4762; x_wconf 74' lang='lat' dir='ltr'><strong>nominari,</strong></span> 
     </span>
    </p>
   </div>
   <div class='ocr_carea' id='block_1_96' title="bbox 628 4782 2192 4855">
    <p class='ocr_par' dir='ltr' id='par_1_96' title="bbox 628 4782 2192 4855">
     <span class='ocr_line' id='line_1_96' title="bbox 628 4782 2192 4855; baseline -0.01 -8"><span class='ocrx_word' id='word_1_764' title='bbox 628 4808 745 4847; x_wconf 87' lang='lat' dir='ltr'><strong>esse</strong></span> <span class='ocrx_word' id='word_1_765' title='bbox 777 4789 1029 4844; x_wconf 73' lang='lat' dir='ltr'><strong>afﬁrmas.</strong></span> <span class='ocrx_word' id='word_1_766' title='bbox 1061 4786 1164 4841; x_wconf 89' lang='lat' dir='ltr'><strong>Sed</strong></span> <span class='ocrx_word' id='word_1_767' title='bbox 1192 4787 1313 4855; x_wconf 86' lang='lat' dir='ltr'><strong>quis</strong></span> <span class='ocrx_word' id='word_1_768' title='bbox 1338 4788 1408 4839; x_wconf 91' lang='lat' dir='ltr'><strong>sit</strong></span> <span class='ocrx_word' id='word_1_769' title='bbox 1431 4786 1522 4855; x_wconf 91' lang='lat' dir='ltr'><strong>qui</strong></span> <span class='ocrx_word' id='word_1_770' title='bbox 1556 4801 1652 4855; x_wconf 85' lang='lat' dir='ltr'><strong>per</strong></span> <span class='ocrx_word' id='word_1_771' title='bbox 1680 4785 1972 4853; x_wconf 80' lang='lat' dir='ltr'><strong>potentiam</strong></span> <span class='ocrx_word' id='word_1_772' title='bbox 2002 4782 2192 4836; x_wconf 85' lang='lat' dir='ltr'><strong>divini-</strong></span> 
     </span>
    </p>
   </div>
   <div class='ocr_carea' id='block_1_97' title="bbox 627 4871 2185 4949">
    <p class='ocr_par' dir='ltr' id='par_1_97' title="bbox 627 4871 2185 4949">
     <span class='ocr_line' id='line_1_97' title="bbox 627 4871 2185 4949; baseline -0.01 -11"><span class='ocrx_word' id='word_1_773' title='bbox 627 4884 753 4937; x_wconf 85' lang='lat' dir='ltr'><strong>tatis</strong></span> <span class='ocrx_word' id='word_1_774' title='bbox 771 4883 911 4937; x_wconf 89' lang='lat' dir='ltr'><strong>Deus</strong></span> <span class='ocrx_word' id='word_1_775' title='bbox 934 4888 1223 4948; x_wconf 85' lang='lat' dir='ltr'><strong>conceptus</strong></span> <span class='ocrx_word' id='word_1_776' title='bbox 1247 4878 1335 4940; x_wconf 91' lang='lat' dir='ltr'><strong>sit,</strong></span> <span class='ocrx_word' id='word_1_777' title='bbox 1362 4891 1607 4949; x_wconf 78' lang='lat' dir='ltr'><strong>agnosce.</strong></span> <span class='ocrx_word' id='word_1_778' title='bbox 1624 4875 1759 4931; x_wconf 82' lang='lat' dir='ltr'><strong>Nam</strong></span> <span class='ocrx_word' id='word_1_779' title='bbox 1780 4876 1845 4927; x_wconf 91' lang='lat' dir='ltr'><strong>de</strong></span> <span class='ocrx_word' id='word_1_780' title='bbox 1866 4874 2043 4929; x_wconf 90' lang='lat' dir='ltr'><strong>divina</strong></span> <span class='ocrx_word' id='word_1_781' title='bbox 2066 4871 2185 4924; x_wconf 83' lang='lat' dir='ltr'><strong>Filii</strong></span> 
     </span>
    </p>
   </div>
   <div class='ocr_carea' id='block_1_98' title="bbox 627 4962 2189 5035">
    <p class='ocr_par' dir='ltr' id='par_1_98' title="bbox 627 4962 2189 5035">
     <span class='ocr_line' id='line_1_98' title="bbox 627 4962 2189 5035; baseline -0.01 -11"><span class='ocrx_word' id='word_1_782' title='bbox 627 4970 725 5024; x_wconf 90' lang='lat' dir='ltr'><strong>Dei</strong></span> <span class='ocrx_word' id='word_1_783' title='bbox 752 4970 1028 5026; x_wconf 83' lang='lat' dir='ltr'><strong>divinitate</strong></span> <span class='ocrx_word' id='word_1_784' title='bbox 1072 4968 1177 5023; x_wconf 90' lang='lat' dir='ltr'><strong>dici</strong></span> <span class='ocrx_word' id='word_1_785' title='bbox 1224 4965 1491 5035; x_wconf 88' lang='lat' dir='ltr'><strong>quomodo</strong></span> <span class='ocrx_word' id='word_1_786' title='bbox 1531 4971 1725 5032; x_wconf 86' lang='lat' dir='ltr'><strong>potest,</strong></span> <span class='ocrx_word' id='word_1_787' title='bbox 1756 4962 1897 5034; x_wconf 86' lang='lat' dir='ltr'><strong>quod</strong></span> <span class='ocrx_word' id='word_1_788' title='bbox 1932 4968 2189 5029; x_wconf 88' lang='lat' dir='ltr'><strong>conceptu</strong></span> 
     </span>
    </p>
   </div>
   <div class='ocr_carea' id='block_1_99' title="bbox 630 5052 2192 5129">
    <p class='ocr_par' dir='ltr' id='par_1_99' title="bbox 630 5052 2192 5129">
     <span class='ocr_line' id='line_1_99' title="bbox 630 5052 2192 5129; baseline -0.008 -17"><span class='ocrx_word' id='word_1_789' title='bbox 630 5059 950 5129; x_wconf 71' lang='lat' dir='ltr'><strong>prodiisset?</strong></span> <span class='ocrx_word' id='word_1_790' title='bbox 978 5060 1118 5114; x_wconf 87' lang='lat' dir='ltr'><strong>Deus</strong></span> <span class='ocrx_word' id='word_1_791' title='bbox 1147 5058 1287 5112; x_wconf 86' lang='lat' dir='ltr'><strong>enim</strong></span> <span class='ocrx_word' id='word_1_792' title='bbox 1314 5054 1505 5110; x_wconf 85' lang='lat' dir='ltr'><strong>Filium</strong></span> <span class='ocrx_word' id='word_1_793' title='bbox 1548 5069 1701 5107; x_wconf 88' lang='lat' dir='ltr'><strong>suum</strong></span> <span class='ocrx_word' id='word_1_794' title='bbox 1746 5052 2071 5121; x_wconf 84' lang='lat' dir='ltr'><strong>unigenitum</strong></span> <span class='ocrx_word' id='word_1_795' title='bbox 2102 5064 2192 5121; x_wconf 82' lang='lat' dir='ltr'><strong>ge-</strong></span> 
     </span>
    </p>
   </div>
   <div class='ocr_carea' id='block_1_100' title="bbox 632 5143 2193 5216">
    <p class='ocr_par' dir='ltr' id='par_1_100' title="bbox 632 5143 2193 5216">
     <span class='ocr_line' id='line_1_100' title="bbox 632 5143 2193 5216; baseline -0.01 -12"><span class='ocrx_word' id='word_1_796' title='bbox 632 5149 774 5216; x_wconf 83' lang='lat' dir='ltr'><strong>nuit;</strong></span> <span class='ocrx_word' id='word_1_797' title='bbox 818 5167 921 5205; x_wconf 90' lang='lat' dir='ltr'><strong>non</strong></span> <span class='ocrx_word' id='word_1_798' title='bbox 969 5169 1033 5206; x_wconf 80' lang='lat' dir='ltr'><strong>ex</strong></span> <span class='ocrx_word' id='word_1_799' title='bbox 1092 5151 1315 5206; x_wconf 82' lang='lat' dir='ltr'><strong>alterius</strong></span> <span class='ocrx_word' id='word_1_800' title='bbox 1361 5153 1619 5214; x_wconf 88' lang='lat' dir='ltr'><strong>conceptu</strong></span> <span class='ocrx_word' id='word_1_801' title='bbox 1672 5143 1985 5215; x_wconf 71' lang='lat' dir='ltr'><strong>cuiuslibet;</strong></span> <span class='ocrx_word' id='word_1_802' title='bbox 2035 5148 2193 5209; x_wconf 83' lang='lat' dir='ltr'><strong>atque</strong></span> 
     </span>
    </p>
   </div>
   <div class='ocr_carea' id='block_1_101' title="bbox 632 5230 2193 5311">
    <p class='ocr_par' dir='ltr' id='par_1_101' title="bbox 632 5230 2193 5311">
     <span class='ocr_line' id='line_1_101' title="bbox 632 5230 2193 5311; baseline -0.008 -17"><span class='ocrx_word' id='word_1_803' title='bbox 632 5240 875 5294; x_wconf 88' lang='lat' dir='ltr'><strong>eumdem</strong></span> <span class='ocrx_word' id='word_1_804' title='bbox 903 5241 1066 5311; x_wconf 76' lang='lat' dir='ltr'><strong>Virgo</strong></span> <span class='ocrx_word' id='word_1_805' title='bbox 1098 5255 1253 5294; x_wconf 83' lang='lat' dir='ltr'><strong>sacra</strong></span> <span class='ocrx_word' id='word_1_806' title='bbox 1277 5241 1340 5294; x_wconf 89' lang='lat' dir='ltr'><strong>de</strong></span> <span class='ocrx_word' id='word_1_807' title='bbox 1372 5239 1573 5308; x_wconf 87' lang='lat' dir='ltr'><strong>Spiritu</strong></span> <span class='ocrx_word' id='word_1_808' title='bbox 1612 5246 1799 5291; x_wconf 86' lang='lat' dir='ltr'><strong>sancto</strong></span> <span class='ocrx_word' id='word_1_809' title='bbox 1830 5233 2094 5300; x_wconf 84' lang='lat' dir='ltr'><strong>concepit,</strong></span> <span class='ocrx_word' id='word_1_810' title='bbox 2127 5230 2193 5282; x_wconf 78' lang='lat' dir='ltr'><strong>de</strong></span> 
     </span>
    </p>
   </div>
   <div class='ocr_carea' id='block_1_102' title="bbox 631 5324 2197 5403">
    <p class='ocr_par' dir='ltr' id='par_1_102' title="bbox 631 5324 2197 5403">
     <span class='ocr_line' id='line_1_102' title="bbox 631 5324 2197 5403; baseline -0.008 -20"><span class='ocrx_word' id='word_1_811' title='bbox 631 5344 733 5403; x_wconf 86' lang='lat' dir='ltr'><strong>qua</strong></span> <span class='ocrx_word' id='word_1_812' title='bbox 762 5330 873 5400; x_wconf 84' lang='lat' dir='ltr'><strong>ipse</strong></span> <span class='ocrx_word' id='word_1_813' title='bbox 898 5329 1066 5385; x_wconf 73' lang='lat' dir='ltr'><strong>Filius</strong></span> <span class='ocrx_word' id='word_1_814' title='bbox 1094 5330 1185 5383; x_wconf 88' lang='lat' dir='ltr'><strong>Dei</strong></span> <span class='ocrx_word' id='word_1_815' title='bbox 1206 5370 1220 5392; x_wconf 86' lang='lat'><strong>,</strong></span> <span class='ocrx_word' id='word_1_816' title='bbox 1249 5331 1400 5397; x_wconf 82' lang='lat' dir='ltr'><strong>quasi</strong></span> <span class='ocrx_word' id='word_1_817' title='bbox 1429 5341 1656 5399; x_wconf 78' lang='lat' dir='ltr'><strong>Sponsus</strong></span> <span class='ocrx_word' id='word_1_818' title='bbox 1687 5327 1751 5380; x_wconf 86' lang='lat' dir='ltr'><strong>de</strong></span> <span class='ocrx_word' id='word_1_819' title='bbox 1785 5324 2039 5379; x_wconf 86' lang='lat' dir='ltr'><strong>thalamo,</strong></span> <span class='ocrx_word' id='word_1_820' title='bbox 2073 5333 2197 5386; x_wconf 79' lang='lat' dir='ltr'><strong>pro-</strong></span> 
     </span>
    </p>
   </div>
   <div class='ocr_carea' id='block_1_103' title="bbox 633 5408 2195 5491">
    <p class='ocr_par' dir='ltr' id='par_1_103' title="bbox 633 5408 2195 5491">
     <span class='ocr_line' id='line_1_103' title="bbox 633 5408 2195 5491; baseline -0.01 -19"><span class='ocrx_word' id='word_1_821' title='bbox 633 5420 809 5472; x_wconf 84' lang='lat' dir='ltr'><strong>cessit.</strong></span> <span class='ocrx_word' id='word_1_822' title='bbox 839 5418 943 5471; x_wconf 90' lang='lat' dir='ltr'><strong>Aut</strong></span> <span class='ocrx_word' id='word_1_823' title='bbox 968 5434 1089 5489; x_wconf 73' lang='lat' dir='ltr'><strong>qua:</strong></span> <span class='ocrx_word' id='word_1_824' title='bbox 1131 5425 1319 5470; x_wconf 81' lang='lat' dir='ltr'><strong>natura</strong></span> <span class='ocrx_word' id='word_1_825' title='bbox 1345 5432 1440 5489; x_wconf 89' lang='lat' dir='ltr'><strong>per</strong></span> <span class='ocrx_word' id='word_1_826' title='bbox 1470 5416 1762 5491; x_wconf 85' lang='lat' dir='ltr'><strong>potentiam</strong></span> <span class='ocrx_word' id='word_1_827' title='bbox 1802 5412 1891 5465; x_wconf 82' lang='lat' dir='ltr'><strong>Dei</strong></span> <span class='ocrx_word' id='word_1_828' title='bbox 1938 5408 2075 5460; x_wconf 81' lang='lat' dir='ltr'><strong>facta</strong></span> <span class='ocrx_word' id='word_1_829' title='bbox 2112 5414 2195 5458; x_wconf 79' lang='lat' dir='ltr'><strong>est</strong></span> 
     </span>
    </p>
   </div>
   <div class='ocr_carea' id='block_1_104' title="bbox 634 5503 2196 5579">
    <p class='ocr_par' dir='ltr' id='par_1_104' title="bbox 634 5503 2196 5579">
     <span class='ocr_line' id='line_1_104' title="bbox 634 5503 2196 5579; baseline -0.012 -13"><span class='ocrx_word' id='word_1_830' title='bbox 634 5511 772 5579; x_wconf 79' lang='lat' dir='ltr'><strong>quod</strong></span> <span class='ocrx_word' id='word_1_831' title='bbox 810 5510 926 5564; x_wconf 82' lang='lat' dir='ltr'><strong>est?</strong></span> <span class='ocrx_word' id='word_1_832' title='bbox 955 5510 1033 5564; x_wconf 83' lang='lat' dir='ltr'><strong>An</strong></span> <span class='ocrx_word' id='word_1_833' title='bbox 1074 5507 1160 5563; x_wconf 84' lang='lat' dir='ltr'><strong>illa</strong></span> <span class='ocrx_word' id='word_1_834' title='bbox 1205 5523 1299 5577; x_wconf 91' lang='lat' dir='ltr'><strong>per</strong></span> <span class='ocrx_word' id='word_1_835' title='bbox 1330 5522 1486 5576; x_wconf 87' lang='lat' dir='ltr'><strong>quam</strong></span> <span class='ocrx_word' id='word_1_836' title='bbox 1514 5506 1690 5562; x_wconf 62' lang='lat' dir='ltr'><strong>omnia</strong></span> <span class='ocrx_word' id='word_1_837' title='bbox 1733 5503 1872 5556; x_wconf 82' lang='lat' dir='ltr'><strong>facta</strong></span> <span class='ocrx_word' id='word_1_838' title='bbox 1917 5506 2057 5558; x_wconf 90' lang='lat' dir='ltr'><strong>sunt,</strong></span> <span class='ocrx_word' id='word_1_839' title='bbox 2105 5503 2196 5549; x_wconf 90' lang='lat' dir='ltr'><strong>aut</strong></span> 
     </span>
    </p>
   </div>
   <div class='ocr_carea' id='block_1_105' title="bbox 2290 4751 3851 4847">
    <p class='ocr_par' dir='ltr' id='par_1_105' title="bbox 2290 4751 3851 4847">
     <span class='ocr_line' id='line_1_105' title="bbox 2290 4751 3851 4847; baseline -0.018 -17"><span class='ocrx_word' id='word_1_840' title='bbox 2290 4776 2379 4847; x_wconf 91' lang='lat' dir='ltr'><strong>qui</strong></span> <span class='ocrx_word' id='word_1_841' title='bbox 2420 4775 2601 4828; x_wconf 89' lang='lat' dir='ltr'><strong>dicunt</strong></span> <span class='ocrx_word' id='word_1_842' title='bbox 2629 4770 2679 4823; x_wconf 88' lang='lat' dir='ltr'><strong>in</strong></span> <span class='ocrx_word' id='word_1_843' title='bbox 2710 4766 2977 4822; x_wconf 88' lang='lat' dir='ltr'><strong>hominem</strong></span> <span class='ocrx_word' id='word_1_844' title='bbox 3010 4762 3310 4834; x_wconf 82' lang='lat' dir='ltr'><strong>[sanctum,</strong></span> <span class='ocrx_word' id='word_1_845' title='bbox 3343 4756 3562 4828; x_wconf 87' lang='lat' dir='ltr'><strong>perinde</strong></span> <span class='ocrx_word' id='word_1_846' title='bbox 3597 4761 3757 4821; x_wconf 83' lang='lat' dir='ltr'><strong>atque</strong></span> <span class='ocrx_word' id='word_1_847' title='bbox 3797 4751 3851 4804; x_wconf 89' lang='lat' dir='ltr'><strong>in</strong></span> 
     </span>
    </p>
   </div>
   <div class='ocr_carea' id='block_1_106' title="bbox 2293 4841 3854 4931">
    <p class='ocr_par' dir='ltr' id='par_1_106' title="bbox 2293 4841 3854 4931">
     <span class='ocr_line' id='line_1_106' title="bbox 2293 4841 3854 4931; baseline -0.017 -14"><span class='ocrx_word' id='word_1_848' title='bbox 2293 4841 2454 4921; x_wconf 77' lang='lat' dir='ltr'><strong>unum</strong></span> <span class='ocrx_word' id='word_1_849' title='bbox 2485 4857 2863 4931; x_wconf 80' lang='lat' dir='ltr'><strong>prophetarum</strong></span> <span class='ocrx_word' id='word_1_850' title='bbox 2882 4854 3109 4911; x_wconf 88' lang='lat' dir='ltr'><strong>.venisse</strong></span> <span class='ocrx_word' id='word_1_851' title='bbox 3136 4848 3401 4919; x_wconf 55' lang='lat' dir='ltr'><strong>Verbum,</strong></span> <span class='ocrx_word' id='word_1_852' title='bbox 3434 4858 3529 4898; x_wconf 87' lang='lat' dir='ltr'><strong>nec</strong></span> <span class='ocrx_word' id='word_1_853' title='bbox 3555 4842 3726 4911; x_wconf 89' lang='lat' dir='ltr'><strong>ipsum</strong></span> <span class='ocrx_word' id='word_1_854' title='bbox 3758 4841 3854 4894; x_wconf 85' lang='lat' dir='ltr'><strong>ho-</strong></span> 
     </span>
    </p>
   </div>
   <div class='ocr_carea' id='block_1_107' title="bbox 2296 4932 3855 5023">
    <p class='ocr_par' dir='ltr' id='par_1_107' title="bbox 2296 4932 3855 5023">
     <span class='ocr_line' id='line_1_107' title="bbox 2296 4932 3855 5023; baseline -0.016 -16"><span class='ocrx_word' id='word_1_855' title='bbox 2296 4951 2515 5023; x_wconf 81' lang='lat' dir='ltr'><strong>minem]</strong></span> <span class='ocrx_word' id='word_1_856' title='bbox 2548 4952 2765 5012; x_wconf 83' lang='lat' dir='ltr'><strong>factum,</strong></span> <span class='ocrx_word' id='word_1_857' title='bbox 2798 4936 3095 5001; x_wconf 83' lang='lat' dir='ltr'><strong>sumentem</strong></span> <span class='ocrx_word' id='word_1_858' title='bbox 3126 4955 3190 5001; x_wconf 75' lang='lat' dir='ltr'><strong>ex</strong></span> <span class='ocrx_word' id='word_1_859' title='bbox 3222 4937 3384 4995; x_wconf 68' lang='lat' dir='ltr'><strong>Maria</strong></span> <span class='ocrx_word' id='word_1_860' title='bbox 3412 4949 3632 5002; x_wconf 84' lang='lat' dir='ltr'><strong>corpus;</strong></span> <span class='ocrx_word' id='word_1_861' title='bbox 3665 4934 3755 4986; x_wconf 89' lang='lat' dir='ltr'><strong>sed</strong></span> <span class='ocrx_word' id='word_1_862' title='bbox 3779 4932 3855 4984; x_wconf 87' lang='lat' dir='ltr'><strong>al-</strong></span> 
     </span>
    </p>
   </div>
   <div class='ocr_carea' id='block_1_108' title="bbox 2297 5024 3855 5101">
    <p class='ocr_par' dir='ltr' id='par_1_108' title="bbox 2297 5024 3855 5101">
     <span class='ocr_line' id='line_1_108' title="bbox 2297 5024 3855 5101; baseline -0.012 -6"><span class='ocrx_word' id='word_1_863' title='bbox 2297 5052 2467 5099; x_wconf 86' lang='lat' dir='ltr'><strong>terum</strong></span> <span class='ocrx_word' id='word_1_864' title='bbox 2496 5055 2613 5096; x_wconf 88' lang='lat' dir='ltr'><strong>esse</strong></span> <span class='ocrx_word' id='word_1_865' title='bbox 2640 5038 2931 5101; x_wconf 84' lang='lat' dir='ltr'><strong>Christum,</strong></span> <span class='ocrx_word' id='word_1_866' title='bbox 2954 5042 3009 5088; x_wconf 92' lang='lat' dir='ltr'><strong>et</strong></span> <span class='ocrx_word' id='word_1_867' title='bbox 3041 5032 3266 5086; x_wconf 84' lang='lat' dir='ltr'><strong>alterum</strong></span> <span class='ocrx_word' id='word_1_868' title='bbox 3311 5026 3403 5082; x_wconf 87' lang='lat' dir='ltr'><strong>Dei</strong></span> <span class='ocrx_word' id='word_1_869' title='bbox 3438 5025 3687 5086; x_wconf 76' lang='lat' dir='ltr'><strong>Verbum,</strong></span> <span class='ocrx_word' id='word_1_870' title='bbox 3713 5024 3855 5092; x_wconf 78' lang='lat' dir='ltr'><strong>quod</strong></span> 
     </span>
    </p>
   </div>
   <div class='ocr_carea' id='block_1_109' title="bbox 2298 5113 3857 5197">
    <p class='ocr_par' dir='ltr' id='par_1_109' title="bbox 2298 5113 3857 5197">
     <span class='ocr_line' id='line_1_109' title="bbox 2298 5113 3857 5197; baseline -0.012 -12"><span class='ocrx_word' id='word_1_871' title='bbox 2298 5140 2421 5197; x_wconf 87' lang='lat' dir='ltr'><strong>ante</strong></span> <span class='ocrx_word' id='word_1_872' title='bbox 2452 5130 2690 5190; x_wconf 80' lang='lat' dir='ltr'><strong>Mariam,</strong></span> <span class='ocrx_word' id='word_1_873' title='bbox 2720 5137 2774 5181; x_wconf 89' lang='lat' dir='ltr'><strong>et</strong></span> <span class='ocrx_word' id='word_1_874' title='bbox 2794 5134 2915 5179; x_wconf 87' lang='lat' dir='ltr'><strong>ante</strong></span> <span class='ocrx_word' id='word_1_875' title='bbox 2945 5121 3137 5177; x_wconf 63' lang='lat' dir='ltr'><strong>satcula</strong></span> <span class='ocrx_word' id='word_1_876' title='bbox 3163 5117 3329 5175; x_wconf 88' lang='lat' dir='ltr'><strong>Filius</strong></span> <span class='ocrx_word' id='word_1_877' title='bbox 3355 5115 3617 5173; x_wconf 71' lang='lat' dir='ltr'><strong>existebat</strong></span> <span class='ocrx_word' id='word_1_878' title='bbox 3647 5113 3857 5167; x_wconf 80' lang='lat' dir='ltr'><strong>Patris?</strong></span> 
     </span>
    </p>
   </div>
   <div class='ocr_carea' id='block_1_110' title="bbox 2300 5207 3861 5294">
    <p class='ocr_par' dir='ltr' id='par_1_110' title="bbox 2300 5207 3861 5294">
     <span class='ocr_line' id='line_1_110' title="bbox 2300 5207 3861 5294; baseline -0.012 -19"><span class='ocrx_word' id='word_1_879' title='bbox 2300 5223 2403 5276; x_wconf 89' lang='lat' dir='ltr'><strong>Aut</strong></span> <span class='ocrx_word' id='word_1_880' title='bbox 2444 5221 2709 5294; x_wconf 88' lang='lat' dir='ltr'><strong>quomodo</strong></span> <span class='ocrx_word' id='word_1_881' title='bbox 2753 5232 2871 5270; x_wconf 87' lang='lat' dir='ltr'><strong>esse</strong></span> <span class='ocrx_word' id='word_1_882' title='bbox 2909 5211 3195 5268; x_wconf 84' lang='lat' dir='ltr'><strong>Christiani</strong></span> <span class='ocrx_word' id='word_1_883' title='bbox 3243 5218 3494 5278; x_wconf 88' lang='lat' dir='ltr'><strong>possunt,</strong></span> <span class='ocrx_word' id='word_1_884' title='bbox 3539 5208 3630 5280; x_wconf 91' lang='lat' dir='ltr'><strong>qui</strong></span> <span class='ocrx_word' id='word_1_885' title='bbox 3672 5207 3861 5261; x_wconf 88' lang='lat' dir='ltr'><strong>dicunt</strong></span> 
     </span>
    </p>
   </div>
   <div class='ocr_carea' id='block_1_111' title="bbox 2299 5296 3859 5370">
    <p class='ocr_par' dir='ltr' id='par_1_111' title="bbox 2299 5296 3859 5370">
     <span class='ocr_line' id='line_1_111' title="bbox 2299 5296 3859 5370; baseline -0.005 -6"><span class='ocrx_word' id='word_1_886' title='bbox 2299 5313 2457 5367; x_wconf 89' lang='lat' dir='ltr'><strong>alium</strong></span> <span class='ocrx_word' id='word_1_887' title='bbox 2484 5327 2600 5366; x_wconf 87' lang='lat' dir='ltr'><strong>esse</strong></span> <span class='ocrx_word' id='word_1_888' title='bbox 2630 5310 2837 5370; x_wconf 82' lang='lat' dir='ltr'><strong>Filium_</strong></span> <span class='ocrx_word' id='word_1_889' title='bbox 2868 5306 3027 5360; x_wconf 88' lang='lat' dir='ltr'><strong>alium</strong></span> <span class='ocrx_word' id='word_1_890' title='bbox 3069 5302 3158 5355; x_wconf 91' lang='lat' dir='ltr'><strong>Dei</strong></span> <span class='ocrx_word' id='word_1_891' title='bbox 3202 5300 3364 5370; x_wconf 75' lang='lat'><strong>850</strong></span> <span class='ocrx_word' id='word_1_892' title='bbox 3388 5300 3655 5357; x_wconf 74' lang='lat' dir='ltr'><strong>Verbum?</strong></span> <span class='ocrx_word' id='word_1_893' title='bbox 3680 5319 3700 5349; x_wconf 79' lang='grc' dir='ltr'><strong>ι</strong></span> <span class='ocrx_word' id='word_1_894' title='bbox 3734 5296 3859 5356; x_wconf 55' lang='lat' dir='ltr'><strong>Hac</strong></span> 
     </span>
    </p>
   </div>
   <div class='ocr_carea' id='block_1_112' title="bbox 2298 5388 3854 5469">
    <p class='ocr_par' dir='ltr' id='par_1_112' title="bbox 2298 5388 3854 5469">
     <span class='ocr_line' id='line_1_112' title="bbox 2298 5388 3854 5469; baseline -0.008 -16"><span class='ocrx_word' id='word_1_895' title='bbox 2298 5403 2532 5465; x_wconf 69' lang='lat' dir='ltr'><strong>tacuisti,</strong></span> <span class='ocrx_word' id='word_1_896' title='bbox 2569 5410 2624 5459; x_wconf 77' lang='lat' dir='ltr'><strong>et</strong></span> <span class='ocrx_word' id='word_1_897' title='bbox 2650 5396 2927 5469; x_wconf 83' lang='lat' dir='ltr'><strong>sequentia</strong></span> <span class='ocrx_word' id='word_1_898' title='bbox 2956 5394 3187 5466; x_wconf 77' lang='lat' dir='ltr'><strong>ejusdem</strong></span> <span class='ocrx_word' id='word_1_899' title='bbox 3219 5395 3493 5450; x_wconf 67' lang='lat' dir='ltr'><strong>sententia“:</strong></span> <span class='ocrx_word' id='word_1_900' title='bbox 3522 5388 3854 5463; x_wconf 82' lang='lat' dir='ltr'><strong>assumpsisti</strong></span> 
     </span>
    </p>
   </div>
   <div class='ocr_carea' id='block_1_113' title="bbox 2296 5481 3857 5553">
    <p class='ocr_par' dir='ltr' id='par_1_113' title="bbox 2296 5481 3857 5553">
     <span class='ocr_line' id='line_1_113' title="bbox 2296 5481 3857 5553; baseline -0.011 -6"><span class='ocrx_word' id='word_1_901' title='bbox 2296 5493 2391 5546; x_wconf 90' lang='lat' dir='ltr'><strong>tibi</strong></span> <span class='ocrx_word' id='word_1_902' title='bbox 2420 5497 2471 5545; x_wconf 88' lang='lat' dir='ltr'><strong>in</strong></span> <span class='ocrx_word' id='word_1_903' title='bbox 2504 5490 2782 5549; x_wconf 80' lang='lat' dir='ltr'><strong>auxilium,</strong></span> <span class='ocrx_word' id='word_1_904' title='bbox 2810 5500 2927 5553; x_wconf 73' lang='lat' dir='ltr'><strong>qua:</strong></span> <span class='ocrx_word' id='word_1_905' title='bbox 2951 5492 3003 5537; x_wconf 88' lang='lat' dir='ltr'><strong>et</strong></span> <span class='ocrx_word' id='word_1_906' title='bbox 3029 5484 3140 5552; x_wconf 87' lang='lat' dir='ltr'><strong>ipsa</strong></span> <span class='ocrx_word' id='word_1_907' title='bbox 3172 5483 3340 5536; x_wconf 88' lang='lat' dir='ltr'><strong>valide</strong></span> <span class='ocrx_word' id='word_1_908' title='bbox 3371 5481 3465 5536; x_wconf 89' lang='lat' dir='ltr'><strong>tibi</strong></span> <span class='ocrx_word' id='word_1_909' title='bbox 3497 5496 3612 5535; x_wconf 85' lang='lat' dir='ltr'><strong>esse</strong></span> <span class='ocrx_word' id='word_1_910' title='bbox 3646 5489 3857 5534; x_wconf 84' lang='lat' dir='ltr'><strong>contra—</strong></span> 
     </span>
    </p>
   </div>
   <div class='ocr_carea' id='block_1_114' title="bbox 708 5590 3613 5692">
    <p class='ocr_par' dir='ltr' id='par_1_114' title="bbox 708 5590 3613 5692">
     <span class='ocr_line' id='line_1_114' title="bbox 708 5590 3613 5692; baseline -0.009 -20"><span class='ocrx_word' id='word_1_911' title='bbox 708 5639 729 5672; x_wconf 86' lang='grc' dir='ltr'><strong>ι</strong></span> <span class='ocrx_word' id='word_1_912' title='bbox 764 5624 821 5681; x_wconf 81' lang='lat' dir='ltr'><strong>S.</strong></span> <span class='ocrx_word' id='word_1_913' title='bbox 849 5626 1007 5692; x_wconf 59' lang='lat' dir='ltr'><strong>Grca.</strong></span> <span class='ocrx_word' id='word_1_914' title='bbox 1031 5626 1119 5681; x_wconf 79' lang='lat' dir='ltr'><strong>iiii.</strong></span> <span class='ocrx_word' id='word_1_915' title='bbox 1140 5642 1266 5681; x_wconf 76' lang='lat' dir='ltr'><strong>xvul</strong></span> <span class='ocrx_word' id='word_1_916' title='bbox 1296 5622 1500 5685; x_wconf 76' lang='lat' dir='ltr'><strong>Moral.,</strong></span> <span class='ocrx_word' id='word_1_917' title='bbox 1525 5636 1639 5690; x_wconf 81' lang='lat' dir='ltr'><strong>cap.</strong></span> <span class='ocrx_word' id='word_1_918' title='bbox 1668 5616 1754 5679; x_wconf 64' lang='grc' dir='ltr'><strong>δί,</strong></span> <span class='ocrx_word' id='word_1_919' title='bbox 1783 5613 1999 5667; x_wconf 87' lang='lat' dir='ltr'><strong>citatum</strong></span> <span class='ocrx_word' id='word_1_920' title='bbox 2024 5611 2088 5665; x_wconf 88' lang='lat' dir='ltr'><strong>ab</strong></span> <span class='ocrx_word' id='word_1_921' title='bbox 2113 5606 2333 5664; x_wconf 83' lang='lat' dir='ltr'><strong>Alcuiuo</strong></span> <span class='ocrx_word' id='word_1_922' title='bbox 2359 5606 2409 5657; x_wconf 91' lang='lat' dir='ltr'><strong>in</strong></span> <span class='ocrx_word' id='word_1_923' title='bbox 2438 5604 2591 5674; x_wconf 85' lang='lat' dir='ltr'><strong>epist.</strong></span> <span class='ocrx_word' id='word_1_924' title='bbox 2621 5599 2684 5652; x_wconf 90' lang='lat' dir='ltr'><strong>ad</strong></span> <span class='ocrx_word' id='word_1_925' title='bbox 2712 5596 2962 5660; x_wconf 73' lang='lat' dir='ltr'><strong>Felicem,</strong></span> <span class='ocrx_word' id='word_1_926' title='bbox 2992 5610 3042 5647; x_wconf 92' lang='lat' dir='ltr'><strong>n.</strong></span> <span class='ocrx_word' id='word_1_927' title='bbox 3076 5594 3150 5657; x_wconf 89' lang='lat' dir='ltr'><strong>l0,</strong></span> <span class='ocrx_word' id='word_1_928' title='bbox 3183 5610 3339 5663; x_wconf 84' lang='lat' dir='ltr'><strong>supra</strong></span> <span class='ocrx_word' id='word_1_929' title='bbox 3366 5592 3467 5648; x_wconf 89' lang='lat' dir='ltr'><strong>col.</strong></span> <span class='ocrx_word' id='word_1_930' title='bbox 3499 5590 3613 5647; x_wconf 66' lang='grc' dir='ltr'><strong>ω.</strong></span> 
     </span>
    </p>
   </div>
  </div>
