4238 6258
441 341 583 429 an

479 575 644 631 verba
683 575 907 628 dicentis
952 569 1139 643 (Ibid.)
1169 591 1184 627 :
1216 590 1236 623 ι
1263 571 1378 628 Νοιι
1404 585 1503 642 per
1543 573 1878 641 adoptionem
1915 571 2030 625 haec

479 661 622 720 facta
651 670 794 726 sunt,
822 660 994 726 absit;
1021 660 1161 717 sicut
1186 656 1399 730 quidam
1429 661 1893 733 existimaverunt;
1935 659 2030 712 sed

481 755 620 810 sicut
642 761 725 808 est
758 753 975 818 veritas,
1006 754 1220 808 homine
1248 751 1386 808 facto
1416 751 1712 817 Salvatore,
1749 752 1911 805 totius
1936 750 2032 803 hu-

480 843 625 899 mani
651 843 862 912 generis
889 843 1033 897 salus
1061 843 1200 897 facta
1221 852 1322 898 est.
1355 842 1411 897 Si
1439 844 1582 899 enim
1608 843 1889 912 adoptione
1913 848 2031 896 erat

482 932 538 986 in
583 945 808 1000 corpore
856 931 1088 985 Verbum
1137 931 1425 987 secundum
1473 932 1616 996 illos,
1667 930 1806 999 quod
1851 937 2031 982 autem

481 1022 768 1090 adoptione
793 1021 1009 1084 dicitur,
1036 1021 1314 1089 phantasia
1342 1029 1456 1084 est,
1500 1020 1765 1090 reperitur
1792 1026 1845 1072 et
1870 1026 2028 1086 puta-

483 1111 589 1165 tive
611 1111 772 1166 salus.
795 1131 814 1163 ι
841 1111 1068 1164 Videsne
1092 1126 1250 1179 quam
1277 1110 1566 1165 fortissimo
1588 1111 1754 1164 ariete
1785 1107 2031 1161 falsitatis

483 1211 590 1256 tua:
615 1217 827 1256 murum
858 1202 956 1255 iste
987 1201 1393 1269 probatissimus
1419 1197 1690 1255 catholicae
1729 1198 1849 1252 ﬁdei
1878 1197 2032 1252 miles

357 1273 380 1289 ‘
482 1291 745 1348 destruit?
764 1292 852 1345 Ait
873 1291 1087 1360 itaque:
1118 1310 1137 1342 ι
1167 1291 1302 1358 Quid
1329 1300 1526 1356 autem,
1552 1291 1741 1360 putas?
1761 1288 2031 1344 temerarii

485 1379 615 1437 facti
661 1388 814 1445 sunt,
845 1390 904 1434 ut
939 1381 1177 1435 dicerent
1201 1380 1493 1444 Christum,
1520 1381 1610 1450 qui
1656 1395 1817 1434 carne
1844 1392 2033 1449 passus

485 1478 571 1526 est
595 1478 650 1525 et
673 1469 976 1534 cruciﬁxus,
1007 1483 1111 1524 non
1139 1483 1260 1524 esse
1299 1469 1584 1524 Dominum
1623 1469 1952 1522 Salvatorem
1979 1474 2036 1521 et

485 1558 651 1614 Deum
679 1568 735 1614 et
755 1559 951 1614 Filium
979 1559 1168 1615 Patris.
1193 1579 1211 1612 ι
1242 1560 1379 1615 Ecce
1422 1564 1697 1630 perspicue
1722 1557 2034 1613 temerarios

482 1661 578 1701 eos
597 1662 717 1703 esse
743 1655 950 1718 reputat
970 1649 1059 1718 qui
1085 1657 1280 1718 negant
1305 1649 1583 1703 Dominum
1604 1657 1661 1702 et
1680 1647 2032 1712 Salvatorem,

484 1741 537 1788 et
565 1735 753 1801 Deum,
778 1744 832 1790 et
857 1735 1050 1791 Filium
1077 1736 1252 1792 Patris
1276 1752 1392 1792 esse
1434 1736 1578 1790 illum
1616 1736 1705 1806 qui
1748 1734 2036 1790 cruciﬁxus

1167 359 1571 426 DUGMATICzi.
1611 399 1680 410 --
1716 367 1871 426 ADV.
1910 366 2201 423 FELICEM
2241 367 2415 421 LIBRI
2456 369 2560 422 VII.
2598 399 2666 408 —
2704 369 2829 423 LIB.
2876 371 2985 425 VII.

2292 52 2323 57 4,,
2372 44 2497 59 γνμρηί,
2532 56 2555 59 η
2586 52 2613 57 Η
2660 44 2779 55 ...μυ
2845 42 2848 44 ~
2892 44 2895 45 ν
3202 50 3205 51 ν
3292 44 3297 45 ν
3395 42 4067 70 W3

1764 78 1771 81 .
1798 74 1819 81 γρ
1834 72 1915 83 ’Σινά
2266 58 2479 89 ’LM
2517 73 2598 88 ,θα-ε’
2617 77 2632 84 -
2645 75 2650 78 -
2669 71 2676 76 '
2691 71 2710 76 "
2729 71 2734 74 '
2839 65 2864 76 "
2927 65 2949 90 ,⁵
3045 65 3052 68 ’
3181 63 3188 66 ’
3203 83 3208 88 .
3319 61 3338 86 .-
3451 77 3466 84 λ
3503 65 3630 90 _‘;:;':-
3649 77 3710 90 ...ιτ
3745 71 3762 88 τι
3807 61 3908 92 εἷέ⁶δ
3923 73 3954 94 θ’

1385 105 1648 119 -ιιι-α-ρ
1755 109 1766 112 -
1925 99 1928 102 ’
1989 97 1998 112 τ
2023 107 2042 112 -~
2077 95 2134 123 -.;'
3701 87 3762 112 με.
3731 111 3754 116 _
3799 81 3962 118 γ’ἄν
3983 87 4067 116 ειν-συ.

1321 113 1338 116 -
1653 111 1716 120 μ...-
1729 103 1988 121 -τ-σιδ-αιεμο
2005 113 2068 122 ..—.
2109 105 2154 122 --ἐ
2773 119 2802 124 -
3159 127 3162 130 ,
3217 125 3248 130 .-
3363 107 3376 116 ‘
3455 105 4016 134 ῃΜθ-α-ι

3565 379 3668 436 218

477 484 560 541 ria
605 481 983 552 intelliguntur.
1039 481 1196 536 Ponis
1238 481 1478 550 ejusdem
1529 481 1702 536 Patris
1747 481 2024 536 Athanasii
2050 482 2100 540 Α
2127 478 2180 532 in
2223 478 2506 548 Evangelio
2533 480 2732 534 dictum
2769 491 2881 546 est,
2917 497 3025 550 quo
3053 493 3106 536 tu
3137 486 3435 543 testimonio
3477 492 3670 560 saepius

2084 567 2090 584 '
2129 571 2330 624 uteris:
2356 567 2424 622 Et
2465 571 2684 625 vidim’us
2712 572 2927 642 gloriam
2955 574 3084 642 ejus,
3114 576 3330 645 gloriam
3369 582 3516 649 quasi
3539 579 3669 636 Uni-

2128 660 2283 726 geniti
2308 675 2340 712 a
2373 658 2552 724 Patre,
2582 660 2787 730 plenum
2831 664 3010 731 gratia:
3046 673 3093 716 et
3142 667 3366 720 veritatis
3412 668 3590 737 (Joan.
3617 685 3669 735 ι,

2130 748 2216 817 ii)
2242 765 2254 800 :
2279 754 2335 801 et
2358 747 2512 812 dicis,
2553 768 2571 800 ι
2599 751 2822 818 gratiam
2855 751 2920 804 ad
2966 748 3344 808 humanitatem
3385 757 3666 824 pertinere.

2131 836 2405 889 veritatem
2448 851 2575 890 vero
2598 837 2665 890 ad
2693 837 3042 892 divinitatem.
3066 859 3082 890 ι
3127 839 3322 894 Tamen
3350 842 3488 895 idem
3513 858 3673 897 evan-

2106 927 2312 996 gelista
2335 935 2518 992 unum,
2541 928 2868 998 unigenitum
2895 944 3017 983 eum
3043 931 3350 994 nominavit,
3379 933 3432 985 in
3461 948 3566 1000 quo
3591 942 3674 987 est

2129 1015 2418 1072 secundum
2458 1015 2853 1084 intelligentiam
2899 1027 3043 1071 tuam
3085 1019 3253 1087 gratia
3291 1030 3345 1074 et
3371 1023 3585 1090 veritas,
3617 1023 3668 1077 id

2129 1117 2229 1172 est,
2261 1107 2485 1160 duarum
2513 1113 2842 1169 naturarum,
2866 1113 2924 1158 ut
2949 1122 3044 1160 nos
3084 1107 3398 1160 conﬁtemur
3418 1118 3470 1161 et
3506 1109 3676 1163 credi-

2129 1213 2271 1259 mus,
2316 1194 2573 1249 mirabilis
2616 1195 2865 1249 adunatio
2907 1197 2960 1249 in
2994 1212 3152 1270 unam
3193 1212 3471 1267 personam
3527 1207 3581 1253 et
3619 1198 3674 1253 in

2131 1305 2288 1344 unam
2313 1288 2433 1342 Filii
2461 1288 2554 1341 Dei
2582 1287 2937 1342 dilectionem.

2200 1377 2309 1433 VII.
2337 1375 2571 1430 Alteram
2603 1390 2815 1445 quoque
2853 1376 3206 1446 evangelicam
3236 1363 3550 1432 sententiam
3584 1391 3680 1447 po-

2128 1467 2282 1521 suisti
2307 1481 2428 1521 cum
2449 1465 2778 1536 expositione
2798 1466 2936 1520 beati
2963 1467 3240 1535 Augustini
3271 1468 3450 1522 dicens
3477 1467 3674 1538 (Tract.

2130 1573 2197 1612 cx
2220 1558 2274 1609 in
2304 1554 2490 1621 10am,
2515 1572 2568 1609 n.
2595 1555 2650 1625 5)
2677 1573 2690 1608 :
2723 1574 2741 1606 ι
2766 1555 2833 1608 Et
2861 1543 3104 1618 dilexisti,
3133 1558 3318 1626 inquit,
3344 1575 3448 1620 eos,
3471 1561 3603 1612 sicut
3629 1570 3678 1613 et

2131 1661 2211 1698 me
2237 1643 2482 1698 dilexisti.
2511 1643 2569 1699 In
2595 1644 2729 1698 Filio
2770 1647 2963 1714 quippe
3006 1661 3102 1699 nos
3145 1645 3301 1699 Pater
3327 1647 3527 1716 diligit,
3557 1650 3678 1715 quia

2136 1735 2190 1788 in
2233 1735 2346 1804 ipso
2378 1748 2476 1788 nos
2517 1733 2675 1802 elegit
2713 1743 2837 1788 ante
2884 1736 3310 1790 constitutionem
3356 1740 3555 1792 mundi.
3579 1738 3680 1804 Qui

481 1833 596 1888 est;
627 1840 725 1880 nec
750 1825 869 1881 illos
888 1825 1218 1882 Christianos
1235 1827 1466 1886 aestimat
1485 1827 1574 1895 qui
1602 1828 1725 1882 huic
1755 1827 1875 1881 ﬁdei
1904 1841 2034 1880 con-
2063 1812 2108 1870 Β
2133 1824 2277 1878 enim
2302 1822 2473 1894 diligit
2507 1823 2868 1892 Unigenitum,
2905 1823 3142 1892 profecto
3168 1825 3336 1895 diligit
3362 1836 3415 1879 et
3443 1831 3682 1884 membra

483 1913 779 1969 tradicunt:
804 1922 858 1969 et
876 1914 1154 1970 verissime
1171 1914 1397 1971 afﬁrmat
1416 1917 1591 1971 omnia
1611 1931 1729 1985 quae
1749 1916 1803 1970 in
1825 1915 2038 1984 Christo

483 2011 630 2074 gesta
659 2012 812 2069 sunt,
843 2005 959 2060 sine
992 2004 1273 2074 adoptione
1315 2004 1454 2062 facta
1495 2022 1632 2070 esse,
1662 2007 1753 2076 qui
1794 2007 2038 2076 adoptio-

482 2106 604 2147 nem
639 2093 770 2147 dicit
795 2094 1130 2162 phantasiam
1167 2109 1284 2149 esse
1320 2102 1375 2148 et
1405 2110 1521 2160 non,
1540 2095 1842 2154 veritatem.
1867 2094 2038 2161 Quam

482 2196 613 2239 vero
649 2182 868 2252 impium
917 2191 1002 2237 est
1043 2182 1202 2238 alicui
1249 2184 1341 2253 qui
1374 2199 1433 2238 se
1459 2183 1816 2238 Christianum
1861 2184 2036 2238 nomi-

483 2278 599 2336 nat,
627 2271 845 2325 credere
884 2286 980 2339 per
1017 2271 1352 2341 phantasiam
1381 2272 1653 2328 Christum
1692 2288 1809 2329 esse
1845 2272 2038 2333 Filium

485 2361 615 2417 Dei?
653 2362 709 2417 In
736 2363 934 2417 Christi
965 2363 1144 2431 itaque
1172 2359 1501 2420 humanitate
1519 2390 1522 2392 ν
1540 2366 1642 2422 iste
1665 2368 2040 2422 veracissimus

487 2450 675 2506 doctor
702 2451 822 2506 ﬁdei
849 2453 1126 2507 catholica:
1153 2454 1269 2508 haec
1294 2453 1431 2509 facta
1457 2469 1576 2510 esse
1618 2456 1786 2521 dixit,
1804 2459 1927 2525 quia
1959 2457 2040 2509 ni-

486 2539 563 2597 hil
589 2541 642 2595 in
671 2551 869 2596 aeterna
897 2545 1236 2612 generatione
1274 2546 1432 2602 Verbi
1461 2547 1553 2602 Dei
1582 2547 1779 2602 factum
1808 2563 1926 2603 esse
1960 2549 2040 2603 fas

488 2638 570 2686 est
614 2632 789 2687 dicere
815 2631 898 2685 vel
945 2633 1182 2700 credere,
1209 2635 1301 2704 qui
1343 2638 1560 2692 omnino
1599 2637 1921 2691 aeternaliter
1950 2653 2036 2707 ge-

489 2721 632 2776 nitus
668 2731 752 2777 est
791 2726 857 2777 e‘x
885 2722 1062 2788 Patre,
1103 2740 1207 2778 non
1249 2727 1611 2796 temporaliter
1639 2725 1830 2781 fac-tus.
1875 2727 2040 2794 Quale

489 2824 657 2880 usque
697 2813 1055 2867 testimonium
1094 2822 1278 2885 contra
1305 2825 1357 2870 te
1386 2817 1556 2885 ipsum
1581 2814 1827 2871 veracius
1855 2825 1907 2871 et
1936 2816 2041 2872 for-

490 2901 595 2957 tius
623 2901 860 2957 invenite
889 2904 1128 2972 potuisti,
1157 2919 1314 2973 quam
1345 2907 1486 2974 quod
1531 2907 1633 2962 iste
1671 2909 2041 2964 sanctissimus

487 2998 544 3048 οι
565 2991 934 3046 veracissimus
956 2993 1326 3049 ecclesiastica:
1349 2995 1474 3060 ﬁdei
1497 2998 1684 3051 doctor
1710 2999 1924 3062 astruit,
1949 3000 2038 3067 qui

488 3083 666 3139 omnia
704 3098 821 3153 qua;
863 3087 916 3137 in
949 3083 1146 3140 Christi
1191 3087 1558 3155 conceptione,
1591 3089 1886 3152 nativitate,
1917 3103 2038 3158 pas-

490 3173 640 3228 sione
680 3181 734 3226 et
760 3161 1147 3229 resurrectione
1188 3191 1284 3244 per
1324 3176 1600 3246 veritatem
1631 3176 1953 3241 ﬁrmissime,
1983 3186 2038 3231 et

489 3274 594 3314 non
638 3275 736 3329 per
761 3261 1126 3329 adoptionem,
1157 3263 1282 3332 quia
1329 3264 1664 3333 adoptionem
1703 3264 2039 3333 phantasiam

490 3349 640 3412 dicit,
669 3350 804 3406 facta
831 3350 1087 3408 allirmet?
1416 3406 1418 3412 λ

559 3440 644 3494 VI.
685 3441 844 3496 Ponis
883 3459 1094 3514 quoque
1120 3445 1288 3499 verba.
1319 3447 1488 3500 sancti
1534 3445 1814 3516 Augustini
1853 3447 1917 3500 de
1947 3446 2042 3501 ho-

489 3528 631 3582 milia
672 3529 726 3582 in
764 3529 1042 3598 Joannem,
1082 3533 1171 3590 ubi
1217 3533 1290 3587 ait
1334 3533 1531 3604 (Tract.
1566 3549 1653 3588 xiv
1679 3523 1732 3588 in
1770 3534 1950 3597 Joan.,
1984 3552 2037 3588 n.

492 3617 578 3687 Il)
601 3634 615 3670 :
651 3635 667 3667 ι
697 3617 858 3672 Pater
885 3619 1057 3690 diligit
1084 3621 1296 3687 Filium,
1324 3622 1460 3693 [sed]
1483 3626 1748 3691 quomodo
1772 3624 1928 3676 Pater
1954 3623 2043 3676 Fi-

490 3702 640 3770 lium,
663 3720 766 3759 non
802 3708 1068 3776 quomodo
1093 3708 1336 3764 dominus
1360 3725 1603 3774 servum;
1633 3711 1896 3778 quomodo
1924 3711 2042 3763 uni-

491 3807 634 3859 cum,
653 3810 756 3849 non
773 3797 1035 3864 quomodo
1049 3798 1350 3867 adoptivum
1373 3798 1457 3869 [8.
1474 3797 1607 3869 Aug.
1620 3840 1633 3864 ,
1653 3798 2001 3872 adoptatum].
2015 3819 2035 3850 ε

491 3881 594 3938 Sed
622 3885 705 3940 his
731 3887 908 3940 verbis
937 3889 1105 3942 sancti
1135 3889 1412 3959 Augustini
1448 3890 1525 3943 tui
1552 3875 1743 3944 sensus
1765 3892 1918 3944 verba
1951 3891 2044 3944 ad-

489 3971 665 4028 didisti
690 3975 872 4031 dicens
898 3991 911 4029 :
946 3996 964 4027 ι
991 3978 1058 4033 Et
1099 3978 1214 4040 hoc,
1244 3980 1288 4032 si
1316 3980 1379 4033 de
1405 3988 1631 4047 utraque
1673 3989 1861 4033 natura
1887 3980 2040 4051 psimi-

487 4058 610 4115 liter
634 4063 835 4118 dictum
863 4066 1024 4121 fuisse
1052 4076 1219 4136 putet,
1243 4070 1432 4123 doceat
1457 4071 1623 4138 prius,
1649 4071 1693 4123 si
1720 4072 1879 4130 valet,
1912 4085 2042 4137 quo-

486 4150 642 4206 modo
662 4151 825 4206 Filius
849 4154 939 4206 Dei
968 4156 1019 4207 in
1041 4154 1211 4208 forma
1237 4158 1376 4209 servi
1401 4172 1587 4210 servus
1607 4156 1781 4210 Patris
1803 4172 1904 4211 non
1932 4157 2001 4210 sit
2024 4174 2036 4208 :

488 4240 625 4295 sicut
669 4240 723 4294 in
771 4241 1047 4296 divinitate
1093 4257 1196 4296 non
1243 4259 1458 4309 servus,
1497 4244 1590 4300 sed
1633 4244 1820 4306 Filius,
1870 4260 2041 4314 neque

488 4330 764 4400 adoptivus
809 4329 966 4395 ﬁlius,
996 4333 1087 4386 sed
1131 4333 1375 4402 proprius
1416 4333 1679 4388 veraciter
1715 4333 1951 4387 creditur
1987 4341 2044 4387 ct

488 4421 856 4490 [indicatura
886 4420 992 4476 Nos
1019 4430 1216 4487 autem,
1241 4423 1332 4478 Dei
1363 4425 1534 4478 Patris
1555 4424 1888 4479 sanctissima
1913 4415 2042 4478 voce

490 4509 685 4573 edocti,
707 4509 933 4566 dicimus
961 4511 1013 4565 in
1039 4521 1263 4582 utraque
1291 4523 1483 4570 natura
1511 4531 1635 4571 vere
1657 4532 1818 4570 unum
1851 4516 2042 4570 Filium

492 4597 584 4652 Del
611 4611 730 4653 esse
757 4597 934 4655 Jesum
964 4600 1254 4666 Christum,
1282 4604 1631 4674 eamdemque
1659 4605 1768 4658 Deo
1797 4605 1941 4658 Patri
1966 4614 2046 4660 to-

491 4690 603 4736 tum
631 4683 878 4740 dilectum
896 4724 910 4749 ,
939 4702 1065 4752 non,
1093 4697 1157 4754 ut~
1179 4696 1236 4742 tu
1282 4691 1439 4754 reris,
1466 4704 1529 4745 ex
1557 4701 1709 4760 parte
1743 4699 1800 4744 ut
1830 4692 2042 4756 Filium,

389 4811 395 4817 .
487 4786 554 4827 ex
585 4783 738 4844 parte
761 4788 887 4828 vero
928 4783 988 4828 ut
1013 4787 1247 4842 servum,
1280 4777 1420 4847 quod
1448 4781 1666 4832 omnino
1699 4781 2042 4835 ridiculosum

487 4867 572 4914 est
601 4860 704 4917 dici
727 4877 742 4917 ι
769 4861 862 4916 sed
891 4869 1056 4916 totum
1096 4861 1322 4918 dicimus
1347 4864 1499 4933 quasi
1532 4867 1804 4933 proprium
1843 4875 1899 4920 et
1928 4867 2045 4919 uni-

486 4961 610 5006 cum
642 4949 789 5022 diligi
821 4966 851 5004 a
877 4950 1034 5014 Patre
1061 4948 1274 5006 Filium.
1307 4950 1492 5020 Super
1514 4967 1705 5022 quem,
1753 4969 1900 5024 rogo,
1944 4970 2043 5007 vox

488 5035 627 5094 facta
655 5046 740 5093 est
764 5039 818 5092 in
860 5040 1122 5108 baptismo
1147 5037 1231 5094 vel
1272 5038 1326 5094 in
1356 5049 1536 5095 monte
1579 5049 1766 5095 sancto
1795 5058 1808 5094 :
1837 5041 1940 5095 Hic
1969 5053 2044 5096 est

490 5113 662 5176 Filius
703 5135 846 5174 meus
892 5121 1109 5178 dilectus
1139 5120 1348 5192 (Matth.
1375 5139 1462 5184 ιιι,
1492 5123 1585 5186 Πς
1612 5132 1662 5175 et
1690 5139 1828 5186 xvn,
1862 5124 1951 5191 5)?
1976 5141 2043 5179 an

487 5219 650 5275 super
685 5205 1014 5267 divinitatem
1059 5219 1292 5275 tantum,
1312 5218 1368 5265 et
1395 5226 1498 5268 non
1542 5225 1701 5281 super
1745 5212 2044 5266 humanita-

487 5296 634 5352 tem?
654 5295 798 5372 quod
838 5298 1058 5367 impium
1091 5312 1173 5360 est
1201 5303 1450 5367 credere;
1480 5309 1533 5357 et
1569 5310 2043 5371 pmumptuosum

486 5395 570 5445 est
597 5387 797 5452 dicere,
829 5387 1042 5443 Patrem
1071 5407 1178 5448 non
1224 5393 1521 5464 diligereJr
1527 5393 1672 5447 ilium
1718 5393 1768 5445 in
1799 5402 2044 5462 suscepta

491 5480 835 5536 humanitatis
860 5489 1068 5544 natura,
1095 5485 1186 5552 qui
1229 5486 1307 5540 sic
1352 5487 1532 5541 unitus
1574 5501 1692 5540 esse
1725 5493 1934 5539 constat
1975 5499 2043 5540 ex

488 5567 694 5624 duabus
729 5569 1062 5629 substantiis.
1092 5571 1247 5625 utisit
1289 5589 1426 5629 unus
1452 5574 1774 5644 uuigeuitus,
1805 5588 1905 5626 non
1939 5573 2042 5627 duo

490 5657 610 5728 lilii,
652 5675 791 5716 unus
831 5658 1146 5729 unigenitus"
1174 5669 1225 5714 ct
1253 5661 1388 5716 alter
1422 5663 1715 5736 adoptivus.
1751 5662 1870 5718 Ideo
1899 5663 2041 5717 enim

2133 1915 2270 1984 ejus,
2295 1929 2415 1982 quae
2435 1913 2706 1982 adoptavit
2727 1904 2925 1967 in‘eum
2964 1924 3018 1968 et
3045 1930 3141 1984 per
3162 1930 3303 1969 eum.
3327 1936 3343 1968 ι
3379 1917 3443 1971 Ει
3471 1919 3681 1974 tacuisti
3756 1961 3759 1964 .

2135 2005 2408 2072 sequentia
2432 2002 2667 2071 ejusdem
2693 2005 3056 2072 expositionis,
3083 2005 3171 2060 ubi
3200 2007 3274 2060 ait
3299 2008 3436 2061 idem
3465 2009 3679 2064 doctor:

2141 2110 2160 2143 ι
2187 2091 2302 2146 Nec
2337 2091 2455 2145 ideo
2484 2105 2641 2159 pares
2675 2107 2858 2146 sumus
2899 2094 3170 2162 unigenito
3199 2094 3352 2158 Filio,
3393 2111 3488 2164 per
3526 2112 3682 2167 quem

2136 2180 2303 2236 creati
2327 2188 2382 2235 et
2423 2179 2652 2234 recreati
2681 2196 2893 2244 sumus,
2937 2182 3060 2250 quia
3090 2183 3286 2235 dictum
3313 2193 3422 2246 εει,
3460 2185 3687 2240 dilexisti

2135 2286 2243 2334 eos,
2269 2270 2400 2322 sicut
2426 2277 2474 2322 et
2502 2285 2581 2322 me
2609 2268 2872 2323 dilexisti»
2905 2269 3084 2340 (Joan.
3114 2286 3244 2334 xvn,
3274 2271 3384 2340 25).
3415 2273 3686 2342 (Unigeui-

2137 2369 2249 2415 tum
2276 2359 2554 2428 dicit,’per
2574 2350 2730 2430 quem
2759 2359 2918 2430 851
2944 2361 3104 2414 creati
3135 2377 3316 2414 sumus
3340 2371 3393 2414 et.
3419 2365 3642 2418 recreati
3669 2380 3683 2416 :

2137 2464 2299 2502 unum
2344 2449 2702 2518 unigenitum,
2735 2465 2839 2502 non
2875 2450 3006 2503 duos
3056 2452 3350 2525 unigenitos
3393 2463 3687 2506 creatorem

2135 2546 2190 2591 ct
2234 2547 2610 2593 recreatorem.
2641 2539 2695 2592 Si
2735 2546 2815 2592 est
2857 2540 3176 2608 unigenitus,
3219 2556 3323 2594 non
3360 2552 3531 2610 potest
3571 2558 3691 2596 esse

2138 2628 2458 2697 adoptivus),
2494 2646 2510 2677 ι
2542 2627 2682 2697 quod
2716 2627 2846 2681 nihil
2873 2628 3014 2685 aliud
3048 2637 3129 2682 est
3157 2630 3353 2694 dicere,
3396 2647 3556 2700 quam
3600 2632 3688 2686 di-

2138 2718 2307 2773 (existi
2333 2736 2437 2780 eos,
2464 2719 2708 2788 quoniam
2732 2729 2778 2771 et
2809 2735 2902 2772 me~
2925 2718 3173 2785 dilexisti,
3210 2737 3314 2774 non
3345 2723 3486 2775 enim
3517 2736 3684 2776 mem-

2139 2810 2234 2862 bra
2267 2823 2373 2862 non
2408 2808 2653 2876 diligeret
2679 2803 2776 2875 qui
2825 2807 2997 2876 diligit
3024 2809 3232 2862 Filium.
3259 2810 3362 2863 Aut
3400 2811 3500 2865 alia
3528 2826 3688 2866 causa

2139 2905 2248 2957 est,
2278 2895 2527 2963 diligendi
2568 2895 2805 2968 membra
2852 2894 2983 2961 ejus,
3023 2896 3125 2950 nisi
3165 2897 3289 2965 quia
3320 2898 3490 2968 diligit
3531 2903 3692 2955 eum?

2141 2981 2248 3036 Sed
2279 2981 2447 3050 diligit
2475 2967 2666 3034 Filium
2694 2981 2985 3035 secundum
3013 2982 3364 3048 divinitatem,
3392 2987 3514 3054 quia
3544 2986 3689 3042 illum

2139 3072 2398 3140 :equalem
2427 3069 2528 3126 sibi
2557 3071 2766 3139 genuit;
2798 3071 2970 3141 diligit
2989 3086 3111 3125 eum
3134 3073 3297 3127 etiam
3324 3079 3609 3130 secundum
3639 3077 3692 3130 id

2137 3162 2278 3230 quod
2305 3163 2464 3215 homo
2482 3169 2583 3226 est,
2612 3161 2735 3228 quia
2761 3161 2930 3229 ipsum
2957 3163 3283 3230 unigenitum
3311 3165 3539 3218 Verbum
3566 3162 3713 3221 caro'

2138 3247 2335 3303 factum
2374 3257 2482 3310 est,
2522 3257 2576 3302 et
2602 3257 2836 3317 propter
2879 3249 3111 3303 Verbum
3151 3260 3232 3306 est
3259 3253 3306 3305 ei
3343 3253 3502 3306 chara
3533 3255 3692 3309 Verbi

2138 3351 2282 3390 caro.
2303 3335 2408 3390 Nos
2429 3346 2605 3391 autem
2627 3334 2796 3405 diligit
2817 3339 3064 3405 quoniam
3087 3356 3269 3396 sumus
3290 3343 3404 3412 ejus
3425 3329 3690 3400 memllra:

2139 3437 2354 3497 propter
2366 3429 2465 3482 hoc
2485 3442 2581 3482 nos
2599 3428 2782 3485 dilexit
2795 3438 3078 3497 antequam
3095 3447 3348 3486 essemus.
3365 3433 3698 3503 Quapropter

2141 3519 2686 3586 incomprehensibilis
2726 3527 2809 3572 est
2835 3519 3047 3572 dilectio
3073 3536 3173 3587 qua
3203 3521 3370 3589 diligit
3415 3522 3574 3584 Deus,
3600 3537 3695 3576 ne-

2141 3623 2246 3675 que
2273 3606 2561 3659 mutabilis.
2584 3628 2623 3656 ».
2647 3605 2858 3675 Aliquid
2887 3623 3009 3660 vero
3036 3609 3355 3677 singularius
3398 3609 3698 3680 intelligen-

2140 3695 2266 3748 dum
2292 3679 2383 3749 est
2414 3696 2465 3748 in
2494 3695 2776 3750 dilectione
2805 3695 2922 3749 Filii
2951 3697 3055 3761 sui,
3094 3713 3254 3766 quam
3295 3701 3466 3754 nostri
3507 3679 3698 3758 sensus

2142 3792 2428 3853 paupertas
2459 3778 2750 3854 intelligere
2790 3787 2976 3853 possit.
3022 3786 3169 3841 Unde
3195 3798 3248 3841 et
3279 3789 3417 3842 idem
3443 3789 3696 3857 praefatus
3791 3784 3793 3786 ’

2143 3875 2330 3929 doctor
2376 3875 2430 3929 in
2459 3874 2562 3929 alio
2590 3874 2705 3930 loco
2740 3876 2978 3943 ejusdem
3007 3877 3199 3943 operis,
3241 3879 3522 3943 quamdam
3566 3893 3695 3945 pro-

2141 3965 2421 4032 prietatem
2451 3964 2744 4017 dilectionis
2786 3964 2838 4015 in
2868 3962 3057 4015 Filium
3089 3963 3211 4028 Dei,
3239 3965 3528 4020 secundum
3555 3968 3697 4034 quod

2144 4056 2301 4108 homo
2346 4053 2516 4107 factus
2558 4061 2667 4117 est,
2699 4068 2814 4106 esse
2854 4053 3168 4123 designavit.
3199 4055 3287 4109 Ait
3327 4057 3508 4127 itaque
3556 4058 3696 4114 idem

2141 4141 2320 4212 (Aug.,
2347 4141 2518 4195 Tract.
2545 4157 2648 4194 xxv
2669 4143 2722 4196 in
2741 4143 2924 4206 Joan.,
2949 4161 3000 4197 n.
3028 4143 3113 4213 ll)
3139 4163 3150 4198 :
3183 4165 3200 4195 ι
3233 4146 3382 4200 Hum:
3408 4149 3541 4201 enim
3559 4149 3696 4203 Deus

2148 4232 2305 4284 Pater
2331 4233 2548 4302 signavit
2579 4222 2757 4303 (John.
2781 4251 2830 4288 vt
2850 4274 2864 4298 ,
2895 4234 3006 4306 27).
3035 4235 3255 4310 Signare
3283 4238 3410 4306 quid
3453 4246 3564 4300 est,
3595 4240 3695 4292 nisi

2139 4322 2414 4390 proprium
2440 4321 2637 4392 aliquid
2662 4324 2896 4393 ponere?
2925 4325 3026 4378 hoc
3056 4333 3136 4378 est
3162 4326 3301 4378 enim
3337 4325 3567 4394 signare,
3596 4325 3697 4377 im-

2067 4445 2117 4516 b
2142 4424 2341 4478 ponere
2374 4410 2592 4480 aliquid,
2623 4427 2728 4480 quo
2769 4428 2873 4466 non
2903 4411 3256 4464 confundatur
3298 4427 3416 4464 cum
3463 4413 3692 4468 caeteris.

2149 4498 2372 4569 Signare
2399 4510 2497 4563 est,
2527 4503 2734 4570 signum
2759 4502 2807 4556 ei
2835 4500 2948 4570 [F.,
2977 4501 3180 4570 signum
3210 4502 3307 4573 rei]
3331 4518 3547 4572 ponere.
3575 4506 3699 4562 Cui-

2146 4604 2355 4657 cunque
2386 4590 2459 4642 rei
2491 4591 2640 4658 ponis
2669 4589 2892 4657 signum,
2923 4589 3040 4642 ideo
3075 4591 3225 4658 ponis
3247 4592 3452 4662 signum
3483 4611 3548 4649 ne
3571 4611 3699 4651 con-

2146 4678 2262 4732 fusa
2306 4694 2425 4732 cum
2466 4679 2583 4733 aliis
2622 4695 2651 4733 a
2682 4688 2731 4732 te
2761 4695 2864 4734 non
2894 4683 3061 4750 possit
3099 4687 3332 4754 agnosci.
3372 4685 3530 4740 Pater
3569 4667 3699 4756 ergo

2145 4774 2371 4844 signavit
2396 4789 2536 4835 eum,
2566 4775 2841 4843 proprium
2862 4777 2934 4831 illi
2960 4778 3208 4845 quiddam
3231 4780 3391 4841 dedit.
3406 4795 3469 4833 ne
3490 4781 3700 4838 exteris

2145 4857 2482 4933 comparetur
2513 4862 2836 4918 hominibus.
2882 4865 3003 4920 Ideo
3046 4882 3172 4936 ergo
3216 4869 3287 4921 illi
3333 4869 3528 4921 dictum
3573 4877 3693 4925 est:

2149 4948 2305 5004 Unxit
2333 4960 2381 5003 te
2409 4949 2569 5012 Deus,
2599 4949 2736 5004 Deus
2765 4961 2884 5006 tuus
2915 4954 3025 5007 oleo
3055 4953 3410 5008 exsultationis
3442 4971 3550 5023 prie
3575 4972 3697 5026 par-

2143 5040 2380 5110 ticipibus
2409 5041 2515 5092 tuis
2552 5038 2721 5108 (Paul.
2747 5032 2888 5104 xciv,
2914 5041 2989 5109 8).
3019 5041 3157 5111 Ergo
3197 5042 3408 5110 signare
3434 5043 3576 5111 quid,
3615 5055 3699 5100 est

2145 5138 2424 5198 exceptum
2459 5127 2685 5191 habere,
2720 5130 2822 5184 hoc
2865 5140 2980 5192 est,
3027 5144 3132 5197 pra:
3172 5129 3520 5199 participibus
3570 5134 3694 5187 tuis.

2145 5219 2327 5287 Itaque
2357 5220 2540 5283 nolite,
2573 5219 2767 5288 inquit,
2795 5235 2881 5274 me
2912 5227 3270 5285 contemnere,
3296 5223 3415 5289 quia
3442 5222 3578 5276 ﬁlius
3603 5224 3698 5279 ho-

2146 5306 2305 5359 minis
2331 5319 2469 5370 sum,
2513 5307 2822 5375 etquterite
2861 5321 2892 5359 a
2932 5321 3018 5360 me
3052 5306 3250 5370 cibum;
3277 5324 3380 5362 non
3409 5310 3497 5378 qui
3534 5311 3694 5377 perit,

2145 5395 2237 5448 sed
2262 5395 2354 5463 qui
2382 5403 2658 5462 permanet
2689 5396 2741 5449 in
2763 5396 2927 5448 vitam
2955 5405 3227 5450 aeternam.
3251 5418 3269 5449 ι
3305 5399 3462 5451 Ponis
3488 5413 3700 5466 quoque

2142 5483 2562 5538 sententiam'de
2608 5483 2756 5536 libris
2794 5484 2936 5537 beati
2979 5485 3265 5547 AmbrOsii,
3302 5502 3433 5552 quos
3475 5487 3539 5538 de
3567 5484 3699 5544 Fide

2143 5570 2445 5624 Christiana
2471 5572 2768 5640 composuit
2795 5570 3020 5643 (Ambr.,
3055 5573 3116 5624 de
3141 5571 3348 5623 lnCarn.
3376 5570 3543 5634 Dom.,
3573 5588 3695 5645 cap.

2143 5660 2194 5724 6,
2219 5677 2272 5722 ιι.
2301 5658 2408 5728 49).
2444 5680 2460 5710 ι
2489 5659 2800 5729 Emergunt,
2848 5656 3035 5727 inQuit,
3066 5659 3177 5719 alii,
3217 5662 3301 5727 qui
3332 5675 3544 5714 carncm
3589 5662 3689 5716 Do-
