4238 6198
536 225 640 279 £23

1364 229 1421 280 B.
1462 227 1520 280 ι’.
1563 225 1783 309 ALBIM
1824 223 1954 279 SEU
1986 172 2265 275 ’ALCL'INI
2300 217 2581 274 OPEllL'M
2617 218 2794 273 PARS
2831 218 2913 273 lli.

3634 193 3739 276 est

531 341 843 402 \‘ivll‘tcatts,
892 348 1179 407 spontauea
1216 341 1498 399 voluntate,
1546 339 1670 393 dum
1696 337 1883 399 voluit,
1924 334 2086 390 mori—
2116 333 2157 389 A
2188 330 2350 384 Deum
2390 346 2570 385 verum
2618 340 2692 409 et.
2715 313 2982 386 hominem
3021 333 3452 407 comprohamus,
3498 336 3737 405 quicum

536 439 659 489 tur:
711 430 849 482 sicut
890 428 941 480 in
986 426 1120 479 libro
1150 426 1313 480 Exodi
1356 427 1608 479 Dominus
1650 426 1854 479 locutus
1890 434 1971 478 est
1999 439 2093 492 per

536 518 749 589 Moysen
779 536 790 569 :
824 517 887 569 Et
913 517 1139 570 videbitis
1166 519 1319 571 vitam
1358 528 1575 570 vestram
1617 516 1918 585 pendentem
1947 517 2001 568 in
2029 515 2093 567 li-

534 626 655 680 gno,
695 620 741 663 et
785 626 885 661 non
924 609 1139 661 credetis
1184 610 1299 687 riter
1323 618 1501 661 vestrm
1544 608 1720 672 (Deut.
1752 621 1949 664 xxvttt,
1979 605 2087 673 £36).

537 700 703 754 Deum
736 708 913 753 autem
954 698 1219 753 Christum
1260 713 1377 751 esse
1398 697 1560 749 vitam
1591 697 1757 763 ipsius
1789 695 2093 749 testimonio

538 791 589 843 in
614 789 898 858 Evangelia
927 790 1170 849 dicentis,
1215 788 1357 841 disce
1382 804 1393 839 :
1425 786 1535 854 Ego
1567 802 1680 837 sum
1704 785 1802 844 uia,
1832 784 2018 837 ueritas
2044 792 2090 835 et

535 882 635 936 rita
668 879 842 950 (Joan.
875 897 982 942 ειν,
1013 881 1087 945 6).
1133 879 1281 934 Unde
1302 888 1355 931 et
1385 878 1435 931 iu
1464 877 1684 930 Actibus
1718 875 2092 944 Apostolorum

536 970 721 1023 beatus
744 969 930 1022 Petrus
979 968 1169 1037 p0pulo
1213 968 1509 1036 przctlicans
1536 966 1610 1018 ait
1645 984 1656 1017 :
1699 964 1801 1017 Vos
1822 974 1993 1017 autent
2020 964 2094 1016 vi-

434 1112 443 1117 _
537 1075 648 1110 rum
693 1058 1002 1110 homicidam
1046 1058 1239 1124 petistis
1282 1055 1468 1107 dimitti
1494 1054 1629 1106 vobis
1650 1093 1662 1112 .
1690 1064 1950 1105 auctorem
1978 1067 2093 1103 vero

536 1148 651 1199 vitm
672 1146 954 1215 peremis'tis
995 1145 1129 1215 (Act.
1156 1162 1233 1204 ιιι,
1274 1144 1378 1210 15).
1434 1144 1507 1196 De
1542 1150 1739 1210 quoet
1778 1142 1967 1195 beatus
1993 1142 2094 1209 Cy-

535 1235 751 1301 prianus
777 1234 849 1287 ait
873 1252 885 1287 :
921 1254 938 1284 ι
962 1232 1237 1288 Iudicatur
1259 1231 1595 1299 iudicaturus
1619 1240 1674 1284 et
1704 1231 1794 1283 Dei
1827 1245 2005 1283 sermo
2026 1230 2121 1283 ad“

533 1325 803 1379 victimam
854 1334 1037 1379 tacens
1088 1326 1315 1379 ducitur.
1350 1344 1366 1375 ι
1410 1324 1699 1389 Gregorius
1737 1336 1947 1390 quoque
1993 1319 2095 1373 Na-

537 1417 857 1470 zianzenus:
893 1436 910 1463 ι
942 1416 1285 1487 lndiguimus.
1332 1415 1436 1476 ait,
1484 1415 1648 1468 Deum
1678 1416 2010 1466 incarnatum
2040 1421 2095 1466 et

538 1507 936 1570 mortillcatum.
983 1517 1040 1561 ut
1068 1523 1165 1561 nos
1188 1509 1461 1569 vivamus;
1494 1521 1579 1560 res
1604 1504 1745 1559 enim
1777 1514 1929 1558 vetus
1955 1513 2088 1564 erat.
2130 1548 2132 1551 .

537 1603 596 1646 ut
620 1595 779 1649 homo
798 1600 1100 1649 moreretur
1130 1615 1142 1646 :
1173 1596 1312 1663 quo-J
1340 1606 1405 1649 ne
1428 1608 1637 1662 semper
1669 1592 1890 1647 auderet
1914 1593 1966 1645 in
1993 1592 2092 1645 ho-

2188 420 2447 488 :equalcm
2491 420 2970 489 impassibilitatem
3024 430 3079 476 et
3122 424 3575 479 immortalitatem
3617 440 3738 479 cum

2189 508 2350 563 Patre
2401 510 2707 577 possideat,
2752 520 2969 579 propter
3010 522 3243 565 neStram
3292 520 3469 566 tamen
3515 513 3737 569 salutem

2190 599 2495 667 passibilem
2540 601 2771 667 suscepit
2809 600 3039 655 hominis
3080 610 3355 664 naturam,
3405 600 3741 671 impassibilis

2190 688 2483 743 divinitatis
2504 688 2833 756 maiestatem
2866 705 2967 743 non
2996 691 3245 745 amittens
3278 710 3289 743 :
3323 708 3422 745 nec
3448 700 3505 745 ut
3531 708 3743 761 permu-
3788 684 3799 695 ί

2190 785 2395 831 taretur
2441 777 2493 830 in
2541 772 2921 839 humanitatem
2950 779 3227 842 divinitas,
3270 781 3363 834 sed
3394 789 3451 832 ut
3478 756 3741 834 divinitati

2190 875 2495 921 servaretur
2538 866 2861 921 humanitas.
2920 866 3218 937 Secandum
3264 868 3424 937 igitur
3468 868 3624 936 hujus
3649 870 3742 923 ho-

2191 954 2349 1008 minis
2364 955 2641 1007 veritatem
2669 955 2762 1008 Dei
2792 953 2959 1008 Filius
2982 956 3045 1009 ad
3067 954 3477 1022 redemptionem
3507 965 3741 1009 nostram

2190 1052 2347 1097 natus
2370 1059 2432 1097 ex
2458 1044 2674 1112 Virgine
2711 1050 2793 1097 est
2819 1051 2872 1098 et
2910 1042 3110 1112 Spiritu
3146 1054 3331 1098 sancto
3361 1063 3371 1097 :
3406 1046 3481 1099 sic
3505 1046 3644 1098 enim
3676 1044 3741 1099 ad

2191 1131 2414 1185 Mariam
2444 1132 2496 1184 in
2526 1130 2811 1197 Evangelio
2835 1132 3054 1201 angelus
3078 1130 3312 1199 loquitur
3338 1152 3348 1184 :
3378 1133 3603 1201 Spiritus
3623 1150 3745 1185 san-

2191 1231 2302 1272 rtus
2326 1221 2639 1287 superveniet
2680 1221 2734 1273 in
2758 1214 2854 1283 ite,
2894 1232 2940 1273 et
2968 1222 3123 1273 uirtus
3150 1220 3397 1276 Altissimi
3425 1221 3744 1275 obumbrabit

2191 1311 2283 1364 tibi
2304 1327 2321 1363 :
2344 1321 2391 1362 et
2410 1322 2675 1379 propterea
2693 1312 2829 1379 quod
2858 1310 3018 1381 855
3053 1322 3291 1365 nascetur
3313 1328 3376 1365 ex
3405 1322 3452 1365 te
3489 1326 3742 1376 sanctum,

2164 1392 2456 1453 'roeabitur
2485 1398 2531 1451 F
2534 1400 2655 1453 ilius
2683 1400 2781 1452 Dei
2809 1399 2956 1467 (Luc.
2990 1415 3027 1463 ι,
3052 1399 3163 1469 55).
3211 1398 3268 1453 Si
3294 1400 3412 1469 quis
3444 1415 3570 1453 vero
3606 1401 3745 1453 hanc

2191 1505 2333 1544 vera:
2364 1489 2485 1545 ﬁdei
2530 1489 2913 1559 professionem
2940 1500 3285 1553 contemnat,
3332 1491 3414 1544 vel
3460 1492 3633 1549 minus
3657 1505 3746 1545 ca-

2192 1578 2443 1633 tholicam
2474 1586 2701 1646 reputet,
2732 1578 2872 1648 legat
2896 1581 3065 1633 sancti
3093 1580 3369 1649 Augustini
3400 1580 3559 1634 verba
3582 1594 3747 1649 ,ηοω

536 1685 677 1758 tuine
701 1725 716 1749 ,
762 1687 849 1740 res
881 1701 1014 1738 nova
1059 1684 1199 1739 facta
1241 1694 1352 1747 est,
1395 1693 1451 1737 ut
1489 1684 1626 1736 Deus
1649 1690 1967 1747 moreretur,
1999 1679 2091 1735 sed

2152 1658 2259 1722 ide
2295 1669 2667 1737 explanatione
2713 1670 2960 1723 catholici
3001 1667 3234 1738 Symboli
3277 1668 3663 1737 composuitn
3692 1673 3750 1722 et

533 1774 659 1842 quia
685 1788 846 1829 carne
874 1782 1115 1827 mortuus
1142 1780 1244 1837 est,
1284 1788 1387 1826 non
1419 1771 1713 1824 divinitate.
1746 1789 1763 1819 ι

604 1864 695 1920 XI.
733 1863 841 1919 Nec
883 1848 1009 1918 vero
1046 1864 1307 1918 ullatenus
1353 1863 1725 1916 confundimus
1773 1868 1993 1916 naturas
2036 1859 2090 1913 in

534 1951 770 2016 Christo,
792 1954 930 2007 sicut
956 1961 1010 2006 tu
1039 1954 1234 2007 asset-is
1276 1968 1373 2006 nos
1411 1951 1598 2005 fecisse
1624 1970 1634 2002 :
1666 1949 1757 2003 sed
1785 1950 1930 2004 salva
1957 1948 2091 2004 utri-

534 2055 699 2111 usque
734 2051 936 2096 naturae
961 2043 1285 2111 proprietate
1313 2081 1330 2105 ,
1363 2042 1554 2095 divina:
1583 2041 1785 2094 scilicet
1826 2050 1880 2093 et
1908 2041 2095 2093 huma-

533 2147 635 2196 nae,
664 2148 823 2186 unum
850 2134 1162 2186 conlitcmur
1188 2134 1352 2186 Deum
1387 2131 1479 2184 Dei
1510 2131 1698 2182 Filium
1730 2127 1910 2183 Iesum
1939 2128 2092 2182 Chri-

533 2231 672 2276 stum
695 2222 973 2277 Dominum
998 2232 1234 2275 nostrum
1260 2224 1311 2275 in
1339 2220 1542 2274 dttabus
1573 2220 1796 2281 naturis,
1832 2234 1935 2273 una
1966 2234 2093 2274 vero

532 2326 758 2380 persona
807 2320 857 2364 et
906 2327 1009 2365 una
1054 2310 1171 2364 Filii
1222 2311 1497 2380 dignitate.
1557 2309 1705 2363 Sicut
1740 2309 1880 2362 enim
1917 2309 2091 2362 anima

533 2401 859 2469 compatitur
905 2401 1145 2469 corporis
1177 2400 1444 2454 doloribus
1464 2440 1477 2463 ,
1520 2398 1765 2466 quamvis
1785 2398 1963 2451 anima
1992 2397 2091 2449 im-

536 2489 779 2545 mortalis
810 2498 1137 2557 permaneat,
1180 2500 1351 2543 tamen
1375 2504 1569 2557 corpus
1597 2488 1713 2541 sine
1739 2488 1929 2540 anima:
1952 2503 2095 2540 com-

533 2581 781 2650 passioue
826 2595 930 2633 non
988 2580 1221 2648 patitur:
1269 2579 1391 2647 quia
1433 2578 1610 2631 anima
1650 2586 1705 2631 et
1737 2592 1931 2644 corpus
1959 2591 2095 2629 unus

534 2679 614 2725 est
644 2662 802 2725 homo
822 2710 837 2734 ,
881 2679 934 2723 et
962 2684 1272 2723 communes
1301 2673 1423 2721 sunt
1446 2666 1716 2719 auimaaet
1748 2665 1990 2735 corporis
2013 2664 2095 2717 vel

536 2758 761 2812 dolentis
801 2760 882 2813 vel
920 2760 1147 2812 laztantis
1173 2758 1423 2818 allectus;
1469 2755 1594 2824 quia
1640 2770 1778 2807 unus
1807 2754 1965 2807 homo
1987 2760 2091 2815 est,

535 2851 624 2918 qui
670 2851 825 2905 simul
874 2851 1017 2903 dolet
1056 2849 1137 2903 vel
1162 2850 1390 2918 gaudet:
1425 2848 1496 2901 ita
1529 2847 1619 2901 Dei
1658 2846 1822 2899 Filius
1852 2860 1943 2898 sua
1969 2858 2093 2912 pro-

535 2930 655 3011 p'ria
678 2956 839 2994 cat-ne
864 2955 1054 3007 passus
1080 2949 1188 3000 est,
1236 2954 1338 2992 non
1375 2939 1508 3008 alter
1535 2939 1585 2990 in
1614 2952 1834 3005 corpore
1862 2936 2089 3003 passibi-

532 3031 618 3094 lis,
663 3040 717 3085 et
757 3030 891 3084 alter
934 3030 986 3082 itt
1020 3028 1295 3083 divinitate
1327 3024 1668 3095 impassibilis
1690 3065 1703 3086 ,
1747 3025 1839 3078 sed
1868 3039 2007 3078 unus
2037 3024 2089 3075 in

535 3131 783 3190 utroque.
853 3120 961 3174 Nec
1005 3120 1195 3173 iterum
1238 3116 1509 3171 Christum
1548 3114 1830 3168 dividimus
1876 3112 1929 3167 in
1961 3113 2094 3166 duos

534 3211 689 3271 ﬁlios,
723 3209 801 3262 vel
833 3211 961 3262 duos
982 3208 1154 3272 deos,
1195 3208 1276 3261 vel
1303 3210 1435 3260 duas
1471 3221 1591 3259 cum
1622 3204 1868 3257 Nestorio
1912 3216 2095 3271 perso-

535 3314 652 3352 nas.
711 3296 811 3362 Qui
854 3297 979 3350 licet
1013 3297 1147 3349 duas
1192 3296 1366 3364 palam
1404 3308 1513 3347 non
1563 3294 1785 3346 dixisset
1814 3306 2090 3361 personas,

534 3396 712 3440 tamen
730 3384 907 3439 omnia
930 3401 1046 3455 (pne
1069 3385 1273 3437 duabus
1304 3384 1474 3437 inesse
1493 3396 1708 3436 necesse
1729 3391 1809 3435 est
1828 3381 2089 3451 personis,

533 3476 587 3528 in
616 3489 712 3529 sua
749 3471 1074 3542 professione
1116 3472 1329 3549 fatetur.
1390 3471 1562 3526 Simili
1598 3472 1753 3525 modo
1781 3478 1831 3524 et
1859 3478 1943 3533 tu,
1971 3470 2094 3525 licet

533 3564 709 3629 fugias
734 3564 891 3619 verba
916 3565 1141 3618 duarum
1164 3579 1535 3634 personarum,
1568 3572 1741 3615 tamen
1778 3562 1955 3615 omnia
1977 3577 2093 3631 quas

536 3670 759 3709 necesse
777 3664 859 3709 est
886 3654 1091 3709 duabus
1117 3656 1291 3707 inesse
1316 3656 1555 3722 personis
1574 3692 1588 3716 ,
1617 3662 1667 3706 te
1697 3653 1748 3704 in
1773 3654 1878 3704 tuis
1905 3654 2094 3705 littéris

533 3743 831 3798 Invenimus
858 3741 1116 3812 proﬁteri.
1158 3739 1288 3806 Quis
1328 3740 1471 3793 enim
1514 3739 1736 3799 nesciat,
1768 3739 1906 3804 apud
1932 3753 2092 3789 uutttn

535 3832 747 3887 Patrem
788 3831 1014 3886 alteram
1057 3845 1174 3885 esse
1217 3846 1501 3900 personam
1554 3828 1783 3896 adoptivi
1817 3827 1930 3887 filii,
1965 3828 2095 3881 alte-

533 3939 647 3977 ram
669 3924 868 3993 proprii
898 3923 1051 3977 Filii?
1103 3922 1208 3975 Nec
1245 3922 1385 3975 enim
1431 3920 1568 3974 ullus
1608 3928 1778 3989 pater,
1809 3917 1961 3986 juxta
1992 3918 2090 3971 lut-

533 4028 706 4065 mana:
731 4012 1131 4066 consuetudinis
1160 4011 1418 4065 rationem
1456 4018 1668 4079 poterat
1709 4008 1982 4078 proprium
2028 4008 2092 4060 li-

534 4098 662 4153 lium
692 4100 794 4154 sibi
819 4099 1093 4169 adoptare,
1114 4101 1265 4169 quasi
1289 4100 1552 4154 alienum:
1586 4107 1676 4153 aut
1698 4116 1856 4168 quem
1877 4100 2093 4169 adoptat

534 4188 637 4243 sibi
666 4186 718 4243 in
754 4190 920 4243 ﬁlium
941 4229 957 4253 ,
1004 4191 1200 4258 poterit
1248 4191 1349 4243 sibi
1398 4192 1669 4258 proprium
1701 4190 1903 4255 facere,
1932 4206 2089 4259 quem

2191 1757 2427 1811 inveniet
2453 1772 2539 1812 me
2564 1757 2705 1811 illius
2733 1759 3031 1812 certissime
3056 1758 3130 1811 uti
3159 1759 3423 1821 sensibus,
3448 1758 3535 1826 qui
3552 1757 3765 1825 ubique‘

2190 1848 2509 1921 purissimus
2536 1849 2591 1902 in
2621 1847 2878 1903 catholica
2909 1847 3009 1902 title
3061 1856 3116 1903 et
3154 1846 3529 1923 veracissi'mus
3564 1846 3767 1899 doctor'

2189 1953 2309 1993 esse
2327 1938 2719 2007 comprobatur.
2746 1931 2938 1992 Tribus
2965 1938 3106 1992 enim
3144 1936 3332 2001 modis,
3376 1946 3434 1990 ut
3460 1937 3597 1990 idem
3619 1951 3747 1991 san-

2190 2037 2309 2081 ctus
2343 2027 2671 2097 Augustinus
2712 2030 2786 2083 ait
2807 2068 2819 2089 ,
2859 2027 3134 2097 Scriptura
3160 2042 3313 2082 sacra
3338 2026 3402 2080 de
3426 2024 3639 2080 Christo
3668 2026 3747 2079 Io-

2190 2120 2400 2187 quitur;
2432 2120 2653 2188 primus,
2682 2135 2802 2173 cum
2834 2119 3119 2175 secundum
3142 2132 3401 2172 summam
3430 2117 3570 2170 illam
3612 2116 3747 2170 divi-

2191 2210 2414 2263 nitatem
2457 2208 2599 2262 Patri
2645 2210 2901 2277 asqualem
2944 2218 3102 2274 atque
3136 2214 3457 2260 coaetet'num
3502 2213 3623 2257 ante
3663 2218 3749 2257 as-

2190 2301 2546 2367 sumptioncm
2576 2299 2755 2353 carnis
2782 2306 2954 2351 vocat.
3006 2296 3151 2350 Alter
3174 2297 3361 2350 modus
3386 2304 3486 2359 est,
3515 2310 3631 2347 cum
3658 2309 3746 2346 as-

2191 2398 2402 2457 sumpta
2445 2402 2607 2442 carne
2644 2385 2756 2453 jam
2801 2387 2939 2441 idem
2963 2386 3119 2449 Deus,
3170 2386 3259 2452 qui
3302 2386 3486 2447 homo;
3529 2394 3581 2435 et
3607 2382 3747 2438 idem

2192 2479 2373 2541 homo,
2403 2477 2492 2545 qui
2519 2476 2660 2530 Deus
2679 2517 2694 2540 ,
2725 2476 3009 2530 secundum
3034 2491 3191 2544 quam
3206 2475 3315 2528 iam
3344 2488 3453 2528 sum
3483 2472 3749 2525 excellen-

2194 2566 2281 2620 tiae
2303 2564 2687 2619 humanitatem
2711 2562 2911 2634 [Farte,
2941 2560 3297 2632 dignitatem],
3326 2574 3430 2628 qua
3456 2574 3560 2612 non
3583 2566 3745 2613 cmte-

2193 2657 2269 2709 ris
2298 2664 2605 2722 comquatur
2632 2653 2954 2714 hominibus,
2982 2651 3074 2704 sed
3096 2659 3177 2703 est
3200 2647 3489 2711 mediator;
3514 2652 3567 2700 et
3591 2652 3748 2714 caput

2194 2745 2445 2799 Ecclesia:
2466 2752 2520 2797 et
2543 2743 2737 2811 legitur
2760 2750 2814 2794 et
2839 2739 3165 2809 intelligitur.
3206 2737 3418 2792 Tertius
3440 2737 3624 2790 modus
3644 2740 3746 2797 est,

2195 2850 2316 2888 cum
2356 2814 2743 2901 quodaminodo
2779 2840 2919 2885 totus
2945 2830 3188 2884 Christus
3220 2830 3270 2882 ιιι
3300 2826 3624 2897 plenitudine
3649 2824 3751 2877 Ec-

2196 2923 2389 2986 clesiae,
2422 2923 2475 2976 id
2502 2910 2622 2985 est,
2667 2930 2825 2990 caput
2847 2927 2900 2973 et
2936 2933 3127 2986 corpus
3160 2918 3443 2971 secundum
3468 2912 3751 2982 plenilltdi—

2115 2982 2163 3044 δ
2190 3030 2318 3067 item
2348 3013 2571 3082 perfecti
2618 3010 2891 3079 cujusdam
2921 3012 3019 3063 viri
3047 3049 3060 3072 ,
3109 3008 3160 3060 in
3190 3022 3295 3075 quo
3319 3005 3436 3058 viro
3462 3004 3635 3057 effecti
3662 3019 3745 3056 su-

2196 3120 2315 3159 mus
2344 3098 2602 3164 membra,
2636 3108 2689 3153 et
2714 3099 3051 3154 credentibus
3078 3096 3415 3165 praedicatur,
3448 3102 3501 3147 ct
3526 3094 3752 3161 pruden-

2197 3195 2338 3247 tibus
2364 3190 2701 3271 agnoscibilis
2729 3189 2965 3243 offertur.
3027 3186 3101 3239 De
3136 3186 3367 3239 secundo
3396 3192 3570 3235 autem
3595 3181 3751 3234 modo

2198 3286 2249 3339 in
2279 3282 2525 3352 praesenti
2574 3280 2925 3349 disputatione
2966 3277 3195 3335 maxime
3237 3281 3476 3327 versatur
3507 3270 3751 3333 intentio,

2196 3377 2249 3431 in
2295 3390 2400 3443 quo
2438 3374 2605 3427 Deum
2652 3376 2933 3424 verumst
2972 3380 3153 3419 verum
3201 3363 3465 3415 hominem
3506 3360 3750 3413 eumdem

2196 3465 2478 3519 Dominum
2524 3468 2767 3514 nostrum
2820 3456 2999 3509 Iesum
3046 3452 3312 3507 Christum
3362 3449 3568 3519 publica
3598 3462 3752 3510 voce,

2195 3553 2455 3610 catholica
2490 3564 2620 3617 pace
2642 3588 2654 3611 ,
2684 3546 2919 3600 omnium
2960 3551 3263 3598 sanctorum
3310 3541 3583 3595 doctorum
3624 3553 3751 3606 pm-

2194 3639 2488 3698 batissimis
2536 3636 2853 3691 testimoniis
2894 3634 3129 3688 roborati
3170 3631 3483 3703 proﬁtemur
3514 3647 3525 3681 :
3556 3642 3660 3679 non
3687 3640 3748 3679 es

2194 3742 2342 3803 parte
2372 3731 2537 3784 Deum
2582 3744 2764 3784 verum
2789 3769 2803 3793 ,
2845 3742 2909 3781 es
2937 3733 3088 3796 parte
3116 3724 3283 3776 Deum
3311 3727 3751 3785 nuncupaltvum,

2195 3822 2332 3876 sicut
2359 3829 2445 3872 tua
2475 3819 2608 3873 solet
2656 3817 2866 3871 indocta
2912 3813 3120 3869 novitas
3151 3808 3448 3869 afﬁrmare,
3478 3804 3701 3859 dicendo
3732 3820 3748 3857 :

2192 3910 2333 3964 Deus
2361 3920 2433 3963 est
2467 3908 2701 3961 Christus
2746 3903 3022 3957 secundum
3065 3899 3381 3951 divinitatem
3404 3936 3418 3960 ,
3460 3905 3505 3949 et
3533 3893 3628 3947 Dei
3652 3892 3753 3946 Fi-

2192 4005 2292 4058 lius
2330 4013 2516 4055 verus:
2546 3995 2827 4052 secundum
2868 3992 3235 4046 humanitatem
3271 3994 3441 4041 autem
3492 3985 3631 4039 Deus
3670 3993 3747 4040 est

2191 4077 2565 4161 nuncupativus
2594 4098 2639 4141 et
2675 4086 2941 4155 adaptivus
2970 4081 3173 4135 Filius:
3197 4078 3349 4148 quasi
3379 4093 3445 4131 ex
3479 4083 3632 4145 parte
3657 4073 3736 4126 di-

2190 4183 2429 4238 vinitatis
2464 4181 2531 4235 sit
2563 4180 2789 4239 veritas;
2822 4177 2873 4229 in
2912 4182 3058 4242 parte
3086 4186 3214 4224 vero
3244 4165 3591 4222 humanitatis
3616 4179 3751 4216 nun-

533 4282 828 4351 paternitas
870 4251 1087 4335 alterius
1129 4280 1231 4334 sibi
1261 4251 1671 4345 fecit-alienum;
1722 4283 1845 4349 quia
1879 4251 2091 4348 adoptio

2152 4272 2430 4365 )cupatio,
2479 4278 2534 4323 et
2572 4282 2677 4319 non
2723 4276 2854 4331 pura
2884 4262 3098 4313 veritas.
3156 4256 3290 4330 Audi
3316 4268 3459 4323 ergo,
3492 4251 3756 4320 quomodo

2203 4364 2213 4366 _
2449 4357 2460 4366 .
2624 4354 2655 4366 .0
2817 4361 2830 4366 -
2970 4364 2981 4366 Α
3033 4345 3228 4366 _,.2.!-_:
3278 4345 3327 4366 ξ..
3379 4342 3730 4366 ιιι--.-ιλιζΛ-,ι

536 4386 603 4424 ex
629 4371 806 4425 alieno
845 4370 1083 4439 quolibet
1125 4369 1382 4437 edicitur;
1425 4370 1673 4439 proprius
1715 4384 1842 4422 vero
1873 4370 2012 4423 titius
2044 4370 2097 4422 in

537 4458 762 4513 veritate
788 4459 1131 4529 proprietatis
1175 4468 1467 4527 permanet.
1528 4459 1674 4514 Unus
1718 4468 1801 4514 est
1831 4460 1971 4514 Deus
1995 4459 2098 4514 Pa-

536 4557 638 4616 ter,
668 4559 723 4605 et
742 4566 905 4604 unum
934 4550 1093 4605 habet
1115 4550 1304 4604 Filium
1327 4540 1608 4604 Dominum
1642 4558 1882 4604 nostrum
1908 4549 2090 4605 Iesum

535 4637 825 4696 Christum.
867 4640 921 4694 la
950 4647 1173 4710 utraque
1200 4648 1376 4694 autem
1412 4639 1708 4693 substantia
1730 4647 1785 4693 et
1803 4634 2096 4693 divinitatis

537 4740 590 4785 et
612 4732 961 4786 humanitatis
987 4772 1001 4795 ,
1032 4747 1169 4786 unus
1198 4741 1359 4800 atque
1397 4731 1533 4785 idem
1572 4738 1655 4785 est
1691 4728 1781 4783 Dei
1808 4730 1970 4785 Filius
1995 4728 2097 4784 Do-

538 4822 715 4876 minus
756 4830 939 4877 noster
982 4820 1139 4877 Iesus
1183 4822 1467 4885 Christus,
1516 4830 1573 4875 ut
1622 4821 1761 4875 Deus
1806 4833 1991 4884 verus;
2026 4820 2099 4873 ita

538 4912 699 4966 etiam
717 4912 877 4968 homo
902 4927 1076 4974 verus.
1102 4920 1387 4967 attestante
1408 4912 1660 4980 Apostc'i
1681 4918 1841 4979 atque
1862 4909 2097 4962 dicente:

543 4999 625 5055 Es
641 5001 827 5070 quibus
872 4999 1109 5054 Christus
1151 4998 1431 5052 secundum
1471 4994 1707 5059 carnem,
1735 4996 1824 5064 qui
1848 5005 1920 5048 est
1949 5011 2102 5063 super

543 5091 713 5141 antlia
750 5088 891 5143 Dm
930 5086 1222 5141 benedictus
1272 5085 1328 5137 in
1371 5083 1563 5136 secula
1611 5082 1784 5153 (Rom.
1816 5099 1891 5145 ιιι,
1920 5082 1995 5151 5).
2038 5083 2104 5137 Et

546 5175 670 5229 alibi
698 5192 711 5228 :
746 5173 891 5229 Unus
917 5175 1054 5228 enim
1079 5172 1241 5236 Deus,
1271 5188 1402 5224 unus
1430 5180 1502 5223 est
1537 5172 1793 5225 mediator
1819 5170 1915 5225 Dei
1938 5181 1985 5225 et
2007 5172 2101 5224 Ito-

541 5268 737 5320 minum
764 5266 917 5319 homo
940 5262 1175 5317 Christus
1196 5263 1348 5317 Iesus
1379 5260 1559 5331 (Ioan.
1586 5277 1646 5324 tt,
1675 5261 1749 5331 5).
1782 5260 1953 5315 Unum
1974 5277 2101 5331 ergo

544 5368 704 5427 atque
732 5356 977 5411 eumdem
1015 5354 1295 5407 Dominum
1326 5359 1567 5407 nostrum
1601 5349 1781 5404 Iesum
1808 5350 2101 5412 Christum,

544 5462 664 5502 cum
694 5461 759 5501 es
785 5446 903 5501 aliis
924 5484 939 5510 ,
987 5452 1100 5498 tum
1148 5456 1210 5495 ex
1259 5443 1345 5497 his
1384 5441 1691 5510 apostolicis
1719 5440 2020 5506 sententiis,
2050 5443 2103 5491 et

615 5569 640 5596 -
682 5556 737 5610 s.
769 5558 925 5624 Aug,
964 5557 1029 5611 de
1056 5548 1185 5609 me
1210 5563 1261 5607 ct
1289 5530 1558 5620 symbolo.

2201 4364 2390 4417 beatus
2435 4354 2760 4423 Augustinus
2814 4361 2916 4403 tua:
2960 4345 3233 4417 partitioni
3278 4345 3330 4398 in
3375 4342 3754 4411 disputatione.

2203 4459 2390 4507 contra
2435 4444 2776 4501 Maximinum
2817 4440 3124 4495 haereticum
3173 4435 3375 4498 habita,
3416 4434 3755 4502 repondeat,

2204 4543 2281 4598 ait
2307 4540 2448 4596 enim
2497 4536 2632 4608 (Lib.
2662 4552 2722 4599 tt,
2754 4548 2869 4602 cap.
2900 4532 2986 4595 it),
3018 4546 3071 4583 ιι.
3102 4527 3154 4601 ‘2)
3188 4542 3203 4581 :
3253 4544 3270 4578 ε
3304 4525 3470 4581 Porro
3511 4522 3758 4577 Christus

2205 4648 2307 4687 una
2334 4644 2559 4701 persona
2593 4634 2676 4681 est
2717 4624 2936 4694 gemina:
2974 4617 3319 4689 substantiae,
3361 4614 3485 4683 quia
3515 4620 3569 4666 et
3590 4610 3769 4673 Deus,

2204 4728 2365 4781 etiam
2388 4724 2546 4778 homo
2569 4728 2670 4774 est.
2710 4717 2817 4771 Nec
2850 4724 3025 4769 tamen
3055 4713 3193 4766 Deus
3226 4721 3352 4777 pars
3375 4702 3489 4771 ejus
3516 4713 3758 4771 persona:

2200 4815 2304 4871 dici
2352 4818 2567 4882 potest:
2622 4807 2853 4875 alioquin
2907 4803 3075 4860 Filius
3114 4800 3206 4854 Dei
3248 4796 3388 4849 Deus
3413 4834 3427 4856 ,
3470 4798 3755 4882 antequam

2202 4878 2495 4970 susciperet
2532 4899 2755 4951 formam
2786 4892 2925 4949 servi
2948 4931 2963 4956 ,
3006 4903 3109 4942 non
3134 4890 3250 4939 erat
3277 4890 3423 4935 totus
3444 4920 3457 4945 ,
3488 4888 3540 4933 et
3565 4878 3756 4941 crevit,

2202 5007 2322 5047 cum
2344 4993 2502 5046 homo
2526 4984 2790 5043 divinitati
2829 4981 2944 5050 eius
2980 4974 3232 5036 accessit,
3266 4970 3407 5041 quod
3430 4970 3481 5024 itt
3504 4982 3610 5022 una
3637 4981 3757 5038 per-

2202 5098 2334 5138 sona
2380 5076 2759 5135 absurdissima
2804 5072 3106 5124 diceretur:
3139 5066 3263 5135 quia
3308 5078 3433 5135 pars
3484 5063 3561 5118 rei
3598 5060 3757 5117 ullius

2202 5187 2321 5227 esse
2344 5182 2452 5224 non
2480 5172 2657 5236 potest
2685 5162 2843 5215 Deus.
2871 5179 2889 5211 ι

2274 5260 2385 5316 XII.
2424 5254 2726 5312 Consordat
2771 5265 2981 5322 quoque
3026 5240 3212 5303 beatus
3239 5244 3496 5320 Cyrinus,
3532 5240 3684 5310 cujus
3702 5243 3760 5293 et

2206 5362 2261 5407 ttt
2283 5346 2601 5405 testimoniis
2626 5344 2705 5398 uti
2730 5342 2922 5411 saepius
2944 5340 3101 5405 soles.
3131 5340 3254 5394 huic
3287 5334 3625 5391 sanctissimo
3651 5330 3753 5384 Pa—

2207 5441 2295 5503 tri,
2338 5436 2435 5491 sub
2483 5432 2836 5488 anathematis
2877 5430 3084 5485 vinculo
3131 5428 3500 5495 constringens
3524 5436 3631 5485 eos,
3664 5415 3754 5486 qui
