  <div class='ocr_page' id='page_1' title='image "/cluster/home/n/w/nwhite01/storage/ocr_20150623/101/uva.x000834944/120.png"; bbox 0 0 4238 6276; ppageno 0'>
   <div class='ocr_carea' id='block_1_1' title="bbox 486 605 2037 681">
    <p class='ocr_par' dir='ltr' id='par_1_1' title="bbox 486 605 2037 681">
     <span class='ocr_line' id='line_1_1' title="bbox 486 605 2037 681; baseline -0.004 -17"><span class='ocrx_word' id='word_1_1' title='bbox 486 609 613 666; x_wconf 82' lang='lat' dir='ltr'><strong>Jesn</strong></span> <span class='ocrx_word' id='word_1_2' title='bbox 645 606 862 662; x_wconf 90' lang='lat' dir='ltr'><strong>Christo</strong></span> <span class='ocrx_word' id='word_1_3' title='bbox 899 605 1077 662; x_wconf 88' lang='lat' dir='ltr'><strong>facere</strong></span> <span class='ocrx_word' id='word_1_4' title='bbox 1115 608 1327 681; x_wconf 86' lang='lat' dir='ltr'><strong>audent,</strong></span> <span class='ocrx_word' id='word_1_5' title='bbox 1362 621 1522 662; x_wconf 89' lang='lat' dir='ltr'><strong>unam</strong></span> <span class='ocrx_word' id='word_1_6' title='bbox 1548 607 1700 676; x_wconf 86' lang='lat' dir='ltr'><strong>quasi</strong></span> <span class='ocrx_word' id='word_1_7' title='bbox 1735 620 1918 660; x_wconf 98' lang='lat' dir='ltr'><strong>veram</strong></span> <span class='ocrx_word' id='word_1_8' title='bbox 1943 605 2037 658; x_wconf 86' lang='lat' dir='ltr'><strong>Dei</strong></span> 
     </span>
    </p>
   </div>
   <div class='ocr_carea' id='block_1_2' title="bbox 487 694 2040 764">
    <p class='ocr_par' dir='ltr' id='par_1_2' title="bbox 487 694 2040 764">
     <span class='ocr_line' id='line_1_2' title="bbox 487 694 2040 764; baseline -0.005 -9"><span class='ocrx_word' id='word_1_9' title='bbox 487 697 682 758; x_wconf 80' lang='lat' dir='ltr'><strong>Verbo,</strong></span> <span class='ocrx_word' id='word_1_10' title='bbox 713 696 935 750; x_wconf 91' lang='lat' dir='ltr'><strong>alteram</strong></span> <span class='ocrx_word' id='word_1_11' title='bbox 960 709 1086 749; x_wconf 87' lang='lat' dir='ltr'><strong>vero</strong></span> <span class='ocrx_word' id='word_1_12' title='bbox 1109 697 1257 764; x_wconf 87' lang='lat' dir='ltr'><strong>quasi</strong></span> <span class='ocrx_word' id='word_1_13' title='bbox 1277 695 1377 749; x_wconf 88' lang='lat' dir='ltr'><strong>sub</strong></span> <span class='ocrx_word' id='word_1_14' title='bbox 1397 696 1611 750; x_wconf 85' lang='lat' dir='ltr'><strong>nomine</strong></span> <span class='ocrx_word' id='word_1_15' title='bbox 1631 694 2040 764; x_wconf 88' lang='lat' dir='ltr'><strong>nuncupationis</strong></span> 
     </span>
    </p>
   </div>
   <div class='ocr_carea' id='block_1_3' title="bbox 484 780 2038 856">
    <p class='ocr_par' dir='ltr' id='par_1_3' title="bbox 484 780 2038 856">
     <span class='ocr_line' id='line_1_3' title="bbox 484 780 2038 856; baseline -0.003 -16"><span class='ocrx_word' id='word_1_16' title='bbox 484 785 689 856; x_wconf 79' lang='lat' dir='ltr'><strong>homini</strong></span> <span class='ocrx_word' id='word_1_17' title='bbox 715 792 1006 853; x_wconf 89' lang='lat' dir='ltr'><strong>assumpto.</strong></span> <span class='ocrx_word' id='word_1_18' title='bbox 1054 783 1145 838; x_wconf 82' lang='lat' dir='ltr'><strong>Ait</strong></span> <span class='ocrx_word' id='word_1_19' title='bbox 1167 780 1294 853; x_wconf 83' lang='lat' dir='ltr'><strong>ergo</strong></span> <span class='ocrx_word' id='word_1_20' title='bbox 1321 796 1346 824; x_wconf 81' lang='grc' dir='ltr'>ι</span> <span class='ocrx_word' id='word_1_21' title='bbox 1373 801 1387 837; x_wconf 91' lang='lat'><strong>:</strong></span> <span class='ocrx_word' id='word_1_22' title='bbox 1435 801 1455 834; x_wconf 74' lang='grc' dir='ltr'>ι</span> <span class='ocrx_word' id='word_1_23' title='bbox 1485 783 1544 837; x_wconf 91' lang='lat' dir='ltr'><strong>Si</strong></span> <span class='ocrx_word' id='word_1_24' title='bbox 1568 784 1689 853; x_wconf 91' lang='lat' dir='ltr'><strong>quis</strong></span> <span class='ocrx_word' id='word_1_25' title='bbox 1710 790 2038 852; x_wconf 72' lang='lat' dir='ltr'><strong>assumptum</strong></span> 
     </span>
    </p>
   </div>
   <div class='ocr_carea' id='block_1_4' title="bbox 417 869 2041 944">
    <p class='ocr_par' dir='ltr' id='par_1_4' title="bbox 417 869 2041 944">
     <span class='ocr_line' id='line_1_4' title="bbox 417 869 2041 944; baseline 0.001 -18"><span class='ocrx_word' id='word_1_26' title='bbox 417 870 419 872; x_wconf 71' lang='grc'><strong><em>’</em></strong></span> <span class='ocrx_word' id='word_1_27' title='bbox 489 871 757 926; x_wconf 81' lang='lat' dir='ltr'><strong>hominem</strong></span> <span class='ocrx_word' id='word_1_28' title='bbox 787 873 1065 926; x_wconf 88' lang='lat' dir='ltr'><strong>coadorari</strong></span> <span class='ocrx_word' id='word_1_29' title='bbox 1090 881 1338 942; x_wconf 91' lang='lat' dir='ltr'><strong>oportere</strong></span> <span class='ocrx_word' id='word_1_30' title='bbox 1365 873 1473 928; x_wconf 89' lang='lat' dir='ltr'><strong>Deo</strong></span> <span class='ocrx_word' id='word_1_31' title='bbox 1501 872 1698 936; x_wconf 76' lang='lat' dir='ltr'><strong>Verbo,</strong></span> <span class='ocrx_word' id='word_1_32' title='bbox 1734 880 1790 927; x_wconf 91' lang='lat' dir='ltr'><strong>et</strong></span> <span class='ocrx_word' id='word_1_33' title='bbox 1828 869 2041 944; x_wconf 86' lang='lat' dir='ltr'><strong>conglo-</strong></span> 
     </span>
    </p>
   </div>
   <div class='ocr_carea' id='block_1_5' title="bbox 487 958 2039 1032">
    <p class='ocr_par' dir='ltr' id='par_1_5' title="bbox 487 958 2039 1032">
     <span class='ocr_line' id='line_1_5' title="bbox 487 958 2039 1032; baseline 0.001 -19"><span class='ocrx_word' id='word_1_34' title='bbox 487 958 689 1013; x_wconf 85' lang='lat' dir='ltr'><strong>riﬁcari</strong></span> <span class='ocrx_word' id='word_1_35' title='bbox 715 967 966 1030; x_wconf 85' lang='lat' dir='ltr'><strong>tanquam</strong></span> <span class='ocrx_word' id='word_1_36' title='bbox 993 961 1216 1014; x_wconf 75' lang='lat' dir='ltr'><strong>alterum</strong></span> <span class='ocrx_word' id='word_1_37' title='bbox 1244 961 1298 1014; x_wconf 94' lang='lat' dir='ltr'><strong>in</strong></span> <span class='ocrx_word' id='word_1_38' title='bbox 1320 961 1512 1025; x_wconf 88' lang='lat' dir='ltr'><strong>altero,</strong></span> <span class='ocrx_word' id='word_1_39' title='bbox 1540 968 1595 1016; x_wconf 91' lang='lat' dir='ltr'><strong>et</strong></span> <span class='ocrx_word' id='word_1_40' title='bbox 1614 977 1718 1015; x_wconf 92' lang='lat' dir='ltr'><strong>non</strong></span> <span class='ocrx_word' id='word_1_41' title='bbox 1737 962 1915 1032; x_wconf 92' lang='lat' dir='ltr'><strong>potius</strong></span> <span class='ocrx_word' id='word_1_42' title='bbox 1935 976 2039 1015; x_wconf 92' lang='lat' dir='ltr'><strong>una</strong></span> 
     </span>
    </p>
   </div>
   <div class='ocr_carea' id='block_1_6' title="bbox 485 1048 2042 1120">
    <p class='ocr_par' dir='ltr' id='par_1_6' title="bbox 485 1048 2042 1120">
     <span class='ocr_line' id='line_1_6' title="bbox 485 1048 2042 1120; baseline 0 -17"><span class='ocrx_word' id='word_1_43' title='bbox 485 1048 797 1104; x_wconf 88' lang='lat' dir='ltr'><strong>adoratione</strong></span> <span class='ocrx_word' id='word_1_44' title='bbox 825 1051 1054 1104; x_wconf 78' lang='lat' dir='ltr'><strong>honorat</strong></span> <span class='ocrx_word' id='word_1_45' title='bbox 1082 1049 1420 1115; x_wconf 83' lang='lat' dir='ltr'><strong>Emmanuel,</strong></span> <span class='ocrx_word' id='word_1_46' title='bbox 1451 1059 1508 1106; x_wconf 87' lang='lat' dir='ltr'><strong>et</strong></span> <span class='ocrx_word' id='word_1_47' title='bbox 1527 1065 1689 1104; x_wconf 87' lang='lat' dir='ltr'><strong>unam</strong></span> <span class='ocrx_word' id='word_1_48' title='bbox 1707 1052 1756 1104; x_wconf 90' lang='lat' dir='ltr'><strong>ei</strong></span> <span class='ocrx_word' id='word_1_49' title='bbox 1785 1049 2042 1120; x_wconf 83' lang='lat' dir='ltr'><strong>gloriﬁca-</strong></span> 
     </span>
    </p>
   </div>
   <div class='ocr_carea' id='block_1_7' title="bbox 489 1138 2035 1208">
    <p class='ocr_par' dir='ltr' id='par_1_7' title="bbox 489 1138 2035 1208">
     <span class='ocr_line' id='line_1_7' title="bbox 489 1138 2035 1208; baseline 0.001 -18"><span class='ocrx_word' id='word_1_50' title='bbox 489 1139 685 1192; x_wconf 88' lang='lat' dir='ltr'><strong>tionem</strong></span> <span class='ocrx_word' id='word_1_51' title='bbox 734 1139 988 1208; x_wconf 87' lang='lat' dir='ltr'><strong>appellet,</strong></span> <span class='ocrx_word' id='word_1_52' title='bbox 1049 1139 1336 1194; x_wconf 84' lang='lat' dir='ltr'><strong>secundum</strong></span> <span class='ocrx_word' id='word_1_53' title='bbox 1381 1139 1524 1208; x_wconf 90' lang='lat' dir='ltr'><strong>quod</strong></span> <span class='ocrx_word' id='word_1_54' title='bbox 1565 1155 1693 1194; x_wconf 86' lang='lat' dir='ltr'><strong>caro</strong></span> <span class='ocrx_word' id='word_1_55' title='bbox 1737 1138 1907 1193; x_wconf 90' lang='lat' dir='ltr'><strong>factus</strong></span> <span class='ocrx_word' id='word_1_56' title='bbox 1935 1146 2035 1203; x_wconf 89' lang='lat' dir='ltr'><strong>est,</strong></span> 
     </span>
    </p>
   </div>
   <div class='ocr_carea' id='block_1_8' title="bbox 485 1228 2040 1303">
    <p class='ocr_par' dir='ltr' id='par_1_8' title="bbox 485 1228 2040 1303">
     <span class='ocr_line' id='line_1_8' title="bbox 485 1228 2040 1303; baseline 0.002 -21"><span class='ocrx_word' id='word_1_57' title='bbox 485 1231 773 1285; x_wconf 89' lang='lat' dir='ltr'><strong>anathema</strong></span> <span class='ocrx_word' id='word_1_58' title='bbox 795 1231 883 1284; x_wconf 90' lang='lat' dir='ltr'><strong>sit.</strong></span> <span class='ocrx_word' id='word_1_59' title='bbox 940 1229 1151 1299; x_wconf 81' lang='lat' dir='ltr'><strong>Syllaba</strong></span> <span class='ocrx_word' id='word_1_60' title='bbox 1177 1231 1320 1285; x_wconf 87' lang='lat' dir='ltr'><strong>enim</strong></span> <span class='ocrx_word' id='word_1_61' title='bbox 1347 1246 1406 1284; x_wconf 86' lang='lat' dir='ltr'><strong>co</strong></span> <span class='ocrx_word' id='word_1_62' title='bbox 1429 1228 1798 1300; x_wconf 87' lang='lat' dir='ltr'><strong>superadjecta</strong></span> <span class='ocrx_word' id='word_1_63' title='bbox 1819 1229 1925 1303; x_wconf 16' lang='lat' dir='ltr'><strong>[hoc</strong></span> <span class='ocrx_word' id='word_1_64' title='bbox 1950 1244 2040 1285; x_wconf 87' lang='lat' dir='ltr'><strong>co-</strong></span> 
     </span>
    </p>
   </div>
   <div class='ocr_carea' id='block_1_9' title="bbox 485 1315 2036 1387">
    <p class='ocr_par' dir='ltr' id='par_1_9' title="bbox 485 1315 2036 1387">
     <span class='ocr_line' id='line_1_9' title="bbox 485 1315 2036 1387; baseline 0.003 -18"><span class='ocrx_word' id='word_1_65' title='bbox 485 1318 564 1387; x_wconf 89' lang='lat' dir='ltr'><strong>git</strong></span> <span class='ocrx_word' id='word_1_66' title='bbox 587 1315 832 1387; x_wconf 76' lang='lat' dir='ltr'><strong>intelligi,</strong></span> <span class='ocrx_word' id='word_1_67' title='bbox 862 1318 1002 1386; x_wconf 88' lang='lat' dir='ltr'><strong>quod</strong></span> <span class='ocrx_word' id='word_1_68' title='bbox 1029 1318 1180 1386; x_wconf 90' lang='lat' dir='ltr'><strong>quasi</strong></span> <span class='ocrx_word' id='word_1_69' title='bbox 1209 1318 1343 1387; x_wconf 84' lang='lat' dir='ltr'><strong>alter</strong></span> <span class='ocrx_word' id='word_1_70' title='bbox 1380 1319 1432 1371; x_wconf 93' lang='lat' dir='ltr'><strong>in</strong></span> <span class='ocrx_word' id='word_1_71' title='bbox 1457 1318 1650 1373; x_wconf 87' lang='lat' dir='ltr'><strong>altero.</strong></span> <span class='ocrx_word' id='word_1_72' title='bbox 1681 1338 1699 1371; x_wconf 76' lang='grc' dir='ltr'><strong><em>ι</em></strong></span> <span class='ocrx_word' id='word_1_73' title='bbox 1735 1318 1802 1372; x_wconf 86' lang='lat' dir='ltr'><strong>Et</strong></span> <span class='ocrx_word' id='word_1_74' title='bbox 1819 1317 1955 1372; x_wconf 87' lang='lat' dir='ltr'><strong>infra</strong></span> <span class='ocrx_word' id='word_1_75' title='bbox 1977 1319 2036 1373; x_wconf 70' lang='grc' dir='ltr'><strong>δε</strong></span> 
     </span>
    </p>
   </div>
   <div class='ocr_carea' id='block_1_10' title="bbox 491 1401 2041 1474">
    <p class='ocr_par' dir='ltr' id='par_1_10' title="bbox 491 1401 2041 1474">
     <span class='ocr_line' id='line_1_10' title="bbox 491 1401 2041 1474; baseline 0.003 -19"><span class='ocrx_word' id='word_1_76' title='bbox 491 1419 514 1453; x_wconf 73' lang='grc' dir='ltr'>ι</span> <span class='ocrx_word' id='word_1_77' title='bbox 542 1401 603 1457; x_wconf 91' lang='lat' dir='ltr'><strong>Si</strong></span> <span class='ocrx_word' id='word_1_78' title='bbox 641 1405 762 1473; x_wconf 83' lang='lat' dir='ltr'><strong>quis</strong></span> <span class='ocrx_word' id='word_1_79' title='bbox 787 1405 951 1474; x_wconf 91' lang='lat' dir='ltr'><strong>igitur</strong></span> <span class='ocrx_word' id='word_1_80' title='bbox 976 1406 1266 1460; x_wconf 84' lang='lat' dir='ltr'><strong>eoadorare</strong></span> <span class='ocrx_word' id='word_1_81' title='bbox 1291 1405 1458 1469; x_wconf 93' lang='lat' dir='ltr'><strong>dicit,</strong></span> <span class='ocrx_word' id='word_1_82' title='bbox 1506 1414 1566 1460; x_wconf 93' lang='lat' dir='ltr'><strong>ut</strong></span> <span class='ocrx_word' id='word_1_83' title='bbox 1593 1406 1862 1460; x_wconf 77' lang='lat' dir='ltr'><strong>hominem</strong></span> <span class='ocrx_word' id='word_1_84' title='bbox 1899 1421 2041 1460; x_wconf 87' lang='lat' dir='ltr'><strong>seor-</strong></span> 
     </span>
    </p>
   </div>
   <div class='ocr_carea' id='block_1_11' title="bbox 485 1480 2038 1561">
    <p class='ocr_par' dir='ltr' id='par_1_11' title="bbox 485 1480 2038 1561">
     <span class='ocr_line' id='line_1_11' title="bbox 485 1480 2038 1561; baseline 0.003 -17"><span class='ocrx_word' id='word_1_85' title='bbox 485 1503 624 1555; x_wconf 83' lang='lat' dir='ltr'><strong>sum,</strong></span> <span class='ocrx_word' id='word_1_86' title='bbox 657 1491 832 1546; x_wconf 88' lang='lat' dir='ltr'><strong>altero</strong></span> <span class='ocrx_word' id='word_1_87' title='bbox 851 1503 1047 1561; x_wconf 67' lang='lat' dir='ltr'><strong>praeter</strong></span> <span class='ocrx_word' id='word_1_88' title='bbox 1077 1507 1198 1547; x_wconf 90' lang='lat' dir='ltr'><strong>eum</strong></span> <span class='ocrx_word' id='word_1_89' title='bbox 1217 1493 1476 1554; x_wconf 74' lang='lat' dir='ltr'><strong>existente</strong></span> <span class='ocrx_word' id='word_1_90' title='bbox 1497 1493 1606 1548; x_wconf 87' lang='lat' dir='ltr'><strong>Deo</strong></span> <span class='ocrx_word' id='word_1_91' title='bbox 1635 1480 1830 1559; x_wconf 80' lang='lat' dir='ltr'><strong>Verbo,</strong></span> <span class='ocrx_word' id='word_1_92' title='bbox 1856 1501 1911 1550; x_wconf 89' lang='lat' dir='ltr'><strong>et</strong></span> <span class='ocrx_word' id='word_1_93' title='bbox 1936 1510 2038 1549; x_wconf 94' lang='lat' dir='ltr'><strong>non</strong></span> 
     </span>
    </p>
   </div>
   <div class='ocr_carea' id='block_1_12' title="bbox 484 1581 2041 1641">
    <p class='ocr_par' dir='ltr' id='par_1_12' title="bbox 484 1581 2041 1641">
     <span class='ocr_line' id='line_1_12' title="bbox 484 1581 2041 1641; baseline 0.004 -6"><span class='ocrx_word' id='word_1_94' title='bbox 484 1581 775 1636; x_wconf 80' lang='lat' dir='ltr'><strong>secundum</strong></span> <span class='ocrx_word' id='word_1_95' title='bbox 802 1597 984 1636; x_wconf 84' lang='lat' dir='ltr'><strong>veram</strong></span> <span class='ocrx_word' id='word_1_96' title='bbox 1012 1585 1269 1638; x_wconf 89' lang='lat' dir='ltr'><strong>unitatem</strong></span> <span class='ocrx_word' id='word_1_97' title='bbox 1297 1583 1538 1639; x_wconf 90' lang='lat' dir='ltr'><strong>adunans</strong></span> <span class='ocrx_word' id='word_1_98' title='bbox 1578 1601 1740 1640; x_wconf 88' lang='lat' dir='ltr'><strong>unum</strong></span> <span class='ocrx_word' id='word_1_99' title='bbox 1770 1585 2041 1641; x_wconf 84' lang='lat' dir='ltr'><strong>Christum</strong></span> 
     </span>
    </p>
   </div>
   <div class='ocr_carea' id='block_1_13' title="bbox 484 1673 2040 1749">
    <p class='ocr_par' dir='ltr' id='par_1_13' title="bbox 484 1673 2040 1749">
     <span class='ocr_line' id='line_1_13' title="bbox 484 1673 2040 1749; baseline 0.004 -22"><span class='ocrx_word' id='word_1_100' title='bbox 484 1681 539 1727; x_wconf 85' lang='lat' dir='ltr'><strong>et</strong></span> <span class='ocrx_word' id='word_1_101' title='bbox 569 1673 758 1726; x_wconf 83' lang='lat' dir='ltr'><strong>Filium</strong></span> <span class='ocrx_word' id='word_1_102' title='bbox 790 1673 1176 1743; x_wconf 69' lang='lat' dir='ltr'><strong>Dominumque</strong></span> <span class='ocrx_word' id='word_1_103' title='bbox 1215 1690 1320 1729; x_wconf 91' lang='lat' dir='ltr'><strong>una</strong></span> <span class='ocrx_word' id='word_1_104' title='bbox 1360 1677 1670 1732; x_wconf 89' lang='lat' dir='ltr'><strong>adoratione</strong></span> <span class='ocrx_word' id='word_1_105' title='bbox 1694 1677 1860 1749; x_wconf 67' lang='lat'><strong>856</strong></span> <span class='ocrx_word' id='word_1_106' title='bbox 1883 1677 2040 1748; x_wconf 87' lang='lat' dir='ltr'><strong>glori-</strong></span> 
     </span>
    </p>
   </div>
   <div class='ocr_carea' id='block_1_14' title="bbox 449 1759 2035 1832">
    <p class='ocr_par' dir='ltr' id='par_1_14' title="bbox 449 1759 2035 1832">
     <span class='ocr_line' id='line_1_14' title="bbox 449 1759 2035 1832; baseline 0.003 -19"><span class='ocrx_word' id='word_1_107' title='bbox 449 1806 458 1814; x_wconf 94' lang='lat'><strong>.</strong></span> <span class='ocrx_word' id='word_1_108' title='bbox 484 1759 629 1824; x_wconf 91' lang='lat' dir='ltr'><strong>ﬁcat,</strong></span> <span class='ocrx_word' id='word_1_109' title='bbox 653 1761 836 1816; x_wconf 83' lang='lat' dir='ltr'><strong>virtuti</strong></span> <span class='ocrx_word' id='word_1_110' title='bbox 861 1763 1217 1818; x_wconf 89' lang='lat' dir='ltr'><strong>anathematis</strong></span> <span class='ocrx_word' id='word_1_111' title='bbox 1233 1762 1380 1832; x_wconf 89' lang='lat' dir='ltr'><strong>juste</strong></span> <span class='ocrx_word' id='word_1_112' title='bbox 1405 1764 1666 1820; x_wconf 84' lang='lat' dir='ltr'><strong>subditur.</strong></span> <span class='ocrx_word' id='word_1_113' title='bbox 1698 1785 1716 1817; x_wconf 75' lang='grc' dir='ltr'><strong><em>ι</em></strong></span> <span class='ocrx_word' id='word_1_114' title='bbox 1749 1766 1816 1820; x_wconf 83' lang='grc' dir='ltr'><strong>Ει</strong></span> <span class='ocrx_word' id='word_1_115' title='bbox 1838 1766 1962 1820; x_wconf 85' lang='lat' dir='ltr'><strong>item</strong></span> <span class='ocrx_word' id='word_1_116' title='bbox 1978 1776 2035 1818; x_wconf 75' lang='grc' dir='ltr'><strong>ετ</strong></span> 
     </span>
    </p>
   </div>
   <div class='ocr_carea' id='block_1_15' title="bbox 474 1838 2041 1919">
    <p class='ocr_par' dir='ltr' id='par_1_15' title="bbox 474 1848 2039 1919">
     <span class='ocr_line' id='line_1_15' title="bbox 474 1848 2039 1919; baseline 0.001 -10"><span class='ocrx_word' id='word_1_117' title='bbox 474 1868 513 1909; x_wconf 70' lang='grc' dir='ltr'><strong>ει</strong></span> <span class='ocrx_word' id='word_1_118' title='bbox 538 1848 596 1904; x_wconf 91' lang='lat' dir='ltr'><strong>Si</strong></span> <span class='ocrx_word' id='word_1_119' title='bbox 623 1851 765 1905; x_wconf 86' lang='lat' dir='ltr'><strong>enim</strong></span> <span class='ocrx_word' id='word_1_120' title='bbox 795 1860 875 1906; x_wconf 88' lang='lat' dir='ltr'><strong>est</strong></span> <span class='ocrx_word' id='word_1_121' title='bbox 899 1860 954 1907; x_wconf 90' lang='lat' dir='ltr'><strong>et</strong></span> <span class='ocrx_word' id='word_1_122' title='bbox 981 1852 1121 1907; x_wconf 78' lang='lat' dir='ltr'><strong>idem</strong></span> <span class='ocrx_word' id='word_1_123' title='bbox 1148 1852 1288 1909; x_wconf 84' lang='lat' dir='ltr'><strong>Deus</strong></span> <span class='ocrx_word' id='word_1_124' title='bbox 1310 1854 1467 1908; x_wconf 88' lang='lat' dir='ltr'><strong>simul</strong></span> <span class='ocrx_word' id='word_1_125' title='bbox 1499 1863 1556 1909; x_wconf 90' lang='lat' dir='ltr'><strong>et</strong></span> <span class='ocrx_word' id='word_1_126' title='bbox 1578 1855 1756 1919; x_wconf 90' lang='lat' dir='ltr'><strong>homo,</strong></span> <span class='ocrx_word' id='word_1_127' title='bbox 1783 1856 2039 1911; x_wconf 82' lang='lat' dir='ltr'><strong>adorator</strong></span> 
     </span>
    </p>
   </div>
   <div class='ocr_carea' id='block_1_16' title="bbox 2135 1838 3684 1919">
    <p class='ocr_par' dir='ltr' id='par_1_16' title="bbox 2135 1838 3684 1912">
     <span class='ocr_line' id='line_1_16' title="bbox 2135 1838 3684 1912; baseline 0.005 -20"><span class='ocrx_word' id='word_1_128' title='bbox 2135 1838 2394 1912; x_wconf 89' lang='lat' dir='ltr'><strong>pativum]</strong></span> <span class='ocrx_word' id='word_1_129' title='bbox 2417 1840 2572 1896; x_wconf 92' lang='lat' dir='ltr'><strong>fateri</strong></span> <span class='ocrx_word' id='word_1_130' title='bbox 2595 1845 2819 1912; x_wconf 87' lang='lat' dir='ltr'><strong>cogeris.</strong></span> <span class='ocrx_word' id='word_1_131' title='bbox 2856 1843 2962 1898; x_wconf 80' lang='lat' dir='ltr'><strong>Aut</strong></span> <span class='ocrx_word' id='word_1_132' title='bbox 2985 1846 3030 1899; x_wconf 91' lang='lat' dir='ltr'><strong>si</strong></span> <span class='ocrx_word' id='word_1_133' title='bbox 3057 1846 3158 1900; x_wconf 89' lang='lat' dir='ltr'><strong>hoc</strong></span> <span class='ocrx_word' id='word_1_134' title='bbox 3174 1846 3269 1900; x_wconf 90' lang='lat' dir='ltr'><strong>tibi</strong></span> <span class='ocrx_word' id='word_1_135' title='bbox 3295 1846 3432 1900; x_wconf 86' lang='lat' dir='ltr'><strong>sicut</strong></span> <span class='ocrx_word' id='word_1_136' title='bbox 3458 1854 3513 1901; x_wconf 90' lang='lat' dir='ltr'><strong>et</strong></span> <span class='ocrx_word' id='word_1_137' title='bbox 3531 1846 3684 1902; x_wconf 88' lang='lat' dir='ltr'><strong>nobis</strong></span> 
     </span>
    </p>
   </div>
   <div class='ocr_carea' id='block_1_17' title="bbox 482 1934 2038 2013">
    <p class='ocr_par' dir='ltr' id='par_1_17' title="bbox 482 1934 2038 2013">
     <span class='ocr_line' id='line_1_17' title="bbox 482 1934 2038 2013; baseline 0.005 -23"><span class='ocrx_word' id='word_1_138' title='bbox 482 1934 941 2013; x_wconf 80' lang='lat' dir='ltr'><strong>potius&#39;tanquam</strong></span> <span class='ocrx_word' id='word_1_139' title='bbox 967 1956 1104 2009; x_wconf 89' lang='lat' dir='ltr'><strong>unus</strong></span> <span class='ocrx_word' id='word_1_140' title='bbox 1126 1942 1431 1996; x_wconf 88' lang='lat' dir='ltr'><strong>adoratione</strong></span> <span class='ocrx_word' id='word_1_141' title='bbox 1450 1959 1552 1997; x_wconf 92' lang='lat' dir='ltr'><strong>una</strong></span> <span class='ocrx_word' id='word_1_142' title='bbox 1574 1983 1590 2008; x_wconf 92' lang='lat'><strong>,</strong></span> <span class='ocrx_word' id='word_1_143' title='bbox 1627 1952 1811 2000; x_wconf 59' lang='lat' dir='ltr'><strong>etnon</strong></span> <span class='ocrx_word' id='word_1_144' title='bbox 1839 1945 2038 2000; x_wconf 83' lang='lat' dir='ltr'><strong>coado-</strong></span> 
     </span>
    </p>
   </div>
   <div class='ocr_carea' id='block_1_18' title="bbox 487 2028 2040 2104">
    <p class='ocr_par' dir='ltr' id='par_1_18' title="bbox 487 2028 2040 2104">
     <span class='ocr_line' id='line_1_18' title="bbox 487 2028 2040 2104; baseline 0.006 -25"><span class='ocrx_word' id='word_1_145' title='bbox 487 2035 655 2089; x_wconf 86' lang='lat' dir='ltr'><strong>ratur,</strong></span> <span class='ocrx_word' id='word_1_146' title='bbox 686 2042 784 2081; x_wconf 90' lang='lat' dir='ltr'><strong>nec</strong></span> <span class='ocrx_word' id='word_1_147' title='bbox 809 2028 1170 2097; x_wconf 89' lang='lat' dir='ltr'><strong>coappellatur</strong></span> <span class='ocrx_word' id='word_1_148' title='bbox 1196 2029 1352 2092; x_wconf 89' lang='lat' dir='ltr'><strong>Deus,</strong></span> <span class='ocrx_word' id='word_1_149' title='bbox 1376 2039 1436 2084; x_wconf 94' lang='lat' dir='ltr'><strong>ut</strong></span> <span class='ocrx_word' id='word_1_150' title='bbox 1462 2045 1567 2087; x_wconf 85' lang='lat' dir='ltr'><strong>non</strong></span> <span class='ocrx_word' id='word_1_151' title='bbox 1603 2033 1763 2087; x_wconf 88' lang='lat' dir='ltr'><strong>homo</strong></span> <span class='ocrx_word' id='word_1_152' title='bbox 1783 2033 2040 2104; x_wconf 89' lang='lat' dir='ltr'><strong>simplici-</strong></span> 
     </span>
    </p>
   </div>
   <div class='ocr_carea' id='block_1_19' title="bbox 482 2112 2038 2183">
    <p class='ocr_par' dir='ltr' id='par_1_19' title="bbox 482 2112 2038 2183">
     <span class='ocr_line' id='line_1_19' title="bbox 482 2112 2038 2183; baseline 0.005 -13"><span class='ocrx_word' id='word_1_153' title='bbox 482 2125 566 2171; x_wconf 88' lang='lat' dir='ltr'><strong>ter</strong></span> <span class='ocrx_word' id='word_1_154' title='bbox 605 2119 932 2183; x_wconf 85' lang='lat' dir='ltr'><strong>communis,</strong></span> <span class='ocrx_word' id='word_1_155' title='bbox 980 2128 1034 2172; x_wconf 91' lang='lat' dir='ltr'><strong>et</strong></span> <span class='ocrx_word' id='word_1_156' title='bbox 1083 2121 1371 2176; x_wconf 88' lang='lat' dir='ltr'><strong>secundum</strong></span> <span class='ocrx_word' id='word_1_157' title='bbox 1412 2112 1866 2178; x_wconf 82' lang='lat' dir='ltr'><strong>nosEmmanuel</strong></span> <span class='ocrx_word' id='word_1_158' title='bbox 1919 2137 2038 2178; x_wconf 88' lang='lat' dir='ltr'><strong>esse</strong></span> 
     </span>
    </p>
   </div>
   <div class='ocr_carea' id='block_1_20' title="bbox 481 2206 2038 2282">
    <p class='ocr_par' dir='ltr' id='par_1_20' title="bbox 481 2206 2038 2282">
     <span class='ocr_line' id='line_1_20' title="bbox 481 2206 2038 2282; baseline 0.004 -22"><span class='ocrx_word' id='word_1_159' title='bbox 481 2206 732 2260; x_wconf 83' lang='lat' dir='ltr'><strong>credatur</strong></span> <span class='ocrx_word' id='word_1_160' title='bbox 750 2206 941 2279; x_wconf 27' lang='lat' dir='ltr'><strong>divina.</strong></span> <span class='ocrx_word' id='word_1_161' title='bbox 957 2207 1122 2277; x_wconf 88' lang='lat' dir='ltr'><strong>gloria</strong></span> <span class='ocrx_word' id='word_1_162' title='bbox 1149 2210 1499 2280; x_wconf 86' lang='lat' dir='ltr'><strong>participatus</strong></span> <span class='ocrx_word' id='word_1_163' title='bbox 1521 2227 1618 2282; x_wconf 90' lang='lat' dir='ltr'><strong>per</strong></span> <span class='ocrx_word' id='word_1_164' title='bbox 1638 2213 1865 2280; x_wconf 77' lang='lat' dir='ltr'><strong>gratiam</strong></span> <span class='ocrx_word' id='word_1_165' title='bbox 1891 2230 1905 2266; x_wconf 90' lang='lat'><strong>:</strong></span> <span class='ocrx_word' id='word_1_166' title='bbox 1943 2211 2038 2267; x_wconf 87' lang='lat' dir='ltr'><strong>sed</strong></span> 
     </span>
    </p>
   </div>
   <div class='ocr_carea' id='block_1_21' title="bbox 481 2293 2039 2371">
    <p class='ocr_par' dir='ltr' id='par_1_21' title="bbox 481 2293 2039 2371">
     <span class='ocr_line' id='line_1_21' title="bbox 481 2293 2039 2371; baseline 0.005 -23"><span class='ocrx_word' id='word_1_167' title='bbox 481 2294 800 2350; x_wconf 76' lang='lat' dir='ltr'><strong>confitemur</strong></span> <span class='ocrx_word' id='word_1_168' title='bbox 841 2297 1013 2366; x_wconf 89' lang='lat' dir='ltr'><strong>magis</strong></span> <span class='ocrx_word' id='word_1_169' title='bbox 1041 2297 1206 2353; x_wconf 85' lang='lat' dir='ltr'><strong>Deum</strong></span> <span class='ocrx_word' id='word_1_170' title='bbox 1234 2299 1288 2353; x_wconf 88' lang='lat' dir='ltr'><strong>iu</strong></span> <span class='ocrx_word' id='word_1_171' title='bbox 1329 2293 1746 2371; x_wconf 58' lang='lat' dir='ltr'><strong>carne&#39;prOpter</strong></span> <span class='ocrx_word' id='word_1_172' title='bbox 1787 2316 1886 2356; x_wconf 92' lang='lat' dir='ltr'><strong>nos</strong></span> <span class='ocrx_word' id='word_1_173' title='bbox 1911 2311 2039 2356; x_wconf 87' lang='lat' dir='ltr'><strong>vere</strong></span> 
     </span>
    </p>
   </div>
   <div class='ocr_carea' id='block_1_22' title="bbox 485 2384 2040 2462">
    <p class='ocr_par' dir='ltr' id='par_1_22' title="bbox 485 2384 2040 2462">
     <span class='ocr_line' id='line_1_22' title="bbox 485 2384 2040 2462; baseline 0.008 -26"><span class='ocrx_word' id='word_1_174' title='bbox 485 2384 756 2449; x_wconf 80' lang='lat' dir='ltr'><strong>hominem</strong></span> <span class='ocrx_word' id='word_1_175' title='bbox 785 2384 1000 2450; x_wconf 85' lang='lat' dir='ltr'><strong>factum,</strong></span> <span class='ocrx_word' id='word_1_176' title='bbox 1030 2403 1134 2442; x_wconf 90' lang='lat' dir='ltr'><strong>non</strong></span> <span class='ocrx_word' id='word_1_177' title='bbox 1166 2391 1388 2444; x_wconf 86' lang='lat' dir='ltr'><strong>transitu</strong></span> <span class='ocrx_word' id='word_1_178' title='bbox 1419 2401 1622 2447; x_wconf 69' lang='lat' dir='ltr'><strong>natura:</strong></span> <span class='ocrx_word' id='word_1_179' title='bbox 1666 2407 1762 2462; x_wconf 90' lang='lat' dir='ltr'><strong>per</strong></span> <span class='ocrx_word' id='word_1_180' title='bbox 1788 2395 2040 2448; x_wconf 80' lang='lat' dir='ltr'><strong>mutatio-</strong></span> 
     </span>
    </p>
   </div>
   <div class='ocr_carea' id='block_1_23' title="bbox 483 2476 2031 2552">
    <p class='ocr_par' dir='ltr' id='par_1_23' title="bbox 483 2476 2031 2552">
     <span class='ocr_line' id='line_1_23' title="bbox 483 2476 2031 2552; baseline 0.006 -27"><span class='ocrx_word' id='word_1_181' title='bbox 483 2487 604 2525; x_wconf 81' lang='lat' dir='ltr'><strong>nem</strong></span> <span class='ocrx_word' id='word_1_182' title='bbox 631 2481 686 2528; x_wconf 86' lang='lat' dir='ltr'><strong>et</strong></span> <span class='ocrx_word' id='word_1_183' title='bbox 710 2476 1131 2540; x_wconf 81' lang='lat' dir='ltr'><strong>conversionem,</strong></span> <span class='ocrx_word' id='word_1_184' title='bbox 1154 2479 1246 2532; x_wconf 86' lang='lat' dir='ltr'><strong>sed</strong></span> <span class='ocrx_word' id='word_1_185' title='bbox 1275 2481 1497 2535; x_wconf 84' lang='lat' dir='ltr'><strong>unitatis</strong></span> <span class='ocrx_word' id='word_1_186' title='bbox 1521 2483 1990 2552; x_wconf 87' lang='lat' dir='ltr'><strong>dispensationem.</strong></span> <span class='ocrx_word' id='word_1_187' title='bbox 2013 2504 2031 2535; x_wconf 73' lang='grc' dir='ltr'><strong><em>ι</em></strong></span> 
     </span>
    </p>
   </div>
   <div class='ocr_carea' id='block_1_24' title="bbox 482 2557 2038 2632">
    <p class='ocr_par' dir='ltr' id='par_1_24' title="bbox 482 2557 2038 2632">
     <span class='ocr_line' id='line_1_24' title="bbox 482 2557 2038 2632; baseline 0.01 -20"><span class='ocrx_word' id='word_1_188' title='bbox 482 2557 541 2612; x_wconf 90' lang='lat' dir='ltr'><strong>In</strong></span> <span class='ocrx_word' id='word_1_189' title='bbox 576 2559 799 2628; x_wconf 63' lang='lat' dir='ltr'><strong>praefato</strong></span> <span class='ocrx_word' id='word_1_190' title='bbox 842 2577 1052 2632; x_wconf 91' lang='lat' dir='ltr'><strong>quoque</strong></span> <span class='ocrx_word' id='word_1_191' title='bbox 1097 2565 1232 2621; x_wconf 90' lang='lat' dir='ltr'><strong>libro</strong></span> <span class='ocrx_word' id='word_1_192' title='bbox 1273 2577 1455 2622; x_wconf 90' lang='lat' dir='ltr'><strong>eontra</strong></span> <span class='ocrx_word' id='word_1_193' title='bbox 1481 2569 1821 2632; x_wconf 78' lang='lat' dir='ltr'><strong>Maximinum</strong></span> <span class='ocrx_word' id='word_1_194' title='bbox 1846 2572 2038 2628; x_wconf 65' lang='lat' dir='ltr'><strong>beatus</strong></span> 
     </span>
    </p>
   </div>
   <div class='ocr_carea' id='block_1_25' title="bbox 482 2647 2028 2720">
    <p class='ocr_par' dir='ltr' id='par_1_25' title="bbox 482 2647 2028 2720">
     <span class='ocr_line' id='line_1_25' title="bbox 482 2647 2028 2720; baseline 0.007 -17"><span class='ocrx_word' id='word_1_195' title='bbox 482 2647 809 2720; x_wconf 70' lang='lat' dir='ltr'><strong>Augustinus</strong></span> <span class='ocrx_word' id='word_1_196' title='bbox 824 2654 1110 2709; x_wconf 76' lang='lat' dir='ltr'><strong>vorissime</strong></span> <span class='ocrx_word' id='word_1_197' title='bbox 1137 2664 1364 2711; x_wconf 84' lang='lat' dir='ltr'><strong>testatur</strong></span> <span class='ocrx_word' id='word_1_198' title='bbox 1403 2657 1592 2714; x_wconf 84' lang='lat' dir='ltr'><strong>Filium</strong></span> <span class='ocrx_word' id='word_1_199' title='bbox 1625 2659 1719 2713; x_wconf 89' lang='lat' dir='ltr'><strong>Dei</strong></span> <span class='ocrx_word' id='word_1_200' title='bbox 1759 2661 2028 2716; x_wconf 87' lang='lat' dir='ltr'><strong>hominem</strong></span> 
     </span>
    </p>
   </div>
   <div class='ocr_carea' id='block_1_26' title="bbox 484 2735 2036 2816">
    <p class='ocr_par' dir='ltr' id='par_1_26' title="bbox 484 2735 2036 2816">
     <span class='ocr_line' id='line_1_26' title="bbox 484 2735 2036 2816; baseline 0.008 -23"><span class='ocrx_word' id='word_1_201' title='bbox 484 2735 678 2794; x_wconf 86' lang='lat' dir='ltr'><strong>factum</strong></span> <span class='ocrx_word' id='word_1_202' title='bbox 704 2758 718 2794; x_wconf 90' lang='lat'><strong>:</strong></span> <span class='ocrx_word' id='word_1_203' title='bbox 755 2749 811 2796; x_wconf 88' lang='lat' dir='ltr'><strong>et</strong></span> <span class='ocrx_word' id='word_1_204' title='bbox 842 2757 965 2798; x_wconf 82' lang='lat' dir='ltr'><strong>vere</strong></span> <span class='ocrx_word' id='word_1_205' title='bbox 985 2742 1139 2813; x_wconf 76' lang='lat' dir='ltr'><strong>juxta</strong></span> <span class='ocrx_word' id='word_1_206' title='bbox 1169 2747 1511 2816; x_wconf 84' lang='lat' dir='ltr'><strong>apostolicam</strong></span> <span class='ocrx_word' id='word_1_207' title='bbox 1535 2764 1720 2804; x_wconf 91' lang='lat' dir='ltr'><strong>vocem</strong></span> <span class='ocrx_word' id='word_1_208' title='bbox 1745 2750 2036 2805; x_wconf 79' lang='lat' dir='ltr'><strong>exaltatum</strong></span> 
     </span>
    </p>
   </div>
   <div class='ocr_carea' id='block_1_27' title="bbox 486 2837 2038 2911">
    <p class='ocr_par' dir='ltr' id='par_1_27' title="bbox 486 2837 2038 2911">
     <span class='ocr_line' id='line_1_27' title="bbox 486 2837 2038 2911; baseline 0.009 -27"><span class='ocrx_word' id='word_1_209' title='bbox 486 2842 644 2898; x_wconf 79' lang='lat' dir='ltr'><strong>supra</strong></span> <span class='ocrx_word' id='word_1_210' title='bbox 673 2845 832 2886; x_wconf 92' lang='lat' dir='ltr'><strong>omne</strong></span> <span class='ocrx_word' id='word_1_211' title='bbox 861 2848 1052 2888; x_wconf 90' lang='lat' dir='ltr'><strong>nomen</strong></span> <span class='ocrx_word' id='word_1_212' title='bbox 1079 2875 1096 2898; x_wconf 93' lang='lat'><strong>,</strong></span> <span class='ocrx_word' id='word_1_213' title='bbox 1147 2837 1286 2911; x_wconf 86' lang='lat' dir='ltr'><strong>quod</strong></span> <span class='ocrx_word' id='word_1_214' title='bbox 1325 2847 1406 2892; x_wconf 88' lang='lat' dir='ltr'><strong>est</strong></span> <span class='ocrx_word' id='word_1_215' title='bbox 1432 2841 1485 2893; x_wconf 89' lang='lat' dir='ltr'><strong>in</strong></span> <span class='ocrx_word' id='word_1_216' title='bbox 1520 2841 1656 2895; x_wconf 73' lang='lat' dir='ltr'><strong>cwlo</strong></span> <span class='ocrx_word' id='word_1_217' title='bbox 1695 2849 1788 2895; x_wconf 92' lang='lat' dir='ltr'><strong>aut</strong></span> <span class='ocrx_word' id='word_1_218' title='bbox 1817 2842 1868 2896; x_wconf 89' lang='lat' dir='ltr'><strong>in</strong></span> <span class='ocrx_word' id='word_1_219' title='bbox 1897 2851 2038 2899; x_wconf 87' lang='lat' dir='ltr'><strong>terra</strong></span> 
     </span>
    </p>
   </div>
   <div class='ocr_carea' id='block_1_28' title="bbox 471 2914 2038 2996">
    <p class='ocr_par' dir='ltr' id='par_1_28' title="bbox 471 2914 2038 2996">
     <span class='ocr_line' id='line_1_28' title="bbox 471 2914 2038 2996; baseline 0.01 -29"><span class='ocrx_word' id='word_1_220' title='bbox 471 2914 705 2986; x_wconf 73' lang='lat' dir='ltr'><strong>(Philip.</strong></span> <span class='ocrx_word' id='word_1_221' title='bbox 734 2918 897 2988; x_wconf 71' lang='lat'><strong>11,-9).</strong></span> <span class='ocrx_word' id='word_1_222' title='bbox 943 2919 1098 2975; x_wconf 75' lang='grc' dir='ltr'><strong>ι-Ιιος</strong></span> <span class='ocrx_word' id='word_1_223' title='bbox 1117 2935 1262 2992; x_wconf 91' lang='lat' dir='ltr'><strong>ergo,</strong></span> <span class='ocrx_word' id='word_1_224' title='bbox 1295 2923 1468 2992; x_wconf 89' lang='lat' dir='ltr'><strong>inquit</strong></span> <span class='ocrx_word' id='word_1_225' title='bbox 1493 2925 1642 2995; x_wconf 89' lang='lat' dir='ltr'><strong>(Cap.</strong></span> <span class='ocrx_word' id='word_1_226' title='bbox 1675 2927 1752 2996; x_wconf 75' lang='lat'><strong>2),</strong></span> <span class='ocrx_word' id='word_1_227' title='bbox 1777 2928 1851 2982; x_wconf 93' lang='lat' dir='ltr'><strong>illi</strong></span> <span class='ocrx_word' id='word_1_228' title='bbox 1875 2928 2038 2982; x_wconf 90' lang='lat' dir='ltr'><strong>dona-</strong></span> 
     </span>
    </p>
   </div>
   <div class='ocr_carea' id='block_1_29' title="bbox 484 3007 2040 3084">
    <p class='ocr_par' dir='ltr' id='par_1_29' title="bbox 484 3007 2040 3084">
     <span class='ocr_line' id='line_1_29' title="bbox 484 3007 2040 3084; baseline 0.011 -29"><span class='ocrx_word' id='word_1_229' title='bbox 484 3011 596 3058; x_wconf 85' lang='lat' dir='ltr'><strong>tum</strong></span> <span class='ocrx_word' id='word_1_230' title='bbox 620 3014 778 3060; x_wconf 89' lang='lat' dir='ltr'><strong>estut</strong></span> <span class='ocrx_word' id='word_1_231' title='bbox 803 3007 1038 3072; x_wconf 89' lang='lat' dir='ltr'><strong>homini,</strong></span> <span class='ocrx_word' id='word_1_232' title='bbox 1084 3013 1367 3068; x_wconf 83' lang='lat' dir='ltr'><strong>secundum</strong></span> <span class='ocrx_word' id='word_1_233' title='bbox 1414 3030 1571 3084; x_wconf 89' lang='lat' dir='ltr'><strong>quem</strong></span> <span class='ocrx_word' id='word_1_234' title='bbox 1603 3015 1777 3071; x_wconf 86' lang='lat' dir='ltr'><strong>factus</strong></span> <span class='ocrx_word' id='word_1_235' title='bbox 1808 3026 1891 3071; x_wconf 89' lang='lat' dir='ltr'><strong>est</strong></span> <span class='ocrx_word' id='word_1_236' title='bbox 1913 3019 2040 3072; x_wconf 87' lang='lat' dir='ltr'><strong>obe-</strong></span> 
     </span>
    </p>
   </div>
   <div class='ocr_carea' id='block_1_30' title="bbox 479 3093 2038 3175">
    <p class='ocr_par' dir='ltr' id='par_1_30' title="bbox 479 3093 2038 3175">
     <span class='ocr_line' id='line_1_30' title="bbox 479 3093 2038 3175; baseline 0.006 -28"><span class='ocrx_word' id='word_1_237' title='bbox 479 3093 635 3150; x_wconf 84' lang='lat' dir='ltr'><strong>diens</strong></span> <span class='ocrx_word' id='word_1_238' title='bbox 677 3111 844 3166; x_wconf 87' lang='lat' dir='ltr'><strong>usque</strong></span> <span class='ocrx_word' id='word_1_239' title='bbox 893 3099 961 3175; x_wconf 74' lang='lat' dir='ltr'><strong>ad</strong></span> <span class='ocrx_word' id='word_1_240' title='bbox 987 3109 1207 3155; x_wconf 85' lang='lat' dir='ltr'><strong>mortem</strong></span> <span class='ocrx_word' id='word_1_241' title='bbox 1235 3100 1410 3157; x_wconf 84' lang='lat' dir='ltr'><strong>crucis</strong></span> <span class='ocrx_word' id='word_1_242' title='bbox 1435 3143 1449 3166; x_wconf 87' lang='lat'><strong>,</strong></span> <span class='ocrx_word' id='word_1_243' title='bbox 1492 3103 1632 3173; x_wconf 89' lang='lat' dir='ltr'><strong>quod</strong></span> <span class='ocrx_word' id='word_1_244' title='bbox 1661 3103 1775 3171; x_wconf 84' lang='lat' dir='ltr'><strong>jam</strong></span> <span class='ocrx_word' id='word_1_245' title='bbox 1807 3106 2038 3162; x_wconf 83' lang='lat' dir='ltr'><strong>habebat</strong></span> 
     </span>
    </p>
   </div>
   <div class='ocr_carea' id='block_1_31' title="bbox 1171 383 2979 488">
    <p class='ocr_par' dir='ltr' id='par_1_31' title="bbox 1171 383 2979 488">
     <span class='ocr_line' id='line_1_31' title="bbox 1171 383 2979 488; baseline -0.005 -25"><span class='ocrx_word' id='word_1_246' title='bbox 1171 401 1575 464; x_wconf 71' lang='lat' dir='ltr'><strong>DOGMA&#39;I‘ICA.</strong></span> <span class='ocrx_word' id='word_1_247' title='bbox 1613 431 1684 444; x_wconf 91' lang='grc'><strong><em>-</em></strong></span> <span class='ocrx_word' id='word_1_248' title='bbox 1719 401 1878 488; x_wconf 66' lang='grc' dir='ltr'><strong>Αυν.</strong></span> <span class='ocrx_word' id='word_1_249' title='bbox 1914 397 2212 456; x_wconf 60' lang='lat' dir='ltr'><strong>ceuceu</strong></span> <span class='ocrx_word' id='word_1_250' title='bbox 2244 396 2423 456; x_wconf 77' lang='lat' dir='ltr'><strong>unm</strong></span> <span class='ocrx_word' id='word_1_251' title='bbox 2463 396 2569 456; x_wconf 81' lang='lat' dir='ltr'><strong>vn.</strong></span> <span class='ocrx_word' id='word_1_252' title='bbox 2608 430 2677 441; x_wconf 89' lang='lat'><strong>—</strong></span> <span class='ocrx_word' id='word_1_253' title='bbox 2709 383 2832 456; x_wconf 75' lang='lat' dir='ltr'><strong>Lm.</strong></span> <span class='ocrx_word' id='word_1_254' title='bbox 2873 400 2979 456; x_wconf 83' lang='lat' dir='ltr'><strong>vn.</strong></span> 
     </span>
    </p>
   </div>
   <div class='ocr_carea' id='block_1_32' title="bbox 1299 49 4175 165">
    <p class='ocr_par' dir='ltr' id='par_1_32' title="bbox 1303 53 4171 161">
     <span class='ocr_line' id='line_1_32' title="bbox 1719 53 4171 108; baseline 0.001 -21"><span class='ocrx_word' id='word_1_255' title='bbox 1719 53 2724 108; x_wconf 29' lang='grc' dir='ltr'><strong>ἱππ-ΜΨ</strong></span> <span class='ocrx_word' id='word_1_256' title='bbox 2404 54 2406 56; x_wconf 89' lang='grc'><strong>·</strong></span> <span class='ocrx_word' id='word_1_257' title='bbox 2427 59 2446 66; x_wconf 63' lang='grc' dir='ltr'>υ</span> <span class='ocrx_word' id='word_1_258' title='bbox 2679 54 4171 89; x_wconf 43' lang='grc' dir='ltr'><strong>τιηέΨᾝΓ-εῇπὲᾙέῠ-Πᾶϋέξ</strong></span> 
     </span>
     <span class='ocr_line' id='line_1_33' title="bbox 1303 75 4171 161; baseline 0.002 -30"><span class='ocrx_word' id='word_1_259' title='bbox 1737 119 1750 128; x_wconf 67' lang='grc' dir='ltr'><strong>ι</strong></span> <span class='ocrx_word' id='word_1_260' title='bbox 1769 75 2042 135; x_wconf 47' lang='grc' dir='ltr'><strong>-εέξΤτ-ῗῗ,</strong></span> <span class='ocrx_word' id='word_1_261' title='bbox 2549 111 2708 139; x_wconf 55' lang='lat' dir='ltr'><strong>sas-&#39;1&#39;.&quot;</strong></span> <span class='ocrx_word' id='word_1_262' title='bbox 2719 111 2778 138; x_wconf 52' lang='grc' dir='ltr'><strong>μ.</strong></span> <span class='ocrx_word' id='word_1_263' title='bbox 3713 105 3810 126; x_wconf 51' lang='grc' dir='ltr'><strong>--ι-</strong></span> 
     </span>
    </p>
   </div>
   <div class='ocr_carea' id='block_1_33' title="bbox 3576 400 3683 455">
    <p class='ocr_par' dir='ltr' id='par_1_33' title="bbox 3576 400 3683 455">
     <span class='ocr_line' id='line_1_34' title="bbox 3576 400 3683 455; baseline -0.009 0"><span class='ocrx_word' id='word_1_264' title='bbox 3576 400 3683 455; x_wconf 72' lang='lat'><strong>2&#39;26</strong></span> 
     </span>
    </p>
   </div>
   <div class='ocr_carea' id='block_1_34' title="bbox 487 499 3679 592">
    <p class='ocr_par' dir='ltr' id='par_1_34' title="bbox 487 499 3679 592">
     <span class='ocr_line' id='line_1_35' title="bbox 487 499 3679 592; baseline -0.003 -16"><span class='ocrx_word' id='word_1_265' title='bbox 487 519 700 592; x_wconf 85' lang='lat' dir='ltr'><strong>qualem</strong></span> <span class='ocrx_word' id='word_1_266' title='bbox 743 514 946 591; x_wconf 68' lang='lat' dir='ltr'><strong>(Forte,</strong></span> <span class='ocrx_word' id='word_1_267' title='bbox 984 516 1318 590; x_wconf 67' lang='lat' dir='ltr'><strong>inaequalem]</strong></span> <span class='ocrx_word' id='word_1_268' title='bbox 1363 499 1756 572; x_wconf 82' lang='lat' dir='ltr'><strong>venerationem</strong></span> <span class='ocrx_word' id='word_1_269' title='bbox 1778 515 1872 570; x_wconf 87' lang='lat' dir='ltr'><strong>Dei</strong></span> <span class='ocrx_word' id='word_1_270' title='bbox 1900 512 2035 568; x_wconf 78' lang='lat' dir='ltr'><strong>Filio</strong></span> <span class='ocrx_word' id='word_1_271' title='bbox 2061 518 2108 575; x_wconf 79' lang='grc' dir='ltr'><strong>Α</strong></span> <span class='ocrx_word' id='word_1_272' title='bbox 2135 519 2188 568; x_wconf 89' lang='lat' dir='ltr'><strong>et</strong></span> <span class='ocrx_word' id='word_1_273' title='bbox 2209 511 2523 582; x_wconf 86' lang='lat' dir='ltr'><strong>applicatus,</strong></span> <span class='ocrx_word' id='word_1_274' title='bbox 2565 528 2671 568; x_wconf 90' lang='lat' dir='ltr'><strong>non</strong></span> <span class='ocrx_word' id='word_1_275' title='bbox 2697 515 2837 584; x_wconf 89' lang='lat' dir='ltr'><strong>quod</strong></span> <span class='ocrx_word' id='word_1_276' title='bbox 2865 529 2987 568; x_wconf 90' lang='lat' dir='ltr'><strong>vere</strong></span> <span class='ocrx_word' id='word_1_277' title='bbox 3015 514 3084 568; x_wconf 92' lang='lat' dir='ltr'><strong>sit</strong></span> <span class='ocrx_word' id='word_1_278' title='bbox 3112 513 3254 569; x_wconf 89' lang='lat' dir='ltr'><strong>Deus</strong></span> <span class='ocrx_word' id='word_1_279' title='bbox 3273 512 3351 567; x_wconf 88' lang='lat' dir='ltr'><strong>vel</strong></span> <span class='ocrx_word' id='word_1_280' title='bbox 3377 511 3540 569; x_wconf 76' lang='lat' dir='ltr'><strong>Filius</strong></span> <span class='ocrx_word' id='word_1_281' title='bbox 3567 513 3679 576; x_wconf 89' lang='lat' dir='ltr'><strong>Dei,</strong></span> 
     </span>
    </p>
   </div>
   <div class='ocr_carea' id='block_1_35' title="bbox 2135 602 3684 681">
    <p class='ocr_par' dir='ltr' id='par_1_35' title="bbox 2135 602 3684 681">
     <span class='ocr_line' id='line_1_36' title="bbox 2135 602 3684 681; baseline 0.001 -24"><span class='ocrx_word' id='word_1_282' title='bbox 2135 602 2229 657; x_wconf 85' lang='lat' dir='ltr'><strong>sed</strong></span> <span class='ocrx_word' id='word_1_283' title='bbox 2254 610 2474 672; x_wconf 87' lang='lat' dir='ltr'><strong>propter</strong></span> <span class='ocrx_word' id='word_1_284' title='bbox 2510 617 2641 680; x_wconf 83' lang='lat' dir='ltr'><strong>eum</strong></span> <span class='ocrx_word' id='word_1_285' title='bbox 2659 641 2674 666; x_wconf 91' lang='lat'><strong>,</strong></span> <span class='ocrx_word' id='word_1_286' title='bbox 2711 611 2770 656; x_wconf 94' lang='lat' dir='ltr'><strong>ut</strong></span> <span class='ocrx_word' id='word_1_287' title='bbox 2791 604 2968 658; x_wconf 90' lang='lat' dir='ltr'><strong>dicere</strong></span> <span class='ocrx_word' id='word_1_288' title='bbox 3002 602 3160 667; x_wconf 68' lang='lat' dir='ltr'><strong>soles,</strong></span> <span class='ocrx_word' id='word_1_289' title='bbox 3200 617 3229 657; x_wconf 79' lang='lat' dir='ltr'><strong>a</strong></span> <span class='ocrx_word' id='word_1_290' title='bbox 3253 617 3360 672; x_wconf 89' lang='lat' dir='ltr'><strong>quo</strong></span> <span class='ocrx_word' id='word_1_291' title='bbox 3374 614 3684 681; x_wconf 74' lang='lat' dir='ltr'><strong>assumptus</strong></span> 
     </span>
    </p>
   </div>
   <div class='ocr_carea' id='block_1_36' title="bbox 2135 677 3686 768">
    <p class='ocr_par' dir='ltr' id='par_1_36' title="bbox 2135 677 3686 768">
     <span class='ocr_line' id='line_1_37' title="bbox 2135 677 3686 768; baseline 0.003 -24"><span class='ocrx_word' id='word_1_292' title='bbox 2135 698 2249 754; x_wconf 86' lang='lat' dir='ltr'><strong>est;</strong></span> <span class='ocrx_word' id='word_1_293' title='bbox 2298 691 2526 746; x_wconf 82' lang='lat' dir='ltr'><strong>alterum</strong></span> <span class='ocrx_word' id='word_1_294' title='bbox 2545 677 2548 680; x_wconf 53' lang='grc'><em>’</em></span> <span class='ocrx_word' id='word_1_295' title='bbox 2567 691 2685 746; x_wconf 86' lang='lat' dir='ltr'><strong>sine</strong></span> <span class='ocrx_word' id='word_1_296' title='bbox 2722 693 2884 748; x_wconf 86' lang='lat' dir='ltr'><strong>dubio</strong></span> <span class='ocrx_word' id='word_1_297' title='bbox 2904 693 3173 748; x_wconf 73' lang='lat' dir='ltr'><strong>testimans</strong></span> <span class='ocrx_word' id='word_1_298' title='bbox 3196 677 3568 753; x_wconf 67' lang='lat' dir='ltr'><strong>assumtantem.</strong></span> <span class='ocrx_word' id='word_1_299' title='bbox 3596 709 3686 768; x_wconf 68' lang='lat' dir='ltr'><strong>as-</strong></span> 
     </span>
    </p>
   </div>
   <div class='ocr_carea' id='block_1_37' title="bbox 2134 778 3738 846">
    <p class='ocr_par' dir='ltr' id='par_1_37' title="bbox 2134 778 3738 846">
     <span class='ocr_line' id='line_1_38' title="bbox 2134 778 3738 846; baseline 0.006 -18"><span class='ocrx_word' id='word_1_300' title='bbox 2134 785 2406 846; x_wconf 82' lang='lat' dir='ltr'><strong>sumptum</strong></span> <span class='ocrx_word' id='word_1_301' title='bbox 2428 778 2676 832; x_wconf 85' lang='lat' dir='ltr'><strong>alterum.</strong></span> <span class='ocrx_word' id='word_1_302' title='bbox 2703 778 2838 845; x_wconf 83' lang='lat' dir='ltr'><strong>Quia</strong></span> <span class='ocrx_word' id='word_1_303' title='bbox 2864 780 2909 834; x_wconf 91' lang='lat' dir='ltr'><strong>si</strong></span> <span class='ocrx_word' id='word_1_304' title='bbox 2934 795 3210 836; x_wconf 85' lang='lat' dir='ltr'><strong>assumens</strong></span> <span class='ocrx_word' id='word_1_305' title='bbox 3230 796 3389 842; x_wconf 85' lang='lat' dir='ltr'><strong>verus</strong></span> <span class='ocrx_word' id='word_1_306' title='bbox 3411 791 3495 836; x_wconf 90' lang='lat' dir='ltr'><strong>est</strong></span> <span class='ocrx_word' id='word_1_307' title='bbox 3519 780 3683 844; x_wconf 86' lang='lat' dir='ltr'><strong>Deus.</strong></span> <span class='ocrx_word' id='word_1_308' title='bbox 3731 789 3738 796; x_wconf 89' lang='lat'><em>‘</em></span> 
     </span>
    </p>
   </div>
   <div class='ocr_carea' id='block_1_38' title="bbox 2135 868 3682 935">
    <p class='ocr_par' dir='ltr' id='par_1_38' title="bbox 2135 868 3682 935">
     <span class='ocr_line' id='line_1_39' title="bbox 2135 868 3682 935; baseline 0.005 -17"><span class='ocrx_word' id='word_1_309' title='bbox 2135 870 2189 918; x_wconf 86' lang='lat' dir='ltr'><strong>et</strong></span> <span class='ocrx_word' id='word_1_310' title='bbox 2213 875 2520 935; x_wconf 86' lang='lat' dir='ltr'><strong>assumptus</strong></span> <span class='ocrx_word' id='word_1_311' title='bbox 2545 882 2650 921; x_wconf 90' lang='lat' dir='ltr'><strong>non</strong></span> <span class='ocrx_word' id='word_1_312' title='bbox 2676 881 2832 921; x_wconf 86' lang='lat' dir='ltr'><strong>verus</strong></span> <span class='ocrx_word' id='word_1_313' title='bbox 2860 868 3028 933; x_wconf 87' lang='lat' dir='ltr'><strong>Deus,</strong></span> <span class='ocrx_word' id='word_1_314' title='bbox 3076 884 3176 924; x_wconf 86' lang='lat' dir='ltr'><strong>uec</strong></span> <span class='ocrx_word' id='word_1_315' title='bbox 3195 883 3353 924; x_wconf 85' lang='lat' dir='ltr'><strong>verus</strong></span> <span class='ocrx_word' id='word_1_316' title='bbox 3379 869 3562 933; x_wconf 79' lang='lat' dir='ltr'><strong>Filius,</strong></span> <span class='ocrx_word' id='word_1_317' title='bbox 3585 887 3682 925; x_wconf 87' lang='lat' dir='ltr'><strong>ne-</strong></span> 
     </span>
    </p>
   </div>
   <div class='ocr_carea' id='block_1_39' title="bbox 2135 951 3684 1026">
    <p class='ocr_par' dir='ltr' id='par_1_39' title="bbox 2135 951 3684 1026">
     <span class='ocr_line' id='line_1_40' title="bbox 2135 951 3684 1026; baseline 0.008 -22"><span class='ocrx_word' id='word_1_318' title='bbox 2135 951 2370 1008; x_wconf 82' lang='lat' dir='ltr'><strong>cessario</strong></span> <span class='ocrx_word' id='word_1_319' title='bbox 2415 954 2635 1026; x_wconf 81' lang='lat' dir='ltr'><strong>intelligi</strong></span> <span class='ocrx_word' id='word_1_320' title='bbox 2682 956 2870 1020; x_wconf 82' lang='lat' dir='ltr'><strong>datur,</strong></span> <span class='ocrx_word' id='word_1_321' title='bbox 2904 957 3044 1024; x_wconf 89' lang='lat' dir='ltr'><strong>quod</strong></span> <span class='ocrx_word' id='word_1_322' title='bbox 3083 958 3216 1012; x_wconf 86' lang='lat' dir='ltr'><strong>duas</strong></span> <span class='ocrx_word' id='word_1_323' title='bbox 3244 959 3297 1012; x_wconf 90' lang='lat' dir='ltr'><strong>in</strong></span> <span class='ocrx_word' id='word_1_324' title='bbox 3334 974 3496 1014; x_wconf 89' lang='lat' dir='ltr'><strong>unum</strong></span> <span class='ocrx_word' id='word_1_325' title='bbox 3529 960 3684 1016; x_wconf 81' lang='lat' dir='ltr'><strong>Chri-</strong></span> 
     </span>
    </p>
   </div>
   <div class='ocr_carea' id='block_1_40' title="bbox 2135 1043 3686 1118">
    <p class='ocr_par' dir='ltr' id='par_1_40' title="bbox 2135 1043 3686 1118">
     <span class='ocr_line' id='line_1_41' title="bbox 2135 1043 3686 1118; baseline 0.008 -26"><span class='ocrx_word' id='word_1_326' title='bbox 2135 1046 2276 1093; x_wconf 88' lang='lat' dir='ltr'><strong>stum</strong></span> <span class='ocrx_word' id='word_1_327' title='bbox 2302 1049 2479 1096; x_wconf 87' lang='lat' dir='ltr'><strong>tentas</strong></span> <span class='ocrx_word' id='word_1_328' title='bbox 2506 1043 2860 1109; x_wconf 77' lang='lat' dir='ltr'><strong>introducere,</strong></span> <span class='ocrx_word' id='word_1_329' title='bbox 2903 1046 2998 1100; x_wconf 88' lang='lat' dir='ltr'><strong>sed</strong></span> <span class='ocrx_word' id='word_1_330' title='bbox 3024 1046 3156 1100; x_wconf 83' lang='lat' dir='ltr'><strong>falsa</strong></span> <span class='ocrx_word' id='word_1_331' title='bbox 3191 1046 3533 1116; x_wconf 80' lang='lat' dir='ltr'><strong>professione,</strong></span> <span class='ocrx_word' id='word_1_332' title='bbox 3563 1064 3686 1118; x_wconf 87' lang='lat' dir='ltr'><strong>per-</strong></span> 
     </span>
    </p>
   </div>
   <div class='ocr_carea' id='block_1_41' title="bbox 2136 1132 3681 1194">
    <p class='ocr_par' dir='ltr' id='par_1_41' title="bbox 2136 1132 3681 1194">
     <span class='ocr_line' id='line_1_42' title="bbox 2136 1132 3681 1194; baseline 0.005 -11"><span class='ocrx_word' id='word_1_333' title='bbox 2136 1142 2296 1184; x_wconf 83' lang='lat' dir='ltr'><strong>sonas</strong></span> <span class='ocrx_word' id='word_1_334' title='bbox 2327 1147 2342 1182; x_wconf 89' lang='lat'><strong><em>:</em></strong></span> <span class='ocrx_word' id='word_1_335' title='bbox 2374 1146 2497 1186; x_wconf 87' lang='lat' dir='ltr'><strong>nam</strong></span> <span class='ocrx_word' id='word_1_336' title='bbox 2540 1132 2648 1188; x_wconf 93' lang='lat' dir='ltr'><strong>duo</strong></span> <span class='ocrx_word' id='word_1_337' title='bbox 2679 1141 2804 1188; x_wconf 88' lang='lat' dir='ltr'><strong>sunt</strong></span> <span class='ocrx_word' id='word_1_338' title='bbox 2841 1135 3057 1189; x_wconf 86' lang='lat' dir='ltr'><strong>omnino</strong></span> <span class='ocrx_word' id='word_1_339' title='bbox 3084 1150 3243 1191; x_wconf 91' lang='lat' dir='ltr'><strong>verus</strong></span> <span class='ocrx_word' id='word_1_340' title='bbox 3281 1144 3336 1191; x_wconf 91' lang='lat' dir='ltr'><strong>et</strong></span> <span class='ocrx_word' id='word_1_341' title='bbox 3376 1153 3479 1194; x_wconf 90' lang='lat' dir='ltr'><strong>non</strong></span> <span class='ocrx_word' id='word_1_342' title='bbox 3502 1151 3681 1192; x_wconf 90' lang='lat' dir='ltr'><strong>verus.</strong></span> 
     </span>
    </p>
   </div>
   <div class='ocr_carea' id='block_1_42' title="bbox 2135 1208 3684 1296">
    <p class='ocr_par' dir='ltr' id='par_1_42' title="bbox 2135 1208 3684 1296">
     <span class='ocr_line' id='line_1_43' title="bbox 2135 1208 3684 1296; baseline 0.005 -23"><span class='ocrx_word' id='word_1_343' title='bbox 2135 1208 2285 1286; x_wconf 75' lang='lat' dir='ltr'><strong>Quod</strong></span> <span class='ocrx_word' id='word_1_344' title='bbox 2306 1221 2350 1274; x_wconf 90' lang='lat' dir='ltr'><strong>si</strong></span> <span class='ocrx_word' id='word_1_345' title='bbox 2378 1221 2532 1276; x_wconf 86' lang='lat' dir='ltr'><strong>beata</strong></span> <span class='ocrx_word' id='word_1_346' title='bbox 2556 1223 2716 1294; x_wconf 81' lang='lat' dir='ltr'><strong>Virgo</strong></span> <span class='ocrx_word' id='word_1_347' title='bbox 2738 1239 2922 1278; x_wconf 89' lang='lat' dir='ltr'><strong>verum</strong></span> <span class='ocrx_word' id='word_1_348' title='bbox 2949 1240 3051 1278; x_wconf 93' lang='lat' dir='ltr'><strong>non</strong></span> <span class='ocrx_word' id='word_1_349' title='bbox 3075 1227 3256 1296; x_wconf 90' lang='lat' dir='ltr'><strong>genuit</strong></span> <span class='ocrx_word' id='word_1_350' title='bbox 3281 1226 3465 1291; x_wconf 86' lang='lat' dir='ltr'><strong>Deum,</strong></span> <span class='ocrx_word' id='word_1_351' title='bbox 3495 1227 3684 1283; x_wconf 78' lang='lat' dir='ltr'><strong>Filium</strong></span> 
     </span>
    </p>
   </div>
   <div class='ocr_carea' id='block_1_43' title="bbox 2135 1307 3685 1377">
    <p class='ocr_par' dir='ltr' id='par_1_43' title="bbox 2135 1307 3685 1377">
     <span class='ocr_line' id='line_1_44' title="bbox 2135 1307 3685 1377; baseline 0.005 -15"><span class='ocrx_word' id='word_1_352' title='bbox 2135 1307 2248 1370; x_wconf 89' lang='lat' dir='ltr'><strong>Dei,</strong></span> <span class='ocrx_word' id='word_1_353' title='bbox 2282 1311 2548 1377; x_wconf 77' lang='lat' dir='ltr'><strong>quomodo</strong></span> <span class='ocrx_word' id='word_1_354' title='bbox 2576 1310 2645 1366; x_wconf 88' lang='lat' dir='ltr'><strong>ab</strong></span> <span class='ocrx_word' id='word_1_355' title='bbox 2662 1312 2911 1367; x_wconf 90' lang='lat' dir='ltr'><strong>omnibus</strong></span> <span class='ocrx_word' id='word_1_356' title='bbox 2957 1322 3099 1367; x_wconf 74' lang='lat' dir='ltr'><strong>recte</strong></span> <span class='ocrx_word' id='word_1_357' title='bbox 3125 1314 3461 1369; x_wconf 82' lang='lat' dir='ltr'><strong>credentibus</strong></span> <span class='ocrx_word' id='word_1_358' title='bbox 3488 1316 3540 1376; x_wconf 86' lang='lat' dir='ltr'><strong>in</strong></span> <span class='ocrx_word' id='word_1_359' title='bbox 3566 1315 3685 1369; x_wconf 87' lang='lat' dir='ltr'><strong>uni-</strong></span> 
     </span>
    </p>
   </div>
   <div class='ocr_carea' id='block_1_44' title="bbox 2133 1399 3684 1458">
    <p class='ocr_par' dir='ltr' id='par_1_44' title="bbox 2133 1399 3684 1458">
     <span class='ocr_line' id='line_1_45' title="bbox 2133 1399 3684 1458; baseline 0.003 -6"><span class='ocrx_word' id='word_1_360' title='bbox 2133 1399 2327 1453; x_wconf 90' lang='lat' dir='ltr'><strong>versali</strong></span> <span class='ocrx_word' id='word_1_361' title='bbox 2359 1401 2520 1454; x_wconf 89' lang='lat' dir='ltr'><strong>totius</strong></span> <span class='ocrx_word' id='word_1_362' title='bbox 2547 1401 2694 1456; x_wconf 85' lang='lat' dir='ltr'><strong>orbis</strong></span> <span class='ocrx_word' id='word_1_363' title='bbox 2721 1402 2956 1457; x_wconf 83' lang='lat' dir='ltr'><strong>Ecclesia</strong></span> <span class='ocrx_word' id='word_1_364' title='bbox 3000 1402 3092 1456; x_wconf 91' lang='lat' dir='ltr'><strong>Dei</strong></span> <span class='ocrx_word' id='word_1_365' title='bbox 3132 1403 3370 1458; x_wconf 87' lang='lat' dir='ltr'><strong>Ceuitrix</strong></span> <span class='ocrx_word' id='word_1_366' title='bbox 3395 1412 3684 1458; x_wconf 85' lang='lat' dir='ltr'><strong>veneratur</strong></span> 
     </span>
    </p>
   </div>
   <div class='ocr_carea' id='block_1_45' title="bbox 2134 1467 3764 1568">
    <p class='ocr_par' dir='ltr' id='par_1_45' title="bbox 2134 1467 3764 1568">
     <span class='ocr_line' id='line_1_46' title="bbox 2134 1467 3764 1568; baseline 0.002 -24"><span class='ocrx_word' id='word_1_367' title='bbox 2134 1498 2191 1544; x_wconf 90' lang='lat' dir='ltr'><strong>et</strong></span> <span class='ocrx_word' id='word_1_368' title='bbox 2215 1467 2490 1544; x_wconf 67' lang='lat' dir='ltr'><strong>creditur?</strong></span> <span class='ocrx_word' id='word_1_369' title='bbox 2536 1493 2628 1546; x_wconf 75' lang='grc' dir='ltr'><strong>νιιι</strong></span> <span class='ocrx_word' id='word_1_370' title='bbox 2655 1493 2701 1545; x_wconf 91' lang='lat' dir='ltr'><strong>si</strong></span> <span class='ocrx_word' id='word_1_371' title='bbox 2729 1507 2847 1546; x_wconf 90' lang='lat' dir='ltr'><strong>eam</strong></span> <span class='ocrx_word' id='word_1_372' title='bbox 2871 1493 2964 1547; x_wconf 90' lang='lat' dir='ltr'><strong>Dei</strong></span> <span class='ocrx_word' id='word_1_373' title='bbox 3002 1483 3323 1568; x_wconf 78' lang='lat' dir='ltr'><strong>Ceuitrioem</strong></span> <span class='ocrx_word' id='word_1_374' title='bbox 3357 1509 3550 1564; x_wconf 83' lang='lat' dir='ltr'><strong>negare</strong></span> <span class='ocrx_word' id='word_1_375' title='bbox 3577 1507 3683 1547; x_wconf 90' lang='lat' dir='ltr'><strong>nou</strong></span> <span class='ocrx_word' id='word_1_376' title='bbox 3755 1503 3764 1508; x_wconf 87' lang='grc'><strong><em>“</em></strong></span> 
     </span>
    </p>
   </div>
   <div class='ocr_carea' id='block_1_46' title="bbox 2137 1577 3685 1652">
    <p class='ocr_par' dir='ltr' id='par_1_46' title="bbox 2137 1577 3685 1652">
     <span class='ocr_line' id='line_1_47' title="bbox 2137 1577 3685 1652; baseline 0.004 -24"><span class='ocrx_word' id='word_1_377' title='bbox 2137 1577 2318 1646; x_wconf 84' lang='lat' dir='ltr'><strong>audes,</strong></span> <span class='ocrx_word' id='word_1_378' title='bbox 2347 1592 2416 1632; x_wconf 93' lang='lat' dir='ltr'><strong>ne</strong></span> <span class='ocrx_word' id='word_1_379' title='bbox 2440 1586 2493 1630; x_wconf 89' lang='lat' dir='ltr'><strong>te</strong></span> <span class='ocrx_word' id='word_1_380' title='bbox 2522 1578 2791 1645; x_wconf 83' lang='lat' dir='ltr'><strong>publicum</strong></span> <span class='ocrx_word' id='word_1_381' title='bbox 2815 1580 3021 1635; x_wconf 75' lang='lat' dir='ltr'><strong>hostem</strong></span> <span class='ocrx_word' id='word_1_382' title='bbox 3060 1581 3312 1637; x_wconf 76' lang='lat' dir='ltr'><strong>Ecclesia!</strong></span> <span class='ocrx_word' id='word_1_383' title='bbox 3333 1581 3508 1652; x_wconf 87' lang='lat' dir='ltr'><strong>palam</strong></span> <span class='ocrx_word' id='word_1_384' title='bbox 3532 1595 3685 1651; x_wconf 86' lang='lat' dir='ltr'><strong>aper-</strong></span> 
     </span>
    </p>
   </div>
   <div class='ocr_carea' id='block_1_47' title="bbox 2137 1665 3690 1748">
    <p class='ocr_par' dir='ltr' id='par_1_47' title="bbox 2137 1665 3690 1748">
     <span class='ocr_line' id='line_1_48' title="bbox 2137 1665 3690 1748; baseline 0.005 -30"><span class='ocrx_word' id='word_1_385' title='bbox 2137 1672 2295 1734; x_wconf 86' lang='lat' dir='ltr'><strong>teque</strong></span> <span class='ocrx_word' id='word_1_386' title='bbox 2337 1665 2670 1721; x_wconf 90' lang='lat' dir='ltr'><strong>demonstres</strong></span> <span class='ocrx_word' id='word_1_387' title='bbox 2694 1709 2709 1732; x_wconf 93' lang='lat'><strong>,</strong></span> <span class='ocrx_word' id='word_1_388' title='bbox 2755 1672 3059 1724; x_wconf 70' lang='lat' dir='ltr'><strong>necesSario</strong></span> <span class='ocrx_word' id='word_1_389' title='bbox 3106 1671 3238 1726; x_wconf 89' lang='lat' dir='ltr'><strong>duos</strong></span> <span class='ocrx_word' id='word_1_390' title='bbox 3266 1671 3408 1726; x_wconf 89' lang='lat' dir='ltr'><strong>illam</strong></span> <span class='ocrx_word' id='word_1_391' title='bbox 3436 1671 3690 1748; x_wconf 39' lang='lat' dir='ltr'><strong>genuisse.</strong></span> 
     </span>
    </p>
   </div>
   <div class='ocr_carea' id='block_1_48' title="bbox 2135 1750 3684 1827">
    <p class='ocr_par' dir='ltr' id='par_1_48' title="bbox 2135 1750 3684 1827">
     <span class='ocr_line' id='line_1_49' title="bbox 2135 1750 3684 1827; baseline 0.006 -23"><span class='ocrx_word' id='word_1_392' title='bbox 2135 1750 2284 1815; x_wconf 87' lang='lat' dir='ltr'><strong>deos,</strong></span> <span class='ocrx_word' id='word_1_393' title='bbox 2308 1767 2475 1806; x_wconf 88' lang='lat' dir='ltr'><strong>unum</strong></span> <span class='ocrx_word' id='word_1_394' title='bbox 2517 1768 2700 1808; x_wconf 91' lang='lat' dir='ltr'><strong>verum</strong></span> <span class='ocrx_word' id='word_1_395' title='bbox 2720 1753 2916 1827; x_wconf 70' lang='lat' dir='ltr'><strong>{Forte</strong></span> <span class='ocrx_word' id='word_1_396' title='bbox 2934 1756 3121 1827; x_wconf 76' lang='lat' dir='ltr'><strong>suppl.,</strong></span> <span class='ocrx_word' id='word_1_397' title='bbox 3149 1767 3204 1812; x_wconf 88' lang='lat' dir='ltr'><strong>et</strong></span> <span class='ocrx_word' id='word_1_398' title='bbox 3231 1757 3458 1812; x_wconf 87' lang='lat' dir='ltr'><strong>alterum</strong></span> <span class='ocrx_word' id='word_1_399' title='bbox 3479 1773 3684 1813; x_wconf 82' lang='lat' dir='ltr'><strong>nuncu-</strong></span> 
     </span>
    </p>
   </div>
   <div class='ocr_carea' id='block_1_49' title="bbox 2137 1933 3683 2003">
    <p class='ocr_par' dir='ltr' id='par_1_49' title="bbox 2137 1933 3683 2003">
     <span class='ocr_line' id='line_1_50' title="bbox 2137 1933 3683 2003; baseline 0.004 -17"><span class='ocrx_word' id='word_1_400' title='bbox 2137 1933 2425 1990; x_wconf 90' lang='lat' dir='ltr'><strong>absurdum</strong></span> <span class='ocrx_word' id='word_1_401' title='bbox 2481 1950 2599 1992; x_wconf 84' lang='lat' dir='ltr'><strong>esse</strong></span> <span class='ocrx_word' id='word_1_402' title='bbox 2651 1939 2929 2003; x_wconf 88' lang='lat' dir='ltr'><strong>videatur,</strong></span> <span class='ocrx_word' id='word_1_403' title='bbox 2983 1937 3151 1994; x_wconf 86' lang='lat' dir='ltr'><strong>fatere</strong></span> <span class='ocrx_word' id='word_1_404' title='bbox 3196 1939 3471 1994; x_wconf 87' lang='lat' dir='ltr'><strong>nobiscum</strong></span> <span class='ocrx_word' id='word_1_405' title='bbox 3515 1938 3683 1994; x_wconf 88' lang='lat' dir='ltr'><strong>Deum</strong></span> 
     </span>
    </p>
   </div>
   <div class='ocr_carea' id='block_1_50' title="bbox 2136 2024 3686 2098">
    <p class='ocr_par' dir='ltr' id='par_1_50' title="bbox 2136 2024 3686 2098">
     <span class='ocr_line' id='line_1_51' title="bbox 2136 2024 3686 2098; baseline 0.003 -21"><span class='ocrx_word' id='word_1_406' title='bbox 2136 2024 2285 2078; x_wconf 89' lang='lat' dir='ltr'><strong>illum</strong></span> <span class='ocrx_word' id='word_1_407' title='bbox 2323 2040 2508 2079; x_wconf 89' lang='lat' dir='ltr'><strong>verum</strong></span> <span class='ocrx_word' id='word_1_408' title='bbox 2534 2029 2796 2082; x_wconf 89' lang='lat' dir='ltr'><strong>veraciter</strong></span> <span class='ocrx_word' id='word_1_409' title='bbox 2811 2029 2917 2084; x_wconf 86' lang='lat' dir='ltr'><strong>dici</strong></span> <span class='ocrx_word' id='word_1_410' title='bbox 2944 2037 3000 2084; x_wconf 88' lang='lat' dir='ltr'><strong>et</strong></span> <span class='ocrx_word' id='word_1_411' title='bbox 3025 2043 3164 2092; x_wconf 84' lang='lat' dir='ltr'><strong>esse,</strong></span> <span class='ocrx_word' id='word_1_412' title='bbox 3191 2043 3296 2084; x_wconf 89' lang='lat' dir='ltr'><strong>non</strong></span> <span class='ocrx_word' id='word_1_413' title='bbox 3332 2029 3686 2098; x_wconf 89' lang='lat' dir='ltr'><strong>nuncupative</strong></span> 
     </span>
    </p>
   </div>
   <div class='ocr_carea' id='block_1_51' title="bbox 2137 2115 3687 2189">
    <p class='ocr_par' dir='ltr' id='par_1_51' title="bbox 2137 2115 3687 2189">
     <span class='ocr_line' id='line_1_52' title="bbox 2137 2115 3687 2189; baseline 0.002 -20"><span class='ocrx_word' id='word_1_414' title='bbox 2137 2115 2285 2187; x_wconf 91' lang='lat' dir='ltr'><strong>ﬁngi,</strong></span> <span class='ocrx_word' id='word_1_415' title='bbox 2329 2125 2385 2172; x_wconf 92' lang='lat' dir='ltr'><strong>et</strong></span> <span class='ocrx_word' id='word_1_416' title='bbox 2433 2119 2726 2189; x_wconf 86' lang='lat' dir='ltr'><strong>nuncupari</strong></span> <span class='ocrx_word' id='word_1_417' title='bbox 2770 2120 2910 2188; x_wconf 92' lang='lat' dir='ltr'><strong>quod</strong></span> <span class='ocrx_word' id='word_1_418' title='bbox 2937 2134 3042 2173; x_wconf 90' lang='lat' dir='ltr'><strong>non</strong></span> <span class='ocrx_word' id='word_1_419' title='bbox 3081 2128 3183 2174; x_wconf 89' lang='lat' dir='ltr'><strong>est.</strong></span> <span class='ocrx_word' id='word_1_420' title='bbox 3219 2119 3568 2188; x_wconf 85' lang='lat' dir='ltr'><strong>lneongruum</strong></span> <span class='ocrx_word' id='word_1_421' title='bbox 3602 2126 3687 2173; x_wconf 85' lang='lat' dir='ltr'><strong>est</strong></span> 
     </span>
    </p>
   </div>
   <div class='ocr_carea' id='block_1_52' title="bbox 2135 2207 3681 2281">
    <p class='ocr_par' dir='ltr' id='par_1_52' title="bbox 2135 2207 3681 2281">
     <span class='ocr_line' id='line_1_53' title="bbox 2135 2207 3681 2281; baseline 0.001 -21"><span class='ocrx_word' id='word_1_422' title='bbox 2135 2207 2278 2261; x_wconf 88' lang='lat' dir='ltr'><strong>enim</strong></span> <span class='ocrx_word' id='word_1_423' title='bbox 2313 2215 2367 2262; x_wconf 84' lang='lat' dir='ltr'><strong>et</strong></span> <span class='ocrx_word' id='word_1_424' title='bbox 2398 2208 2547 2262; x_wconf 92' lang='lat' dir='ltr'><strong>valde</strong></span> <span class='ocrx_word' id='word_1_425' title='bbox 2572 2209 2823 2281; x_wconf 86' lang='lat' dir='ltr'><strong>ineptum.</strong></span> <span class='ocrx_word' id='word_1_426' title='bbox 2851 2208 3020 2264; x_wconf 91' lang='lat' dir='ltr'><strong>Deum</strong></span> <span class='ocrx_word' id='word_1_427' title='bbox 3045 2209 3264 2280; x_wconf 86' lang='lat' dir='ltr'><strong>aliquid,</strong></span> <span class='ocrx_word' id='word_1_428' title='bbox 3287 2209 3426 2278; x_wconf 91' lang='lat' dir='ltr'><strong>quod</strong></span> <span class='ocrx_word' id='word_1_429' title='bbox 3456 2224 3560 2262; x_wconf 94' lang='lat' dir='ltr'><strong>non</strong></span> <span class='ocrx_word' id='word_1_430' title='bbox 3591 2209 3681 2272; x_wconf 86' lang='lat' dir='ltr'><strong>sit,</strong></span> 
     </span>
    </p>
   </div>
   <div class='ocr_carea' id='block_1_53' title="bbox 2136 2297 3686 2371">
    <p class='ocr_par' dir='ltr' id='par_1_53' title="bbox 2136 2297 3686 2371">
     <span class='ocr_line' id='line_1_54' title="bbox 2136 2297 3686 2371; baseline 0.001 -20"><span class='ocrx_word' id='word_1_431' title='bbox 2136 2298 2261 2363; x_wconf 77' lang='lat' dir='ltr'><strong>dici,</strong></span> <span class='ocrx_word' id='word_1_432' title='bbox 2292 2298 2430 2354; x_wconf 90' lang='lat' dir='ltr'><strong>sicut</strong></span> <span class='ocrx_word' id='word_1_433' title='bbox 2457 2307 2512 2353; x_wconf 90' lang='lat' dir='ltr'><strong>et</strong></span> <span class='ocrx_word' id='word_1_434' title='bbox 2540 2316 2737 2371; x_wconf 86' lang='lat' dir='ltr'><strong>negare</strong></span> <span class='ocrx_word' id='word_1_435' title='bbox 2757 2300 2897 2370; x_wconf 88' lang='lat' dir='ltr'><strong>quod</strong></span> <span class='ocrx_word' id='word_1_436' title='bbox 2923 2309 3027 2367; x_wconf 89' lang='lat' dir='ltr'><strong>est,</strong></span> <span class='ocrx_word' id='word_1_437' title='bbox 3052 2301 3272 2371; x_wconf 90' lang='lat' dir='ltr'><strong>impium</strong></span> <span class='ocrx_word' id='word_1_438' title='bbox 3298 2307 3353 2356; x_wconf 90' lang='lat' dir='ltr'><strong>et</strong></span> <span class='ocrx_word' id='word_1_439' title='bbox 3371 2297 3686 2355; x_wconf 81' lang='lat' dir='ltr'><strong>detestabile</strong></span> 
     </span>
    </p>
   </div>
   <div class='ocr_carea' id='block_1_54' title="bbox 2135 2387 2625 2458">
    <p class='ocr_par' dir='ltr' id='par_1_54' title="bbox 2135 2387 2625 2458">
     <span class='ocr_line' id='line_1_55' title="bbox 2135 2387 2625 2458; baseline 0.006 -19"><span class='ocrx_word' id='word_1_440' title='bbox 2135 2399 2254 2440; x_wconf 87' lang='lat' dir='ltr'><strong>esse</strong></span> <span class='ocrx_word' id='word_1_441' title='bbox 2279 2387 2625 2458; x_wconf 84' lang='lat' dir='ltr'><strong>dignoscitur.</strong></span> 
     </span>
    </p>
   </div>
   <div class='ocr_carea' id='block_1_55' title="bbox 2203 2477 3682 2547">
    <p class='ocr_par' dir='ltr' id='par_1_55' title="bbox 2203 2477 3682 2547">
     <span class='ocr_line' id='line_1_56' title="bbox 2203 2477 3682 2547; baseline 0.002 -16"><span class='ocrx_word' id='word_1_442' title='bbox 2203 2477 2339 2532; x_wconf 77' lang='lat' dir='ltr'><strong>Xlll.</strong></span> <span class='ocrx_word' id='word_1_443' title='bbox 2377 2478 2506 2532; x_wconf 86' lang='lat' dir='ltr'><strong>Post</strong></span> <span class='ocrx_word' id='word_1_444' title='bbox 2550 2479 2851 2535; x_wconf 83' lang='lat' dir='ltr'><strong>testimonia</strong></span> <span class='ocrx_word' id='word_1_445' title='bbox 2907 2479 3068 2547; x_wconf 79' lang='lat' dir='ltr'><strong>igitur</strong></span> <span class='ocrx_word' id='word_1_446' title='bbox 3105 2487 3408 2535; x_wconf 85' lang='lat' dir='ltr'><strong>sanctorum</strong></span> <span class='ocrx_word' id='word_1_447' title='bbox 3441 2477 3682 2544; x_wconf 81' lang='lat' dir='ltr'><strong>Patrum,</strong></span> 
     </span>
    </p>
   </div>
   <div class='ocr_carea' id='block_1_56' title="bbox 2135 2567 3682 2638">
    <p class='ocr_par' dir='ltr' id='par_1_56' title="bbox 2135 2567 3682 2638">
     <span class='ocr_line' id='line_1_57' title="bbox 2135 2567 3682 2638; baseline 0.001 -18"><span class='ocrx_word' id='word_1_448' title='bbox 2135 2582 2252 2637; x_wconf 70' lang='lat' dir='ltr'><strong>quae</strong></span> <span class='ocrx_word' id='word_1_449' title='bbox 2275 2567 2439 2621; x_wconf 88' lang='lat' dir='ltr'><strong>multa</strong></span> <span class='ocrx_word' id='word_1_450' title='bbox 2468 2567 2679 2636; x_wconf 85' lang='lat' dir='ltr'><strong>quidem</strong></span> <span class='ocrx_word' id='word_1_451' title='bbox 2697 2608 2712 2630; x_wconf 88' lang='lat'><strong>,</strong></span> <span class='ocrx_word' id='word_1_452' title='bbox 2745 2576 2801 2622; x_wconf 87' lang='lat' dir='ltr'><strong>et</strong></span> <span class='ocrx_word' id='word_1_453' title='bbox 2827 2568 3065 2636; x_wconf 71' lang='lat' dir='ltr'><strong>qutedam</strong></span> <span class='ocrx_word' id='word_1_454' title='bbox 3090 2568 3249 2622; x_wconf 82' lang='lat' dir='ltr'><strong>etiam</strong></span> <span class='ocrx_word' id='word_1_455' title='bbox 3276 2583 3402 2624; x_wconf 92' lang='lat' dir='ltr'><strong>vere</strong></span> <span class='ocrx_word' id='word_1_456' title='bbox 3439 2568 3682 2638; x_wconf 84' lang='lat' dir='ltr'><strong>posuisti,</strong></span> 
     </span>
    </p>
   </div>
   <div class='ocr_carea' id='block_1_57' title="bbox 2137 2657 3772 2725">
    <p class='ocr_par' dir='ltr' id='par_1_57' title="bbox 2137 2657 3772 2725">
     <span class='ocr_line' id='line_1_58' title="bbox 2137 2657 3772 2725; baseline 0.002 -15"><span class='ocrx_word' id='word_1_457' title='bbox 2137 2657 2229 2710; x_wconf 88' lang='lat' dir='ltr'><strong>sed</strong></span> <span class='ocrx_word' id='word_1_458' title='bbox 2256 2657 2577 2712; x_wconf 88' lang='lat' dir='ltr'><strong>omnimodis</strong></span> <span class='ocrx_word' id='word_1_459' title='bbox 2623 2657 2900 2713; x_wconf 90' lang='lat' dir='ltr'><strong>catholicis</strong></span> <span class='ocrx_word' id='word_1_460' title='bbox 2924 2698 2938 2720; x_wconf 93' lang='lat'><strong>,</strong></span> <span class='ocrx_word' id='word_1_461' title='bbox 2985 2673 3088 2712; x_wconf 90' lang='lat' dir='ltr'><strong>non</strong></span> <span class='ocrx_word' id='word_1_462' title='bbox 3137 2658 3398 2713; x_wconf 69' lang='lat' dir='ltr'><strong>htereticis</strong></span> <span class='ocrx_word' id='word_1_463' title='bbox 3430 2657 3681 2721; x_wconf 81' lang='lat' dir='ltr'><strong>faventia,</strong></span> <span class='ocrx_word' id='word_1_464' title='bbox 3770 2720 3772 2725; x_wconf 51' lang='grc'>,</span> 
     </span>
    </p>
   </div>
   <div class='ocr_carea' id='block_1_58' title="bbox 2136 2743 3681 2814">
    <p class='ocr_par' dir='ltr' id='par_1_58' title="bbox 2136 2743 3681 2814">
     <span class='ocr_line' id='line_1_59' title="bbox 2136 2743 3681 2814; baseline -0.001 -16"><span class='ocrx_word' id='word_1_465' title='bbox 2136 2743 2389 2812; x_wconf 66' lang='lat' dir='ltr'><strong>praesules</strong></span> <span class='ocrx_word' id='word_1_466' title='bbox 2432 2759 2646 2814; x_wconf 88' lang='lat' dir='ltr'><strong>quoque</strong></span> <span class='ocrx_word' id='word_1_467' title='bbox 2681 2745 3048 2814; x_wconf 84' lang='lat' dir='ltr'><strong>Hispaniarum</strong></span> <span class='ocrx_word' id='word_1_468' title='bbox 3095 2745 3326 2808; x_wconf 87' lang='lat' dir='ltr'><strong>inducis,</strong></span> <span class='ocrx_word' id='word_1_469' title='bbox 3357 2759 3490 2813; x_wconf 82' lang='lat' dir='ltr'><strong>quos</strong></span> <span class='ocrx_word' id='word_1_470' title='bbox 3513 2753 3568 2798; x_wconf 92' lang='lat' dir='ltr'><strong>tu</strong></span> <span class='ocrx_word' id='word_1_471' title='bbox 3589 2759 3681 2797; x_wconf 89' lang='lat' dir='ltr'><strong>or-</strong></span> 
     </span>
    </p>
   </div>
   <div class='ocr_carea' id='block_1_59' title="bbox 2138 2832 3682 2902">
    <p class='ocr_par' dir='ltr' id='par_1_59' title="bbox 2138 2832 3682 2902">
     <span class='ocr_line' id='line_1_60' title="bbox 2138 2832 3682 2902; baseline 0.003 -18"><span class='ocrx_word' id='word_1_472' title='bbox 2138 2832 2398 2886; x_wconf 84' lang='lat' dir='ltr'><strong>thodoxos</strong></span> <span class='ocrx_word' id='word_1_473' title='bbox 2440 2832 2611 2886; x_wconf 88' lang='lat' dir='ltr'><strong>dicis:</strong></span> <span class='ocrx_word' id='word_1_474' title='bbox 2642 2833 2696 2886; x_wconf 91' lang='lat' dir='ltr'><strong>in</strong></span> <span class='ocrx_word' id='word_1_475' title='bbox 2734 2833 2820 2887; x_wconf 90' lang='lat' dir='ltr'><strong>his</strong></span> <span class='ocrx_word' id='word_1_476' title='bbox 2854 2839 2970 2902; x_wconf 69' lang='lat' dir='ltr'><strong>quae</strong></span> <span class='ocrx_word' id='word_1_477' title='bbox 2998 2833 3217 2902; x_wconf 84' lang='lat' dir='ltr'><strong>posuisti</strong></span> <span class='ocrx_word' id='word_1_478' title='bbox 3245 2832 3575 2888; x_wconf 87' lang='lat' dir='ltr'><strong>orationibus</strong></span> <span class='ocrx_word' id='word_1_479' title='bbox 3601 2833 3682 2888; x_wconf 84' lang='lat' dir='ltr'><strong>in-</strong></span> 
     </span>
    </p>
   </div>
   <div class='ocr_carea' id='block_1_60' title="bbox 2136 2917 3684 2990">
    <p class='ocr_par' dir='ltr' id='par_1_60' title="bbox 2136 2917 3684 2990">
     <span class='ocr_line' id='line_1_61' title="bbox 2136 2917 3684 2990; baseline 0.002 -18"><span class='ocrx_word' id='word_1_480' title='bbox 2136 2917 2444 2972; x_wconf 85' lang='lat' dir='ltr'><strong>dubitanter</strong></span> <span class='ocrx_word' id='word_1_481' title='bbox 2471 2919 2706 2975; x_wconf 74' lang='lat' dir='ltr'><strong>hteretici</strong></span> <span class='ocrx_word' id='word_1_482' title='bbox 2730 2935 2848 2975; x_wconf 87' lang='lat' dir='ltr'><strong>esse</strong></span> <span class='ocrx_word' id='word_1_483' title='bbox 2871 2921 3268 2990; x_wconf 86' lang='lat' dir='ltr'><strong>dignoscuntur.</strong></span> <span class='ocrx_word' id='word_1_484' title='bbox 3333 2921 3444 2976; x_wconf 83' lang='lat' dir='ltr'><strong>Nisi</strong></span> <span class='ocrx_word' id='word_1_485' title='bbox 3471 2922 3606 2977; x_wconf 87' lang='lat' dir='ltr'><strong>forte</strong></span> <span class='ocrx_word' id='word_1_486' title='bbox 3629 2931 3684 2977; x_wconf 91' lang='lat' dir='ltr'><strong>et</strong></span> 
     </span>
    </p>
   </div>
   <div class='ocr_carea' id='block_1_61' title="bbox 2135 3006 3679 3084">
    <p class='ocr_par' dir='ltr' id='par_1_61' title="bbox 2135 3006 3679 3084">
     <span class='ocr_line' id='line_1_62' title="bbox 2135 3006 3679 3084; baseline 0.005 -26"><span class='ocrx_word' id='word_1_487' title='bbox 2135 3019 2321 3059; x_wconf 90' lang='lat' dir='ltr'><strong>eorum</strong></span> <span class='ocrx_word' id='word_1_488' title='bbox 2348 3006 2511 3084; x_wconf 83' lang='lat' dir='ltr'><strong>dicta,</strong></span> <span class='ocrx_word' id='word_1_489' title='bbox 2541 3007 2682 3062; x_wconf 87' lang='lat' dir='ltr'><strong>sicut</strong></span> <span class='ocrx_word' id='word_1_490' title='bbox 2703 3018 2757 3062; x_wconf 87' lang='lat' dir='ltr'><strong>et</strong></span> <span class='ocrx_word' id='word_1_491' title='bbox 2780 3009 2832 3062; x_wconf 92' lang='lat' dir='ltr'><strong>in</strong></span> <span class='ocrx_word' id='word_1_492' title='bbox 2860 3009 3067 3065; x_wconf 78' lang='lat' dir='ltr'><strong>czeteris</strong></span> <span class='ocrx_word' id='word_1_493' title='bbox 3094 3009 3323 3074; x_wconf 84' lang='lat' dir='ltr'><strong>solebas,</strong></span> <span class='ocrx_word' id='word_1_494' title='bbox 3351 3010 3679 3080; x_wconf 87' lang='lat' dir='ltr'><strong>depravaris,</strong></span> 
     </span>
    </p>
   </div>
   <div class='ocr_carea' id='block_1_62' title="bbox 2101 3094 3681 3166">
    <p class='ocr_par' dir='ltr' id='par_1_62' title="bbox 2101 3094 3681 3166">
     <span class='ocr_line' id='line_1_63' title="bbox 2101 3094 3681 3166; baseline 0.004 -18"><span class='ocrx_word' id='word_1_495' title='bbox 2101 3097 2104 3100; x_wconf 73' lang='grc'><strong>“</strong></span> <span class='ocrx_word' id='word_1_496' title='bbox 2137 3094 2340 3148; x_wconf 85' lang='lat' dir='ltr'><strong>scilicet</strong></span> <span class='ocrx_word' id='word_1_497' title='bbox 2361 3104 2421 3148; x_wconf 90' lang='lat' dir='ltr'><strong>ut</strong></span> <span class='ocrx_word' id='word_1_498' title='bbox 2443 3097 2586 3165; x_wconf 90' lang='lat' dir='ltr'><strong>quod</strong></span> <span class='ocrx_word' id='word_1_499' title='bbox 2613 3097 2687 3151; x_wconf 91' lang='lat' dir='ltr'><strong>illi</strong></span> <span class='ocrx_word' id='word_1_500' title='bbox 2711 3099 2848 3153; x_wconf 88' lang='lat' dir='ltr'><strong>bene</strong></span> <span class='ocrx_word' id='word_1_501' title='bbox 2874 3099 3138 3162; x_wconf 73' lang='lat' dir='ltr'><strong>dixerunt,</strong></span> <span class='ocrx_word' id='word_1_502' title='bbox 3166 3100 3292 3153; x_wconf 93' lang='lat' dir='ltr'><strong>tuin</strong></span> <span class='ocrx_word' id='word_1_503' title='bbox 3321 3099 3681 3166; x_wconf 75' lang='lat' dir='ltr'><strong>adiumentum</strong></span> 
     </span>
    </p>
   </div>
   <div class='ocr_carea' id='block_1_63' title="bbox 483 3172 3682 3264">
    <p class='ocr_par' dir='ltr' id='par_1_63' title="bbox 483 3172 3682 3264">
     <span class='ocr_line' id='line_1_64' title="bbox 483 3172 3682 3264; baseline 0.004 -31"><span class='ocrx_word' id='word_1_504' title='bbox 483 3182 597 3251; x_wconf 76' lang='lat' dir='ltr'><strong>ipse</strong></span> <span class='ocrx_word' id='word_1_505' title='bbox 618 3183 802 3257; x_wconf 83' lang='lat' dir='ltr'><strong>[idem]</strong></span> <span class='ocrx_word' id='word_1_506' title='bbox 826 3172 1137 3254; x_wconf 44' lang='lat' dir='ltr'><strong>&#39;Dei&#39;Filiug,</strong></span> <span class='ocrx_word' id='word_1_507' title='bbox 1164 3189 1306 3245; x_wconf 61' lang='lat' dir='ltr'><strong>Deus</strong></span> <span class='ocrx_word' id='word_1_508' title='bbox 1337 3191 1403 3245; x_wconf 74' lang='lat' dir='ltr'><strong>de</strong></span> <span class='ocrx_word' id='word_1_509' title='bbox 1431 3172 1539 3245; x_wconf 60' lang='lat' dir='ltr'><strong>Deo</strong></span> <span class='ocrx_word' id='word_1_510' title='bbox 1564 3200 1721 3247; x_wconf 68' lang='lat' dir='ltr'><strong>“ams</strong></span> <span class='ocrx_word' id='word_1_511' title='bbox 1739 3195 1978 3264; x_wconf 48' lang='lat' dir='ltr'><strong>aqualis,</strong></span> <span class='ocrx_word' id='word_1_512' title='bbox 2010 3214 2028 3246; x_wconf 79' lang='grc'><em>,</em></span> <span class='ocrx_word' id='word_1_513' title='bbox 2059 3172 2104 3231; x_wconf 91' lang='lat' dir='ltr'><strong>C</strong></span> <span class='ocrx_word' id='word_1_514' title='bbox 2135 3184 2335 3238; x_wconf 87' lang='lat' dir='ltr'><strong>erroris</strong></span> <span class='ocrx_word' id='word_1_515' title='bbox 2365 3185 2440 3238; x_wconf 87' lang='lat' dir='ltr'><strong>tui</strong></span> <span class='ocrx_word' id='word_1_516' title='bbox 2467 3195 2693 3251; x_wconf 90' lang='lat' dir='ltr'><strong>mutare,</strong></span> <span class='ocrx_word' id='word_1_517' title='bbox 2739 3195 2794 3241; x_wconf 79' lang='lat' dir='ltr'><strong>ct</strong></span> <span class='ocrx_word' id='word_1_518' title='bbox 2847 3180 3069 3242; x_wconf 88' lang='lat' dir='ltr'><strong>alterum</strong></span> <span class='ocrx_word' id='word_1_519' title='bbox 3112 3201 3208 3257; x_wconf 89' lang='lat' dir='ltr'><strong>pro</strong></span> <span class='ocrx_word' id='word_1_520' title='bbox 3256 3187 3426 3243; x_wconf 90' lang='lat' dir='ltr'><strong>altero</strong></span> <span class='ocrx_word' id='word_1_521' title='bbox 3471 3189 3682 3246; x_wconf 83' lang='lat' dir='ltr'><strong>mittere</strong></span> 
     </span>
    </p>
   </div>
   <div class='ocr_carea' id='block_1_64' title="bbox 484 3271 2028 3354">
    <p class='ocr_par' dir='ltr' id='par_1_64' title="bbox 484 3271 2028 3354">
     <span class='ocr_line' id='line_1_65' title="bbox 484 3271 2028 3354; baseline 0.009 -28"><span class='ocrx_word' id='word_1_522' title='bbox 484 3271 542 3326; x_wconf 86' lang='lat' dir='ltr'><strong>Si</strong></span> <span class='ocrx_word' id='word_1_523' title='bbox 566 3288 693 3342; x_wconf 82' lang='lat' dir='ltr'><strong>ergo</strong></span> <span class='ocrx_word' id='word_1_524' title='bbox 724 3275 826 3330; x_wconf 92' lang='lat' dir='ltr'><strong>hoc</strong></span> <span class='ocrx_word' id='word_1_525' title='bbox 864 3277 914 3331; x_wconf 90' lang='lat' dir='ltr'><strong>ei</strong></span> <span class='ocrx_word' id='word_1_526' title='bbox 944 3278 1194 3334; x_wconf 89' lang='lat' dir='ltr'><strong>donatum</strong></span> <span class='ocrx_word' id='word_1_527' title='bbox 1221 3289 1306 3333; x_wconf 86' lang='lat' dir='ltr'><strong>est</strong></span> <span class='ocrx_word' id='word_1_528' title='bbox 1335 3280 1388 3333; x_wconf 84' lang='lat' dir='ltr'><strong>in</strong></span> <span class='ocrx_word' id='word_1_529' title='bbox 1409 3281 1589 3335; x_wconf 85' lang='lat' dir='ltr'><strong>carnis</strong></span> <span class='ocrx_word' id='word_1_530' title='bbox 1617 3283 2028 3354; x_wconf 86' lang='lat' dir='ltr'><strong>dispensatione.</strong></span> 
     </span>
    </p>
   </div>
   <div class='ocr_carea' id='block_1_65' title="bbox 483 3364 2032 3440">
    <p class='ocr_par' dir='ltr' id='par_1_65' title="bbox 483 3364 2032 3440">
     <span class='ocr_line' id='line_1_66' title="bbox 483 3364 2032 3440; baseline 0.008 -24"><span class='ocrx_word' id='word_1_531' title='bbox 483 3364 622 3430; x_wconf 85' lang='lat' dir='ltr'><strong>quod</strong></span> <span class='ocrx_word' id='word_1_532' title='bbox 636 3365 746 3433; x_wconf 87' lang='lat' dir='ltr'><strong>jam</strong></span> <span class='ocrx_word' id='word_1_533' title='bbox 776 3373 898 3426; x_wconf 80' lang='lat' dir='ltr'><strong>ante</strong></span> <span class='ocrx_word' id='word_1_534' title='bbox 927 3367 1156 3422; x_wconf 88' lang='lat' dir='ltr'><strong>habebat</strong></span> <span class='ocrx_word' id='word_1_535' title='bbox 1188 3369 1240 3422; x_wconf 90' lang='lat' dir='ltr'><strong>in</strong></span> <span class='ocrx_word' id='word_1_536' title='bbox 1283 3368 1575 3424; x_wconf 79' lang='lat' dir='ltr'><strong>divinitatis</strong></span> <span class='ocrx_word' id='word_1_537' title='bbox 1604 3381 1796 3440; x_wconf 84' lang='lat' dir='ltr'><strong>natura</strong></span> <span class='ocrx_word' id='word_1_538' title='bbox 1815 3412 1842 3440; x_wconf 90' lang='lat'><strong>,_</strong></span> <span class='ocrx_word' id='word_1_539' title='bbox 1863 3382 2032 3427; x_wconf 89' lang='lat' dir='ltr'><strong>restat</strong></span> 
     </span>
    </p>
   </div>
   <div class='ocr_carea' id='block_1_66' title="bbox 484 3452 2033 3529">
    <p class='ocr_par' dir='ltr' id='par_1_66' title="bbox 484 3452 2033 3529">
     <span class='ocr_line' id='line_1_67' title="bbox 484 3452 2033 3529; baseline 0.006 -25"><span class='ocrx_word' id='word_1_540' title='bbox 484 3460 544 3504; x_wconf 93' lang='lat' dir='ltr'><strong>ut</strong></span> <span class='ocrx_word' id='word_1_541' title='bbox 564 3452 700 3506; x_wconf 88' lang='lat' dir='ltr'><strong>idem</strong></span> <span class='ocrx_word' id='word_1_542' title='bbox 746 3454 858 3521; x_wconf 89' lang='lat' dir='ltr'><strong>ipse</strong></span> <span class='ocrx_word' id='word_1_543' title='bbox 898 3469 1055 3510; x_wconf 89' lang='lat' dir='ltr'><strong>verus</strong></span> <span class='ocrx_word' id='word_1_544' title='bbox 1095 3455 1266 3511; x_wconf 81' lang='lat' dir='ltr'><strong>Filius</strong></span> <span class='ocrx_word' id='word_1_545' title='bbox 1291 3455 1383 3510; x_wconf 90' lang='lat' dir='ltr'><strong>Dei</strong></span> <span class='ocrx_word' id='word_1_546' title='bbox 1409 3452 1564 3512; x_wconf 85' lang='lat' dir='ltr'><strong>natus</strong></span> <span class='ocrx_word' id='word_1_547' title='bbox 1588 3473 1652 3512; x_wconf 82' lang='lat' dir='ltr'><strong>ex</strong></span> <span class='ocrx_word' id='word_1_548' title='bbox 1679 3452 1884 3529; x_wconf 83' lang='lat' dir='ltr'><strong>virgine</strong></span> <span class='ocrx_word' id='word_1_549' title='bbox 1913 3475 2033 3515; x_wconf 88' lang='lat' dir='ltr'><strong>cre-</strong></span> 
     </span>
    </p>
   </div>
   <div class='ocr_carea' id='block_1_67' title="bbox 485 3541 2030 3616">
    <p class='ocr_par' dir='ltr' id='par_1_67' title="bbox 485 3541 2030 3616">
     <span class='ocr_line' id='line_1_68' title="bbox 485 3541 2030 3616; baseline 0.005 -21"><span class='ocrx_word' id='word_1_550' title='bbox 485 3541 659 3595; x_wconf 81' lang='lat' dir='ltr'><strong>datur’</strong></span> <span class='ocrx_word' id='word_1_551' title='bbox 681 3549 735 3596; x_wconf 91' lang='lat' dir='ltr'><strong>et</strong></span> <span class='ocrx_word' id='word_1_552' title='bbox 773 3542 1104 3598; x_wconf 87' lang='lat' dir='ltr'><strong>conﬁteatur.</strong></span> <span class='ocrx_word' id='word_1_553' title='bbox 1136 3541 1310 3600; x_wconf 79' lang='lat' dir='ltr'><strong>&#39;Deum</strong></span> <span class='ocrx_word' id='word_1_554' title='bbox 1333 3561 1460 3616; x_wconf 89' lang='lat' dir='ltr'><strong>ergo</strong></span> <span class='ocrx_word' id='word_1_555' title='bbox 1486 3547 1618 3602; x_wconf 89' lang='lat' dir='ltr'><strong>dicis</strong></span> <span class='ocrx_word' id='word_1_556' title='bbox 1644 3563 1782 3611; x_wconf 87' lang='lat' dir='ltr'><strong>esse,</strong></span> <span class='ocrx_word' id='word_1_557' title='bbox 1811 3549 1906 3603; x_wconf 86' lang='lat' dir='ltr'><strong>sed</strong></span> <span class='ocrx_word' id='word_1_558' title='bbox 1927 3565 2030 3602; x_wconf 89' lang='lat' dir='ltr'><strong>non</strong></span> 
     </span>
    </p>
   </div>
   <div class='ocr_carea' id='block_1_68' title="bbox 484 3631 2033 3708">
    <p class='ocr_par' dir='ltr' id='par_1_68' title="bbox 484 3631 2033 3708">
     <span class='ocr_line' id='line_1_69' title="bbox 484 3631 2033 3708; baseline 0.005 -25"><span class='ocrx_word' id='word_1_559' title='bbox 484 3643 668 3684; x_wconf 85' lang='lat' dir='ltr'><strong>verum</strong></span> <span class='ocrx_word' id='word_1_560' title='bbox 710 3631 902 3687; x_wconf 81' lang='lat' dir='ltr'><strong>Filium</strong></span> <span class='ocrx_word' id='word_1_561' title='bbox 925 3673 940 3697; x_wconf 94' lang='lat'><strong>,</strong></span> <span class='ocrx_word' id='word_1_562' title='bbox 975 3632 1039 3706; x_wconf 68' lang='grc'><strong>[⁸</strong></span> <span class='ocrx_word' id='word_1_563' title='bbox 1069 3634 1160 3703; x_wconf 92' lang='lat' dir='ltr'><strong>qui</strong></span> <span class='ocrx_word' id='word_1_564' title='bbox 1193 3649 1308 3689; x_wconf 89' lang='lat' dir='ltr'><strong>esse</strong></span> <span class='ocrx_word' id='word_1_565' title='bbox 1333 3651 1443 3690; x_wconf 87' lang='lat' dir='ltr'><strong>non</strong></span> <span class='ocrx_word' id='word_1_566' title='bbox 1463 3634 1680 3707; x_wconf 84' lang='lat' dir='ltr'><strong>negas],</strong></span> <span class='ocrx_word' id='word_1_567' title='bbox 1708 3639 1801 3693; x_wconf 84' lang='lat' dir='ltr'><strong>sed</strong></span> <span class='ocrx_word' id='word_1_568' title='bbox 1830 3638 2033 3708; x_wconf 88' lang='lat' dir='ltr'><strong>adopti-</strong></span> 
     </span>
    </p>
   </div>
   <div class='ocr_carea' id='block_1_69' title="bbox 486 3720 2033 3798">
    <p class='ocr_par' dir='ltr' id='par_1_69' title="bbox 486 3720 2033 3798">
     <span class='ocr_line' id='line_1_70' title="bbox 486 3720 2033 3798; baseline 0.008 -29"><span class='ocrx_word' id='word_1_569' title='bbox 486 3731 630 3782; x_wconf 85' lang='lat' dir='ltr'><strong>vum,</strong></span> <span class='ocrx_word' id='word_1_570' title='bbox 671 3725 726 3773; x_wconf 92' lang='lat' dir='ltr'><strong>et</strong></span> <span class='ocrx_word' id='word_1_571' title='bbox 748 3734 850 3774; x_wconf 89' lang='lat' dir='ltr'><strong>non</strong></span> <span class='ocrx_word' id='word_1_572' title='bbox 881 3736 1085 3776; x_wconf 90' lang='lat' dir='ltr'><strong>verum.</strong></span> <span class='ocrx_word' id='word_1_573' title='bbox 1125 3720 1255 3798; x_wconf 64' lang='lat' dir='ltr'><strong>Quae</strong></span> <span class='ocrx_word' id='word_1_574' title='bbox 1279 3731 1453 3776; x_wconf 90' lang='lat' dir='ltr'><strong>autem</strong></span> <span class='ocrx_word' id='word_1_575' title='bbox 1483 3733 1565 3778; x_wconf 91' lang='lat' dir='ltr'><strong>est</strong></span> <span class='ocrx_word' id='word_1_576' title='bbox 1601 3725 1701 3779; x_wconf 91' lang='lat' dir='ltr'><strong>ista</strong></span> <span class='ocrx_word' id='word_1_577' title='bbox 1737 3741 1872 3780; x_wconf 88' lang='lat' dir='ltr'><strong>nova</strong></span> <span class='ocrx_word' id='word_1_578' title='bbox 1901 3727 2033 3782; x_wconf 85' lang='lat' dir='ltr'><strong>ﬁlic-</strong></span> 
     </span>
    </p>
   </div>
   <div class='ocr_carea' id='block_1_70' title="bbox 485 3806 2034 3880">
    <p class='ocr_par' dir='ltr' id='par_1_70' title="bbox 485 3806 2034 3880">
     <span class='ocr_line' id='line_1_71' title="bbox 485 3806 2034 3880; baseline 0.007 -20"><span class='ocrx_word' id='word_1_579' title='bbox 485 3806 612 3861; x_wconf 87' lang='lat' dir='ltr'><strong>tatis</strong></span> <span class='ocrx_word' id='word_1_580' title='bbox 637 3808 956 3864; x_wconf 83' lang='lat' dir='ltr'><strong>introductio</strong></span> <span class='ocrx_word' id='word_1_581' title='bbox 979 3810 1037 3863; x_wconf 92' lang='lat' dir='ltr'><strong>in</strong></span> <span class='ocrx_word' id='word_1_582' title='bbox 1051 3809 1297 3880; x_wconf 7' lang='lat' dir='ltr'><strong>Christo}?</strong></span> <span class='ocrx_word' id='word_1_583' title='bbox 1327 3810 1490 3865; x_wconf 88' lang='lat' dir='ltr'><strong>Deum</strong></span> <span class='ocrx_word' id='word_1_584' title='bbox 1517 3812 1659 3867; x_wconf 86' lang='lat' dir='ltr'><strong>illum</strong></span> <span class='ocrx_word' id='word_1_585' title='bbox 1686 3815 1817 3869; x_wconf 78' lang='lat' dir='ltr'><strong>dicis</strong></span> <span class='ocrx_word' id='word_1_586' title='bbox 1836 3831 1955 3870; x_wconf 88' lang='lat' dir='ltr'><strong>esse</strong></span> <span class='ocrx_word' id='word_1_587' title='bbox 1980 3825 2034 3871; x_wconf 91' lang='lat' dir='ltr'><strong>et</strong></span> 
     </span>
    </p>
   </div>
   <div class='ocr_carea' id='block_1_71' title="bbox 486 3898 2030 3970">
    <p class='ocr_par' dir='ltr' id='par_1_71' title="bbox 486 3898 2030 3970">
     <span class='ocr_line' id='line_1_72' title="bbox 486 3898 2030 3970; baseline 0.005 -20"><span class='ocrx_word' id='word_1_588' title='bbox 486 3909 593 3950; x_wconf 84' lang='lat' dir='ltr'><strong>non</strong></span> <span class='ocrx_word' id='word_1_589' title='bbox 640 3910 824 3950; x_wconf 87' lang='lat' dir='ltr'><strong>verum</strong></span> <span class='ocrx_word' id='word_1_590' title='bbox 862 3898 1026 3966; x_wconf 88' lang='lat' dir='ltr'><strong>:qnis</strong></span> <span class='ocrx_word' id='word_1_591' title='bbox 1067 3907 1150 3953; x_wconf 80' lang='lat' dir='ltr'><strong>est</strong></span> <span class='ocrx_word' id='word_1_592' title='bbox 1180 3899 1300 3954; x_wconf 89' lang='lat' dir='ltr'><strong>talis</strong></span> <span class='ocrx_word' id='word_1_593' title='bbox 1354 3903 1760 3970; x_wconf 82' lang='lat' dir='ltr'><strong>nuncupationis</strong></span> <span class='ocrx_word' id='word_1_594' title='bbox 1805 3901 2030 3965; x_wconf 82' lang='lat' dir='ltr'><strong>fructus,</strong></span> 
     </span>
    </p>
   </div>
   <div class='ocr_carea' id='block_1_72' title="bbox 487 3983 2033 4056">
    <p class='ocr_par' dir='ltr' id='par_1_72' title="bbox 487 3983 2033 4056">
     <span class='ocr_line' id='line_1_73' title="bbox 487 3983 2033 4056; baseline 0.005 -20"><span class='ocrx_word' id='word_1_595' title='bbox 487 3983 1078 4056; x_wconf 67' lang='lat' dir='ltr'><strong>ubi&#39;detrimentuta-est</strong></span> <span class='ocrx_word' id='word_1_596' title='bbox 1101 3989 1376 4042; x_wconf 83' lang='lat' dir='ltr'><strong>veritatis?</strong></span> <span class='ocrx_word' id='word_1_597' title='bbox 1407 3990 1473 4042; x_wconf 84' lang='lat' dir='ltr'><strong>Et</strong></span> <span class='ocrx_word' id='word_1_598' title='bbox 1501 3991 1763 4056; x_wconf 87' lang='lat' dir='ltr'><strong>quomodo</strong></span> <span class='ocrx_word' id='word_1_599' title='bbox 1793 3992 1843 4044; x_wconf 89' lang='lat' dir='ltr'><strong>in</strong></span> <span class='ocrx_word' id='word_1_600' title='bbox 1879 3991 2033 4045; x_wconf 85' lang='lat' dir='ltr'><strong>Chri-</strong></span> 
     </span>
    </p>
   </div>
   <div class='ocr_carea' id='block_1_73' title="bbox 488 4069 2032 4161">
    <p class='ocr_par' dir='ltr' id='par_1_73' title="bbox 488 4069 2032 4161">
     <span class='ocr_line' id='line_1_74' title="bbox 488 4069 2032 4161; baseline 0.006 -36"><span class='ocrx_word' id='word_1_601' title='bbox 488 4080 572 4126; x_wconf 91' lang='lat' dir='ltr'><strong>sto</strong></span> <span class='ocrx_word' id='word_1_602' title='bbox 606 4081 690 4126; x_wconf 88' lang='lat' dir='ltr'><strong>est</strong></span> <span class='ocrx_word' id='word_1_603' title='bbox 730 4073 905 4128; x_wconf 88' lang='lat' dir='ltr'><strong>omnis</strong></span> <span class='ocrx_word' id='word_1_604' title='bbox 933 4069 1144 4130; x_wconf 75' lang='lat' dir='ltr'><strong>‘veritas</strong></span> <span class='ocrx_word' id='word_1_605' title='bbox 1168 4116 1184 4140; x_wconf 85' lang='lat'><strong>,</strong></span> <span class='ocrx_word' id='word_1_606' title='bbox 1227 4078 1272 4132; x_wconf 91' lang='lat' dir='ltr'><strong>si</strong></span> <span class='ocrx_word' id='word_1_607' title='bbox 1302 4079 1401 4131; x_wconf 87' lang='lat' dir='ltr'><strong>hoc</strong></span> <span class='ocrx_word' id='word_1_608' title='bbox 1425 4079 1614 4142; x_wconf 88' lang='lat' dir='ltr'><strong>solmn,</strong></span> <span class='ocrx_word' id='word_1_609' title='bbox 1637 4081 1780 4161; x_wconf 66' lang='lat' dir='ltr'><strong>quod</strong></span> <span class='ocrx_word' id='word_1_610' title='bbox 1805 4083 2032 4136; x_wconf 78' lang='lat' dir='ltr'><strong>maxime</strong></span> 
     </span>
    </p>
   </div>
   <div class='ocr_carea' id='block_1_74' title="bbox 489 4159 2031 4234">
    <p class='ocr_par' dir='ltr' id='par_1_74' title="bbox 489 4159 2031 4234">
     <span class='ocr_line' id='line_1_75' title="bbox 489 4159 2031 4234; baseline 0.006 -21"><span class='ocrx_word' id='word_1_611' title='bbox 489 4159 759 4215; x_wconf 85' lang='lat' dir='ltr'><strong>fatendum</strong></span> <span class='ocrx_word' id='word_1_612' title='bbox 786 4169 896 4226; x_wconf 90' lang='lat' dir='ltr'><strong>est,</strong></span> <span class='ocrx_word' id='word_1_613' title='bbox 923 4163 1210 4218; x_wconf 86' lang='lat' dir='ltr'><strong>secundum</strong></span> <span class='ocrx_word' id='word_1_614' title='bbox 1251 4174 1482 4219; x_wconf 85' lang='lat' dir='ltr'><strong>vestram</strong></span> <span class='ocrx_word' id='word_1_615' title='bbox 1523 4159 1821 4234; x_wconf 80' lang='lat' dir='ltr'><strong>Opinionem</strong></span> <span class='ocrx_word' id='word_1_616' title='bbox 1848 4183 2031 4223; x_wconf 91' lang='lat' dir='ltr'><strong>verum</strong></span> 
     </span>
    </p>
   </div>
   <div class='ocr_carea' id='block_1_75' title="bbox 489 4252 2032 4312">
    <p class='ocr_par' dir='ltr' id='par_1_75' title="bbox 489 4252 2032 4312">
     <span class='ocr_line' id='line_1_76' title="bbox 489 4252 2032 4312; baseline 0.004 -6"><span class='ocrx_word' id='word_1_617' title='bbox 489 4267 594 4306; x_wconf 92' lang='lat' dir='ltr'><strong>non</strong></span> <span class='ocrx_word' id='word_1_618' title='bbox 619 4265 736 4306; x_wconf 86' lang='lat' dir='ltr'><strong>esse</strong></span> <span class='ocrx_word' id='word_1_619' title='bbox 759 4252 1082 4307; x_wconf 85' lang='lat' dir='ltr'><strong>credendum</strong></span> <span class='ocrx_word' id='word_1_620' title='bbox 1115 4253 1230 4308; x_wconf 77' lang='lat' dir='ltr'><strong>est?</strong></span> <span class='ocrx_word' id='word_1_621' title='bbox 1253 4253 1331 4308; x_wconf 90' lang='lat' dir='ltr'><strong>Tu</strong></span> <span class='ocrx_word' id='word_1_622' title='bbox 1362 4263 1538 4310; x_wconf 89' lang='lat' dir='ltr'><strong>autem</strong></span> <span class='ocrx_word' id='word_1_623' title='bbox 1564 4258 1916 4312; x_wconf 88' lang='lat' dir='ltr'><strong>certissimam</strong></span> <span class='ocrx_word' id='word_1_624' title='bbox 1940 4274 2032 4312; x_wconf 88' lang='lat' dir='ltr'><strong>ve-</strong></span> 
     </span>
    </p>
   </div>
   <div class='ocr_carea' id='block_1_76' title="bbox 491 4339 2034 4417">
    <p class='ocr_par' dir='ltr' id='par_1_76' title="bbox 491 4339 2034 4417">
     <span class='ocr_line' id='line_1_77' title="bbox 491 4339 2034 4417; baseline 0.004 -23"><span class='ocrx_word' id='word_1_625' title='bbox 491 4341 706 4396; x_wconf 88' lang='lat' dir='ltr'><strong>ritatem</strong></span> <span class='ocrx_word' id='word_1_626' title='bbox 736 4342 829 4412; x_wconf 77' lang='lat' dir='ltr'><strong>ita</strong></span> <span class='ocrx_word' id='word_1_627' title='bbox 867 4355 928 4396; x_wconf 81' lang='lat' dir='ltr'><strong>es</strong></span> <span class='ocrx_word' id='word_1_628' title='bbox 959 4339 1195 4397; x_wconf 81' lang='lat' dir='ltr'><strong>refutare</strong></span> <span class='ocrx_word' id='word_1_629' title='bbox 1241 4352 1463 4417; x_wconf 86' lang='lat' dir='ltr'><strong>conatus</strong></span> <span class='ocrx_word' id='word_1_630' title='bbox 1489 4383 1503 4408; x_wconf 92' lang='lat'><strong>,</strong></span> <span class='ocrx_word' id='word_1_631' title='bbox 1551 4351 1610 4397; x_wconf 93' lang='lat' dir='ltr'><strong>ut</strong></span> <span class='ocrx_word' id='word_1_632' title='bbox 1636 4344 1839 4402; x_wconf 78' lang='lat' dir='ltr'><strong>diceres</strong></span> <span class='ocrx_word' id='word_1_633' title='bbox 1868 4345 2034 4401; x_wconf 88' lang='lat' dir='ltr'><strong>Deum</strong></span> 
     </span>
    </p>
   </div>
   <div class='ocr_carea' id='block_1_77' title="bbox 489 4429 2033 4502">
    <p class='ocr_par' dir='ltr' id='par_1_77' title="bbox 489 4429 2033 4502">
     <span class='ocr_line' id='line_1_78' title="bbox 489 4429 2033 4502; baseline 0.005 -19"><span class='ocrx_word' id='word_1_634' title='bbox 489 4429 608 4483; x_wconf 80' lang='lat' dir='ltr'><strong>ideo</strong></span> <span class='ocrx_word' id='word_1_635' title='bbox 630 4444 749 4484; x_wconf 89' lang='lat' dir='ltr'><strong>esse</strong></span> <span class='ocrx_word' id='word_1_636' title='bbox 773 4429 974 4484; x_wconf 88' lang='lat' dir='ltr'><strong>dictum</strong></span> <span class='ocrx_word' id='word_1_637' title='bbox 999 4429 1293 4496; x_wconf 86' lang='lat' dir='ltr'><strong>Christum,</strong></span> <span class='ocrx_word' id='word_1_638' title='bbox 1319 4432 1442 4502; x_wconf 90' lang='lat' dir='ltr'><strong>quia</strong></span> <span class='ocrx_word' id='word_1_639' title='bbox 1479 4432 1588 4489; x_wconf 90' lang='lat' dir='ltr'><strong>Deo</strong></span> <span class='ocrx_word' id='word_1_640' title='bbox 1612 4432 1923 4502; x_wconf 71' lang='lat' dir='ltr'><strong>coniunctus</strong></span> <span class='ocrx_word' id='word_1_641' title='bbox 1953 4445 2033 4490; x_wconf 92' lang='lat' dir='ltr'><strong>est</strong></span> 
     </span>
    </p>
   </div>
   <div class='ocr_carea' id='block_1_78' title="bbox 561 4596 2032 4667">
    <p class='ocr_par' dir='ltr' id='par_1_78' title="bbox 561 4596 2032 4667">
     <span class='ocr_line' id='line_1_79' title="bbox 561 4596 2032 4667; baseline 0.007 -15"><span class='ocrx_word' id='word_1_642' title='bbox 561 4610 588 4639; x_wconf 77' lang='grc' dir='ltr'>ι</span> <span class='ocrx_word' id='word_1_643' title='bbox 626 4598 685 4653; x_wconf 90' lang='lat' dir='ltr'><strong>S.</strong></span> <span class='ocrx_word' id='word_1_644' title='bbox 714 4596 897 4667; x_wconf 84' lang='lat' dir='ltr'><strong>Cyrilli</strong></span> <span class='ocrx_word' id='word_1_645' title='bbox 945 4606 1123 4654; x_wconf 85' lang='lat' dir='ltr'><strong>textus</strong></span> <span class='ocrx_word' id='word_1_646' title='bbox 1166 4602 1269 4657; x_wconf 86' lang='lat' dir='ltr'><strong>hoc</strong></span> <span class='ocrx_word' id='word_1_647' title='bbox 1308 4603 1426 4658; x_wconf 87' lang='lat' dir='ltr'><strong>loco</strong></span> <span class='ocrx_word' id='word_1_648' title='bbox 1470 4605 1750 4660; x_wconf 83' lang='lat' dir='ltr'><strong>admodum</strong></span> <span class='ocrx_word' id='word_1_649' title='bbox 1783 4608 2032 4663; x_wconf 88' lang='lat' dir='ltr'><strong>mendose</strong></span> 
     </span>
    </p>
   </div>
   <div class='ocr_carea' id='block_1_79' title="bbox 489 4667 2033 4744">
    <p class='ocr_par' dir='ltr' id='par_1_79' title="bbox 489 4667 2033 4744">
     <span class='ocr_line' id='line_1_80' title="bbox 489 4667 2033 4744; baseline 0.006 -22"><span class='ocrx_word' id='word_1_650' title='bbox 489 4672 854 4744; x_wconf 53' lang='lat' dir='ltr'><strong>Leceitsentur.</strong></span> <span class='ocrx_word' id='word_1_651' title='bbox 941 4667 1046 4744; x_wconf 68' lang='lat' dir='ltr'><strong>Eos</strong></span> <span class='ocrx_word' id='word_1_652' title='bbox 1077 4667 1345 4744; x_wconf 48' lang='lat' dir='ltr'><strong>.Alcuinus</strong></span> <span class='ocrx_word' id='word_1_653' title='bbox 1388 4673 1668 4742; x_wconf 83' lang='lat' dir='ltr'><strong>descripsit</strong></span> <span class='ocrx_word' id='word_1_654' title='bbox 1725 4678 1920 4744; x_wconf 83' lang='lat' dir='ltr'><strong>partim</strong></span> <span class='ocrx_word' id='word_1_655' title='bbox 1967 4694 2033 4732; x_wconf 77' lang='lat' dir='ltr'><strong>ex</strong></span> 
     </span>
    </p>
   </div>
   <div class='ocr_carea' id='block_1_80' title="bbox 490 4735 2028 4813">
    <p class='ocr_par' dir='ltr' id='par_1_80' title="bbox 490 4735 2028 4813">
     <span class='ocr_line' id='line_1_81' title="bbox 490 4735 2028 4813; baseline 0.005 -22"><span class='ocrx_word' id='word_1_656' title='bbox 490 4736 848 4813; x_wconf 57' lang='lat' dir='ltr'><strong>Explicatione</strong></span> <span class='ocrx_word' id='word_1_657' title='bbox 873 4751 955 4813; x_wconf 61' lang='lat' dir='ltr'><strong>aut</strong></span> <span class='ocrx_word' id='word_1_658' title='bbox 970 4735 1251 4813; x_wconf 58' lang='lat' dir='ltr'><strong>Capitum,</strong></span> <span class='ocrx_word' id='word_1_659' title='bbox 1279 4753 1398 4806; x_wconf 63' lang='lat' dir='ltr'><strong>quae</strong></span> <span class='ocrx_word' id='word_1_660' title='bbox 1425 4735 1598 4813; x_wconf 58' lang='lat' dir='ltr'><strong>e_vs_ta&#39;t</strong></span> <span class='ocrx_word' id='word_1_661' title='bbox 1625 4735 1752 4813; x_wconf 68' lang='lat' dir='ltr'><strong>tom&#39;.</strong></span> <span class='ocrx_word' id='word_1_662' title='bbox 1787 4746 1844 4799; x_wconf 87' lang='lat' dir='ltr'><strong>Vl</strong></span> <span class='ocrx_word' id='word_1_663' title='bbox 1869 4745 2028 4813; x_wconf 85' lang='lat' dir='ltr'><strong>Oper.</strong></span> 
     </span>
    </p>
   </div>
   <div class='ocr_carea' id='block_1_81' title="bbox 491 4804 2031 4886">
    <p class='ocr_par' dir='ltr' id='par_1_81' title="bbox 491 4804 2031 4886">
     <span class='ocr_line' id='line_1_82' title="bbox 491 4804 2031 4886; baseline 0.006 -26"><span class='ocrx_word' id='word_1_664' title='bbox 491 4805 556 4886; x_wconf 84' lang='lat' dir='ltr'><strong>S._</strong></span> <span class='ocrx_word' id='word_1_665' title='bbox 575 4804 761 4875; x_wconf 80' lang='lat' dir='ltr'><strong>Cyrilli</strong></span> <span class='ocrx_word' id='word_1_666' title='bbox 782 4820 901 4886; x_wconf 53' lang='lat' dir='ltr'><strong>pag.</strong></span> <span class='ocrx_word' id='word_1_667' title='bbox 935 4804 1057 4886; x_wconf 45' lang='lat'><strong>1.54,</strong></span> <span class='ocrx_word' id='word_1_668' title='bbox 1077 4804 1399 4886; x_wconf 43' lang='lat' dir='ltr'><strong>partim-ex</strong></span> <span class='ocrx_word' id='word_1_669' title='bbox 1440 4808 1674 4886; x_wconf 56' lang='lat' dir='ltr'><strong>Epistula</strong></span> <span class='ocrx_word' id='word_1_670' title='bbox 1705 4804 2031 4886; x_wconf 72' lang='lat' dir='ltr'><strong>apologetica</strong></span> 
     </span>
    </p>
   </div>
   <div class='ocr_carea' id='block_1_82' title="bbox 490 4871 2029 4952">
    <p class='ocr_par' dir='ltr' id='par_1_82' title="bbox 490 4871 2029 4952">
     <span class='ocr_line' id='line_1_83' title="bbox 490 4871 2029 4952; baseline 0.008 -25"><span class='ocrx_word' id='word_1_671' title='bbox 490 4871 755 4952; x_wconf 46' lang='lat' dir='ltr'><strong>adversus</strong></span> <span class='ocrx_word' id='word_1_672' title='bbox 783 4871 1116 4952; x_wconf 54' lang='lat' dir='ltr'><strong>Theodoreti</strong></span> <span class='ocrx_word' id='word_1_673' title='bbox 1157 4871 1613 4952; x_wconf 52' lang='lat' dir='ltr'><strong>repgebensiones_</strong></span> <span class='ocrx_word' id='word_1_674' title='bbox 1636 4895 1708 4934; x_wconf 87' lang='lat' dir='ltr'><strong>xu</strong></span> <span class='ocrx_word' id='word_1_675' title='bbox 1739 4871 2029 4952; x_wconf 63' lang='lat' dir='ltr'><strong>&#39;Capitum.</strong></span> 
     </span>
    </p>
   </div>
   <div class='ocr_carea' id='block_1_83' title="bbox 490 4941 2028 5017">
    <p class='ocr_par' dir='ltr' id='par_1_83' title="bbox 490 4941 2028 5017">
     <span class='ocr_line' id='line_1_84' title="bbox 490 4941 2028 5017; baseline 0.008 -21"><span class='ocrx_word' id='word_1_676' title='bbox 490 4941 703 5017; x_wconf 76' lang='lat' dir='ltr'><strong>Primus</strong></span> <span class='ocrx_word' id='word_1_677' title='bbox 740 4943 902 5014; x_wconf 87' lang='lat' dir='ltr'><strong>igitur</strong></span> <span class='ocrx_word' id='word_1_678' title='bbox 940 4945 1088 5017; x_wconf 83' lang='lat' dir='ltr'><strong>loc_u_s</strong></span> <span class='ocrx_word' id='word_1_679' title='bbox 1126 4941 1434 5017; x_wconf 54' lang='lat' dir='ltr'><strong>est&#39;Cyrilli</strong></span> <span class='ocrx_word' id='word_1_680' title='bbox 1458 4941 1948 5017; x_wconf 78' lang='lat' dir='ltr'><strong>Anathematisnius</strong></span> <span class='ocrx_word' id='word_1_681' title='bbox 1975 4956 2028 5017; x_wconf 88' lang='lat'><strong>8,</strong></span> 
     </span>
    </p>
   </div>
   <div class='ocr_carea' id='block_1_84' title="bbox 490 5010 2032 5084">
    <p class='ocr_par' dir='ltr' id='par_1_84' title="bbox 490 5010 2032 5084">
     <span class='ocr_line' id='line_1_85' title="bbox 490 5010 2032 5084; baseline 0.008 -21"><span class='ocrx_word' id='word_1_682' title='bbox 490 5010 582 5081; x_wconf 89' lang='lat' dir='ltr'><strong>qui</strong></span> <span class='ocrx_word' id='word_1_683' title='bbox 612 5010 683 5064; x_wconf 88' lang='lat' dir='ltr'><strong>ita</strong></span> <span class='ocrx_word' id='word_1_684' title='bbox 710 5010 867 5065; x_wconf 65' lang='lat' dir='ltr'><strong>so&#39;nat</strong></span> <span class='ocrx_word' id='word_1_685' title='bbox 896 5032 909 5066; x_wconf 90' lang='lat'><strong>:</strong></span> <span class='ocrx_word' id='word_1_686' title='bbox 959 5032 976 5064; x_wconf 77' lang='grc' dir='ltr'>ι</span> <span class='ocrx_word' id='word_1_687' title='bbox 1006 5010 1418 5084; x_wconf 20' lang='grc' dir='ltr'><strong>δίγᾳιξίεηάὶξβτθ</strong></span> <span class='ocrx_word' id='word_1_688' title='bbox 1437 5018 1614 5077; x_wconf 87' lang='lat' dir='ltr'><strong>audet,</strong></span> <span class='ocrx_word' id='word_1_689' title='bbox 1648 5016 1912 5072; x_wconf 90' lang='lat' dir='ltr'><strong>hominem</strong></span> <span class='ocrx_word' id='word_1_690' title='bbox 1944 5010 2032 5076; x_wconf 53' lang='lat' dir='ltr'><strong>as;</strong></span> 
     </span>
    </p>
   </div>
   <div class='ocr_carea' id='block_1_85' title="bbox 491 5167 2035 5291">
    <p class='ocr_par' dir='ltr' id='par_1_85' title="bbox 491 5167 2035 5291">
     <span class='ocr_line' id='line_1_86' title="bbox 491 5167 2035 5221; baseline 0.006 -18"><span class='ocrx_word' id='word_1_691' title='bbox 491 5167 803 5206; x_wconf 79' lang='lat' dir='ltr'><strong>nucanuum</strong></span> <span class='ocrx_word' id='word_1_692' title='bbox 823 5187 838 5211; x_wconf 88' lang='lat'><strong>,</strong></span> <span class='ocrx_word' id='word_1_693' title='bbox 881 5167 944 5202; x_wconf 70' lang='lat' dir='ltr'><strong>et</strong></span> <span class='ocrx_word' id='word_1_694' title='bbox 974 5167 1139 5206; x_wconf 79' lang='lat' dir='ltr'><strong>uentu</strong></span> <span class='ocrx_word' id='word_1_695' title='bbox 1179 5167 1430 5221; x_wconf 84' lang='lat' dir='ltr'><strong>tanquam</strong></span> <span class='ocrx_word' id='word_1_696' title='bbox 1469 5167 1691 5206; x_wconf 80' lang='lat' dir='ltr'><strong>alterum</strong></span> <span class='ocrx_word' id='word_1_697' title='bbox 1720 5167 1843 5208; x_wconf 91' lang='lat' dir='ltr'><strong>cum</strong></span> <span class='ocrx_word' id='word_1_698' title='bbox 1867 5167 2035 5212; x_wconf 84' lang='lat' dir='ltr'><strong>altero</strong></span> 
     </span>
     <span class='ocr_line' id='line_1_87' title="bbox 491 5215 2035 5291; baseline 0.004 -19"><span class='ocrx_word' id='word_1_699' title='bbox 491 5215 971 5291; x_wconf 64' lang='lat' dir='ltr'><strong>cognominandum</strong></span> <span class='ocrx_word' id='word_1_700' title='bbox 998 5233 1116 5274; x_wconf 85' lang='lat' dir='ltr'><strong>esse</strong></span> <span class='ocrx_word' id='word_1_701' title='bbox 1146 5219 1322 5290; x_wconf 92' lang='lat' dir='ltr'><strong>(hunc</strong></span> <span class='ocrx_word' id='word_1_702' title='bbox 1353 5223 1493 5276; x_wconf 90' lang='lat' dir='ltr'><strong>enim</strong></span> <span class='ocrx_word' id='word_1_703' title='bbox 1517 5220 1838 5291; x_wconf 82' lang='lat' dir='ltr'><strong>intellectum</strong></span> <span class='ocrx_word' id='word_1_704' title='bbox 1864 5226 2035 5291; x_wconf 85' lang='lat' dir='ltr'><strong>parti-</strong></span> 
     </span>
    </p>
   </div>
   <div class='ocr_carea' id='block_1_86' title="bbox 490 5283 2037 5363">
    <p class='ocr_par' dir='ltr' id='par_1_86' title="bbox 490 5283 2037 5363">
     <span class='ocr_line' id='line_1_88' title="bbox 490 5283 2037 5363; baseline 0.006 -23"><span class='ocrx_word' id='word_1_705' title='bbox 490 5283 613 5363; x_wconf 84' lang='lat' dir='ltr'><strong>cula</strong></span> <span class='ocrx_word' id='word_1_706' title='bbox 634 5301 769 5363; x_wconf 59' lang='lat' dir='ltr'><strong>cum,</strong></span> <span class='ocrx_word' id='word_1_707' title='bbox 809 5283 1014 5351; x_wconf 82' lang='lat' dir='ltr'><strong>adjecta</strong></span> <span class='ocrx_word' id='word_1_708' title='bbox 1049 5283 1302 5363; x_wconf 77' lang='lat' dir='ltr'><strong>perpetuo</strong></span> <span class='ocrx_word' id='word_1_709' title='bbox 1324 5306 1397 5363; x_wconf 69' lang='lat' dir='ltr'><strong>ac</strong></span> <span class='ocrx_word' id='word_1_710' title='bbox 1418 5291 1720 5363; x_wconf 74' lang='lat' dir='ltr'><strong>necessario</strong></span> <span class='ocrx_word' id='word_1_711' title='bbox 1757 5283 1953 5363; x_wconf 26' lang='lat' dir='ltr'><strong>a‘ﬁ‘ei-t),</strong></span> <span class='ocrx_word' id='word_1_712' title='bbox 1979 5303 2037 5349; x_wconf 87' lang='lat' dir='ltr'><strong>et</strong></span> 
     </span>
    </p>
   </div>
   <div class='ocr_carea' id='block_1_87' title="bbox 493 5354 2033 5428">
    <p class='ocr_par' dir='ltr' id='par_1_87' title="bbox 493 5354 2033 5428">
     <span class='ocr_line' id='line_1_89' title="bbox 493 5354 2033 5428; baseline 0.005 -20"><span class='ocrx_word' id='word_1_713' title='bbox 493 5361 599 5408; x_wconf 74' lang='lat' dir='ltr'><strong>nan</strong></span> <span class='ocrx_word' id='word_1_714' title='bbox 644 5354 1319 5428; x_wconf 29' lang='lat' dir='ltr'><strong>potiusugna‘adoratione</strong></span> <span class='ocrx_word' id='word_1_715' title='bbox 1359 5359 1756 5414; x_wconf 85' lang='lat' dir='ltr'><strong>Emmanuelem</strong></span> <span class='ocrx_word' id='word_1_716' title='bbox 1785 5354 2033 5428; x_wconf 81' lang='lat' dir='ltr'><strong>honorat,</strong></span> 
     </span>
    </p>
   </div>
   <div class='ocr_carea' id='block_1_88' title="bbox 491 5422 2035 5497">
    <p class='ocr_par' dir='ltr' id='par_1_88' title="bbox 491 5422 2035 5497">
     <span class='ocr_line' id='line_1_90' title="bbox 491 5422 2035 5497; baseline 0.008 -23"><span class='ocrx_word' id='word_1_717' title='bbox 491 5424 776 5497; x_wconf 54' lang='lat' dir='ltr'><strong>unamque</strong></span> <span class='ocrx_word' id='word_1_718' title='bbox 824 5422 896 5476; x_wconf 92' lang='lat' dir='ltr'><strong>illi</strong></span> <span class='ocrx_word' id='word_1_719' title='bbox 946 5423 1378 5491; x_wconf 78' lang='lat' dir='ltr'><strong>gloriﬁcationcm</strong></span> <span class='ocrx_word' id='word_1_720' title='bbox 1438 5429 1719 5497; x_wconf 86' lang='lat' dir='ltr'><strong>attribuit,</strong></span> <span class='ocrx_word' id='word_1_721' title='bbox 1773 5422 2035 5497; x_wconf 78' lang='lat' dir='ltr'><strong>quatenus</strong></span> 
     </span>
    </p>
   </div>
   <div class='ocr_carea' id='block_1_89' title="bbox 496 5489 1709 5557">
    <p class='ocr_par' dir='ltr' id='par_1_89' title="bbox 496 5489 1709 5557">
     <span class='ocr_line' id='line_1_91' title="bbox 496 5489 1709 5557; baseline 0.002 -13"><span class='ocrx_word' id='word_1_722' title='bbox 496 5489 728 5557; x_wconf 78' lang='lat' dir='ltr'><strong>Verbum</strong></span> <span class='ocrx_word' id='word_1_723' title='bbox 749 5489 1057 5546; x_wconf 38' lang='lat' dir='ltr'><strong>factum—est</strong></span> <span class='ocrx_word' id='word_1_724' title='bbox 1087 5507 1231 5557; x_wconf 89' lang='lat' dir='ltr'><strong>caro,</strong></span> <span class='ocrx_word' id='word_1_725' title='bbox 1260 5500 1537 5551; x_wconf 86' lang='lat' dir='ltr'><strong>anathema</strong></span> <span class='ocrx_word' id='word_1_726' title='bbox 1574 5496 1661 5550; x_wconf 91' lang='lat' dir='ltr'><strong>sit.</strong></span> <span class='ocrx_word' id='word_1_727' title='bbox 1690 5515 1709 5546; x_wconf 77' lang='grc' dir='ltr'><strong>ι</strong></span> 
     </span>
    </p>
   </div>
   <div class='ocr_carea' id='block_1_90' title="bbox 567 5556 2033 5626">
    <p class='ocr_par' dir='ltr' id='par_1_90' title="bbox 567 5556 2033 5626">
     <span class='ocr_line' id='line_1_92' title="bbox 567 5556 2033 5626; baseline 0.007 -15"><span class='ocrx_word' id='word_1_728' title='bbox 567 5561 592 5598; x_wconf 74' lang='lat' dir='ltr'><strong>b</strong></span> <span class='ocrx_word' id='word_1_729' title='bbox 632 5556 730 5612; x_wconf 78' lang='lat' dir='ltr'><strong>Hic</strong></span> <span class='ocrx_word' id='word_1_730' title='bbox 769 5558 904 5614; x_wconf 83' lang='lat' dir='ltr'><strong>alter</strong></span> <span class='ocrx_word' id='word_1_731' title='bbox 945 5567 1116 5616; x_wconf 89' lang='lat' dir='ltr'><strong>textus</strong></span> <span class='ocrx_word' id='word_1_732' title='bbox 1144 5556 1320 5626; x_wconf 82' lang='lat' dir='ltr'><strong>exstat</strong></span> <span class='ocrx_word' id='word_1_733' title='bbox 1345 5566 1399 5620; x_wconf 87' lang='lat' dir='ltr'><strong>in</strong></span> <span class='ocrx_word' id='word_1_734' title='bbox 1445 5565 1800 5619; x_wconf 87' lang='lat' dir='ltr'><strong>declaratione</strong></span> <span class='ocrx_word' id='word_1_735' title='bbox 1830 5565 2033 5626; x_wconf 65' lang='lat' dir='ltr'><strong>praefati</strong></span> 
     </span>
    </p>
   </div>
   <div class='ocr_carea' id='block_1_91' title="bbox 493 5627 2035 5702">
    <p class='ocr_par' dir='ltr' id='par_1_91' title="bbox 493 5627 2035 5702">
     <span class='ocr_line' id='line_1_93' title="bbox 493 5627 2035 5702; baseline 0.004 -19"><span class='ocrx_word' id='word_1_736' title='bbox 493 5627 938 5702; x_wconf 73' lang='lat' dir='ltr'><strong>Anathematismi</strong></span> <span class='ocrx_word' id='word_1_737' title='bbox 984 5628 1038 5702; x_wconf 70' lang='grc' dir='ltr'><strong>β,</strong></span> <span class='ocrx_word' id='word_1_738' title='bbox 1079 5629 1169 5702; x_wconf 92' lang='lat' dir='ltr'><strong>qui</strong></span> <span class='ocrx_word' id='word_1_739' title='bbox 1220 5631 1290 5702; x_wconf 77' lang='lat' dir='ltr'><strong>ibi</strong></span> <span class='ocrx_word' id='word_1_740' title='bbox 1338 5633 1409 5702; x_wconf 89' lang='lat' dir='ltr'><strong>ita</strong></span> <span class='ocrx_word' id='word_1_741' title='bbox 1457 5632 1729 5688; x_wconf 89' lang='lat' dir='ltr'><strong>redditur:</strong></span> <span class='ocrx_word' id='word_1_742' title='bbox 1768 5651 1785 5682; x_wconf 73' lang='grc' dir='ltr'>ι</span> <span class='ocrx_word' id='word_1_743' title='bbox 1828 5627 1881 5686; x_wconf 83' lang='lat' dir='ltr'><strong>Si</strong></span> <span class='ocrx_word' id='word_1_744' title='bbox 1912 5636 2035 5702; x_wconf 89' lang='lat' dir='ltr'><strong>quis</strong></span> 
     </span>
    </p>
   </div>
   <div class='ocr_carea' id='block_1_92' title="bbox 494 5645 2030 5768">
    <p class='ocr_par' dir='ltr' id='par_1_92' title="bbox 494 5645 2030 5768">
     <span class='ocr_line' id='line_1_94' title="bbox 494 5645 2030 5748; baseline 0.005 -66"><span class='ocrx_word' id='word_1_745' title='bbox 494 5645 938 5683; x_wconf 68' lang='lat' dir='ltr'><strong>snamemausuu</strong></span> <span class='ocrx_word' id='word_1_746' title='bbox 984 5645 1038 5693; x_wconf 79' lang='grc' dir='ltr'><strong>δ,</strong></span> <span class='ocrx_word' id='word_1_747' title='bbox 1079 5645 1169 5748; x_wconf 57' lang='lat' dir='ltr'><strong>aut</strong></span> <span class='ocrx_word' id='word_1_748' title='bbox 1220 5645 1289 5686; x_wconf 87' lang='lat' dir='ltr'><strong>lDl</strong></span> <span class='ocrx_word' id='word_1_749' title='bbox 1338 5645 1409 5686; x_wconf 77' lang='lat' dir='ltr'><strong>lla</strong></span> <span class='ocrx_word' id='word_1_750' title='bbox 1457 5645 1729 5688; x_wconf 78' lang='lat' dir='ltr'><strong>redditur:</strong></span> <span class='ocrx_word' id='word_1_751' title='bbox 1768 5651 1785 5682; x_wconf 73' lang='grc' dir='ltr'>ι</span> <span class='ocrx_word' id='word_1_752' title='bbox 1828 5645 1881 5686; x_wconf 72' lang='grc' dir='ltr'><strong>δι</strong></span> <span class='ocrx_word' id='word_1_753' title='bbox 1912 5645 2030 5702; x_wconf 83' lang='lat' dir='ltr'><strong>quis</strong></span> 
     </span>
     <span class='ocr_line' id='line_1_95' title="bbox 494 5697 2030 5768; baseline 0.005 -18"><span class='ocrx_word' id='word_1_754' title='bbox 494 5710 624 5766; x_wconf 85' lang='lat' dir='ltr'><strong>ergo</strong></span> <span class='ocrx_word' id='word_1_755' title='bbox 659 5697 805 5750; x_wconf 86' lang='lat' dir='ltr'><strong>illum</strong></span> <span class='ocrx_word' id='word_1_756' title='bbox 845 5697 998 5764; x_wconf 84' lang='lat' dir='ltr'><strong>simul</strong></span> <span class='ocrx_word' id='word_1_757' title='bbox 1047 5713 1075 5749; x_wconf 88' lang='lat' dir='ltr'><strong>a</strong></span> <span class='ocrx_word' id='word_1_758' title='bbox 1115 5699 1252 5751; x_wconf 86' lang='lat' dir='ltr'><strong>orari</strong></span> <span class='ocrx_word' id='word_1_759' title='bbox 1298 5701 1426 5754; x_wconf 85' lang='lat' dir='ltr'><strong>dicit</strong></span> <span class='ocrx_word' id='word_1_760' title='bbox 1466 5713 1714 5768; x_wconf 86' lang='lat' dir='ltr'><strong>tanquam</strong></span> <span class='ocrx_word' id='word_1_761' title='bbox 1764 5702 2030 5756; x_wconf 88' lang='lat' dir='ltr'><strong>hominem</strong></span> 
     </span>
    </p>
   </div>
   <div class='ocr_carea' id='block_1_93' title="bbox 2134 3271 3685 3342">
    <p class='ocr_par' dir='ltr' id='par_1_93' title="bbox 2134 3271 3685 3342">
     <span class='ocr_line' id='line_1_96' title="bbox 2134 3271 3685 3342; baseline 0.004 -17"><span class='ocrx_word' id='word_1_762' title='bbox 2134 3285 2296 3325; x_wconf 90' lang='lat' dir='ltr'><strong>ausus</strong></span> <span class='ocrx_word' id='word_1_763' title='bbox 2332 3273 2425 3324; x_wconf 86' lang='lat' dir='ltr'><strong>sis.</strong></span> <span class='ocrx_word' id='word_1_764' title='bbox 2465 3271 2724 3327; x_wconf 81' lang='lat' dir='ltr'><strong>Asserunt</strong></span> <span class='ocrx_word' id='word_1_765' title='bbox 2765 3274 2904 3328; x_wconf 90' lang='lat' dir='ltr'><strong>enim</strong></span> <span class='ocrx_word' id='word_1_766' title='bbox 2955 3274 3167 3342; x_wconf 80' lang='lat' dir='ltr'><strong>quidam</strong></span> <span class='ocrx_word' id='word_1_767' title='bbox 3210 3283 3275 3329; x_wconf 85' lang='lat' dir='ltr'><strong>ex</strong></span> <span class='ocrx_word' id='word_1_768' title='bbox 3313 3274 3415 3330; x_wconf 87' lang='lat' dir='ltr'><strong>illis</strong></span> <span class='ocrx_word' id='word_1_769' title='bbox 3437 3273 3685 3332; x_wconf 78' lang='lat' dir='ltr'><strong>Patribtts</strong></span> 
     </span>
    </p>
   </div>
   <div class='ocr_carea' id='block_1_94' title="bbox 2133 3357 3681 3432">
    <p class='ocr_par' dir='ltr' id='par_1_94' title="bbox 2133 3357 3681 3432">
     <span class='ocr_line' id='line_1_97' title="bbox 2133 3357 3681 3432; baseline 0.006 -22"><span class='ocrx_word' id='word_1_770' title='bbox 2133 3357 2335 3428; x_wconf 61' lang='grc' dir='ltr'><strong>[ἴσκε.</strong></span> <span class='ocrx_word' id='word_1_771' title='bbox 2367 3359 2652 3432; x_wconf 86' lang='lat' dir='ltr'><strong>partibus],</strong></span> <span class='ocrx_word' id='word_1_772' title='bbox 2675 3361 2762 3416; x_wconf 92' lang='lat' dir='ltr'><strong>ubi</strong></span> <span class='ocrx_word' id='word_1_773' title='bbox 2792 3369 2846 3414; x_wconf 93' lang='lat' dir='ltr'><strong>tu</strong></span> <span class='ocrx_word' id='word_1_774' title='bbox 2875 3361 3074 3424; x_wconf 85' lang='lat' dir='ltr'><strong>dixisti,</strong></span> <span class='ocrx_word' id='word_1_775' title='bbox 3105 3361 3186 3416; x_wconf 89' lang='lat' dir='ltr'><strong>vel</strong></span> <span class='ocrx_word' id='word_1_776' title='bbox 3214 3361 3574 3432; x_wconf 85' lang='lat' dir='ltr'><strong>adoptionem,</strong></span> <span class='ocrx_word' id='word_1_777' title='bbox 3597 3367 3681 3422; x_wconf 85' lang='lat' dir='ltr'><strong>vel</strong></span> 
     </span>
    </p>
   </div>
   <div class='ocr_carea' id='block_1_95' title="bbox 2131 3441 3680 3524">
    <p class='ocr_par' dir='ltr' id='par_1_95' title="bbox 2131 3441 3680 3524">
     <span class='ocr_line' id='line_1_98' title="bbox 2131 3441 3680 3524; baseline 0.006 -24"><span class='ocrx_word' id='word_1_778' title='bbox 2131 3447 2361 3516; x_wconf 82' lang='lat' dir='ltr'><strong>adoptivi</strong></span> <span class='ocrx_word' id='word_1_779' title='bbox 2387 3448 2638 3511; x_wconf 90' lang='lat' dir='ltr'><strong>hominis,</strong></span> <span class='ocrx_word' id='word_1_780' title='bbox 2666 3463 2759 3504; x_wconf 88' lang='lat' dir='ltr'><strong>eos</strong></span> <span class='ocrx_word' id='word_1_781' title='bbox 2778 3449 2977 3503; x_wconf 80' lang='lat' dir='ltr'><strong>dixisse</strong></span> <span class='ocrx_word' id='word_1_782' title='bbox 2997 3465 3095 3518; x_wconf 91' lang='lat' dir='ltr'><strong>pro</strong></span> <span class='ocrx_word' id='word_1_783' title='bbox 3122 3441 3446 3524; x_wconf 79' lang='lat' dir='ltr'><strong>[adoptione]</strong></span> <span class='ocrx_word' id='word_1_784' title='bbox 3472 3463 3680 3508; x_wconf 78' lang='lat' dir='ltr'><strong>assum-</strong></span> 
     </span>
    </p>
   </div>
   <div class='ocr_carea' id='block_1_96' title="bbox 2131 3528 3683 3613">
    <p class='ocr_par' dir='ltr' id='par_1_96' title="bbox 2131 3528 3683 3613">
     <span class='ocr_line' id='line_1_99' title="bbox 2131 3528 3683 3613; baseline 0.006 -25"><span class='ocrx_word' id='word_1_785' title='bbox 2131 3536 2384 3603; x_wconf 89' lang='lat' dir='ltr'><strong>ptionem,</strong></span> <span class='ocrx_word' id='word_1_786' title='bbox 2408 3545 2465 3590; x_wconf 91' lang='lat' dir='ltr'><strong>et</strong></span> <span class='ocrx_word' id='word_1_787' title='bbox 2489 3551 2586 3605; x_wconf 91' lang='lat' dir='ltr'><strong>pro</strong></span> <span class='ocrx_word' id='word_1_788' title='bbox 2611 3538 2843 3608; x_wconf 89' lang='lat' dir='ltr'><strong>adoptivi</strong></span> <span class='ocrx_word' id='word_1_789' title='bbox 2862 3541 3155 3610; x_wconf 87' lang='lat' dir='ltr'><strong>assumpti:</strong></span> <span class='ocrx_word' id='word_1_790' title='bbox 3185 3548 3240 3594; x_wconf 88' lang='lat' dir='ltr'><strong>et</strong></span> <span class='ocrx_word' id='word_1_791' title='bbox 3271 3541 3325 3594; x_wconf 93' lang='lat' dir='ltr'><strong>in</strong></span> <span class='ocrx_word' id='word_1_792' title='bbox 3348 3541 3448 3597; x_wconf 88' lang='lat' dir='ltr'><strong>hoc</strong></span> <span class='ocrx_word' id='word_1_793' title='bbox 3471 3528 3683 3613; x_wconf 74' lang='lat' dir='ltr'><strong>quoque</strong></span> 
     </span>
    </p>
   </div>
   <div class='ocr_carea' id='block_1_97' title="bbox 2129 3625 3676 3697">
    <p class='ocr_par' dir='ltr' id='par_1_97' title="bbox 2129 3625 3676 3697">
     <span class='ocr_line' id='line_1_100' title="bbox 2129 3625 3676 3697; baseline 0.005 -18"><span class='ocrx_word' id='word_1_794' title='bbox 2129 3633 2218 3679; x_wconf 90' lang='lat' dir='ltr'><strong>tua</strong></span> <span class='ocrx_word' id='word_1_795' title='bbox 2267 3625 2527 3697; x_wconf 82' lang='lat' dir='ltr'><strong>malevola</strong></span> <span class='ocrx_word' id='word_1_796' title='bbox 2571 3629 2812 3697; x_wconf 85' lang='lat' dir='ltr'><strong>arguitur</strong></span> <span class='ocrx_word' id='word_1_797' title='bbox 2852 3629 3164 3696; x_wconf 89' lang='lat' dir='ltr'><strong>pertinacia.</strong></span> <span class='ocrx_word' id='word_1_798' title='bbox 3235 3627 3291 3684; x_wconf 92' lang='lat' dir='ltr'><strong>Si</strong></span> <span class='ocrx_word' id='word_1_799' title='bbox 3335 3632 3476 3686; x_wconf 89' lang='lat' dir='ltr'><strong>enim</strong></span> <span class='ocrx_word' id='word_1_800' title='bbox 3505 3632 3556 3686; x_wconf 91' lang='lat' dir='ltr'><strong>iu</strong></span> <span class='ocrx_word' id='word_1_801' title='bbox 3589 3642 3676 3686; x_wconf 86' lang='lat' dir='ltr'><strong>tua</strong></span> 
     </span>
    </p>
   </div>
   <div class='ocr_carea' id='block_1_98' title="bbox 2130 3717 3676 3789">
    <p class='ocr_par' dir='ltr' id='par_1_98' title="bbox 2130 3717 3676 3789">
     <span class='ocr_line' id='line_1_101' title="bbox 2130 3717 3676 3789; baseline 0.001 -16"><span class='ocrx_word' id='word_1_802' title='bbox 2130 3717 2391 3773; x_wconf 89' lang='lat' dir='ltr'><strong>sententia</strong></span> <span class='ocrx_word' id='word_1_803' title='bbox 2414 3753 2435 3784; x_wconf 83' lang='lat'><strong>,</strong></span> <span class='ocrx_word' id='word_1_804' title='bbox 2475 3718 2626 3786; x_wconf 87' lang='lat' dir='ltr'><strong>quasi</strong></span> <span class='ocrx_word' id='word_1_805' title='bbox 2668 3718 2719 3772; x_wconf 93' lang='lat' dir='ltr'><strong>in</strong></span> <span class='ocrx_word' id='word_1_806' title='bbox 2741 3720 2964 3773; x_wconf 83' lang='lat' dir='ltr'><strong>veritate</strong></span> <span class='ocrx_word' id='word_1_807' title='bbox 2990 3720 3312 3784; x_wconf 82' lang='lat' dir='ltr'><strong>conﬁderes,</strong></span> <span class='ocrx_word' id='word_1_808' title='bbox 3345 3735 3676 3789; x_wconf 86' lang='lat' dir='ltr'><strong>nequaquam</strong></span> 
     </span>
    </p>
   </div>
   <div class='ocr_carea' id='block_1_99' title="bbox 2131 3805 3679 3876">
    <p class='ocr_par' dir='ltr' id='par_1_99' title="bbox 2131 3805 3679 3876">
     <span class='ocr_line' id='line_1_102' title="bbox 2131 3805 3679 3876; baseline 0.003 -18"><span class='ocrx_word' id='word_1_809' title='bbox 2131 3820 2194 3860; x_wconf 90' lang='lat' dir='ltr'><strong>ea</strong></span> <span class='ocrx_word' id='word_1_810' title='bbox 2221 3822 2339 3876; x_wconf 63' lang='lat' dir='ltr'><strong>quae</strong></span> <span class='ocrx_word' id='word_1_811' title='bbox 2369 3806 2435 3860; x_wconf 87' lang='lat' dir='ltr'><strong>ab</strong></span> <span class='ocrx_word' id='word_1_812' title='bbox 2455 3806 2575 3861; x_wconf 83' lang='lat' dir='ltr'><strong>aliis</strong></span> <span class='ocrx_word' id='word_1_813' title='bbox 2601 3805 2738 3861; x_wconf 89' lang='lat' dir='ltr'><strong>bene</strong></span> <span class='ocrx_word' id='word_1_814' title='bbox 2761 3808 2900 3862; x_wconf 89' lang='lat' dir='ltr'><strong>dicta</strong></span> <span class='ocrx_word' id='word_1_815' title='bbox 2929 3816 3053 3862; x_wconf 86' lang='lat' dir='ltr'><strong>sunt</strong></span> <span class='ocrx_word' id='word_1_816' title='bbox 3073 3847 3090 3872; x_wconf 94' lang='lat'><strong>,</strong></span> <span class='ocrx_word' id='word_1_817' title='bbox 3134 3809 3187 3862; x_wconf 90' lang='lat' dir='ltr'><strong>in</strong></span> <span class='ocrx_word' id='word_1_818' title='bbox 3219 3822 3440 3876; x_wconf 83' lang='lat' dir='ltr'><strong>pravum</strong></span> <span class='ocrx_word' id='word_1_819' title='bbox 3463 3822 3679 3862; x_wconf 81' lang='lat' dir='ltr'><strong>sensum</strong></span> 
     </span>
    </p>
   </div>
   <div class='ocr_carea' id='block_1_100' title="bbox 2131 3896 3678 3968">
    <p class='ocr_par' dir='ltr' id='par_1_100' title="bbox 2131 3896 3678 3968">
     <span class='ocr_line' id='line_1_103' title="bbox 2131 3896 3678 3968; baseline 0.003 -19"><span class='ocrx_word' id='word_1_820' title='bbox 2131 3904 2399 3960; x_wconf 86' lang='lat' dir='ltr'><strong>mutares;</strong></span> <span class='ocrx_word' id='word_1_821' title='bbox 2446 3897 2643 3951; x_wconf 87' lang='lat' dir='ltr'><strong>veritas</strong></span> <span class='ocrx_word' id='word_1_822' title='bbox 2673 3899 2845 3959; x_wconf 84' lang='lat' dir='ltr'><strong>enim,</strong></span> <span class='ocrx_word' id='word_1_823' title='bbox 2878 3896 3174 3964; x_wconf 88' lang='lat' dir='ltr'><strong>ubicunque</strong></span> <span class='ocrx_word' id='word_1_824' title='bbox 3200 3905 3309 3958; x_wconf 88' lang='lat' dir='ltr'><strong>est,</strong></span> <span class='ocrx_word' id='word_1_825' title='bbox 3338 3897 3678 3968; x_wconf 86' lang='lat' dir='ltr'><strong>scmetipsam</strong></span> 
     </span>
    </p>
   </div>
   <div class='ocr_carea' id='block_1_101' title="bbox 2130 3981 3678 4049">
    <p class='ocr_par' dir='ltr' id='par_1_101' title="bbox 2130 3981 3678 4049">
     <span class='ocr_line' id='line_1_104' title="bbox 2130 3981 3678 4049; baseline 0.005 -15"><span class='ocrx_word' id='word_1_826' title='bbox 2130 3981 2384 4036; x_wconf 84' lang='lat' dir='ltr'><strong>defendit.</strong></span> <span class='ocrx_word' id='word_1_827' title='bbox 2425 3981 2532 4037; x_wconf 90' lang='lat' dir='ltr'><strong>Sed</strong></span> <span class='ocrx_word' id='word_1_828' title='bbox 2556 3985 2668 4038; x_wconf 88' lang='lat' dir='ltr'><strong>sive</strong></span> <span class='ocrx_word' id='word_1_829' title='bbox 2698 3992 2898 4039; x_wconf 88' lang='lat' dir='ltr'><strong>mutata</strong></span> <span class='ocrx_word' id='word_1_830' title='bbox 2922 4023 2938 4049; x_wconf 86' lang='lat'><strong>,</strong></span> <span class='ocrx_word' id='word_1_831' title='bbox 2977 3984 3090 4040; x_wconf 90' lang='lat' dir='ltr'><strong>sive</strong></span> <span class='ocrx_word' id='word_1_832' title='bbox 3117 3995 3174 4038; x_wconf 88' lang='lat' dir='ltr'><strong>ut</strong></span> <span class='ocrx_word' id='word_1_833' title='bbox 3197 3985 3263 4040; x_wconf 91' lang='lat' dir='ltr'><strong>ab</strong></span> <span class='ocrx_word' id='word_1_834' title='bbox 3286 3987 3366 4041; x_wconf 88' lang='lat' dir='ltr'><strong>eis</strong></span> <span class='ocrx_word' id='word_1_835' title='bbox 3392 3997 3514 4042; x_wconf 81' lang='lat' dir='ltr'><strong>sunt</strong></span> <span class='ocrx_word' id='word_1_836' title='bbox 3538 3989 3678 4044; x_wconf 85' lang='lat' dir='ltr'><strong>dicta</strong></span> 
     </span>
    </p>
   </div>
   <div class='ocr_carea' id='block_1_102' title="bbox 2132 4058 3677 4145">
    <p class='ocr_par' dir='ltr' id='par_1_102' title="bbox 2132 4058 3677 4145">
     <span class='ocr_line' id='line_1_105' title="bbox 2132 4058 3677 4145; baseline 0.005 -20"><span class='ocrx_word' id='word_1_837' title='bbox 2132 4072 2245 4126; x_wconf 62' lang='lat' dir='ltr'><strong>haec</strong></span> <span class='ocrx_word' id='word_1_838' title='bbox 2284 4071 2468 4125; x_wconf 87' lang='lat' dir='ltr'><strong>eadem</strong></span> <span class='ocrx_word' id='word_1_839' title='bbox 2513 4071 2813 4126; x_wconf 88' lang='lat' dir='ltr'><strong>testimonia</strong></span> <span class='ocrx_word' id='word_1_840' title='bbox 2862 4087 2890 4126; x_wconf 92' lang='lat' dir='ltr'><strong>a</strong></span> <span class='ocrx_word' id='word_1_841' title='bbox 2927 4058 2993 4128; x_wconf 36' lang='lat' dir='ltr'><strong>.te</strong></span> <span class='ocrx_word' id='word_1_842' title='bbox 3037 4074 3197 4144; x_wconf 76' lang='lat'><strong>857</strong></span> <span class='ocrx_word' id='word_1_843' title='bbox 3227 4075 3333 4131; x_wconf 89' lang='lat' dir='ltr'><strong>sint</strong></span> <span class='ocrx_word' id='word_1_844' title='bbox 3357 4077 3544 4145; x_wconf 87' lang='lat' dir='ltr'><strong>posita,</strong></span> <span class='ocrx_word' id='word_1_845' title='bbox 3573 4094 3677 4132; x_wconf 91' lang='lat' dir='ltr'><strong>non</strong></span> 
     </span>
    </p>
   </div>
   <div class='ocr_carea' id='block_1_103' title="bbox 2132 4161 3680 4237">
    <p class='ocr_par' dir='ltr' id='par_1_103' title="bbox 2132 4161 3680 4237">
     <span class='ocr_line' id='line_1_106' title="bbox 2132 4161 3680 4237; baseline 0.008 -25"><span class='ocrx_word' id='word_1_846' title='bbox 2132 4163 2450 4228; x_wconf 79' lang='lat' dir='ltr'><strong>magnopere</strong></span> <span class='ocrx_word' id='word_1_847' title='bbox 2494 4161 2786 4214; x_wconf 87' lang='lat' dir='ltr'><strong>curandum</strong></span> <span class='ocrx_word' id='word_1_848' title='bbox 2833 4169 2943 4221; x_wconf 79' lang='lat' dir='ltr'><strong>est:</strong></span> <span class='ocrx_word' id='word_1_849' title='bbox 2994 4178 3090 4218; x_wconf 91' lang='lat' dir='ltr'><strong>nos</strong></span> <span class='ocrx_word' id='word_1_850' title='bbox 3133 4165 3274 4218; x_wconf 89' lang='lat' dir='ltr'><strong>enim</strong></span> <span class='ocrx_word' id='word_1_851' title='bbox 3303 4164 3534 4221; x_wconf 76' lang='lat' dir='ltr'><strong>Romana</strong></span> <span class='ocrx_word' id='word_1_852' title='bbox 3561 4168 3680 4237; x_wconf 85' lang='lat' dir='ltr'><strong>plus</strong></span> 
     </span>
    </p>
   </div>
   <div class='ocr_carea' id='block_1_104' title="bbox 2133 4249 3686 4320">
    <p class='ocr_par' dir='ltr' id='par_1_104' title="bbox 2133 4249 3686 4320">
     <span class='ocr_line' id='line_1_107' title="bbox 2133 4249 3686 4320; baseline 0.007 -17"><span class='ocrx_word' id='word_1_853' title='bbox 2133 4251 2448 4304; x_wconf 86' lang='lat' dir='ltr'><strong>auctoritate</strong></span> <span class='ocrx_word' id='word_1_854' title='bbox 2489 4265 2649 4319; x_wconf 87' lang='lat' dir='ltr'><strong>quam</strong></span> <span class='ocrx_word' id='word_1_855' title='bbox 2695 4249 2959 4320; x_wconf 80' lang='lat' dir='ltr'><strong>Hispana,</strong></span> <span class='ocrx_word' id='word_1_856' title='bbox 3011 4253 3234 4308; x_wconf 89' lang='lat' dir='ltr'><strong>veritate</strong></span> <span class='ocrx_word' id='word_1_857' title='bbox 3285 4256 3593 4312; x_wconf 88' lang='lat' dir='ltr'><strong>assertionis</strong></span> <span class='ocrx_word' id='word_1_858' title='bbox 3625 4267 3686 4314; x_wconf 76' lang='lat' dir='ltr'><strong>et</strong></span> 
     </span>
    </p>
   </div>
   <div class='ocr_carea' id='block_1_105' title="bbox 2134 4338 3684 4408">
    <p class='ocr_par' dir='ltr' id='par_1_105' title="bbox 2134 4338 3684 4408">
     <span class='ocr_line' id='line_1_108' title="bbox 2134 4338 3684 4408; baseline 0.006 -14"><span class='ocrx_word' id='word_1_859' title='bbox 2134 4340 2254 4395; x_wconf 90' lang='lat' dir='ltr'><strong>ﬁdei</strong></span> <span class='ocrx_word' id='word_1_860' title='bbox 2279 4348 2471 4395; x_wconf 65' lang='lat' dir='ltr'><strong>nostra;</strong></span> <span class='ocrx_word' id='word_1_861' title='bbox 2512 4338 2686 4394; x_wconf 86' lang='lat' dir='ltr'><strong>fulciri</strong></span> <span class='ocrx_word' id='word_1_862' title='bbox 2731 4341 3131 4408; x_wconf 83' lang='lat' dir='ltr'><strong>desideramus;</strong></span> <span class='ocrx_word' id='word_1_863' title='bbox 3181 4343 3316 4399; x_wconf 28' lang='lat' dir='ltr'><strong>licet.</strong></span> <span class='ocrx_word' id='word_1_864' title='bbox 3347 4359 3449 4400; x_wconf 86' lang='lat' dir='ltr'><strong>nec</strong></span> <span class='ocrx_word' id='word_1_865' title='bbox 3483 4344 3568 4400; x_wconf 92' lang='lat' dir='ltr'><strong>illa</strong></span> <span class='ocrx_word' id='word_1_866' title='bbox 3596 4363 3684 4403; x_wconf 86' lang='lat' dir='ltr'><strong>rc-</strong></span> 
     </span>
    </p>
   </div>
   <div class='ocr_carea' id='block_1_106' title="bbox 2133 4425 3713 4500">
    <p class='ocr_par' dir='ltr' id='par_1_106' title="bbox 2133 4425 3713 4500">
     <span class='ocr_line' id='line_1_109' title="bbox 2133 4425 3713 4500; baseline 0.005 -17"><span class='ocrx_word' id='word_1_867' title='bbox 2133 4430 2442 4500; x_wconf 88' lang='lat' dir='ltr'><strong>probemus,</strong></span> <span class='ocrx_word' id='word_1_868' title='bbox 2493 4427 2547 4481; x_wconf 89' lang='lat' dir='ltr'><strong>in</strong></span> <span class='ocrx_word' id='word_1_869' title='bbox 2591 4427 2674 4482; x_wconf 83' lang='lat' dir='ltr'><strong>his</strong></span> <span class='ocrx_word' id='word_1_870' title='bbox 2724 4436 2901 4483; x_wconf 89' lang='lat' dir='ltr'><strong>tamen</strong></span> <span class='ocrx_word' id='word_1_871' title='bbox 2947 4444 3067 4499; x_wconf 74' lang='lat' dir='ltr'><strong>qua:</strong></span> <span class='ocrx_word' id='word_1_872' title='bbox 3113 4425 3713 4491; x_wconf 80' lang='lat' dir='ltr'><strong>catholice.dicuntur.-</strong></span> 
     </span>
    </p>
   </div>
   <div class='ocr_carea' id='block_1_107' title="bbox 2132 4601 3682 4674">
    <p class='ocr_par' dir='ltr' id='par_1_107' title="bbox 2132 4601 3682 4674">
     <span class='ocr_line' id='line_1_110' title="bbox 2132 4601 3682 4674; baseline 0.001 -14"><span class='ocrx_word' id='word_1_873' title='bbox 2132 4619 2394 4668; x_wconf 87' lang='lat' dir='ltr'><strong>seorsum,</strong></span> <span class='ocrx_word' id='word_1_874' title='bbox 2423 4617 2543 4656; x_wconf 89' lang='lat' dir='ltr'><strong>cum</strong></span> <span class='ocrx_word' id='word_1_875' title='bbox 2572 4602 2681 4656; x_wconf 88' lang='lat' dir='ltr'><strong>Deo</strong></span> <span class='ocrx_word' id='word_1_876' title='bbox 2704 4601 2879 4674; x_wconf 64' lang='lat' dir='ltr'><strong>Patris</strong></span> <span class='ocrx_word' id='word_1_877' title='bbox 2910 4602 3104 4662; x_wconf 81' lang='lat' dir='ltr'><strong>Verbo.</strong></span> <span class='ocrx_word' id='word_1_878' title='bbox 3139 4611 3386 4674; x_wconf 89' lang='lat' dir='ltr'><strong>tanquam</strong></span> <span class='ocrx_word' id='word_1_879' title='bbox 3413 4606 3581 4661; x_wconf 86' lang='lat' dir='ltr'><strong>altero</strong></span> <span class='ocrx_word' id='word_1_880' title='bbox 3609 4609 3682 4664; x_wconf 87' lang='lat' dir='ltr'><strong>ab</strong></span> 
     </span>
    </p>
   </div>
   <div class='ocr_carea' id='block_1_108' title="bbox 2133 4671 3681 4747">
    <p class='ocr_par' dir='ltr' id='par_1_108' title="bbox 2133 4671 3681 4747">
     <span class='ocr_line' id='line_1_111' title="bbox 2133 4671 3681 4747; baseline 0.001 -18"><span class='ocrx_word' id='word_1_881' title='bbox 2133 4675 2269 4747; x_wconf 81' lang='lat' dir='ltr'><strong>ipso,</strong></span> <span class='ocrx_word' id='word_1_882' title='bbox 2298 4681 2352 4728; x_wconf 93' lang='lat' dir='ltr'><strong>et</strong></span> <span class='ocrx_word' id='word_1_883' title='bbox 2396 4671 3043 4747; x_wconf 71' lang='lat' dir='ltr'><strong>non_secundut_r_t__veram</strong></span> <span class='ocrx_word' id='word_1_884' title='bbox 3076 4671 3321 4747; x_wconf 67' lang='lat' dir='ltr'><strong>unionem</strong></span> <span class='ocrx_word' id='word_1_885' title='bbox 3351 4674 3681 4747; x_wconf 73' lang='lat' dir='ltr'><strong>coniungens</strong></span> 
     </span>
    </p>
   </div>
   <div class='ocr_carea' id='block_1_109' title="bbox 2133 4739 3680 4804">
    <p class='ocr_par' dir='ltr' id='par_1_109' title="bbox 2133 4739 3680 4804">
     <span class='ocr_line' id='line_1_112' title="bbox 2133 4739 3680 4804; baseline -0.001 -6"><span class='ocrx_word' id='word_1_886' title='bbox 2133 4739 2185 4798; x_wconf 84' lang='lat' dir='ltr'><strong>in</strong></span> <span class='ocrx_word' id='word_1_887' title='bbox 2209 4759 2372 4798; x_wconf 89' lang='lat' dir='ltr'><strong>unum</strong></span> <span class='ocrx_word' id='word_1_888' title='bbox 2399 4742 2669 4797; x_wconf 90' lang='lat' dir='ltr'><strong>Christum</strong></span> <span class='ocrx_word' id='word_1_889' title='bbox 2709 4748 2764 4792; x_wconf 85' lang='lat' dir='ltr'><strong>et</strong></span> <span class='ocrx_word' id='word_1_890' title='bbox 2784 4739 3052 4792; x_wconf 73' lang='lat' dir='ltr'><strong>Filiumet</strong></span> <span class='ocrx_word' id='word_1_891' title='bbox 3079 4739 3357 4795; x_wconf 85' lang='lat' dir='ltr'><strong>Dominam</strong></span> <span class='ocrx_word' id='word_1_892' title='bbox 3380 4782 3394 4804; x_wconf 91' lang='lat'><strong>,</strong></span> <span class='ocrx_word' id='word_1_893' title='bbox 3428 4739 3530 4796; x_wconf 84' lang='lat' dir='ltr'><strong>una</strong></span> <span class='ocrx_word' id='word_1_894' title='bbox 3549 4739 3680 4802; x_wconf 67' lang='lat' dir='ltr'><strong>ado-</strong></span> 
     </span>
    </p>
   </div>
   <div class='ocr_carea' id='block_1_110' title="bbox 2132 4808 3676 4878">
    <p class='ocr_par' dir='ltr' id='par_1_110' title="bbox 2132 4808 3676 4878">
     <span class='ocr_line' id='line_1_113' title="bbox 2132 4808 3676 4878; baseline 0.001 -12"><span class='ocrx_word' id='word_1_895' title='bbox 2132 4814 2339 4867; x_wconf 89' lang='lat' dir='ltr'><strong>ratione</strong></span> <span class='ocrx_word' id='word_1_896' title='bbox 2364 4813 2630 4875; x_wconf 88' lang='lat' dir='ltr'><strong>honorat,</strong></span> <span class='ocrx_word' id='word_1_897' title='bbox 2661 4809 2803 4877; x_wconf 87' lang='lat' dir='ltr'><strong>juste</strong></span> <span class='ocrx_word' id='word_1_898' title='bbox 2831 4808 3014 4862; x_wconf 88' lang='lat' dir='ltr'><strong>virtuti</strong></span> <span class='ocrx_word' id='word_1_899' title='bbox 3045 4809 3202 4878; x_wconf 80' lang='lat' dir='ltr'><strong>hujus</strong></span> <span class='ocrx_word' id='word_1_900' title='bbox 3234 4809 3676 4867; x_wconf 81' lang='lat' dir='ltr'><strong>Anathematismi</strong></span> 
     </span>
    </p>
   </div>
   <div class='ocr_carea' id='block_1_111' title="bbox 2133 4879 3500 4935">
    <p class='ocr_par' dir='ltr' id='par_1_111' title="bbox 2133 4879 3500 4935">
     <span class='ocr_line' id='line_1_114' title="bbox 2133 4879 3500 4935; baseline -0.005 -1"><span class='ocrx_word' id='word_1_901' title='bbox 2133 4879 2430 4935; x_wconf 90' lang='lat' dir='ltr'><strong>subiicitur.</strong></span> <span class='ocrx_word' id='word_1_902' title='bbox 2463 4901 2482 4931; x_wconf 71' lang='grc' dir='ltr'>ι</span> <span class='ocrx_word' id='word_1_903' title='bbox 3495 4907 3500 4912; x_wconf 88' lang='grc'><strong>-</strong></span> 
     </span>
    </p>
   </div>
   <div class='ocr_carea' id='block_1_112' title="bbox 2205 4896 3678 5020">
    <p class='ocr_par' dir='ltr' id='par_1_112' title="bbox 2205 4896 3678 5020">
     <span class='ocr_line' id='line_1_115' title="bbox 2205 4896 3678 5020; baseline 0.004 -19"><span class='ocrx_word' id='word_1_904' title='bbox 2205 4896 2482 5003; x_wconf 53' lang='lat' dir='ltr'><strong>3&quot;i:3£h§</strong></span> <span class='ocrx_word' id='word_1_905' title='bbox 2522 4949 2610 5004; x_wconf 89' lang='lat' dir='ltr'><strong>hic</strong></span> <span class='ocrx_word' id='word_1_906' title='bbox 2655 4947 2801 5020; x_wconf 86' lang='lat' dir='ltr'><strong>locus</strong></span> <span class='ocrx_word' id='word_1_907' title='bbox 2838 4947 3064 5001; x_wconf 85' lang='lat' dir='ltr'><strong>habetur</strong></span> <span class='ocrx_word' id='word_1_908' title='bbox 3089 4946 3155 5020; x_wconf 83' lang='lat' dir='ltr'><strong>in</strong></span> <span class='ocrx_word' id='word_1_909' title='bbox 3181 4907 3678 5020; x_wconf 61' lang='lat' dir='ltr'><strong>defensionebujus</strong></span> 
     </span>
    </p>
   </div>
   <div class='ocr_carea' id='block_1_113' title="bbox 2130 5016 3678 5084">
    <p class='ocr_par' dir='ltr' id='par_1_113' title="bbox 2130 5016 3678 5084">
     <span class='ocr_line' id='line_1_116' title="bbox 2130 5016 3678 5084; baseline -0.001 -12"><span class='ocrx_word' id='word_1_910' title='bbox 2130 5019 2574 5072; x_wconf 77' lang='lat' dir='ltr'><strong>Anathematismi</strong></span> <span class='ocrx_word' id='word_1_911' title='bbox 2620 5019 2878 5072; x_wconf 86' lang='lat' dir='ltr'><strong>adversus</strong></span> <span class='ocrx_word' id='word_1_912' title='bbox 2930 5017 3390 5084; x_wconf 81' lang='lat' dir='ltr'><strong>reprehensionem</strong></span> <span class='ocrx_word' id='word_1_913' title='bbox 3438 5016 3678 5076; x_wconf 72' lang='lat' dir='ltr'><strong>Theodo-</strong></span> 
     </span>
    </p>
   </div>
   <div class='ocr_carea' id='block_1_114' title="bbox 2134 5085 3679 5157">
    <p class='ocr_par' dir='ltr' id='par_1_114' title="bbox 2134 5085 3679 5157">
     <span class='ocr_line' id='line_1_117' title="bbox 2134 5085 3679 5157; baseline 0.002 -16"><span class='ocrx_word' id='word_1_914' title='bbox 2134 5087 2252 5149; x_wconf 86' lang='lat' dir='ltr'><strong>reti,</strong></span> <span class='ocrx_word' id='word_1_915' title='bbox 2281 5086 2320 5157; x_wconf 88' lang='lat' dir='ltr'><strong>l.</strong></span> <span class='ocrx_word' id='word_1_916' title='bbox 2351 5087 2450 5157; x_wconf 52' lang='lat' dir='ltr'><strong>cit:</strong></span> <span class='ocrx_word' id='word_1_917' title='bbox 2467 5102 2587 5154; x_wconf 85' lang='lat' dir='ltr'><strong>pag.</strong></span> <span class='ocrx_word' id='word_1_918' title='bbox 2619 5086 2742 5157; x_wconf 65' lang='lat'><strong>2‘26.</strong></span> <span class='ocrx_word' id='word_1_919' title='bbox 2770 5096 2823 5141; x_wconf 90' lang='lat' dir='ltr'><strong>et</strong></span> <span class='ocrx_word' id='word_1_920' title='bbox 2858 5087 2930 5157; x_wconf 85' lang='lat' dir='ltr'><strong>ita</strong></span> <span class='ocrx_word' id='word_1_921' title='bbox 2959 5086 3029 5139; x_wconf 91' lang='lat' dir='ltr'><strong>ibi</strong></span> <span class='ocrx_word' id='word_1_922' title='bbox 3065 5095 3218 5157; x_wconf 90' lang='lat' dir='ltr'><strong>sonat</strong></span> <span class='ocrx_word' id='word_1_923' title='bbox 3241 5086 3308 5138; x_wconf 75' lang='lat'><strong>:&#39;¢</strong></span> <span class='ocrx_word' id='word_1_924' title='bbox 3336 5085 3465 5140; x_wconf 80' lang='lat' dir='ltr'><strong>Nam</strong></span> <span class='ocrx_word' id='word_1_925' title='bbox 3514 5089 3679 5157; x_wconf 86' lang='lat' dir='ltr'><strong>siqui-</strong></span> 
     </span>
    </p>
   </div>
   <div class='ocr_carea' id='block_1_115' title="bbox 2133 5154 3680 5222">
    <p class='ocr_par' dir='ltr' id='par_1_115' title="bbox 2133 5154 3680 5222">
     <span class='ocr_line' id='line_1_118' title="bbox 2133 5154 3680 5222; baseline 0.003 -11"><span class='ocrx_word' id='word_1_926' title='bbox 2133 5158 2252 5211; x_wconf 89' lang='lat' dir='ltr'><strong>dem</strong></span> <span class='ocrx_word' id='word_1_927' title='bbox 2279 5156 2389 5222; x_wconf 83' lang='lat' dir='ltr'><strong>ipse</strong></span> <span class='ocrx_word' id='word_1_928' title='bbox 2422 5154 2562 5208; x_wconf 89' lang='lat' dir='ltr'><strong>Deus</strong></span> <span class='ocrx_word' id='word_1_929' title='bbox 2605 5154 2764 5206; x_wconf 87' lang='lat' dir='ltr'><strong>simul</strong></span> <span class='ocrx_word' id='word_1_930' title='bbox 2789 5163 2844 5208; x_wconf 89' lang='lat' dir='ltr'><strong>et</strong></span> <span class='ocrx_word' id='word_1_931' title='bbox 2874 5156 3059 5216; x_wconf 83' lang='lat' dir='ltr'><strong>homo.</strong></span> <span class='ocrx_word' id='word_1_932' title='bbox 3093 5156 3346 5209; x_wconf 80' lang='lat' dir='ltr'><strong>adorator</strong></span> <span class='ocrx_word' id='word_1_933' title='bbox 3371 5157 3508 5210; x_wconf 88' lang='lat' dir='ltr'><strong>sicut</strong></span> <span class='ocrx_word' id='word_1_934' title='bbox 3541 5154 3680 5215; x_wconf 80' lang='lat' dir='ltr'><strong>unus</strong></span> 
     </span>
    </p>
   </div>
   <div class='ocr_carea' id='block_1_116' title="bbox 2134 5223 3676 5296">
    <p class='ocr_par' dir='ltr' id='par_1_116' title="bbox 2134 5223 3676 5296">
     <span class='ocr_line' id='line_1_119' title="bbox 2134 5223 3676 5296; baseline -0.001 -17"><span class='ocrx_word' id='word_1_935' title='bbox 2134 5224 2442 5296; x_wconf 71' lang='lat' dir='ltr'><strong>adoratione</strong></span> <span class='ocrx_word' id='word_1_936' title='bbox 2467 5237 2604 5296; x_wconf 86' lang='lat' dir='ltr'><strong>una_._</strong></span> <span class='ocrx_word' id='word_1_937' title='bbox 2621 5229 2673 5274; x_wconf 92' lang='lat' dir='ltr'><strong>et</strong></span> <span class='ocrx_word' id='word_1_938' title='bbox 2698 5237 2802 5276; x_wconf 90' lang='lat' dir='ltr'><strong>non</strong></span> <span class='ocrx_word' id='word_1_939' title='bbox 2833 5223 3150 5296; x_wconf 64' lang='lat' dir='ltr'><strong>cpadoramr</strong></span> <span class='ocrx_word' id='word_1_940' title='bbox 3173 5231 3230 5279; x_wconf 85' lang='lat' dir='ltr'><strong>et</strong></span> <span class='ocrx_word' id='word_1_941' title='bbox 3258 5225 3416 5296; x_wconf 85' lang='lat' dir='ltr'><strong>simul</strong></span> <span class='ocrx_word' id='word_1_942' title='bbox 3445 5227 3676 5296; x_wconf 80' lang='lat' dir='ltr'><strong>appella-</strong></span> 
     </span>
    </p>
   </div>
   <div class='ocr_carea' id='block_1_117' title="bbox 2136 5289 3678 5349">
    <p class='ocr_par' dir='ltr' id='par_1_117' title="bbox 2136 5289 3678 5349">
     <span class='ocr_line' id='line_1_120' title="bbox 2136 5289 3678 5349; baseline 0.002 -3"><span class='ocrx_word' id='word_1_943' title='bbox 2136 5302 2221 5346; x_wconf 89' lang='lat' dir='ltr'><strong>tur</strong></span> <span class='ocrx_word' id='word_1_944' title='bbox 2240 5293 2419 5345; x_wconf 86' lang='lat' dir='ltr'><strong>Deus:</strong></span> <span class='ocrx_word' id='word_1_945' title='bbox 2469 5305 2537 5344; x_wconf 88' lang='lat' dir='ltr'><strong>ne</strong></span> <span class='ocrx_word' id='word_1_946' title='bbox 2568 5289 2877 5344; x_wconf 78' lang='lat' dir='ltr'><strong>Emmanuel</strong></span> <span class='ocrx_word' id='word_1_947' title='bbox 2915 5291 3165 5345; x_wconf 89' lang='lat' dir='ltr'><strong>credatur</strong></span> <span class='ocrx_word' id='word_1_948' title='bbox 3191 5298 3320 5347; x_wconf 85' lang='lat' dir='ltr'><strong>esse</strong></span> <span class='ocrx_word' id='word_1_949' title='bbox 3361 5289 3678 5349; x_wconf 66' lang='lat' dir='ltr'><strong>hom&#39;o&#39;sim-</strong></span> 
     </span>
    </p>
   </div>
   <div class='ocr_carea' id='block_1_118' title="bbox 2135 5361 3677 5480">
    <p class='ocr_par' dir='ltr' id='par_1_118' title="bbox 2135 5361 3677 5480">
     <span class='ocr_line' id='line_1_121' title="bbox 2135 5361 3677 5480; baseline 0.002 -67"><span class='ocrx_word' id='word_1_950' title='bbox 2135 5363 2344 5431; x_wconf 88' lang='lat' dir='ltr'><strong>pliciter</strong></span> <span class='ocrx_word' id='word_1_951' title='bbox 2369 5368 2422 5440; x_wconf 75' lang='lat' dir='ltr'><strong>et</strong></span> <span class='ocrx_word' id='word_1_952' title='bbox 2450 5361 2749 5440; x_wconf 78' lang='lat' dir='ltr'><strong>communis</strong></span> <span class='ocrx_word' id='word_1_953' title='bbox 2790 5361 2930 5415; x_wconf 83' lang='lat' dir='ltr'><strong>sicut</strong></span> <span class='ocrx_word' id='word_1_954' title='bbox 2956 5374 3051 5415; x_wconf 87' lang='lat' dir='ltr'><strong>nos</strong></span> <span class='ocrx_word' id='word_1_955' title='bbox 3069 5399 3084 5422; x_wconf 88' lang='lat'><strong>.</strong></span> <span class='ocrx_word' id='word_1_956' title='bbox 3127 5366 3182 5413; x_wconf 89' lang='lat' dir='ltr'><strong>et</strong></span> <span class='ocrx_word' id='word_1_957' title='bbox 3217 5373 3314 5430; x_wconf 88' lang='lat' dir='ltr'><strong>per</strong></span> <span class='ocrx_word' id='word_1_958' title='bbox 3337 5363 3563 5480; x_wconf 50' lang='lat' dir='ltr'><strong>gratiam</strong></span> <span class='ocrx_word' id='word_1_959' title='bbox 3590 5364 3643 5444; x_wconf 72' lang='lat' dir='ltr'><strong>di</strong></span> <span class='ocrx_word' id='word_1_960' title='bbox 3663 5392 3677 5406; x_wconf 88' lang='lat'><strong><em>-</em></strong></span> 
     </span>
     <span class='ocr_line' id='line_1_122' title="bbox 2135 5427 3675 5480; baseline 0 0"><span class='ocrx_word' id='word_1_961' title='bbox 2135 5432 2268 5480; x_wconf 66' lang='lat' dir='ltr'><strong>vina:</strong></span> <span class='ocrx_word' id='word_1_962' title='bbox 2293 5429 2473 5480; x_wconf 66' lang='lat' dir='ltr'><strong>gloria:</strong></span> <span class='ocrx_word' id='word_1_963' title='bbox 2490 5435 2785 5480; x_wconf 69' lang='lat' dir='ltr'><strong>particeps:</strong></span> <span class='ocrx_word' id='word_1_964' title='bbox 2809 5429 2910 5480; x_wconf 77' lang='lat' dir='ltr'><strong>sed</strong></span> <span class='ocrx_word' id='word_1_965' title='bbox 2949 5427 3336 5480; x_wconf 87' lang='lat' dir='ltr'><strong>conﬁteamurl</strong></span> <span class='ocrx_word' id='word_1_966' title='bbox 3378 5443 3464 5480; x_wconf 94' lang='lat' dir='ltr'><strong>um</strong></span> <span class='ocrx_word' id='word_1_967' title='bbox 3496 5439 3675 5480; x_wconf 80' lang='lat' dir='ltr'><strong>notios</strong></span> 
     </span>
    </p>
   </div>
   <div class='ocr_carea' id='block_1_119' title="bbox 2133 5427 3675 5500">
    <p class='ocr_par' dir='ltr' id='par_1_119' title="bbox 2133 5427 3675 5500">
     <span class='ocr_line' id='line_1_123' title="bbox 2133 5427 3675 5500; baseline 0.002 -18"><span class='ocrx_word' id='word_1_968' title='bbox 2133 5427 2268 5500; x_wconf 57' lang='lat' dir='ltr'><strong>vina:</strong></span> <span class='ocrx_word' id='word_1_969' title='bbox 2293 5429 2473 5500; x_wconf 80' lang='lat' dir='ltr'><strong>gloria:</strong></span> <span class='ocrx_word' id='word_1_970' title='bbox 2490 5429 2785 5495; x_wconf 77' lang='lat' dir='ltr'><strong>particeps;</strong></span> <span class='ocrx_word' id='word_1_971' title='bbox 2809 5429 2910 5484; x_wconf 77' lang='lat' dir='ltr'><strong>sed</strong></span> <span class='ocrx_word' id='word_1_972' title='bbox 2949 5427 3296 5500; x_wconf 71' lang='lat' dir='ltr'><strong>conﬁteantur</strong></span> <span class='ocrx_word' id='word_1_973' title='bbox 3319 5427 3464 5500; x_wconf 79' lang='lat' dir='ltr'><strong>illum</strong></span> <span class='ocrx_word' id='word_1_974' title='bbox 3496 5430 3675 5500; x_wconf 79' lang='lat' dir='ltr'><strong>potius</strong></span> 
     </span>
    </p>
   </div>
   <div class='ocr_carea' id='block_1_120' title="bbox 2134 5497 3677 5564">
    <p class='ocr_par' dir='ltr' id='par_1_120' title="bbox 2134 5497 3677 5564">
     <span class='ocr_line' id='line_1_124' title="bbox 2134 5497 3677 5564; baseline 0.004 -15"><span class='ocrx_word' id='word_1_975' title='bbox 2134 5497 2318 5551; x_wconf 17' lang='lat' dir='ltr'><strong>Deum?</strong></span> <span class='ocrx_word' id='word_1_976' title='bbox 2351 5499 2402 5550; x_wconf 92' lang='lat' dir='ltr'><strong>in</strong></span> <span class='ocrx_word' id='word_1_977' title='bbox 2450 5511 2610 5550; x_wconf 88' lang='lat' dir='ltr'><strong>carne</strong></span> <span class='ocrx_word' id='word_1_978' title='bbox 2640 5504 2856 5564; x_wconf 86' lang='lat' dir='ltr'><strong>propter</strong></span> <span class='ocrx_word' id='word_1_979' title='bbox 2897 5511 3014 5561; x_wconf 88' lang='lat' dir='ltr'><strong>nos,</strong></span> <span class='ocrx_word' id='word_1_980' title='bbox 3059 5497 3109 5551; x_wconf 90' lang='lat' dir='ltr'><strong>id</strong></span> <span class='ocrx_word' id='word_1_981' title='bbox 3135 5503 3237 5558; x_wconf 86' lang='lat' dir='ltr'><strong>est,</strong></span> <span class='ocrx_word' id='word_1_982' title='bbox 3259 5509 3382 5564; x_wconf 80' lang='lat' dir='ltr'><strong>vere</strong></span> <span class='ocrx_word' id='word_1_983' title='bbox 3407 5497 3677 5555; x_wconf 83' lang='lat' dir='ltr'><strong>hominem</strong></span> 
     </span>
    </p>
   </div>
   <div class='ocr_carea' id='block_1_121' title="bbox 2134 5561 3676 5625">
    <p class='ocr_par' dir='ltr' id='par_1_121' title="bbox 2134 5561 3676 5625">
     <span class='ocr_line' id='line_1_125' title="bbox 2134 5561 3676 5625; baseline 0.004 -7"><span class='ocrx_word' id='word_1_984' title='bbox 2134 5567 2354 5625; x_wconf 83' lang='lat' dir='ltr'><strong>factum,</strong></span> <span class='ocrx_word' id='word_1_985' title='bbox 2382 5581 2485 5618; x_wconf 91' lang='lat' dir='ltr'><strong>non</strong></span> <span class='ocrx_word' id='word_1_986' title='bbox 2517 5561 2807 5619; x_wconf 80' lang='lat' dir='ltr'><strong>mutatione</strong></span> <span class='ocrx_word' id='word_1_987' title='bbox 2844 5574 3044 5620; x_wconf 64' lang='lat' dir='ltr'><strong>natura:</strong></span> <span class='ocrx_word' id='word_1_988' title='bbox 3087 5561 3374 5618; x_wconf 88' lang='lat' dir='ltr'><strong>secundum</strong></span> <span class='ocrx_word' id='word_1_989' title='bbox 3404 5566 3676 5624; x_wconf 80' lang='lat' dir='ltr'><strong>alteratio—</strong></span> 
     </span>
    </p>
   </div>
   <div class='ocr_carea' id='block_1_122' title="bbox 2134 5633 3522 5700">
    <p class='ocr_par' dir='ltr' id='par_1_122' title="bbox 2134 5633 3522 5700">
     <span class='ocr_line' id='line_1_126' title="bbox 2134 5633 3522 5700; baseline -0.001 -12"><span class='ocrx_word' id='word_1_990' title='bbox 2134 5649 2254 5688; x_wconf 88' lang='lat' dir='ltr'><strong>nem</strong></span> <span class='ocrx_word' id='word_1_991' title='bbox 2286 5643 2339 5686; x_wconf 88' lang='lat' dir='ltr'><strong>et</strong></span> <span class='ocrx_word' id='word_1_992' title='bbox 2362 5635 2683 5698; x_wconf 88' lang='lat' dir='ltr'><strong>versionem,</strong></span> <span class='ocrx_word' id='word_1_993' title='bbox 2712 5635 2804 5688; x_wconf 86' lang='lat' dir='ltr'><strong>sed</strong></span> <span class='ocrx_word' id='word_1_994' title='bbox 2827 5634 3038 5688; x_wconf 89' lang='lat' dir='ltr'><strong>unionis</strong></span> <span class='ocrx_word' id='word_1_995' title='bbox 3063 5633 3472 5700; x_wconf 79' lang='lat' dir='ltr'><strong>dispensatione.</strong></span> <span class='ocrx_word' id='word_1_996' title='bbox 3504 5655 3522 5686; x_wconf 73' lang='grc' dir='ltr'><strong>ο</strong></span> 
     </span>
    </p>
   </div>
   <div class='ocr_carea' id='block_1_123' title="bbox 2201 5701 3576 5767">
    <p class='ocr_par' dir='ltr' id='par_1_123' title="bbox 2201 5701 3576 5767">
     <span class='ocr_line' id='line_1_127' title="bbox 2201 5701 3576 5767; baseline 0.003 -14"><span class='ocrx_word' id='word_1_997' title='bbox 2201 5702 2227 5740; x_wconf 75' lang='grc' dir='ltr'><strong><em>ἀ</em></strong></span> <span class='ocrx_word' id='word_1_998' title='bbox 2270 5703 2397 5767; x_wconf 78' lang='lat' dir='ltr'><strong>Quze</strong></span> <span class='ocrx_word' id='word_1_999' title='bbox 2422 5704 2572 5756; x_wconf 84' lang='lat' dir='ltr'><strong>uncis</strong></span> <span class='ocrx_word' id='word_1_1000' title='bbox 2602 5703 2803 5755; x_wconf 88' lang='lat' dir='ltr'><strong>inclusa</strong></span> <span class='ocrx_word' id='word_1_1001' title='bbox 2834 5711 2956 5756; x_wconf 86' lang='lat' dir='ltr'><strong>sunt</strong></span> <span class='ocrx_word' id='word_1_1002' title='bbox 2983 5701 3275 5754; x_wconf 75' lang='lat' dir='ltr'><strong>redundare</strong></span> <span class='ocrx_word' id='word_1_1003' title='bbox 3307 5702 3576 5757; x_wconf 86' lang='lat' dir='ltr'><strong>videntur.</strong></span> 
     </span>
    </p>
   </div>
  </div>
