4238 6198
576 285 729 345 ‹251

1441 278 1482 331 Β
1542 277 1601 331 F.
1662 274 1877 329 ALBINI
1918 273 2046 328 SI‘LU
2086 270 2353 327 ALCl'INI
2402 267 2679 323 OPEIlUM
2714 265 2887 320 PARS
2926 265 3008 319 Ill.

3700 260 3804 316 232

638 395 3804 435 MM...—

1402 542 1569 614 ⁸⁸⁸³
1637 551 2207 666 BEATI
2280 542 3029 658 ALCUINI
3104 574 3109 578 ‘

897 757 1289 839 CONTRA
1360 751 1926 851 EPISTOLAM
2000 746 2196 825 SIBI

2269 744 2392 821 AB
2465 742 2970 819 ELIPANDO
3043 740 3553 820 DIRECTAM

1916 904 2126 968 LIBRI
2165 897 2564 975 QUATUOR,

1530 1058 1764 1133 Quibus
1799 1057 2047 1114 wacuat
2073 1065 2298 1127 pravas
2327 1043 2502 1106 illius
2532 1043 2917 1104 asscrtiones.

1083 1328 1108 1356 -
1136 1308 1460 1368 EPISTOLA
1508 1276 1728 1361 unum

640 1448 713 1494 ΑΒ
743 1442 1046 1489 manu!!!
1098 1442 1168 1480 ιτ
1213 1435 1498 1477 κιγιηυιωι
1549 1426 1846 1475 ιῑιηεεοροθ.
1895 1424 1967 1465 ιτ
2014 1420 2176 1462 ηπ-

1160 1507 1353 1548 υιοτυιι
1403 1499 1657 1545 ΔΒΒΑΤΕΙ.

1231 1621 1403 1691 (Anno
1449 1615 1593 1684 800).

716 1738 954 1797 Dominis
968 1736 1019 1789 in
1036 1732 1231 1789 Christi
1247 1729 1507 1790 eharitate
1520 1718 1906 1779 venerabilibus
1924 1723 2083 1784 atque
2100 1711 2180 1766 dii

582 1874 585 1878 λ
646 1826 953 1887 lectissimis
973 1820 1233 1877 Laidrado
1251 1806 1861 1891 episcopoLugdunensi,
1876 1814 1929 1858 et
1944 1800 2180 1891 Nefridio

644 1920 893 1991 episcopo
924 1908 1271 1971 Narbonensi,
1296 1913 1351 1959 et
1373 1889 1653 1957 Benedicto
1688 1895 1885 1991 abbati,
1921 1889 2180 1991 simulque

646 1977 994 2063 sanctissimis
1041 1999 1296 2066 nobisque
1337 1992 1489 2046 valde
1535 1982 1930 2043 honorabilihus

645 2092 930 2166 provincia:
978 2064 1225 2158 partibus
1259 2078 1542 2150 episcopis,
1595 2072 1912 2166 abbatibus,

652 2153 842 2241 tribus,
879 2153 1204 2231 humillimus
1241 2176 1447 2234 sanctae
1488 2161 1737 2218 Ecclesia:
1782 2156 1924 2212 ﬁlius
1962 2153 2183 2208 Albinus

647 2270 892 2325 salutem.

719 2359 842 2414 Scio
868 2354 950 2411 me
977 2354 1266 2409 debitorem
1304 2362 1421 2404 esse
1449 2347 1502 2400 in
1524 2344 1699 2399 ofﬁcio
1727 2349 1922 2396 sancta:
1954 2337 2184 2393 charita-

650 2451 721 2504 tis
758 2446 1002 2503 omnibus
1046 2444 1144 2513 piae
1190 2439 1375 2494 matris
1416 2434 1663 2491 Ecclesiae
1707 2430 1852 2493 ﬁliis,
1897 2429 1955 2482 in
1992 2425 2186 2495 praedi-

650 2538 841 2597 cando,
890 2534 971 2587 vel
1016 2528 1353 2586 defendendo
1384 2522 1657 2579 catholica:
1706 2519 1826 2573 ﬁdei
1863 2517 2180 2569 veritatem:

2203 1276 2250 1332 Α
2276 1268 2616 1323 narrantibus
2671 1262 2865 1323 nostra:
2920 1237 3197 1323 societatis
3237 1267 3519 1341 fratribus,
3567 1235 3815 1333 eumdem

2274 1358 2586 1428 Elipandum
2630 1357 2766 1411 sicut
2804 1356 3078 1427 dignitate,
3107 1357 3178 1411 ita
3204 1358 3366 1412 etiam
3398 1359 3633 1433 perﬁdia
3673 1361 3817 1420 malo

2273 1449 2504 1521 primum
2532 1462 2650 1531 esse
2673 1448 2913 1516 partibus
2939 1447 2991 1501 in
3026 1448 3129 1502 illis
3148 1450 3366 1519 agnovi;
3396 1462 3737 1521 quapropter,
3768 1452 3820 1510 si

2275 1538 2486 1607 quidem
2508 1537 2727 1607 paciﬁca
2749 1537 3029 1600 charitate,
3054 1536 3222 1592 direxi
3245 1538 3295 1593 ei
3317 1540 3707 1596 exhortatorias
3724 1541 3816 1597 lit-

2277 1633 2440 1689 teras,
2485 1624 2807 1698 desiderans
2839 1622 3120 1680 consulere
3161 1627 3422 1681 senectuti
3463 1627 3626 1691 illius,
3673 1637 3728 1683 et
3762 1629 3816 1684 in

2274 1713 2418 1767 viam
2441 1711 2713 1767 catholicae
2735 1704 2975 1766 veritatis
3021 1711 3252 1767 fraterna
3301 1715 3585 1771 dilectione
3622 1726 3677 1771 et
3719 1718 3820 1772 hu-

2276 1801 2389 1855 mili
2432 1800 2790 1856 admonitione
2820 1815 3071 1857 revocare
3096 1803 3292 1869 virum,
3320 1804 3554 1876 longaeva
3599 1822 3819 1877 gravem

2276 1897 2433 1946 aetate
2473 1899 2527 1944 et
2572 1889 2829 1961 religiosa:
2874 1889 2997 1943 vitae
3038 1890 3207 1946 multo
3251 1899 3492 1962 tempore
3532 1891 3820 1951 famosum.

2279 1975 2386 2032 Sed
2411 1975 2514 2038 ille,
2554 1975 2677 2030 dum
2706 1976 2995 2054 accepisset
3022 1974 3174 2048 [ϐοά.
3211 1976 3351 2043 ναι..
3394 1982 3652 2055 audisset]
3692 1997 3826 2038 mea:

2279 2065 2574 2121 devotionis
2601 2064 2881 2128 litterulas,
2914 2080 3036 2120 mox
3073 2067 3359 2122 iracundia:
3385 2067 3611 2125 ﬂammis
3638 2073 3826 2127 incan-

2280 2152 2417 2215 duit,
2447 2158 2719 2220 totamque
2744 2150 2905 2204 animi
2954 2152 3035 2205 sui
3083 2152 3431 2209 intentionem
3469 2156 3723 2229 colligens
3770 2159 3827 2213 in

2281 2241 2439 2303 iram,
2490 2255 2589 2295 nec
2617 2255 2682 2295 eo
2706 2241 2921 2309 pietatis
2950 2242 3142 2297 intuitu
3184 2244 3362 2312 apices
3403 2248 3608 2316 aspexit
3636 2264 3828 2314 meos,

2280 2342 2389 2397 quo
2422 2342 2507 2383 me
2532 2327 2802 2383 Christum
2829 2337 3015 2393 testor,
3044 2329 3119 2384 illi
3149 2331 3377 2401 dirigere
3403 2333 3545 2398 scio;
3580 2336 3677 2390 sed
3701 2352 3825 2392 mox

2283 2415 2337 2469 in
2362 2414 2748 2470 maledictionis
2778 2418 2935 2472 verba
2972 2417 3234 2486 prosiluit,
3265 2427 3540 2491 totumque
3568 2439 3624 2479 se
3650 2439 3828 2480 arma-

2283 2505 2359 2559 vit
2388 2506 2439 2559 in
2467 2521 2575 2560 suae
2602 2515 2759 2561 sectae
2785 2507 3165 2571 defensionem,
3212 2511 3473 2579 nobisque
3515 2512 3708 2569 litteris
3737 2515 3829 2571 de-

653 2586 979 2693 opto,
1026 2630 1132 2674 tam
1181 2616 1472 2673 efﬁcaciter
1518 2611 1697 2665 divina
1726 2604 2184 2693 idonanteﬂgratia
2216 2616 2260 2675 Β
2287 2593 2538 2693 litanda“?
2584 2596 2807 2693 paravit.
2851 2596 2977 2664 quid
3010 2599 3250 2661 sentiret,
3289 2599 3415 2667 quid
3446 2600 3572 2655 sues
3598 2586 3830 2672 discipu-

652 2691 905 2780 perficere
927 2708 1128 2761 valeam
1152 2704 1437 2775 [Quercet.,
1477 2697 1561 2752 vel
1597 2692 1739 2764 eam]
1764 2707 1922 2761 quam
1960 2691 2190 2746 libenter

658 2800 784 2855 huic
825 2798 1062 2868 piissimo
1102 2792 1270 2847 labori
1303 2802 1472 2843 meam
1493 2785 1837 2842 succumbere
1859 2781 2187 2836 devotionem

658 2889 848 2943 lateor.
885 2885 1110 2939 Maxime
1134 2890 1306 2936 tamen
1337 2885 1525 2932 vestrm
1554 2872 1899 2931 sanctissimae
1919 2868 2189 2924 dilectioni

658 2978 715 3032 in
760 2975 860 3030 hac
905 2973 1072 3045 gratia
1116 2984 1291 3025 meum
1335 2966 1524 3022 sudare
1569 2961 1856 3031 ingenium,
1902 2956 2191 3013 secundum

656 3056 925 3137 largiteris
976 3061 1283 3117 iudeﬁciens
1321 3058 1539 3119 donum,
1569 3061 1745 3108 ratum
1773 3050 2001 3105 arbitror
2025 3064 2090 3103 ne
2116 3050 2195 3102 vi—

634 3154 782 3211 cina
826 3153 994 3221 pestis
1040 3148 1306 3218 llispanici
1358 3146 1556 3200 erroris
1600 3142 1895 3211 aliquorum
1925 3143 2065 3195 inter
2102 3155 2194 3193 vos

659 3250 865 3299 mentes
902 3239 1167 3295 maculare
1207 3236 1395 3290 valeat.
1432 3233 1558 3300 Qua:
1604 3232 1747 3287 terra
1791 3228 1989 3302 [olim],
2036 3235 2095 3281 ut
2138 3228 2193 3280 in

658 3332 926 3387 veteribus
952 3331 1136 3399 legitur
1163 3326 1417 3389 historiis,
1448 3333 1791 3393 tyrannon
1818 3320 1967 3374 ferax
1996 3318 2192 3381 fuerat,

661 3426 751 3493 qui
790 3423 1082 3476 Romanum
1126 3417 1412 3487 smpissime
1458 3413 1736 3482 imperium
1784 3410 2020 3465 lacerare
2063 3409 2196 3463 sole-

662 3516 810 3568 bant.
838 3510 907 3564 At
932 3524 1073 3563 nunc
1108 3506 1259 3578 [ϐοά.
1290 3504 1525 3568 ναι.,,Ει
1551 3499 1711 3571 nunc]
1740 3499 1903 3554 multo
1930 3498 2083 3568 pejus
2108 3513 2196 3551 sa-

662 3599 986 3657 cratissimas
1048 3595 1335 3650 Christiani
1393 3593 1600 3660 imperii
1673 3604 1829 3644 aures
1883 3588 2197 3663 quibusdam

664 3688 1012 3746 schismatica:
1036 3682 1397 3754 perversitatis
1424 3678 1742 3734 novitatibus
1766 3675 1989 3746 fatigare
2013 3689 2199 3744 aggre—

665 3780 828 3840 ditur,
874 3776 1033 3829 veluti
1070 3782 1247 3827 vestra
1275 3767 1588 3824 inviolabilis
1616 3765 1746 3823 ﬁdes
1772 3773 1827 3819 et
1858 3762 2201 3837 celeberrima

670 3866 924 3921 sanctitas
948 3863 1146 3929 optime
1174 3860 1337 3919 novit,
1366 3858 1455 3924 qui
1482 3870 1577 3924 per
1603 3854 1793 3908 divinae
1819 3851 2063 3921 suﬁ‘ragia
2092 3851 2201 3919 pie-

2286 2681 2369 2736 los
2407 2670 2624 2737 credere
2653 2684 2887 2749 doceret,
2929 2700 3015 2739 me
3055 2684 3327 2741 falsarium
3373 2687 3628 2754 clamans,
3660 2670 3833 2759 atque

2284 2785 2380 2841 per
2419 2771 2563 2827 vices
2602 2772 2927 2837 haereticum,
2960 2775 3119 2847 861
3154 2790 3249 2845 per
3268 2768 3411 2831 vices
3436 2764 3829 2841 Subversorem,

2285 2876 2385 2917 nec
2428 2876 2534 2916 non
2572 2871 2627 2916 et
2651 2872 3047 2932 persecutorem
3077 2859 3499 2920 Christianorum
3536 2877 3826 2938 reputans:

2286 2951 2592 3020 nullumque
2645 2951 3024 3020 propemodum
3076 2953 3461 3009 maledictionis
3498 2938 3689 3025 genus
3746 2959 3829 3013 vel

2287 3043 2522 3113 perﬁdia
2563 3043 2782 3109 dimisit,
2823 3045 2963 3113 quod
3006 3054 3191 3099 nostro
3216 3062 3321 3099 non
3348 3046 3585 3102 inureret
3609 3048 3831 3111 nomini,

2288 3136 2572 3191 ostendens
2613 3137 2844 3206 seipsum
2877 3136 3003 3206 quid
3041 3144 3205 3202 esset,
3232 3146 3287 3192 et
3312 3153 3469 3207 quam
3498 3138 3837 3208 impatienter

2291 3225 2564 3291 toleraret,
2603 3225 2648 3280 si
2693 3226 2886 3295 aliquis
2931 3226 3216 3295 impietatis
3242 3242 3350 3282 sine
3377 3229 3544 3282 errori
3572 3229 3838 3285 contraire

2293 3323 2554 3396 tentaret;
2589 3315 2757 3373 multa
2794 3316 3046 3387 colligens
3084 3318 3403 3381 testimonia,
3430 3334 3493 3372 ex
3530 3327 3836 3387 sanctarum

2294 3404 2434 3458 serie
2480 3402 2899 3472 Scripturarum,
2948 3404 3243 3472 multasque
3284 3406 3666 3459 catholicorum
3711 3422 3837 3461 sen-

2296 3493 2488 3546 tentias
2516 3492 2789 3546 doctornm
2819 3490 3034 3547 deduxit
3065 3492 3116 3546 iu
3146 3493 3397 3565 medium,
3427 3510 3544 3564 quae
3567 3510 3703 3565 pene
3725 3510 3841 3550 om-

2296 3582 2382 3635 nia
2409 3579 2720 3649 pravissima
2748 3580 3179 3648 interpretatione
3214 3582 3481 3637 maculare
3505 3599 3608 3638 non
3640 3584 3837 3638 timuit.

2296 3669 2498 3735 Quibus
2539 3669 2678 3723 illius
2715 3669 2943 3722 vesania
2976 3668 3223 3723 litterulis
3250 3670 3400 3723 brevi
3439 3684 3684 3725 sermone
3710 3672 3841 3724 duo-

2298 3757 2398 3810 bus
2417 3756 2603 3809 libellis
2630 3756 2945 3823 respondere
2967 3757 3165 3817 curavi,
3194 3770 3457 3810 evacuans
3481 3757 3842 3811 veracissimis

2301 3850 2603 3901 sanctorum
2634 3846 2851 3899 Patrum
2879 3846 3122 3899 sensibus
3148 3861 3335 3901 omnes
3362 3846 3504 3900 illius
3522 3847 3844 3901 assertiones

612 4020 617 4024 _
671 3956 797 4009 tatis
814 3954 952 4005 hanc
973 3949 1276 4004 nebulosam
1303 3944 1586 4013 impietatis
1614 3952 1813 3997 sectam
1837 3942 1979 3995 clara
2007 3941 2204 3995 verita-
2229 3939 2273 3999 C
2304 3950 2461 4008 atque
2519 3938 2980 4008 interpretationes
3039 3937 3398 4006 pravissimas.
3464 3937 3571 3992 Illis
3631 3951 3845 4006 quoque

672 4044 741 4095 tis
775 4040 893 4094 luce
928 4038 1130 4106 pridem
1157 4035 1185 4073 ιι
1214 4034 1475 4087 discutere
1507 4030 1800 4095 studuistis,
1830 4031 1991 4083 etiam
2020 4037 2072 4082 et
2098 4029 2206 4081 Deo

672 4132 883 4187 Christo
924 4128 1151 4183 donante
1196 4130 1423 4187 emptum
1466 4120 1852 4188 praedicationis
1878 4134 2010 4186 opus
2041 4117 2208 4170 multa

674 4227 911 4291 exparte
943 4215 1253 4285 perfecistis.
1279 4212 1358 4265 Ad
1382 4210 1530 4279 cujus
1550 4209 1788 4278 piissime
1812 4207 2204 4277 przedicationis

663 4305 973 4365 venerabile
1014 4318 1168 4372 epus,
1212 4300 1490 4353 mandante
1533 4297 1759 4366 glorioso
1784 4296 2020 4364 principe
2045 4303 2099 4348 et
2121 4294 2211 4348 de-

678 4394 954 4451 votissimo
976 4392 1029 4445 in
1052 4390 1196 4444 omni
1232 4389 1465 4443 bonitate
1501 4386 1691 4441 Carolo
1720 4400 1860 4456 rege,
1895 4399 1988 4439 vos
2017 4384 2209 4438 iterum

683 4495 705 4523 ε
734 4485 900 4537 ituros
927 4495 1043 4534 esse
1063 4480 1374 4533 audivimus.
1401 4478 1728 4545 Quapropter
1753 4490 2040 4544 paucorum
2072 4474 2210 4527 arri-

682 4572 769 4642 pui
799 4571 1029 4625 laborem
1052 4570 1250 4623 dierum
1279 4570 1331 4621 in
1359 4565 1602 4621 solatium
1641 4566 1960 4619 sanctissimi
1986 4565 2209 4617 itineris

685 4667 898 4729 vestri,‘
934 4673 1193 4733 quatenus
1243 4662 1507 4716 haberetis
1554 4660 1607 4713 in
1656 4656 1901 4710 manibus
1940 4653 2229 4719 cujusdam

686 4756 936 4822 epistolae,
972 4769 1090 4808 meo
1123 4751 1321 4806 nomini
1356 4751 1565 4803 directae
1592 4749 1656 4801 ab
1687 4743 1939 4812 Elipando
1963 4741 2215 4792 Toletano

697 4843 954 4910 rpiscopo,
1001 4843 1115 4911 pias
1158 4849 1213 4893 et
1254 4836 1673 4907 pernecessarias
1715 4830 2103 4899 responsiones,
2138 4822 2218 4878 ne

692 4929 828 4985 forte
858 4930 1145 4997 aliquorum
1168 4944 1233 4982 ex
1257 4924 1491 4997 ejusdem
1523 4923 1754 4989 epistola:
1773 4921 1995 4975 lectione
2018 4926 2219 4969 mentes

698 5019 1041 5081 maculentur,
1081 5021 1203 5087 quia
1228 4996 1435 5071 easdem
1462 5013 1753 5066 audivimus
1781 5011 1982 5063 litteras
2006 5008 2066 5059 in.
2086 4996 2223 5058 alio-7

696 5124 811 5163 rum
840 5108 983 5175 prius
1011 5107 1282 5174 pervenire
1310 5104 1451 5176 [Leg.
1481 5097 1805 5169 pervenisse]
1849 5109 2036 5150 manus
2062 5108 2219 5161 quam

697 5196 864 5255 nobis,
894 5195 976 5247 cui
1005 5194 1177 5246 misere
1202 5201 1341 5253 sunt,
1368 5190 1586 5244 reddita!
1613 5194 1810 5242 essent.
1834 5185 1899 5237 Et
1926 5185 2038 5237 haec
2062 5196 2219 5236 causa

2304 4031 2508 4084 duobus
2560 4029 2750 4083 libellis
2798 4030 2928 4082 alios
2960 4021 3092 4083 duos
3125 4028 3363 4097 adjunxi,
3407 4028 3563 4097 plano
3598 4039 3845 4083 sermone

2304 4118 2574 4194 catholicae
2602 4115 2721 4170 ﬁdei
2760 4116 2824 4171 de
2862 4115 3075 4169 Christo
3119 4114 3223 4169 Deo
3253 4116 3529 4169 veritatem
3567 4124 3841 4181 testantes,

2307 4216 2465 4276 atque
2511 4214 2815 4263 sanctorum
2862 4203 3080 4257 Patrum
3132 4203 3451 4257 testimoniis
3500 4202 3843 4258 abundantis-

2308 4294 2440 4347 sime
2477 4292 2872 4353 conlirmantes,
2918 4302 3143 4358 quorum
3188 4288 3414 4343 lectione
3457 4290 3707 4357 pietatem
3752 4305 3846 4345 ve-

2307 4390 2473 4435 stram
2516 4380 2846 4450 congaudere
2879 4379 3143 4443 arbitror;
3181 4379 3304 4447 quia
3347 4386 3515 4433 totum
3555 4378 3683 4433 illud
3712 4394 3845 4449 opus

2308 4479 2487 4525 vestro
2531 4471 2823 4537 gaudebam
2876 4470 3053 4525 dicare
3105 4470 3329 4533 nomini,
3372 4470 3625 4537 vobisque
3673 4469 3848 4537 primo

2309 4561 2545 4613 omnium
2572 4560 2739 4612 direxi
2778 4558 3105 4627 probandum
3148 4565 3307 4626 atque
3334 4558 3723 4625 corrigendum,
3759 4553 3851 4622 ju-

2312 4652 2677 4705 dicio-vestrae
2724 4649 3053 4702 auctoritatis
3097 4657 3255 4715 atque
3287 4648 3595 4701 sanctitatis
3619 4654 3849 4699 tantum-

2312 4740 2468 4792 modo
2492 4746 2788 4801 contentus,
2816 4754 2915 4792 nec
2942 4740 2993 4791 in
3020 4738 3259 4807 publicas
3286 4734 3443 4795 aures
3473 4736 3684 4790 easdem
3718 4750 3848 4788 mea:

2314 4829 2606 4883 devotionis
2658 4828 2916 4883 litterulas
2962 4829 3250 4895 procedere
3299 4827 3491 4887 velim,
3548 4824 3649 4877 nisi
3700 4824 3850 4897 prius

2314 4926 2503 4971 vestra:
2548 4916 2877 4970 auctoritatis
2923 4930 3144 4969 censura
3196 4914 3585 4977 examinentur,
3632 4920 3689 4965 et
3724 4911 3847 4965 fra—

2315 5015 2480 5060 ternae
2524 5005 2942 5075 congregationis
2990 5000 3217 5057 lectione
3256 5002 3672 5067 conﬁrmentur;
3720 5000 3853 5055 satis

2318 5096 2444 5148 mihi
2496 5094 2763 5147 aestimans
2817 5093 3023 5147 illorum
3065 5091 3265 5159 judicio
3323 5090 3662 5153 examinari,
3717 5102 3849 5156 quo-

2320 5201 2436 5239 rum
2476 5185 2752 5239 dilectione
2785 5183 3123 5253 singulariter
3156 5198 3238 5237 me
3276 5183 3515 5236 laborare
3553 5177 3703 5249 elegi.
3742 5175 3852 5233 Nec

700 5285 795 5339 fuit
818 5299 913 5339 cur
941 5284 1067 5338 mihi
1094 5280 1341 5351 praefatus
1361 5281 1517 5333 Pater
1542 5294 1649 5334 sua:
1673 5275 2052 5332 incredulitatis
2070 5274 2223 5328 char-
2250 5270 2298 5327 Ι)
2322 5274 2775 5343 maledictionibns
2818 5273 2961 5327 illius
2992 5273 3381 5329 maledictiones
3418 5268 3656 5337 opposui.
3694 5266 3850 5337 quasi

700 5371 860 5426 tulam
888 5374 1113 5440 dirigere
1140 5370 1428 5423 voluisset:
1455 5383 1575 5421 nam
1622 5382 1718 5437 ego
1763 5364 2025 5434 aliquibus
2068 5362 2221 5417 nobis

768 5495 791 5520 ι
818 5481 914 5535 llic
942 5489 1022 5533 est
1060 5481 1239 5533 titulus
1269 5479 1424 5548 hujus
1452 5477 1682 5546 epistola:
1707 5478 1759 5530 in
1786 5474 1915 5530 Cod.
1944 5474 2219 5537 Vaticano,

699 5565 763 5602 ex
793 5565 895 5618 quo
919 5563 1031 5601 eam
1058 5550 1467 5601 emendavimus.

2322 5376 2465 5417 meas
2492 5362 2764 5418 vindicans
2804 5362 3043 5428 injurias,
3072 5363 3163 5416 sed
3183 5370 3242 5415 ut
3265 5360 3505 5414 veritatis
3550 5356 3852 5411 testiﬁcatio

2391 5473 2420 5578 ξ
2445 5473 2597 5594 ﬁngo
2764 5472 2891 5525 Vide
2906 5470 3041 5523 infra
3064 5470 3489 5523 dissertationem
3520 5466 3850 5521 historicum

2493 5558 2522 5592 ll
2728 5574 2745 5589 .

2493 5558 2595 5592 IIDO
2622 5558 2745 5592 δυυ.
