4238 6204
408 270 515 330 255

414 563 582 636 [ϐοά.
633 562 777 628 Vat.,
827 565 1199 635 intermiseui]
1249 564 1668 628 admonitiones,
1721 576 1790 616 ne
1837 561 1978 616 illius

413 653 814 710 infestissimam
859 653 1090 708 animam
1133 654 1216 707 vel
1255 668 1498 708 meorum
1534 651 1834 706 amaritudo
1859 666 1978 705 ver-

413 745 602 799 borum
641 753 1012 811 exasperaret,
1056 743 1140 796 vel
1186 743 1378 796 iterum
1422 741 1595 795 mellis
1623 741 1848 795 dulcedo
1881 754 1978 794 sre-

415 849 534 888 vam
576 833 840 887 fastidiret
868 842 1121 888 mentem.
1169 834 1280 888 Nec
1317 848 1414 902 pro
1441 831 1556 899 ejus
1591 832 1974 892 tantummodo,

402 931 474 976 .ut
499 921 631 983 dixi,
675 922 913 976 laboravi
950 920 1139 984 salute,
1187 937 1346 992 quem
1381 922 1560 984 timeo,
1608 920 1786 974 forsan
1824 919 1982 974 citius

415 1012 708 1084 [Queri-eL,
766 1009 1079 1081 forsantius]
1132 1011 1217 1065 vel
1266 1020 1439 1065 morte
1491 1018 1814 1077 praereptum
1863 1023 1982 1062 esse

411 1108 630 1168 propter
659 1099 985 1168 decrepitam
1031 1099 1085 1152 in
1133 1115 1198 1154 eo
1247 1107 1605 1160 senectutem,
1658 1097 1741 1152 vel
1777 1098 1848 1152 ob
1876 1098 1983 1151 dis-

413 1188 692 1242 sensiones
732 1188 1070 1256 populorum,
1101 1189 1156 1242 in
1192 1186 1309 1255 ejus
1336 1203 1443 1242 non
1471 1201 1649 1257 posse
1703 1189 1984 1256 pervenire

416 1293 564 1332 meas
591 1272 928 1345 praesentiam
960 1269 1212 1347 syllabas,
1252 1277 1346 1332 sed
1378 1278 1548 1352 magis
1578 1278 1630 1330 in
1661 1276 1982 1344 adjutorium

415 1367 670 1434 piissima:
701 1364 1097 1433 pratdieationis
1133 1373 1344 1430 vestra},
1374 1373 1537 1433 atque
1565 1365 1813 1420 solatium
1843 1366 1987 1419 viro-

418 1469 557 1516 rum,
605 1452 690 1508 vel
731 1451 1052 1506 feminarum
1099 1454 1434 1506 ructantibus
1482 1452 1673 1506 vicinis
1719 1451 1985 1527 Hispania:

417 1545 678 1613 partibus.
721 1544 1094 1614 lmproperans
1118 1552 1173 1609 et
1201 1543 1332 1597 mibi
1369 1543 1519 1596 idem‘
1545 1543 1798 1612 prmfatus
1823 1542 1988 1597 Pater

384 1636 728 1689 ,divitiarum
776 1635 1197 1698 multitudinem,
1253 1648 1532 1688 servorum
1585 1649 1756 1702 usque
1801 1634 1870 1688 ad
1916 1649 1987 1687 xx

926 271 1335 329 DOGMATICA.
1376 302 1443 312 -
1481 272 1641 330 Αυγ.
1678 240 2071 328 ωΡΑΝουιι
2108 268 2284 322 unm
2323 268 2410 322 1v.
2452 296 2522 307 --
2555 263 2770 320 EPIST.
2815 261 3136 318 PRAEV'le.

411 401 470 443 se
493 383 770 450 offerebat,
804 386 1123 455 quibusdam
1148 388 1200 441 in
1228 386 1360 442 locis
1389 361 1697 442 durioribus
1722 383 2050 461 respondiA

411 475 607 539 verbis,
657 474 972 544 quibusdam
1004 476 1199 529 iterum
1250 477 1303 528 in
1344 475 1477 530 locis
1503 489 1694 530 suaves
1717 473 1975 529 admiscui
2069 521 2071 523 ,

3538 265 3642 322 234

2414 375 2581 451 862
2605 392 2629 420 ι
2660 379 2990 434 EPISTOLA
3027 376 3298 432 ALTERA

2696 486 2762 523 an
2799 485 3020 524 ensum.
3137 533 3144 539 _

2153 561 2446 616 Videbatur
2491 559 2644 632 mihi.
2669 561 2991 629 condignum
3035 574 3348 629 praeponere
3393 560 3646 630 opusculo

2080 649 2205 702 huic
2247 657 2432 702 nostro
2459 647 2760 717 epistolam,
2800 664 2958 717 quam
2990 649 3271 703 charitatis
3298 649 3476 705 officio
3503 651 3646 706 Patri

2081 739 2343 808 Elipando
2377 738 2507 794 olim
2531 738 2559 776 δ
2588 740 2782 802 direxi,
2819 755 2916 809 per
2950 745 3184 794 vestram
3225 751 3463 796 sanctam
3490 744 3646 796 devo-

2083 831 2283 884 tionem
2321 839 2376 884 et
2415 831 2526 886 Deo
2560 831 2856 899 placentem
2901 831 3250 896 ebaritatem;
3292 833 3431 887 illius
3457 834 3648 889 litteris

2083 934 2218 988 quas
2260 936 2383 974 meo
2411 920 2616 974 nomini
2654 920 2883 989 dirigere
2924 921 3142 983 studuit,
3189 924 3509 977 subnectere
3551 925 3648 976 hac

2083 1008 2217 1062 hens
2247 1024 2486 1062 mearum
2521 1009 2895 1076 responsiones
2921 1009 3266 1079 Syllabarum,
3301 1020 3360 1063 ut
3392 1013 3651 1081 intelligat

2085 1099 2173 1166 qui
2222 1098 2380 1167 legat,
2422 1113 2526 1166 qua
2555 1098 2822 1152 eharitate
2860 1099 3004 1153 illius
3046 1101 3364 1155 venerandae
3407 1102 3652 1172 dignitati

2085 1187 2418 1254 scripserim,
2444 1187 2529 1240 vel
2567 1202 2672 1255 quo
2717 1187 2898 1240 animo
2948 1190 3266 1258 recepissem
3298 1189 3547 1246 fraterna:
3577 1193 3652 1245 di-

2085 1274 2328 1328 lectionis
2351 1274 2611 1329 cilicium:
2638 1291 2698 1329 ac
2721 1277 2912 1330 deinde
2934 1279 3319 1346 responsiones
3340 1281 3654 1342 catholicas,

2086 1381 2222 1433 quas
2249 1381 2312 1418 ex
2352 1374 2660 1420 sanctorum
2701 1367 2920 1421 Patrum
2970 1368 3128 1423 dictis
3173 1379 3357 1424 contra
3387 1372 3526 1425 illius
3557 1373 3658 1426 iui-

2087 1456 2230 1522 piam
2276 1453 2662 1523 professioncm
2709 1455 2900 1526 collegi
2939 1456 3222 1524 subjicere.
3255 1458 3407 1525 Quod
3434 1476 3568 1531 opus
3600 1463 3653 1515 iu

2089 1553 2319 1612 quatuor
2342 1544 2493 1597 libris
2529 1543 2953 1600 terminavimus.
2983 1545 3184 1601 Deinde
3208 1550 3482 1616 epistolam
3516 1551 3656 1606 illius

2092 1634 2336 1704 Elipandi
2365 1635 2432 1687 ad
2459 1631 2690 1687 Felicem
2718 1633 2985 1701 quondam
3015 1635 3156 1691 illius
3200 1636 3531 1692 defensorem
3573 1655 3656 1694 sc-

421 1726 588 1780 millia
633 1726 1112 1786 numerositatem;
1171 1725 1446 1796 ignorans,
1496 1731 1618 1794 qud
1649 1723 1829 1778 animo
1864 1724 1986 1792 quis
2018 1721 2062 1780 Β
2091 1734 2209 1787 etze,
2245 1739 2389 1778 nunc
2415 1738 2544 1778 vero
2574 1724 2682 1778 Deo
2715 1725 3290 1814 donante‘Christiame
3321 1728 3440 1783 ﬁdei
3466 1733 3657 1799 pacili-

421 1815 617 1869 bal:eat
661 1815 933 1870 stacttlum.
980 1815 1140 1869 Aliud
1181 1823 1265 1870 est
1310 1816 1510 1869 habere
1535 1815 1808 1877 sarculum,
1846 1813 1990 1868 aliud

405 1913 506 1959 .est
556 1904 738 1959 haberi
763 1920 793 1958 a
839 1905 1055 1959 saeculo.
1103 1904 1202 1959 Est
1236 1897 1531 1974 quilhabet
1568 1905 1781 1960 divitias
1807 1913 1989 1960 etnon

425 1994 607 2059 habet,
654 2004 738 2050 est
761 1994 852 2063 qui
886 2009 994 2048 non
1038 1995 1204 2050 habet
1243 2002 1297 2049 et
1330 1996 1511 2049 habet.
1553 1995 1832 2050 llominem
1862 2010 1992 2050 vero

427 2084 496 2139 ad
525 2100 705 2139 meum
734 2100 1008 2154 nnrtquam
1036 2086 1341 2156 comparavi
1370 2087 1668 2152 servitium,
1704 2088 1798 2142 sed
1824 2087 1993 2155 magis

425 2173 618 2230 devota
661 2176 925 2230 charitate
967 2177 1218 2250 omnibus
1265 2176 1466 2232 Christi
1513 2178 1603 2233 Dei
1646 2180 1751 2234 mei
1784 2178 1994 2234 famulis

422 2265 629 2319 servire
655 2265 1001 2332 desiderans;
1039 2268 1109 2322 ad
1135 2265 1288 2334 cujus
1314 2267 1519 2322 servitii
1548 2267 1884 2332 facultatem,
1915 2268 1995 2322 di-

425 2355 568 2416 vina,
624 2362 684 2407 ut
723 2355 920 2420 credo,
958 2345 1180 2422 ju‘beute
1223 2356 1634 2424 dispensatione,
1696 2358 1762 2412 ad
1798 2356 1997 2429 glorio-

426 2455 547 2494 sum
575 2449 633 2497 et
665 2445 812 2497 omni
845 2445 1048 2498 honore
1078 2445 1459 2500 nominandum
1489 2445 1647 2512 hujus
1677 2447 1821 2517 regni
1852 2448 1998 2516 prin-

427 2530 604 2601 cipem
643 2541 698 2587 et
737 2549 918 2604 regem
945 2532 1193 2588 Carolum
1217 2540 1440 2591 Vocatus
1464 2535 1674 2600 adveni,
1701 2537 1841 2590 sicut
1866 2537 1997 2590 mihi

427 2621 648 2691 quidam
690 2623 1061 2679 sanctissimus
1091 2624 1192 2689 vir,
1224 2625 1623 2695 prophetiazque
1649 2619 1836 2694 spiritu
1859 2641 1997 2695 pra:-

430 2710 592 2774 ditus,
618 2713 710 2767 Dei
734 2729 853 2779 esse
876 2715 1204 2769 voluntatem
1226 2717 1281 2769 in
1306 2730 1422 2770 mea
1448 2717 1768 2785 praedixerat
1790 2717 1995 2785 patria;

430 2799 597 2855 etiam
646 2809 702 2855 et
749 2812 810 2855 nt
850 2803 935 2856 vir
974 2803 1298 2858 venerabilis
1339 2812 1588 2873 totusque
1635 2806 1745 2859 Deo
1792 2805 2002 2858 deditus

435 2906 588 2948 meus
629 2893 758 2947 mihi
807 2894 1116 2948 mandatum
1159 2894 1383 2950 dederat
1429 2894 1704 2965 magister,
1746 2906 1802 2948 ut
1829 2896 1874 2948 si
1906 2895 2000 2949 ali'

436 2986 558 3040 cubi
605 3002 771 3042 novas
812 2989 1050 3042 audirem
1079 2990 1211 3044 oriri
1237 2999 1430 3055 sectas,
1462 2999 1516 3045 et
1543 2992 1849 3061 apostolicis
1871 2986 2001 3046 coni

435 3078 628 3131 trarias
674 3078 952 3144 doctrinis,
983 3095 1103 3135 mox
1140 3089 1442 3149 totumlme
1488 3082 1540 3136 in
1589 3082 1866 3159 catholica!
1904 3084 1996 3138 dc-

436 3164 678 3221 fensione
718 3168 840 3222 fidei
877 3169 1160 3224 dedissem.
1191 3170 1344 3240 Quod
1377 3173 1621 3240 quamvis
1665 3173 1733 3227 ob
1782 3173 2000 3241 imperi-

439 3254 572 3308 tiam
594 3257 877 3323 parvitatis
923 3272 1055 3311 mea:
1097 3241 1528 3313 minusiidoneus
1559 3256 1773 3322 faciam,
1815 3267 1997 3312 tamen

439 3346 833 3412 promptissima
875 3354 1078 3411 mente,
1116 3343 1373 3417 quantum
1408 3363 1494 3402 me
1523 3348 1696 3418 divina
1719 3348 1998 3418 'adjuverit

439 3435 632 3501 gratia,
676 3435 806 3489 huic
836 3437 1238 3504 pernecessario
1271 3438 1420 3506 operi
1449 3453 1534 3492 me
1561 3438 1865 3506 mancipare
1889 3447 2000 3491 stu-

440 3522 540 3577 deo
560 3533 680 3577 ctm't
711 3525 1017 3580 melioribus
1042 3525 1193 3600 meis,
1223 3527 1545 3596 optimisque
1573 3527 1826 3582 Ecclesia:
1849 3527 2002 3582 Chri—

442 3614 512 3666 sti
541 3612 868 3681 doctoribus,
900 3633 1125 3684 quormu
1156 3613 1295 3673 bona
1325 3621 1672 3685 abundantia,
1703 3634 1802 3691 per
1829 3620 2005 3673 diver-

440 3719 533 3760 sas
577 3704 774 3760 Christi
834 3708 1120 3771 Ecclesiae,
1172 3708 1226 3762 in
1283 3709 1386 3764 hoc
1437 3711 1688 3777 praesenti
1738 3709 2004 3778 reperitur

446 3809 625 3864 regno.
667 3795 777 3850 Nec
813 3812 881 3850 eo
919 3798 1053 3851 inihi
1092 3798 1266 3865 magis
1300 3798 1584 3852 tacendum
1611 3807 1713 3861 est,
1761 3799 2006 3866 quamvis

447 3883 693 3937 meliores
735 3885 866 3938 mihi
905 3886 1102 3939 habeat
1144 3886 1382 3940 Ecclesia
1412 3887 1507 3939 Dei
1541 3887 1806 3950 doctores,
1847 3894 2006 3952 atque

449 3974 566 4028 fidei
602 3973 876 4028 catholicm
918 3973 1243 4028 defensores.
1295 3975 1669 4044 Unusquisque
1709 3990 1810 4044 pro
1835 3990 1894 4029 se
1920 3991 2006 4028 ra-

447 4065 643 4118 tionem
687 4064 1006 4118 redditurus“
1042 4064 1166 4127 erit,
1212 4071 1266 4118 et
1313 4063 1569 4133 qui'plus
1619 4064 1846 4128 laborat,
1889 4063 2010 4133 plus

449 4153 709 4207 meri-edis
740 4153 983 4221 accipiet.
1015 4153 1236 4218 Idcirco,
1276 4154 1598 4208 sanctissimi
1631 4155 1815 4208 Patres
1852 4165 1903 4208 et
1932 4155 2013 4208 di—

447 4242 726 4299 lectissimi
779 4244 992 4306 fratres,
1047 4243 1228 4297 sedula
1278 4244 1572 4297 intentione
1621 4251 1782 4313 atque
1828 4241 2012 4297 indeli-

440 4335 625 4389 cienti-
647 4334 843 4390 sudore
868 4335 921 4387 in
949 4334 1330 4401 praedicatione
1358 4335 1505 4389 verbi
1537 4334 1630 4389 Dei
1657 4330 1723 4389 et
1768 4335 2012 4389 veritatis

452 4423 844 4487 testiﬁcatione,
875 4424 1165 4478 secundum
1186 4425 1414 4492 gratiam
1439 4424 1592 4479 vobis
1612 4439 1645 4477 a
1663 4425 1780 4485 Deo
1807 4426 2010 4485 datam,

451 4515 791 4569 devotissime
831 4513 1072 4567 laborate
1114 4531 1129 4565 ι
1177 4513 1494 4568 exhibentes
1547 4516 1898 4582 vosmetipsos
1958 4517 2010 4568 in

451 4604 851 4660 «iuvet-satione
885 4603 1129 4673 religiosa
1168 4604 1414 4658 omnibus
1450 4605 1774 4673 exemplum,
1814 4606 1868 4659 in
1895 4605 2013 4659 offi-

449 4693 540 4746 cio
562 4691 780 4762 pietatis
805 4693 1055 4747 omnibus
1081 4700 1278 4761 patres,
1316 4693 1370 4745 in
1409 4690 1661 4748 fraterna:
1711 4694 2013 4749 dilectionis

452 4779 816 4834 admonitione
864 4781 1116 4836 omnibus
1162 4780 1391 4844 fratres,
1445 4783 1499 4836 in
1544 4783 2011 4846 administratione

454 4880 599 4920 vera
631 4866 958 4922 humilitatis
1009 4871 1259 4923 omnibus
1306 4869 1480 4933 filios;
1533 4869 1784 4930 erratibus
1835 4873 2013 4927 omnia

457 4953 608 5017 facti,
636 4962 697 5006 ιιι
719 4954 1129 5012 ωιιιιιιιηιιιιιε
1157 4965 1214 5010 et
1234 4955 1510 5026 profectus
1537 4958 1590 5012 in
1620 4967 1817 5012 aeterna
1847 4960 2016 5014 beati-

457 5043 661 5107 tudine,
683 5040 839 5114 [Deo]
862 5043 1113 5110 donante,
1143 5046 1420 5116 multiplici
1450 5051 1542 5102 vos
1569 5049 1811 5102 mercede
1831 5039 2018 5115 dignos

455 5129 676 5190 efﬁciat.
707 5131 1042 5187 Incolumem
1078 5140 1134 5188 et
1168 5137 1534 5204 proficientem
1563 5139 1616 5192 in
1642 5139 2018 5207 prtedicatione

456 5221 969 5298 “aliafdivina
1011 5233 1243 5279 vestram
1271 5230 1610 5284 sanctitatem
1634 5222 1805 5300 gratia
1840 5240 2017 5285 custo-
2059 5259 2064 5262 -

455 5311 600 5376 dist;
622 5313 947 5372 Wimi
976 5313 1190 5369 iratres.

530 5459 559 5489 ι
585 5441 1053 5520 Ηιιιρξῑρὴωζξιη,
1077 5463 1169 5503 seu
1194 5451 1390 5520 prioris
1412 5454 1827 5509 additamentum
1856 5451 2020 5520 Quer-

455 5518 758 5591 eetanusdu
784 5518 1154 5591 fi_ae_iitorum
1196 5518 1453 5577 librorum
1498 5523 1752 5579 adversus
1804 5518 2019 5591 Elipan-

457 5589 589 5664 dttm
610 5587 870 5674 exhibuit.
898 5584 1178 5640 Rationem
1222 5592 1412 5645 mutati
1439 5607 1468 5646 a
1493 5593 1646 5646 nobis
1688 5584 1910 5657 ordinis,
1950 5607 2016 5646 ex

853 5677 1101 5742 ΡΑι-ιοι.
1157 5677 1255 5739 CI.

2088 1821 2364 1876 calorem;
2410 1811 2631 1881 ejusque
2668 1811 3036 1869 conversionis
3065 1817 3130 1869 ad
3157 1816 3312 1871 fidem
3340 1819 3656 1875 catholicam

2089 1899 2366 1970 epistolam
2390 1900 2664 1969 imponere
2698 1903 3022 1968 curavimus,
3054 1915 3319 1974 quatenus
3342 1923 3406 1962 ex
3435 1908 3517 1964 his
3546 1926 3659 1965 om-

2091 1991 2248 2044 tubus
2273 1991 2394 2058 pius
2442 1989 2609 2044 lector
2653 1990 2887 2062 seipsum
2931 1995 3237 2049 consideret
3262 2004 3314 2050 et
3349 2007 3552 2062 caveat,
3582 2001 3661 2054 di-

2090 2081 2212 2134 vina
2241 2079 2537 2150 cpitulaute
2560 2081 2753 2150 gratia,
2796 2097 2862 2135 ne
2901 2082 3090 2152 laqueo
3136 2084 3407 2155 ilispanici
3459 2091 3664 2146 erroris

2094 2178 2359 2225 teneatur.
2411 2169 2476 2224 Et
2505 2178 2565 2223 ut
2595 2171 2768 2233 video,
2803 2173 3034 2227 maxime
3059 2174 3212 2243 origo
3246 2176 3402 2243 hujus
3427 2179 3664 2247 perfidia:

2093 2261 2160 2312 de
2185 2258 2400 2312 Cordua
2428 2257 2647 2313 civitate
2674 2261 2956 2329 processit,
2998 2262 3137 2317 sicut
3173 2265 3225 2317 in
3267 2267 3488 2335 epistola
3525 2268 3667 2322 illius

2095 2347 2336 2418 Elipandi
2368 2349 2436 2403 ad
2465 2348 2696 2404 Felicem
2722 2350 3002 2420 przefatum
3051 2355 3257 2410 directa
3309 2358 3530 2430 intelligi
3566 2376 3663 2430 po.

2097 2447 2223 2503 test,
2256 2441 2382 2494 dum
2403 2441 2649 2495 eumdem
2675 2441 2907 2497 Felicem
2929 2445 3102 2500 adhuc
3128 2447 3208 2500 sui
3236 2449 3439 2503 erroris
3461 2451 3665 2506 catenis

2097 2530 2447 2584 constrictum
2474 2545 2594 2586 esse
2615 2532 2996 2587 arbitrabatur.
3044 2533 3150 2589 Sed
3196 2535 3304 2590 Deo
3343 2538 3531 2592 melius
3561 2539 3670 2606 ali-g

2098 2619 2226 2688 quid
2256 2619 2322 2674 de
2349 2635 2415 2674 eo
2439 2621 2802 2689 dispensante,
2833 2637 2928 2676 cor
2956 2622 3098 2676 illius
3129 2632 3186 2676 ut
3213 2623 3390 2679 lumen
3422 2629 3668 2682 veritatis

2099 2723 2396 2778 agnoscens
2438 2712 2641 2765 rediret
2680 2713 2734 2765 in
2784 2720 2983 2767 sanctze
3023 2715 3212 2769 matris
3259 2716 3510 2773 Ecclesia:
3551 2733 3671 2789 gre-

2103 2801 2289 2862 mium,
2323 2801 2457 2855 dans
2495 2801 2717 2871 gloriam
2765 2803 2896 2868 Deo,
2947 2806 3036 2873 qui
3076 2817 3357 2877 sperantes
3403 2811 3454 2865 in
3479 2827 3537 2866 se
3563 2827 3668 2866 non

2103 2889 2334 2954 deserit;
2382 2892 2520 2946 sicut
2550 2893 2603 2946 in
2633 2893 2744 2946 suis
2770 2893 2984 2959 litteris,
3033 2911 3168 2965 quas
3214 2900 3497 2954 adnectere
3541 2904 3667 2958 huic

2105 2989 2290 3035 nostro
2332 2983 2588 3049 opusculo
2633 2983 2794 3048 volui,
2834 2995 3054 3055 propter
3078 2987 3288 3043 laudem
3315 2993 3544 3066 nominis
3569 2994 3673 3047 Do-

2104 3071 2236 3125 mini
2268 3073 2436 3126 nostri
2465 3072 2588 3132 Jesu
2616 3073 2838 3137 Christi,
2888 3085 2941 3130 et
2968 3077 3192 3133 salutem
3224 3080 3534 3150 legentium,
3561 3099 3674 3137 ma-
3758 3137 3760 3142 .

2101 3159 2295 3214 nifeste
2336 3161 2601 3230 intelligit,
2649 3163 2738 3231 qui
2785 3165 2965 3218 sobrio
3003 3181 3162 3220 sensu
3212 3171 3425 3224 easdem
3465 3171 3673 3226 litteras

2101 3248 2278 3316 legere
2327 3258 2483 3303 curat
2510 3267 2521 3300 :
2551 3258 2816 3317 quatenus
2857 3253 2903 3305 si
2949 3254 3071 3320 quis
3114 3255 3319 3310 dubitet
3361 3259 3423 3312 dc
3465 3261 3672 3313 ratione.

2099 3339 2380 3394 catholicae
2411 3340 2552 3402 fidei,
2596 3341 2739 3396 illius
2764 3343 2992 3413 religiosi
3015 3347 3123 3415 «viri
3153 3356 3205 3401 et
3231 3352 3408 3419 magni
3439 3368 3672 3407 nouums

2103 3430 2244 3483 inter
2287 3445 2413 3484 suos
2456 3431 2678 3485 edoctus
2720 3433 2980 3503 exemplo,
3030 3437 3144 3491 sine
3188 3439 3293 3493 ulla
3345 3443 3673 3499 dubitatione

2103 3519 2425 3572 universalis
2465 3518 2719 3574 Ecclesia:
2751 3538 2980 3591 sequens
3005 3529 3367 3588 concordiam,
3417 3531 3592 3586 laudet
3618 3543 3675 3586 et

2103 3610 2360 3677 przedicet
2400 3610 2824 3667 misericordiam
2869 3613 2960 3666 Dei
2995 3616 3407 3682 omnipotentis,
3442 3620 3531 3688 qui
3567 3635 3671 3672 non

2105 3698 2214 3750 uult
2261 3707 2478 3750 mortem
2522 3701 2826 3766 peccatoris,
2865 3700 2956 3752 sed
3002 3709 3056 3753 ut
3103 3712 3430 3756 convertatur
3460 3716 3506 3758 et
3537 3709 3675 3760 vivat

2108 3788 2324 3858 (Each.
2370 3804 2562 3852 xxxiii,
2594 3789 2702 3860 ll).
2741 3790 2850 3844 Vos
2889 3807 3040 3857 vero,
3089 3793 3420 3850 dilectissimi
3461 3797 3673 3862 fratres,

2108 3878 2288 3932 sedula
2318 3879 2599 3934 devotione
2629 3880 2885 3951 perlegite
2912 3883 3025 3938 haec
3051 3887 3253 3952 omnia,
3281 3889 3589 3959 priusquam
3620 3893 3674 3944 in

2108 3968 2353 4036 publicas
2395 3971 2686 4037 procedere
2732 3988 2889 4028 aures
2940 3977 3130 4031 harum
3170 3979 3336 4032 series
3381 3980 3678 4037 littemrum

2112 4058 2336 4112 faciatis.
2368 4060 2481 4127 Ego
2504 4061 2765 4130 siquidem
2796 4063 2849 4118 in
2874 4067 3172 4134 procinctu,
3198 4068 3266 4122 ob
3287 4069 3450 4122 vestri
3473 4070 3682 4126 itineris

2112 4150 2533 4216 festinationem,
2567 4151 2679 4206 hzec
2704 4152 3094 4223 qualiacunque
3145 4164 3290 4222 sunt,
3328 4157 3556 4224 ',dictavl,
3602 4160 3679 4215 ita

2111 4203 2185 4294 ut
2201 4203 2341 4294 mihi
2364 4203 2583 4310 capi.
2610 4203 3674 4311 eam?:J‘;...;;;;.i;‘;.;;;’ei;

2029 4329 2084 4392 '_
2117 4330 2384 4392 idoneum,
2430 4337 2623 4383 vestrae
2668 4330 2950 4386 charitatis
2995 4340 3278 4388 contentus
3312 4333 3687 4391 tantummodo

2045 4382 2092 4440 θ
2116 4419 2342 4473 lectione
2372 4426 2533 4486 atque
2562 4419 2955 4474 emendatione.
2991 4418 3046 4474 Si
3075 4421 3291 4490 dignum
3335 4432 3524 4477 vestrae
3557 4437 3685 4478 eon-

2113 4509 2426 4564 siderationi
2481 4508 2756 4570 videatur,
2814 4508 3053 4577 fraterno
3099 4512 3364 4566 ostendite
3417 4521 3682 4566 conventu

2116 4596 2285 4668 [Leg.,
2317 4599 2657 4670 eonventui]:
2689 4599 2771 4652 sin
2823 4608 3000 4653 autem
3043 4598 3143 4654 sub
3181 4601 3385 4669 gremio
3427 4599 3682 4667 piissimzr.

2113 4688 2398 4744 charitatis
2451 4697 2644 4744 vestra:
2694 4690 3025 4754 abscondite,
3090 4691 3261 4745 donec
3313 4689 3458 4743 omni
3509 4689 3679 4761 [Leg.,

2116 4779 2414 4850 communi]
2443 4778 2668 4836 consilio
2697 4788 3008 4844 tractemus,
3045 4779 3172 4848 quid
3201 4778 3267 4832 de
3294 4778 3395 4832 hoc
3422 4780 3682 4850 agendum

2117 4871 2388 4938 sitopere.
2423 4853 2624 4922 Tamen
2677 4867 2906 4926 firmiter
2947 4871 3150 4948 absque
3199 4865 3306 4948 ulla
3354 4866 3684 4948 dubitatione

2117 4951 2426 5016 sanctorum
2457 4959 2742 5028 sequimini
2767 4944 2996 5032 vestigia.
3015 4957 3254 5021 Patrum,
3274 4941 3338 5012 Oet
3367 4941 3682 5013 catholicam

2121 5051 2298 5113 fidem,
2330 5047 2488 5118 (piam
2527 5048 2709 5102 multis
2738 5033 3041 5102 roboratam
3072 5047 3391 5101 testimoniis
3424 5047 3682 5116 aspicitis,

2122 5143 2299 5194 tenete
2328 5133 2384 5191 c't
2405 5135 2694 5208 pratdieate
2719 5135 2740 5187 ξ
2766 5149 2865 5188 nec
2894 5121 3116 5212 inritum
3157 5127 3554 5202 considerantes
3586 5135 3687 5189 im-

2124 5229 2310 5298 perita:
2348 5227 2542 5297 lingua:
2580 5226 2634 5278 in
2673 5213 3130 5302 meta’rdita'tem,
3160 5217 3416 5292 quantum
3439 5221 3506 5289 .ln
3539 5222 3688 5289 testi-

2127 5317 2320 5372 moniis
2339 5315 2560 5370 Patrum
2586 5311 2868 5367 catholica:
2892 5310 3014 5366 fidei
3038 5311 3341 5365 veritatem.
3373 5305 3478 5362 Sed
3507 5317 3561 5363 et
3586 5308 3688 5363 hoc

2127 5456 2240 5522 ipso
2291 5449 2448 5517 hujus
2494 5450 2841 5522 add_t_tamenti
2890 5443 3490 5522 tenore_deprom_ptam
3593 5441 3689 5498 dc-

2127 5471 2240 5507 lSO
2293 5471 2448 5517 [Ill]!!!
2494 5471 2841 5505 auuttamutu
2890 5471 3074 5500 tenari:
3124 5471 3480 5522 ucptvmluau:

2127 5471 2302 5576 (fimus
2320 5534 2480 5589 supra
2505 5519 2560 5589 in
2583 5517 2789 5589 Manilo
2810 5515 3030 5589 pretio,
3054 5511 3480 5589 circ-autemnon.

2199 5591 2225 5630 δ
2253 5580 2406 5642 Διιηό
2427 5587 2548 5656 799,
2566 5588 2688 5641 dum
2713 5580 2886 5655 primo
2912 5584 3049 5637 irent
3071 5582 3123 5634 in
3154 5580 3483 5652 Hispaniam.

3227 5670 3268 5729 8
