4238 6234
562 391 666 448 255
1407 384 1463 438 Β.
1503 385 1564 439 F.
1605 385 1828 440 ALBINI
1869 383 1997 438 SEU
2039 379 2308 445 ALCUl-Nl
2347 377 2625 441 OPERUM
2659 379 2837 441 PARS
2876 380 2960 439 Ill.
3693 376 3803 431 355

566 503 915 567 considerate,
956 516 1024 554 an
1063 499 1161 553 has
1201 486 1350 553 vobis
1395 499 1524 553 utile
1568 499 1812 560 videatur
1862 495 2127 550 litterulas
2156 499 2202 556 Α
2230 478 2396 565 igitur
2435 495 2503 554 ab
2550 496 2663 563 ipso
2712 496 2818 553 Deo
2861 496 2952 550 Dei
3001 494 3133 553 Filio
3165 495 3452 564 pranlicata
3473 507 3556 550 est
3585 496 3640 550 iu
3669 497 3806 551 duo-

567 593 836 664 llispanire
863 587 1118 644 fratribus
1147 588 1398 657 dirigere,
1431 587 1478 641 si
1508 585 1646 640 forte
1678 574 2014 655 '0pportunus
2047 599 2136 638 oc-

567 665 752 742 currat
788 682 939 735 vobis
976 680 1229 749 portitor.
1277 677 1410 752 illud
1441 689 1652 745 quoque
1675 676 1828 731 vobis
1851 688 2136 730 onerosum

572 791 676 830 nun
700 773 960 834 videatur,
995 777 1283 838 antequam
1307 769 1372 821 de
1401 768 1616 821 civitate
1645 768 1802 830 eatis,
1828 775 1887 820 ut
1907 764 2139 832 iubeatis

573 867 739 935 ligare
783 872 837 916 et
879 861 1180 921 involvere,
1237 867 1292 913 et
1335 860 1386 912 in
1439 855 1660 912 moduni
1697 857 1856 911 unius
1899 856 2140 923 corporis

571 965 891 1021 componere
958 949 1056 1002 has
1114 948 1534 1016 quaterniones;
1601 960 1668 999 ne
1718 952 1861 998 sorte
1910 944 2139 1012 sparsim

573 1020 741 1109 rapta:
786 1039 1159 1106 dispergantur
1184 1052 1279 1105 per
1307 1051 1499 1089 manus
1527 1033 1835 1101 legentium,
1873 1032 1955 1086 vel
1984 1020 2142 1084 forsi-

575 1143 666 1186 tan
696 1130 1040 1184 invidentium
1085 1127 1284 1182 nomini
1310 1141 1467 1187 meo;
1507 1125 1601 1178 sed
1625 1125 1778 1191 quasi
1810 1138 1971 1176 tinum
1998 1121 2142 1176 codi-

573 1236 688 1276 cem
738 1220 930 1271 habete
977 1217 1091 1270 hzec
1141 1214 1318 1267 omnia
1367 1213 1570 1282 pariter
1619 1212 1948 1280 composita;
1999 1217 2055 1263 et
2097 1209 2140 1265 si

573 1309 808 1378 quolibet
831 1292 1062 1374 dirigere
1102 1302 1282 1364 vultis,
1333 1301 1600 1355 Scribatur
1626 1309 1680 1353 et
1718 1299 1994 1362 mittatur;
2029 1298 2141 1354 haec

572 1415 703 1452 vero
731 1397 854 1466 pars
893 1397 1167 1449 vobiscum
1214 1403 1451 1455 maneat,
1481 1393 1650 1445 donec
1685 1391 1895 1444 volente
1923 1389 2032 1443 Deo
2059 1404 2144 1441 re-

575 1489 782 1543 versuri
811 1487 928 1542 sitis
961 1487 1026 1540 ad
1067 1500 1183 1561 nos.
1227 1484 1401 1537 Etiam
1431 1481 1625 1534 litterae
1653 1496 1750 1548 pro
1779 1495 1864 1533 me
1894 1477 2145 1532 fraternis

574 1579 722 1648 loqui
748 1585 969 1647 possunt
1011 1575 1252 1636 auribus,
1285 1573 1329 1625 si
1357 1587 1448 1626 eas
1474 1571 1757 1625 ostendere
1784 1568 1867 1623 vel
1894 1569 1944 1621 in
1974 1566 2146 1635 publi—

577 1682 699 1722 cum
728 1665 1016 1736 procedere
1059 1673 1252 1718 vestrm
1288 1663 1492 1731 placeat
1530 1659 1847 1732 prudentim.
1877 1656 2146 1724 Quidquid

575 1759 631 1812 in
671 1757 750 1810 eis
791 1755 1030 1809 veritatis
1079 1752 1453 1822 astipulatione
1495 1747 2143 1809 roboratuminvcnietis,

2235 583 2336 643 bus
2364 582 2585 636 minutis
2605 583 2955 652 panper-rimae
2983 583 3153 640 viduae
3175 584 3516 652 sanctissima
3539 586 3753 640 devotio
3784 603 3800 640 :
3825 609 3828 614 τ
3865 648 3870 652 η

2235 686 2341 724 non
2375 685 2472 741 ego
2499 671 2602 726 duo
2632 671 2837 732 minuta
2865 675 2919 726 in
2949 671 3203 742 templum
3232 671 3473 728 Romano
3497 674 3799 742 periturum

2237 759 2483 814 inccndio
2517 759 2718 823 defero,
2751 761 2845 816 sed
2865 761 2970 819 duo
3010 777 3200 829 magna
3239 769 3501 831 praecepta
3527 761 3807 818 cliaritatis

2237 850 2290 904 in
2322 850 2574 918 templum
2604 851 2698 910 Dei
2727 852 2854 916 vivi,
2882 852 3113 906 animam
3138 851 3344 912 scilicet
3368 852 3685 907 sacerdotali
3725 853 3806 908 di-

2238 941 2438 1010 gnitate
2461 941 2866 1010 prmrogativam
2896 940 3098 1012 [Forte,
3133 949 3188 996 et
3217 942 3572 1012 prmrogativa
3608 944 3802 1012 praedi-

2239 1029 2371 1102 tam]
2403 1030 2588 1085 θίγοι-ο.
2642 1031 2749 1086 Nec
2774 1031 2854 1085 fas
2882 1040 2966 1087 est
2990 1033 3248 1088 vilitatem
3277 1031 3469 1104 [Edit.,
3492 1033 3802 1104 utilitatem]

2237 1121 2511 1176 offerentis
2531 1106 2800 1190 spernere,
2824 1124 2917 1180 sed
2937 1123 3352 1193 magnitudinem
3376 1123 3614 1178 muneris
3632 1126 3810 1181 consi-

2241 1211 2578 1265 derare.‘Tu
2625 1212 2767 1265 enim
2816 1225 2906 1275 es,
2955 1212 3290 1266 sanctissime
3342 1212 3573 1280 praesul,
3608 1213 3811 1267 civitas

2241 1318 2401 1371 Super
2421 1310 2652 1356 montem
2668 1303 2862 1371 posita,
2880 1316 2996 1370 qum
3019 1301 3320 1379 nullatenus
3341 1302 3593 1356 abscondi
3610 1307 3806 1371 potest,

2240 1393 2391 1460 cujus
2427 1408 2611 1448 murus
2653 1409 2984 1462 nequaquam
3032 1393 3189 1447 debet
3234 1393 3503 1447 insidiosis
3547 1394 3808 1447 cuniculis

2243 1481 2526 1549 cujuslibet
2562 1481 2796 1550 perﬁdia:
2829 1482 3022 1536 alicubi
3050 1481 3342 1550 perforari,
3379 1483 3470 1536 sed
3499 1483 3810 1537 ﬁrmissimo

2243 1573 2518 1628 catholith
2549 1573 2667 1626 fidei
2695 1573 2986 1627 munimine
3020 1587 3083 1625 ex
3115 1573 3258 1626 omni
3287 1583 3439 1641 parte
3465 1573 3804 1634 circumdari,

2244 1670 2302 1716 ut
2329 1662 2753 1731 inexpugnabilis
2781 1663 3012 1730 undique
3049 1663 3114 1714 ad
3153 1662 3373 1716 salutem
3417 1664 3579 1717 totius
3610 1664 3808 1734 pepuli,

2246 1751 2418 1818 quiin
2457 1759 2508 1804 te
2538 1751 2752 1820 gaudet,
2785 1757 2840 1804 et
2878 1751 2946 1805 ad
2987 1751 3062 1807 tui
3102 1752 3211 1805 oris
3253 1752 3530 1821 imperium
3570 1739 3808 1822 respicit,

576 1847 668 1900 Dei
692 1848 888 1900 donum
915 1854 1033 1898 cst:
1065 1844 1108 1897 si
1138 1842 1264 1910 quid
1292 1856 1470 1902 secus,
1501 1837 1644 1906 quod
1672 1837 1830 1899 absit,
1859 1835 2141 1903 inSpicitis,
2181 1840 2219 1896 Β
2246 1847 2572 1908 permaneat.
2618 1839 2726 1892 Nec
2765 1839 2893 1892 mibi
2928 1848 3027 1900 est,
3074 1839 3230 1893 Pater
3263 1844 3480 1908 Optime,
3531 1851 3707 1898 tecum
3755 1845 3807 1898 in

577 1935 875 2006 ignorantis
903 1933 1064 1985 animi
1096 1930 1402 2000 cognoscite
1439 1941 1698 1981 errorem.
1743 1925 1802 1978 lu
1840 1925 1944 1978 illis
1979 1926 2142 1978 totius

576 2023 830 2077 bonitatis
872 2021 1084 2074 laudate
1139 2018 1468 2087 largitorem,
1516 2016 1567 2069 in
1616 2013 1735 2068 istis
1775 2013 2017 2066 fraterno
2053 2027 2144 2081 pu-

575 2114 714 2169 mice
757 2112 1007 2181 corrigite
1050 2110 1388 2180 scriptorem.
1421 2106 1705 2173 Patienter
1731 2105 1876 2158 enim
1902 2104 1991 2172 pia
2022 2105 2146 2160 cha-

577 2207 708 2260 ritas
737 2203 1096 2258 columbinum
1123 2201 1345 2254 suilerrc
1371 2200 1528 2256 debet
1555 2197 1790 2260 Oculum,
1822 2197 1960 2248 sicut
1983 2195 2142 2264 863

574 2296 866 2365 prudenter
905 2294 1235 2361 serpentium
1282 2291 1486 2344 evitare
1526 2290 1740 2342 dentem
1781 2300 2001 2352 necesse
2043 2293 2142 2338 cst.

578 2385 869 2453 Quatrenda
909 2394 990 2437 est
1036 2385 1232 2451 ubique
1279 2382 1425 2436 omni
1470 2380 1725 2436 instantia
1767 2392 2142 2433 conservorum

487 2495 498 2504 ο
577 2473 721 2532 salus
765 2482 1088 2534 nostrorum,
1133 2473 1246 2525 sive
1274 2472 1323 2522 in
1365 2471 1748 2540 praedicatione
1778 2468 2142 2536 praesentium,

577 2566 690 2618 sive
737 2564 790 2617 in
831 2563 1132 2616 litterarum
1172 2561 1546 2616 exhortatione
1591 2559 1916 2619 absentium,
1960 2564 2147 2613 utne-

579 2656 708 2710 mini
758 2655 895 2710 desit
933 2657 996 2708 ad
1042 2671 1138 2709 nos
1179 2654 1563 2722 pertinentium
1612 2661 1809 2706 nostra:
1854 2650 2147 2704 devotionis

579 2744 815 2810 allectus,
831 2746 881 2798 in
906 2745 1172 2798 desiderio
1190 2751 1459 2812 perpetua:
1474 2741 1842 2810 prOSperitatis
1864 2749 1916 2793 et
1936 2738 2144 2792 salutis.

857 2865 881 2892 ⁸
922 2854 1250 2910 EPlSTOLA
1287 2852 1509 2905 ALBlNl
1548 2850 1870 2905 ll-lAGlSTRl

792 2966 857 3002 an
902 2961 1200 3000 ELIPANDUM
1253 2958 1567 2998 accensus:
1621 2956 1931 3001 EPISCOPUM,
2008 2930 2012 2934 ’

892 3037 1264 3092 (Σοὶ-ιονιαῑοϊία
1299 3035 1352 3088 in
1391 3035 1653 3087 catholica
1691 3032 1812 3085 fide.

554 3125 875 3184 'Vencmlnli
905 3137 953 3180 et
992 3127 1044 3178 in
1079 3121 1268 3178 Christi
1303 3123 1553 3175 clmritate
1590 3119 1802 3174 amabili
1842 3116 1991 3169 Patri
2033 3117 2146 3169 Eli-

647 3178 817 3266 pando
864 3197 1118 3266 episcopo,
1169 3192 1527 3245 ecclesiastica:
1566 3190 1708 3260 pacis
1746 3188 1886 3255 ﬁlius
1927 3185 2144 3239 Albinus
2172 3167 2215 3228 Ο

622 3301 626 3304 ν
648 3264 800 3319 levita
846 3264 1082 3317 salutem.

651 3376 690 3429 l.
737 3373 999 3429 Perfcetio
1026 3372 1275 3427 fraterna:
1295 3370 1575 3426 charitatis
1597 3370 1649 3424 in
1677 3369 1935 3438 gremium
1957 3367 2144 3436 pacili-

583 3483 655 3521 ez
688 3465 836 3536 [ϐοά.
879 3465 1080 3529 Paris.,
1117 3464 1169 3516 in
1210 3462 1471 3533 gremium
1510 3461 1658 3530 pacis
1702 3458 1883 3529 atque]
1929 3459 2148 3511 unitatis

583 3558 778 3612 inultos
822 3557 1068 3624 colligere
1112 3555 1313 3608 amicos
1355 3554 1546 3624 gaudet
1585 3551 1771 3622 [Ibid.,
1813 3550 2150 3604 concorditer

582 3645 816 3717 gaudet'l,
843 3653 896 3698 et
923 3646 1186 3712 quoddam
1215 3644 1506 3696 arbitratur
1535 3657 1655 3697 esse
1682 3640 2015 3709 dispendium
2046 3639 2146 3691 sibi

583 3739 705 3808 ipsi,
735 3739 777 3790 si
811 3752 910 3788 non
941 3736 1171 3803 seipsum
1200 3733 1358 3784 latius
1387 3731 1761 3785 commendare
1784 3730 1962 3785 studet
1983 3729 2053 3781 ad
2071 3730 2148 3780 vi-

585 3841 674 3882 ros
703 3825 891 3878 famosi
919 3825 1149 3882 nominis
1179 3837 1233 3875 et
1262 3822 1487 3874 laudate
1514 3820 1748 3889 pietatis,
1777 3827 1837 3880 ut
1865 3819 1932 3872 sit
1962 3818 2148 3874 unani-

585 3918 743 3969 mitas
811 3915 1062 3983 spiritalis
1130 3926 1270 3966 verre
1334 3910 1671 3974 dilectionis,
1725 3909 1849 3963 licet
1905 3909 2146 3978 quaedam

588 4005 700 4077 [sit]
746 4005 1010 4074 separatio
1053 4002 1344 4070 cm-poralis
1388 4001 1626 4054 visionis.
1675 4000 1798 4055 [Lee
1838 4016 1953 4053 mea
1993 3999 2143 4070 [ϐοά.

588 4092 804 4157 Paris.,
859 4089 1087 4159 meeum]
1152 4089 1455 4157 diligentius
1512 4090 1855 4146 considerans
1913 4091 2149 4159 parvitas

589 4182 770 4252 “biit,
801 4182 1037 4250 parvitas
1075 4176 1236 4246 mea],
1277 4177 1538 4243 meipsum
1567 4178 1928 4237 sacrosanctis.
1961 4185 2149 4231 vestra:

587 4273 932 4328 beatitudinis
967 4268 1318 4332 orationibus,
1346 4267 1524 4320 multis
1568 4268 1836 4334 precibus,
1877 4268 1959 4320 vir
1993 4282 2166 4319 vene-.

588 4364 769 4421 rande,
802 4359 1106 4434 diligentius
1133 4357 1512 4418 commendare
1557 4355 1754 4410 studui.
1802 4353 1946 4422 Opus
1976 4352 2144 4424 [ϐοά.

595 4450 787 4511 Paris,
817 4445 1040 4515 Optans]
1066 4487 1080 4509 ,
1112 4455 1287 4502 vestra
1313 4446 1652 4512 sanctissima,
1680 4444 1964 4499 dilectione
1993 4445 2146 4496 auxi-

590 4540 751 4593 liante
777 4537 964 4608 [Ibtd.,
992 4535 1100 4590 Deo
1134 4535 1466 4606 auxiliante],
1506 4535 1769 4604 prolicere
1813 4534 1878 4588 ad
1922 4534 2147 4588 salutem

590 4630 778 4682 animae
808 4642 955 4690 mem,
987 4634 1044 4680 ut
1068 4634 1120 4678 et
1147 4633 1325 4679 vestra
1354 4639 1562 4681 merces
1584 4639 1652 4676 ex
1683 4625 1865 4675 nostro
1895 4631 2149 4690 augeatur

590 4716 849 4784 profectu,
880 4723 936 4768 et
959 4729 1074 4767 mea
1099 4713 1374 4783 diligentia
1394 4714 1547 4766 bonae
1575 4711 1863 4766 voluntatis
1890 4710 2039 4762 vobis
2061 4711 2148 4762 ali-

590 4805 715 4870 quid
745 4801 982 4858 conferat
1009 4802 1061 4853 in
1089 4803 1363 4855 cbaritatis
1388 4801 1559 4855 ollicio
1591 4816 1604 4852 :
1633 4806 1898 4867 quatenus
1927 4797 2150 4855 Domino

594 4895 700 4946 Deo
731 4901 910 4946 uestro
942 4889 1066 4944 Jesu
1097 4886 1310 4942 Christo
1345 4899 1536 4944 vestrm
1577 4887 1896 4942 humilitatis
1928 4885 1986 4938 in
2017 4885 2148 4941 dile-

594 4980 766 5035 ctione
787 4977 1021 5032 fraterna
1049 4977 1458 5037 communicatio
1475 4977 1712 5044 placeat,
1737 4985 1796 5032 et
1810 4983 2006 5032 nostra:
2033 4989 2154 5043 par-

594 5067 773 5121 vitatis
813 5067 867 5120 in
906 5064 1074 5123 salute
1107 5052 1394 5123 multorum
1436 5063 1778 5132 acceptabilis
1814 5063 1880 5122 sit
1921 5063 2149 5119 devotio.

593 5158 942 5226 Consequitur
966 5157 1114 5212 enim
1137 5153 1289 5228 [ϐοά.
1328 5153 1471 5219 σοι,
1493 5152 1713 5209 Constat
1731 5153 1897 5224 enim]
1919 5165 2150 5211 vestram

595 5247 930 5303 dilectionem
965 5258 1154 5311 magna
1187 5243 1544 5299 remuneratio
1569 5241 1707 5309 apud
1739 5239 1916 5297 Deum
1949 5253 2005 5302 et
2040 5243 2153 5313 plu-

595 5337 727 5392 rima
753 5337 891 5392 inter
914 5331 1425 5397 homineslaudatio,
1455 5330 1500 5385 si
1529 5329 1976 5387 fraterniconsilii
1994 5333 2047 5388 in
2071 5347 2156 5386 ec-

596 5423 890 5482 tlesiastiea
911 5435 1046 5494 pace
1058 5434 1168 5473 non
1193 5418 1544 5486 dedignemini
1573 5417 1809 5487 recipere
1831 5419 2149 5487 profectum.

667 5565 689 5588 δ
727 5551 781 5602 ln
820 5551 934 5607 cod.
971 5549 1090 5617 Vat.
1122 5548 1306 5617 titulus
1335 5565 1346 5598 :
1377 5545 1607 5617 Epistula
1643 5549 1825 5612 Albini.
1847 5549 2156 5612 Turonensis

599 5620 795 5670 abbatis
826 5620 896 5688 ad
924 5616 1218 5686 Elipantzmt
1249 5615 1888 5688 Toleta'numepirwpum.
1930 5619 1986 5672 In
2018 5622 2148 5673 codi-

600 5705 660 5741 ce
707 5703 827 5743 vero
877 5687 1457 5758 i’arisiensizEps'stola
1505 5686 1674 5740 Albini
1722 5686 1790 5741 ad
1832 5687 2160 5758 .dz'lipantum

2245 1925 2345 1978 hac
2373 1925 2653 1993 parvitatis
2681 1941 2811 1980 ntere
2835 1927 3076 1982 chartula
3108 1928 3423 1997 disceptatio
3440 1924 3703 1994 sublimis,
3717 1931 3811 1986 sed

2207 2015 2210 2018 ’
2243 2015 2561 2083 supplicatio
2582 2016 2819 2079 humilis,
2840 2017 3037 2072 obnixe
3057 2018 3367 2084 deprecans,
3388 2027 3447 2072 ut
3464 2022 3810 2089 apostolicam

2242 2104 2538 2158 doctrinam
2568 2105 2621 2157 in
2661 2105 2924 2160 catholica
2952 2108 3154 2162 unitate
3183 2114 3423 2176 etpace,
3472 2117 3581 2163 tota
3616 2113 3814 2169 mentis

2245 2196 2536 2251 intentione
2567 2199 2816 2266 consequi
2846 2193 3080 2264 studeas,
3106 2209 3159 2253 et
3184 2201 3378 2267 popqu
3407 2202 3500 2256 tibi
3525 2204 3813 2259 commisso

2244 2283 2318 2337 sis
2336 2283 2554 2359 signifer
2576 2286 2641 2339 ad
2661 2283 2998 2355 sempiternae
3018 2288 3362 2346 beatitudinis
3376 2293 3806 2361 prosperitatem.

2245 2374 2514 2430 Necnova
2543 2377 2790 2445 quaelibet
2818 2380 3032 2436 nomina
3062 2383 3347 2450 permittas
3382 2380 3624 2452 paternis
3648 2385 3813 2441 inseri

2245 2465 2650 2531 traditionibus;
2681 2467 2776 2521 sed
2802 2467 3056 2536 quidquid
3084 2472 3385 2541 evangelica
3413 2474 3726 2537 auctoritas,
3754 2484 3812 2528 et

2246 2555 2535 2622 apostolica
2566 2556 2812 2625 dignitas,
2845 2565 2898 2611 et
2919 2567 3141 2624 paterna
3170 2563 3443 2626 sanctitas,
3475 2573 3532 2617 et
3547 2563 3809 2618 catholica

2246 2641 2422 2702 unitas
2449 2650 2545 2704 tibi
2576 2651 2797 2704 suadeat
2821 2650 2886 2704 de
2923 2651 3140 2706 Christo
3180 2653 3374 2716 dicere.
3428 2655 3504 2707 vel
3539 2653 3812 2716 Christum

2247 2738 2544 2802 nominare,
2575 2740 2675 2793 hoc
2699 2739 2907 2808 placeat
2932 2741 3205 2798 sanctitati
3246 2751 3347 2795 tua:
3384 2758 3582 2806 amare,
3625 2744 3816 2813 prtuli-

2248 2844 2370 2883 eare
2418 2837 2471 2882 et
2513 2831 2770 2884 credere:
2814 2846 2915 2884 nec
2952 2846 3146 2886 novum
3183 2833 3482 2902 adeptionis
3525 2850 3717 2891 nomen
3758 2836 3811 2888 in

2248 2918 2478 2983 Christo,
2506 2928 2559 2974 et
2585 2921 2652 2974 ab
2679 2921 2829 2979 initio
2855 2921 3159 2989 apostolice
3189 2925 3582 2991 pri‘cdicationis
3612 2926 3809 2979 mundo

2252 3011 2563 3073 inauditum,
2601 3011 2882 3078 permittas
2909 3013 3107 3070 scitari.
3145 3014 3224 3065 vel
3255 3014 3379 3082 legi,
3419 3014 3500 3068 vel
3533 3016 3812 3082 praedicari

2249 3098 2568 3155 Christianis
2595 3099 2833 3154 auribus.

2315 3189 2378 3242 ll.
2417 3187 2664 3258 Legimus
2702 3189 2844 3244 enim
2884 3189 2938 3243 in
2979 3190 3215 3266 epistolis
3259 3191 3401 3253 beati
3449 3191 3656 3254 Felicis,
3708 3195 3807 3250 viri

2246 3281 2450 3336 scilicet
2480 3281 2742 3347 religiosae
2779 3281 2903 3334 vitae
2930 3283 3178 3349 praecipui
3211 3292 3264 3337 et
3292 3283 3576 3342 sanctitate
3601 3296 3816 3354 specta.-

2245 3370 2390 3434 bilis,
2421 3371 2462 3424 si
2490 3371 2809 3427 catholicam
2835 3370 2991 3430 fidem
3012 3382 3065 3424 et
3085 3373 3502 3432 ecclesiasticam
3528 3375 3812 3441 unitatem,

2247 3461 2363 3513 sine
2383 3475 2481 3526 qua
2497 3460 2671 3521 nullus
2694 3461 2801 3514 Deo
2813 3460 3021 3527 placere
3041 3471 3232 3529 potest,
3250 3479 3431 3521 amare
3445 3473 3501 3519 et
3526 3465 3818 3532 praedicare

2246 3547 2403 3612 velit;
2432 3548 2557 3602 dicit
2586 3549 2781 3616 itaque,
2813 3567 2829 3598 ι
2857 3559 3074 3617 propter
3101 3553 3518 3620 assumptionem
3541 3553 3812 3612 Christum

2247 3654 2363 3694 esse
2399 3639 2704 3706 adoptivum
2732 3659 2744 3692 :
2770 3660 2786 3690 ι
2830 3642 3010 3697 minus
3045 3643 3412 3708 considerans,
3453 3662 3558 3701 non
3601 3661 3816 3700 onlnem

2248 3731 2666 3797 assumptioncm
2704 3726 2866 3797 864
2910 3729 3246 3796 adoptionem
3293 3748 3431 3795 esse,
3481 3735 3601 3789 licet
3639 3739 3815 3790 omnis

2248 3816 2463 3884 adOptio
2486 3817 2724 3883 qtccdam
2762 3817 2830 3870 sit
2859 3827 3095 3886 assnmpt
3117 3836 3167 3874 ο.
3217 3819 3436 3890 Legitur
3473 3822 3624 3893 [Cod.
3652 3823 3811 3888 -Vat.,

2249 3905 2520 3976 Legimus]
2555 3906 2608 3960 iu
2655 3905 2942 3974 Evangelio
2971 3909 3195 3974 Petrum
3215 3914 3509 3978 apostolum
3543 3913 3812 3970 Christum

2247 3998 2597 4065 assumpsisse
2619 4006 2673 4050 ct
2707 3997 3013 4067 increpasse
3035 3997 3244 4068 (Manli.
3293 4020 3398 4068 xvi,
3439 4006 3556 4075 9.9.);
3601 4021 3698 4062 nec
3732 4008 3814 4062 fas

2247 4098 2328 4142 est
2368 4088 2485 4140 ideo
2514 4103 2635 4146 eum
2667 4097 2851 4155 putare
2898 4090 2996 4142 sibi
3040 4092 3090 4143 in
3135 4092 3298 4148 tilium
3348 4096 3646 4164 adoptasse,
3689 4099 3813 4165 quia

2247 4177 2598 4246 assumpsisse
2643 4192 2764 4231 cum
2805 4178 3019 4232 dicitur.
3071 4182 3201 4240 item
3239 4185 3290 4236 in
3346 4186 3629 4255 Evangelii)
3683 4190 3815 4242 scri-

2246 4273 2394 4332 ptum
2420 4275 2500 4319 est
2529 4285 2538 4317 :
2575 4266 2635 4318 Et
2667 4271 2940 4335 assumpsit
2969 4287 3086 4330 cum
3119 4273 3355 4332 diabolus
3383 4278 3437 4331 in
3471 4286 3704 4330 sanctam
3741 4280 3813 4331 ci-

2251 4355 2451 4407 vitatem
2493 4354 2698 4423 (Matth.
2724 4371 2803 4418 tv,
2835 4356 2907 4425 5).
2961 4359 3135 4422 Vides,
3168 4363 3482 4420 charissimc
3509 4373 3560 4419 et
3587 4366 3810 4420 sanctis-

2252 4443 2592 4506 simel’ater,
2615 4458 2772 4510 quam
2797 4445 2949 4516 longe
2973 4458 3054 4501 est
3079 4454 3370 4520 assumptio
3395 4455 3445 4506 in
3469 4454 3568 4510 hoc
3597 4455 3717 4511 loco
3743 4458 3811 4510 ab

2255 4533 2556 4600 adoptione.
2600 4533 2664 4586 lit
2703 4535 2745 4587 si
2790 4552 3007 4594 necesse
3034 4548 3112 4593 est
3143 4548 3810 4612 propter’assumptionem

2255 4623 2562 4690 adoptivum
2600 4639 2716 4680 esse
2759 4625 3048 4689 Christum,
3099 4632 3183 4681 cui
3226 4646 3466 4697 perticum
3494 4644 3574 4692 cst
3612 4646 3812 4693 sanctae

2256 4711 2530 4767 Trinitatis
2554 4714 2867 4779 adoptivus?
2914 4716 3104 4784 Utique
3134 4719 3249 4772 Filii
3276 4737 3288 4772 :
3318 4723 3442 4789 quia
3479 4725 3595 4779 Filii
3627 4742 3811 4794 persu-

2257 4814 2323 4854 na
2349 4803 2634 4868 assumpsit
2671 4803 2934 4857 hominem
2969 4807 3020 4861 in
3055 4816 3204 4863 utrro
3232 4813 3496 4880 virginali,
3531 4823 3585 4868 et
3611 4817 3811 4872 adunav

2256 4890 2332 4942 vit
2356 4890 2454 4944 sibi
2485 4889 2537 4944 in
2563 4908 2716 4944 unam
2746 4885 3040 4961 personam,
3075 4909 3135 4951 ut
3156 4911 3297 4955 esset
3324 4919 3461 4957 unus
3483 4903 3649 4960 Filius
3677 4905 3768 4962 Dei
3791 4923 3807 4972 ;

2215 5021 2225 5031 .
2255 4989 2308 5034 et
2330 4981 2376 5033 si
2399 4981 2794 5051 adoptlvnscat,
2820 4985 2999 5053 itaque
3021 4986 3154 5063 Filio
3177 4998 3259 5041 est
3277 4991 3571 5058 adoptivus,
3603 4995 3696 5063 qui
3716 4996 3784 5051 bo

2258 5070 2456 5124 minem
2499 5074 2784 5139 assuiupdt
2818 5090 2830 5125 :
2863 5085 2912 5126 et
2944 5062 3036 5127 ost.
3066 5091 3232 5145 nepos
3262 5077 3455 5143 Patris,
3484 5090 3539 5136 et
3565 5062 3648 5138 est
3673 5101 3806 5152 qua-

2258 5158 2482 5214 teruitas
2520 5163 2685 5229 magis
2724 5177 2881 5228 quarn
2925 5163 3157 5218 Trinitas
3198 5167 3249 5220 in
3287 5166 3393 5226 Deo
3435 5172 3812 5238 omnipotenti.

2257 5247 2379 5315 quia
2406 5249 2728 5302 omnimodis
2750 5248 2900 5320 [Gott
2956 5251 3096 5317 Van,
3130 5256 3332 5327 omnis}
3357 5259 3637 5328 adu-ptlvua
3665 5262 3803 5316 illius

2257 5344 2315 5389 et
2349 5337 2592 5405 proprius
2629 5338 2800 5394 Filius
2829 5341 3130 5399 nullatenus
3164 5361 3301 5400 unus
3334 5360 3452 5405 esse
3479 5361 3718 5417 possunt,
3752 5365 3808 5408 ut
3901 5411 3905 5414 ἑ

2258 5426 2547 5479 multorum
2581 5427 2835 5481 librorum
2875 5430 3032 5485 lectio
3059 5435 3268 5501 prohat.
3318 5436 3629 5507 Assumpsit
3651 5443 3815 5515 igitur

2262 5560 2575 5643 {animalem
2615 5564 3047 5643 archiepiscopum
3089 5571 3162 5643 pel
3202 5572 3370 5638 potius
3403 5575 3810 5631 archiercticttm.

2263 5630 2549 5702 Utriusque
2571 5635 2766 5690 codicis
2787 5630 2890 5706 ope
2917 5630 3308 5698 emendata'cst
3336 5643 3574 5712 epistola.
