4238 6262
472 489 576 546 237

473 691 548 744 ita
576 698 637 744 ut
655 703 796 742 unus
823 694 968 742 esset
999 685 1164 740 Filius
1200 687 1293 740 Dei
1327 686 1380 740 in
1409 685 1614 740 duabus
1633 684 1862 754 naturis,
1890 683 2033 739 salva

467 774 753 847 utriusque
781 783 985 831 natura
1006 775 1334 844 proprietate
1363 775 1416 829 in
1442 774 1647 828 unitate
1666 786 1936 844 persons;
1963 774 2037 828 ita

474 875 534 922 ut
559 867 614 922 in
650 865 854 922 duabus
879 866 1088 920 naturis
1113 881 1252 920 unus
1267 867 1348 920 ‘sit
1371 865 1559 933 Filius,
1596 863 1738 921 unus
1764 865 2034 926 Christus.

473 971 613 1011 unus
645 957 808 1012 etiam
841 962 898 1009 et
940 956 1100 1009 Deus.
1147 954 1205 1008 In
1251 961 1436 1010 sancta
1480 954 1730 1009 videlicet
1774 953 2040 1008 Trinitatc

474 1045 612 1101 alius
631 1053 714 1102 est
742 1045 796 1099 in
817 1058 1049 1115 persona
1068 1042 1246 1108 Pater,
1267 1043 1404 1098 alius
1425 1042 1614 1107 Filius,
1644 1043 1782 1097 alius
1805 1041 2040 1111 Spiritus

473 1145 720 1202 sanctus;
748 1151 853 1192 non
877 1136 1023 1190 aliud
1041 1136 1095 1189 in
1117 1143 1307 1189 natura
1335 1135 1417 1188 vel
1443 1134 1764 1199 substantia,
1803 1134 1888 1189 vel
1927 1133 2040 1203 glo-

475 1230 588 1294 ria,
631 1228 716 1283 vel
762 1227 1028 1289 essentia,
1069 1226 1151 1280 vel
1194 1225 1512 1280 aiternitate.
1557 1224 1617 1278 In
1656 1223 1875 1279 Christo
1912 1239 2040 1279 vero

474 1319 617 1373 aliud
643 1326 726 1372 cst
745 1319 802 1371 in
821 1317 1116 1376 divinitate,
1142 1314 1284 1368 aliud
1306 1314 1360 1368 in
1383 1314 1746 1378 humanitate;
1771 1329 1878 1368 non
1905 1313 2041 1367 alius

475 1409 558 1463 vel
584 1408 736 1470 alius,
770 1406 865 1474 sed
884 1422 1024 1460 unus
1042 1407 1289 1473 idemque
1310 1419 1470 1458 verus
1490 1404 1654 1468 Deus,
1675 1417 1836 1458 verus
1856 1404 2037 1467 homo,

477 1512 584 1553 una
624 1511 849 1567 persona
869 1537 883 1559 ,
915 1511 1052 1549 unus
1087 1495 1179 1551 Dei
1209 1494 1393 1555 Filius,
1424 1509 1563 1548 unus
1594 1493 1870 1560 Christus;
1899 1494 2042 1562 quod

479 1588 661 1642 multis
701 1586 1019 1641 testimoniis
1064 1585 1278 1653 probari
1321 1591 1517 1652 potest.
1564 1583 1672 1638 Sed
1715 1584 2040 1653 superﬂuum

477 1686 560 1733 est
591 1677 892 1731 testimonio
911 1675 1095 1730 aeterni
1119 1675 1296 1728 Patris
1320 1674 1521 1742 aliquid
1550 1675 1765 1739 addere,
1795 1676 1886 1743 qui
1909 1690 2043 1730 voce

479 1767 659 1821 divina
696 1767 831 1820 dixit
870 1767 925 1820 in
967 1765 1232 1833 baptismo
1265 1763 1485 1828 Christi,
1524 1764 1609 1818 vel
1649 1765 1703 1818 in
1739 1773 1924 1819 monte
1952 1765 2046 1820 ubi

478 1857 888 1927 transﬁguratus
915 1864 1000 1910 est
1024 1857 1273 1915 Christus
1297 1873 1309 1907 :
1338 1853 1440 1907 llic
1465 1863 1540 1909 est
1583 1853 1756 1909 Filius
1784 1872 1928 1909 meus
1958 1857 2039 1909 di-

479 1951 658 2016 lectus,
689 1951 742 2005 in
767 1965 868 2020 quo
896 1949 1022 2001 mihi
1052 1947 1174 2000 bene
1195 1945 1480 2016 complacni
1509 1945 1722 2018 (Matth.
1752 1962 1886 2013 xvn,
1911 1946 1988 2019 5).

548 2124 632 2178 Ill.
657 2121 1228 2177 Similiterinvenimus
1253 2121 1308 2174 in
1333 2119 1540 2190 praefati
1557 2119 1736 2174 Patris
1762 2119 2002 2189 epistolis
2029 2134 2043 2171 :

486 2234 503 2265 c
526 2215 814 2278 Christum,
845 2213 935 2284 qui
964 2227 1030 2276 es
1058 2211 1273 2280 Virgine
1294 2221 1450 2265 natus
1468 2217 1780 2274 est,.verum
1803 2224 1908 2264 non
1928 2225 2048 2264 esse

481 2307 668 2369 Deum,
701 2306 796 2360 sed
826 2304 1275 2372 nuncupativum;
1303 2323 1321 2355 ι
1349 2303 1493 2373 quod
1531 2303 1749 2363 omnino
1785 2302 2048 2356 catholica

482 2398 688 2468 respuit
698 2397 874 2472 ﬁdes:
927 2397 1049 2466 quia
1090 2395 1229 2450 sicut
1250 2411 1388 2449 unus
1417 2409 1534 2449 esse
1568 2409 1673 2448 non
1709 2400 1886 2463 potest
1912 2390 2052 2445 [ilius

480 2491 726 2561 proprius
739 2497 793 2544 et
811 2489 952 2542 titius
971 2488 1271 2556 adoptivus,
1309 2488 1380 2542 ita
1405 2500 1740 2555 nequaquam
1772 2499 1910 2539 unus
1934 2499 2052 2539 esse

477 2588 654 2648 potest
677 2594 834 2633 verus
855 2578 997 2633 Deus
1017 2587 1070 2634 et
1095 2579 1486 2645 nuncupativus
1501 2573 1659 2630 Deus.
1708 2572 1871 2630 Estne
1892 2585 2052 2628 Verus

480 2670 622 2724 Deus
635 2668 724 2739 qui
743 2667 1079 2736 iudicaturus
1097 2674 1180 2721 est
1201 2667 1492 2721 mundum?
1514 2667 1580 2720 Et
1599 2666 1718 2734 quis
1748 2674 1830 2720 est
1852 2661 1943 2733 qui
1964 2663 2054 2733 ju-

480 2762 754 2815 dicaturus
781 2766 862 2813 est
889 2756 1187 2812 mundum?
1209 2756 1347 2810 Vere
1364 2756 1581 2811 omnino
1610 2755 1701 2823 qui
1732 2771 1798 2809 ex
1830 2753 2053 2824 Virgine

483 2862 644 2908 natus
672 2860 776 2916 est,
806 2851 922 2922 ipsa
963 2841 1202 2906 Veritate
1229 2857 1517 2904 attestante
1543 2866 1555 2900 :
1605 2847 1765 2901 Pater
1792 2849 1928 2901 enim
1954 2863 2055 2900 non

478 2944 680 3014 iudicat
707 2958 1033 3014 quemquam,
1058 2939 1146 2994 sed
1167 2957 1315 2994 omne
1330 2939 1590 3010 judicium
1628 2938 1770 2992 dedit
1802 2932 1965 3000 Filio,
1997 2944 2054 2988 ut

431 3024 433 3026 ’
482 3049 656 3085 omnes
675 3029 1014 3098 honori/irent
1037 3028 1255 3093 Filium,
1281 3028 1413 3082 sicut
1438 3025 1786 3096 honoriﬁcam
1808 3019 2049 3101 Patrem.

483 3121 550 3176 Et
577 3121 734 3191 paulo
763 3128 882 3189 post
914 3137 927 3170 :
961 3116 1104 3172 Sicut
1127 3112 1287 3170 Pater
1309 3117 1460 3169 habet
1491 3115 1648 3168 vitam
1676 3115 1731 3168 in
1761 3113 2050 3184 semetipso,

481 3209 556 3261 sic
584 3217 630 3260 et
659 3205 798 3259 Filio
825 3202 963 3258 dedit
997 3203 1183 3266 habere
1211 3204 1367 3256 vitam
1409 3202 1464 3255 in
1509 3202 1794 3270 semetipso,
1837 3211 1884 3254 et
1916 3209 2058 3270 pote-

483 3308 664 3351 statam
697 3295 835 3350 dedit
860 3296 904 3348 ei
940 3294 1198 3363 judicium
1243 3291 1434 3362 facere,
1473 3292 1596 3361 quia
1639 3290 1782 3359 filius
1825 3290 2048 3343 hominis

483 3397 556 3442 est
603 3386 782 3457 (Joan.
809 3399 860 3448 v,
887 3382 956 3438 22
998 3379 1149 3453 seq).
1191 3382 1320 3436 Item
1348 3381 1534 3435 beatus
1555 3381 1753 3434 Paulus
1778 3381 2054 3450 apostolus

486 3475 614 3530 dicit
644 3473 881 3530 :-Omnes
907 3488 998 3525 nos
1028 3480 1222 3540 oportet
1259 3479 1397 3524 stare
1430 3480 1550 3524 ante
1592 3469 1822 3524 tribunal
1859 3470 2054 3525 Christi

484 3563 571 3638 (II
603 3563 723 3619 Cor.
748 3579 802 3629 v,
833 3562 906 3632 8).
952 3561 1016 3615 Et
1039 3562 1092 3614 in
1123 3559 1362 3638 alioloc'o
1389 3559 1621 3614 :‘Omnes
1641 3562 1776 3614 enim
1800 3558 2052 3616 stabimus

407 3673 410 3675 λ
486 3667 602 3708 ante
624 3651 852 3707 tribunal
880 3651 974 3704 Dei
999 3649 1174 3721 (Rom.
1199 3667 1302 3714 xiv,
1333 3649 1439 3719 15).
1484 3648 1653 3704 Velim
1683 3649 1898 3716 credas,
1927 3667 2054 3706 san-

483 3728 720 3800 ctissime
743 3740 921 3805 Pater,
950 3749 1011 3794 ut
1035 3741 1125 3808 qui
1151 3735 1273 3795 eum
1297 3742 1436 3794 nunc
1461 3755 1646 3793 verum
1675 3739 1844 3794 Deum
1868 3749 2049 3811 negat,

485 3834 647 3887 etiam
681 3841 804 3885 tunc
837 3845 1024 3884 verum
1063 3828 1229 3883 Deum
1276 3843 1396 3883 eum
1443 3837 1732 3899 cognoscat
1771 3838 1826 3883 et
1864 3831 2055 3900 probet

488 3918 641 3994 [Cod.
689 3919 884 3985 Paris.,
935 3917 1147 3990 probat]
1173 3917 1460 3992 judicatus.
1506 3918 1764 3974 Veritatis
1805 3919 2054 3995 probatio

485 4015 589 4069 erit
636 4000 1347 4083 potestatis'manifestatio.
1409 4008 1631 4076 Quando
1676 4008 1830 4084 [Cod.
1867 4008 2010 4089 _Vat.
2036 4052 2051 4077 ,

485 4098 783 4176 Quomodo]
831 4119 938 4158 non
984 4109 1086 4170 est,
1111 4111 1271 4156 verus
1310 4101 1472 4169 Deus,
1518 4102 1583 4155 de
1620 4117 1725 4170 quo
1746 4093 1972 4172 legimds
1999 4103 2051 4156 in

487 4191 772 4262 Evangelio
800 4210 813 4243 :
845 4187 975 4262 Cum
1000 4199 1170 4244 autem
1198 4189 1390 4242 venerit
1417 4185 1588 4242 Filius
1625 4187 1846 4242 hominis
1867 4190 1922 4242 in
1947 4206 2056 4242 ma-

486 4285 666 4353 jestate
691 4296 810 4347 sua,
837 4289 884 4334 et
915 4263 1088 4334 omnes
1117 4279 1286 4348 angeli
1326 4295 1442 4332 cum
1472 4295 1530 4330 eo
1559 4296 1575 4331 :
1600 4288 1722 4332 tunc
1763 4277 1953 4332 sedebit
1994 4279 2050 4332 in

487 4370 606 4424 sede
630 4368 914 4439 majestatis
948 4385 1075 4431 sum,
1103 4377 1150 4423 et
1179 4369 1628 4438 congregabantur
1653 4363 1773 4423 ante
1797 4387 1914 4424 eum
1943 4386 2078 4442 θυι-λ

489 4477 580 4514 nes
599 4469 769 4530 gentes
796 4443 1158 4529 (Hatiluxxv,
1187 4460 1275 4530 3i)
1297 4462 1329 4513 ?.
1355 4461 1430 4514 De
1456 4477 1562 4531 quo
1585 4462 1751 4517 multo
1773 4471 1894 4516 ante
1918 4479 2054 4534 prte-

958 487 1374 544 DOGMATICA.
1413 515 1482 526 --
1514 485 1671 542 ADY.
1714 483 2055 540 ELIPANDU

2144 483 2325 539 LIBRI
2360 481 2448 538 IV.
2486 511 2559 522 -—
2595 481 2811 538 EPIST.
2853 481 3190 536 ΡΒᾹΞἚΊᾸῘ.

2626 34 2637 35 γ
2770 28 2781 33 -
3232 22 3237 23 7
3314 36 3317 37 ν
3354 34 3381 37 μ
3406 34 3437 35 ,7
3760 26 3781 27 77
3798 24 3805 25 7
3848 22 3849 27 η
3983 14 4068 32 ,ις-

2082 64 2085 65 7
2646 62 2655 67 .
2706 60 2715 65 -
2780 56 2789 63 ο
2906 58 2921 59 7
3021 57 3058 64 4-
3175 61 3178 65 .
3232 56 3243 59 -
3316 56 3319 57 ν
3362 52 3369 57 ⁸
3506 56 3567 61 7;.
3620 54 3663 63 'V;
3706 50 3747 61 v’“
3789 53 3796 58 -

1860 78 1897 91 -·
2170 88 2173 89 7
2334 86 2347 89 μ
2368 76 2375 77 ί
2420 72 2435 89 ξ
2498 70 2516 89 -
2541 66 2595 90 ..η
2614 64 2636 82 ·
2675 84 2678 86 η
2761 79 2774 84 —
2854 82 2869 91 η-
2889 77 2906 84 ο
3003 69 3018 82 '-
3086 78 3091 83 -
3134 80 3139 81 7
3175 67 3218 78 Α·
3250 56 3369 86 ⁹⁴¹⁴9
3396 52 3449 73 ’δ
3574 56 3593 65 ’⁷
3646 70 3657 75 -ν
3716 72 3727 77 -
3758 66 3759 69 ‘
3815 75 3830 80 ι
3861 67 3988 84 ’.σ-.
4033 67 4069 84 €—

1396 116 1399 117 ν
1603 115 1610 120 ,
1641 114 1658 118 ς
1729 110 1732 112 ~
1782 102 1799 115 Β
1907 103 1930 112 ἐ
1947 107 1956 120 ξ
2024 100 2029 101 ⁷
2047 111 2054 118 ι
2124 114 2141 121 ν,
2160 114 2173 119 ν,
2208 98 2220 115 ¹
2262 93 2266 105 ¹
2304 114 2307 119 ,
2340 108 2349 113 x
2458 114 2465 115 κ
2528 114 2531 119 Α
2646 112 2657 117 η
2717 105 2724 112 ι
2791 93 2827 103 ’“
2856 92 2863 95 ”
3001 103 3012 106 -
3042 100 3047 105 ·
3130 96 3169 111 ..ι
3182 98 3209 109 :-
3224 98 3247 107 Λ
3266 92 3369 111 -νῒγᾳηΐ
3404 92 3413 103 ἶ
3466 113 3481 117 _
3542 112 3545 115 ἰ
3618 90 3627 93 “
3646 100 3657 103 4
3686 102 3695 103 7
3728 100 3767 103 μιν
3797 103 3816 108 ,ς
3841 107 3848 111 ,
3911 107 3918 110 _
4037 107 4044 111 _

1136 126 1138 128 τ
1159 124 1176 128 «ν
1258 122 1303 137 ,με
1322 116 1434 140 “·
1449 137 1458 139 _
1531 135 1600 141 ,μω
1623 117 1722 140 _:-"._
1737 133 1760 140 ρ
1798 136 1801 137 ,
1821 123 1872 140 η’-
1939 135 1944 138 ,
1965 133 1974 136 .
2007 129 2010 132 .
2047 123 2086 138 .-.:
2169 133 2172 136 .
2265 131 2278 136 ς
2303 131 2306 134 .
2347 129 2374 138 ..
2437 129 2450 134 -
2469 131 2474 134 .
2501 129 2512 134 -
2669 115 2722 139 “f7
2741 129 2746 131 -
2825 137 2830 139 _
2887 128 2890 130 ν
2999 133 3012 139 -
3037 125 3042 128 ·
3063 119 3072 124 "
3104 124 3107 125 ν
3143 123 3234 139 Γ“τΐ’”
3275 121 3418 138 ιν;--λ·;
3443 119 3704 138 --_..-_‘~.'.r...
3769 133 3776 137 .
3803 117 3810 137 .’

3595 483 3707 540 ω

475 602 568 656 Dei
594 599 761 655 Filius
781 596 1008 652 formam
1036 598 1199 656 servi,
1235 611 1346 655 non
1375 595 1622 650 minuens
1641 594 1871 650 formam
1895 594 1986 649 Dei
2013 611 2029 658 ;
2065 595 2107 653 Α
2135 590 2286 658 cujus
2314 590 2689 660 praedicatione
2706 589 2973 658 Propheta
3003 590 3079 644 ait
3109 608 3122 642 :
3157 589 3232 642 De
3260 561 3385 645 Sion
3411 565 3568 645 eribit
3595 593 3696 647 tes.

2136 691 2185 734 et
2214 681 2419 735 verbum
2441 679 2650 735 Domini
2676 681 2739 733 de
2762 678 3054 734 Jerusalem
3079 679 3232 750 (Isai.
3257 696 3319 744 ιι,
3343 681 3418 737 3).

2203 769 2292 823 IV.
2326 768 2465 824 Dicit
2481 784 2692 840 quoque
2714 769 2855 823 idem
2877 769 2960 822 vir
2981 767 3299 824 vent-rabilis
3312 768 3462 824 Felix
3479 787 3494 824 :
3513 788 3532 821 ι
3553 770 3702 837 Quod

2137 859 2210 914 sit
2231 874 2327 928 per
2351 859 2530 914 omnia
2557 859 2781 928 aequalis
2803 859 2978 921 nobis,
3010 859 3111 913 nisi
3141 861 3530 925 tantummodo,
3562 863 3704 931 quod

2135 949 2255 1004 sine
2283 958 2502 1018 peccato
2532 958 2690 1002 natus
2716 958 2816 1003 est.
2843 969 2861 1000 ι
2904 947 3158 1016 ριιίιιίὶιιιιι
3190 951 3524 1018 inreqnalitas
3542 962 3625 1007 est
3652 953 3705 1008 in

2139 1049 2311 1094 morte
2341 1039 2499 1101 illius,
2530 1046 2586 1092 et
2613 1039 2666 1092 in
2700 1047 2882 1093 nostra
2912 1056 2926 1090 :
2955 1054 3102 1094 mors
3129 1051 3306 1093 autem
3337 1039 3526 1112 [enim]
3562 1041 3708 1096 illius

2139 1144 2326 1184 omnes
2360 1144 2458 1183 nos
2487 1129 2711 1183 redemit
2734 1144 2764 1182 a
2802 1137 2973 1183 morte
3009 1137 3210 1183 atterna
3245 1148 3257 1183 :
3302 1129 3500 1184 nullius
3529 1140 3722 1194 autem:
3757 1129 3760 1132 ’

2139 1225 2382 1270 nostrum
2414 1232 2560 1270 mors
2597 1216 2680 1270 vel
2713 1216 2948 1284 scipsum
2979 1219 3180 1285 absque
3203 1234 3268 1274 co
3295 1218 3526 1275 liberare
3558 1230 3709 1290 pote-

2103 1351 2106 1354 .
2141 1303 2230 1357 rit.
2269 1302 2402 1358 Item
2426 1307 2668 1373 quaedam
2693 1305 3026 1373 inaequalitas
3055 1314 3155 1365 est.
3196 1309 3336 1376 quod
3373 1308 3460 1361 ille
3497 1320 3582 1364 est
3621 1326 3711 1364 ve-

2141 1409 2234 1448 rus
2255 1392 2396 1447 Deus
2415 1401 2485 1456 et
2512 1408 2670 1448 verus
2693 1394 2853 1449 homo
2877 1412 2888 1446 :
2912 1411 3008 1464 nos
3029 1403 3232 1468 tantum
3262 1397 3504 1454 homines
3527 1414 3711 1455 sumus

2142 1483 2197 1540 in
2224 1483 2458 1553 peccatis
2483 1483 2616 1548 nati,
2646 1482 2865 1551 ejusque
2900 1486 3072 1554 gratia
3104 1485 3321 1551 salvati;
3354 1503 3459 1541 non
3494 1504 3561 1561 cs
3599 1505 3711 1545 ine-

2143 1575 2262 1628 ritis
2287 1575 2505 1638 nostris,
2535 1574 2628 1628 sed
2655 1574 2816 1644 865
2839 1589 2902 1628 ex
2929 1575 3071 1628 illius
3094 1577 3457 1634 miseratione.
3490 1579 3544 1632 In
3575 1581 3713 1633 mul-

2143 1663 2378 1717 tisenim
2406 1663 2560 1717 nobis
2587 1663 2780 1717 similis
2806 1671 2904 1726 cst,
2938 1663 3032 1718 sed
3065 1665 3116 1717 in
3146 1665 3386 1734 pluribus
3415 1667 3710 1722 dissimilis.

2143 1750 2295 1806 Unde
2322 1760 2377 1806 et
2404 1752 2456 1804 in
2491 1749 2720 1804 Psalmis
2756 1751 2953 1806 dicitur
2996 1752 3064 1806 de
3101 1769 3165 1806 eo
3191 1771 3203 1806 :
3228 1752 3502 1823 Speriosus
3538 1756 3714 1837 [arma

2141 1859 2249 1912 pra:
2285 1841 2410 1910 [iliis
2439 1842 2728 1906 hominum,
2758 1843 2953 1910 diffusa
2981 1853 3055 1898 est
3100 1846 3270 1914 gratia
3320 1848 3375 1899 in
3414 1847 3563 1902 labiis
3610 1851 3714 1902 tuis

2146 1934 2322 2004 '(Psal.
2352 1951 2494 1998 κων,
2521 1935 2596 2006 5).
3039 1943 3046 1950 ’
3719 1933 3722 1936 ’

2223 2025 2286 2077 ν.
2317 2024 2502 2078 Refert
2529 2040 2761 2094 quoque,
2815 2045 2832 2076 ‹
2867 2041 2990 2080 eum
3017 2028 3284 2096 baptismo
3316 2028 3646 2099 indiguisse;
3687 2053 3706 2083 ι

2147 2114 2352 2178 volens,
2389 2123 2448 2188 ut
2471 2116 2703 2180 videtur,
2736 2132 2859 2169 cum
2903 2116 2956 2170 in
2993 2108 3256 2187 baptismo
3282 2119 3524 2188 adoptari
3550 2122 3602 2175 in
3628 2121 3717 2176 Fi-

2149 2203 2300 2270 lium,
2331 2207 2471 2261 sicut
2507 2215 2561 2260 et
2585 2223 2700 2262 nos.
2735 2207 2946 2274 Quanta
2974 2209 3260 2266 inﬁdelitas
3281 2213 3349 2267 sit
3373 2213 3474 2268 hoc
3498 2215 3717 2269 cuilibet

2149 2292 2455 2347 Christiano
2483 2296 2703 2350 credere
2726 2335 2740 2358 ,
2791 2296 2972 2352 nullus
3001 2313 3191 2352 sanum
3241 2302 3454 2368 sapiens
3482 2303 3712 2372 ignorat.

2151 2383 2411 2439 Dominus
2453 2386 2634 2455 itaque
2659 2395 2843 2440 noster
2881 2385 3038 2441 Iesus
3068 2386 3315 2443 Christus
3335 2391 3482 2463 solus
3527 2392 3604 2446 sic
3622 2408 3718 2462 po-

2155 2477 2257 2530 tuit
2283 2478 2449 2541 nasci,
2472 2486 2531 2530 ut
2546 2478 2778 2532 secunda
2805 2480 3209 2546 regeneratione
3235 2496 3341 2534 non
3363 2481 3713 2551 indiguisset;

2153 2566 2274 2620 ideo
2298 2567 2352 2619 in
2377 2567 2642 2635 baptismo
2686 2565 2909 2622 Joannis
2932 2576 3083 2622 certa
3115 2569 3532 2637 dispensationis
3560 2572 3720 2626 mise-

2155 2657 2365 2710 ratione
2412 2658 2671 2726 baptizari
2726 2657 2913 2721 voluit,
2947 2659 3070 2725 quia
3121 2660 3176 2712 in
3205 2657 3428 2714 Joannis
3453 2662 3720 2731 baptismo

2153 2760 2260 2800 non
2281 2744 2382 2799 fuit
2406 2746 2760 2816 regeneratio,
2789 2748 2882 2802 sed
2905 2749 3146 2816 quaedam
3172 2753 3524 2818 prteeursoria
3548 2753 3716 2821 signi-

2153 2838 2333 2892 ficatio
2360 2837 2612 2907 baptismi
2657 2837 2900 2903 Christi,
2935 2839 2989 2892 in
3017 2855 3122 2907 quo
3171 2840 3285 2894 solo
3310 2841 3578 2914 baptismo
3620 2855 3718 2909 per

2158 2930 2416 3000 Spiritum
2441 2940 2685 2985 sanctum
2710 2945 2832 2984 vera
2856 2939 2939 2984 est
2959 2930 3203 2984 remissio
3224 2940 3570 2998 peccatorum
3597 2943 3720 2986 crc-

2159 3007 2409 3074 dentibus
2436 3060 2450 3083 ,
2483 3029 2542 3072 ut
2571 3020 2626 3076 in
2666 3035 2732 3074 eo
2761 3017 2965 3088 Spiritu
2992 3034 3338 3073 reuascamur
3362 3060 3379 3085 ,
3408 3022 3459 3074 in
3497 3037 3605 3090 quo
3633 3023 3723 3076 ille

2157 3118 2315 3164 natus
2336 3119 2416 3164 est
2437 3125 2502 3163 ex
2525 3109 2730 3177 virgine
2756 3108 2942 3162 Maria.
2976 3107 3032 3160 In
3060 3124 3197 3178 aqua
3226 3110 3367 3163 cnim
3397 3111 3562 3164 voluit
3586 3111 3716 3180 bap~

2163 3201 2315 3255 tizari
2346 3219 2376 3255 a
2407 3200 2631 3266 Joanne,
2663 3217 2767 3255 non
2797 3209 2854 3255 ut
2894 3203 3010 3271 ejus
3045 3203 3151 3256 ulla
3186 3203 3482 3257 diluerctur
3527 3205 3723 3272 iniqui-

2159 3303 2260 3360 tas,
2298 3295 2391 3349 sed
2414 3303 2471 3349 ut
2495 3309 2683 3364 magna
2718 3295 2860 3348 illius
2904 3295 3372 3350 commendaretur
3420 3296 3718 3350 humilitas.

2152 3383 2233 3438 Ita
2259 3385 2452 3454 quippe
2480 3386 2553 3438 nil
2585 3386 2637 3438 in
2658 3400 2721 3438 eo
2749 3385 3047 3452 haptismns
3077 3386 3220 3454 quod
3269 3385 3529 3449 ablueret,
3579 3388 3722 3442 sicut

2155 3487 2303 3525 mors
2338 3472 2470 3525 nihil
2508 3473 2650 3542 quod
2684 3474 2918 3542 puniret,
2949 3465 3168 3537 invenit,
3209 3484 3267 3528 ut
3299 3475 3545 3530 diabolus
3579 3478 3722 3531 veri-

2157 3570 2267 3614 tate
2287 3560 2512 3628 justitiae
2541 3563 2862 3626 vinceretur,
2911 3578 3016 3615 non
3043 3564 3296 3618 violentia
3326 3568 3607 3634 potestatis
3628 3582 3725 3635 op-

2154 3651 2500 3719 primeretur.
2551 3649 2847 3718 Utrumque
2878 3651 3042 3715 enim,
3089 3662 3144 3705 et
3168 3653 3464 3721 baptismus
3496 3664 3551 3708 et
3578 3672 3726 3709 mors

2154 3756 2261 3795 non
2320 3740 2622 3793 miseranda
2682 3741 3024 3805 necessitate,
3071 3742 3167 3796 sed
3211 3743 3497 3798 miserante
3539 3747 3720 3813 potius

2159 3831 2432 3885 voluntate
2455 3841 2765 3899 susceptum
2811 3839 2914 3886 est.
2946 3832 3011 3886 Et
3038 3833 3204 3886 multa
3227 3834 3330 3887 alia
3380 3835 3725 3889 inveniuntur

2157 3921 2209 3975 in
2239 3922 2355 3992 ejus
2402 3922 2619 3990 scriptis
2645 3921 3032 3978 catholicorum
3057 3921 3274 3977 Patrum
3325 3925 3571 3977 sensibus
3615 3941 3721 3980 non

2157 4014 2562 4076 convenientia,
2593 4028 2712 4080 qua,
2754 4013 2935 4066 dicere
2979 4013 3064 4066 vel
3112 4025 3376 4080 exponere
3421 4014 3724 4081 epistolaris

2155 4104 2411 4176 [paginae]
2443 4105 2687 4174 angustia
2719 4119 2805 4157 me
2827 4104 2986 4158 modo
3009 4105 3277 4173 prohibet,
3313 4105 3563 4174 ignorans
3591 4123 3725 4176 quo—

2154 4207 2258 4261 que
2310 4195 2524 4260 quando
2561 4191 2645 4245 vel
2687 4191 2919 4260 qualiter
2948 4193 3206 4246 sanctitas
3255 4201 3535 4248 vestra'et
3584 4196 3722 4248 bona
3777 4189 3784 4191 ’

2154 4282 2421 4345 voluntas,
2451 4298 2612 4350 quam
2639 4281 2852 4336 habetis
2878 4283 2930 4335 in
2958 4281 3191 4342 Christo,
3224 4282 3340 4336 hate
3378 4292 3574 4339 nostra:
3599 4302 3723 4357 par-

2155 4372 2340 4425 vitatis
2367 4371 2510 4424 dicta
2536 4371 2774 4438 recipere
2798 4371 2943 4425 velit.
3565 4371 3568 4374 ’
3639 4390 3641 4397 ς

2225 4462 2310 4518 VI.
2339 4463 2568 4517 Tantum
2595 4464 2818 4517 obsecro
2837 4463 2890 4517 in
2917 4478 2978 4516 ea
3003 4462 3264 4518 charitate
3288 4502 3303 4529 ,
3337 4478 3444 4533 qua
3468 4462 3721 4521 Christus

491 4551 691 4605 dictum
720 4557 838 4605 est:
869 4548 933 4651 Et
961 4550 1181 4608 adorent
1209 4567 1324 4604 eum
1350 4567 1525 4604 omnes
1555 4551 1724 4622 angeli
1753 4543 1846 4605 Dei
1878 4549 2048 4630 (Psal.
2082 4592 2130 4651 Β
2156 4570 2254 4610 nos
2283 4553 2485 4619 dilexit,
2518 4561 2579 4608 ut
2603 4553 2830 4623 benigne
2861 4555 2961 4608 hos
2985 4568 3134 4610 meos
3171 4557 3406 4624 digneris
3442 4556 3723 4626 perlegere

489 4652 634 4704 xcvr,
666 4639 741 4709 8).
789 4639 846 4693 Si
873 4635 1014 4694 Deus
1048 4656 1152 4695 non
1195 4649 1277 4696 est
1318 4647 1495 4707 verus,
1542 4658 1639 4697 cur
1685 4643 1940 4697 adoratur
1986 4645 2054 4710 ab

492 4727 740 4798 angelis?
771 4729 840 4783 Et
865 4730 908 4781 si
931 4729 1096 4782 Filius
1117 4729 1217 4782 Dei
1243 4745 1344 4783 non
1376 4739 1456 4785 est
1483 4747 1664 4795 verus,
1698 4749 1797 4789 cur
1821 4713 1972 4788 sedet
2000 4734 2053 4786 in

492 4821 710 4877 dextera
740 4819 837 4874 Dei
868 4819 1082 4874 Patris?
1119 4818 1270 4873 Hunc
1293 4835 1420 4890 ergo
1449 4821 1718 4876 Christum
1748 4831 1804 4878 et
1831 4814 2056 4877 Psalmi-

492 4920 581 4968 sta
627 4907 792 4968 Deum
847 4926 966 4966 esse
1023 4911 1340 4975 testiﬁcatur
1387 4909 1538 4983 [ϐοά.
1586 4912 1725 4978 ναι,
1765 4912 2052 4985 testatur]:

494 5002 738 5058 Ascendit
763 5001 902 5057 Deus
935 5003 988 5054 in
1003 4997 1330 5070 jubilatione,
1356 5007 1408 5055 et
1433 4996 1680 5057 Dominus
1703 5005 1756 5056 in
1781 5020 1893 5057 voce
1918 5003 2053 5057 tuba:

491 5089 669 5164 (Psal.
698 5100 844 5157 nvi,
989 5090 1120 5145 Item
1149 5108 1160 5142 :
1192 5085 1336 5144 Deus
1373 5100 1544 5143 noster
1575 5090 1854 5163 manifeste
1899 5091 2053 5162 [Coi

491 5170 692 5241 Paris,
718 5170 1066 5250 manifestius]
1097 5180 1277 5242 veniet,
1317 5177 1453 5232 Deus
1497 5189 1670 5234 narrar
1708 5197 1808 5232 non
1851 5179 2059 5234 silebit:

490 5267 634 5337 ignis
669 5267 728 5320 in
762 5278 1033 5335 conspectu
1068 5269 1181 5336 ejus
1220 5269 1438 5331 ardebit,
1489 5273 1534 5321 et
1580 5270 1635 5321 in
1683 5270 1902 5322 circuitu
1948 5269 2060 5339 ejus

494 5360 772 5428 tam:
810 5350 1028 5423 inﬁda,
1052 5355 1334 5412 Admonuit
1350 5354 1531 5412 (Mum
1557 5341 1846 5420 desursum,
1881 5364 1938 5413 ei
1959 5369 2060 5413 ter—

473 5459 613 5504 -ητιι
637 5447 927 5502 discentem
948 5445 1371 5515 ρσπκὴτπιίιιιιηι
1397 5443 1567 5518 (I's'al.
1603 5466 1723 5504 sua
1776 5451 1832 5514 3,
1867 5447 1942 5521 Δ).
1988 5450 2062 5504 De

493 5549 607 5608 quo
626 5535 790 5592 etiam
813 5533 954 5591 idem
974 5525 1262 5589 Psalrnism
1275 5537 1433 5607 paulo
1453 5544 1573 5590 ante
1600 5540 1689 5598 ait.
1716 5545 1780 5592 ut‘
1795 5540 2066 5593 discerne—

455 5629 470 5684 .'
493 5627 588 5684 ret
629 5631 760 5682 eum
801 5625 870 5680 ab
910 5622 1041 5680 aliis
1072 5624 1167 5693 Qui
1212 5624 1294 5680 dit"
1332 5624 1583 5682 dIClHlllll‘
1608 5644 1648 5679 ευ
1673 5624 1812 5683 Deus
1850 5626 2064 5681 deorum

500 5707 761 5770 om":
783 5711 996 5768 tam:
1011 5719 1097 5767 est
1112 5718 1177 5766 et
1190 5716 1615 5768 raradtterrani.
1647 5716 1689 5767 Α
1718 5715 1842 5768 satis
1872 5722 1989 5770 artu
2016 5726 2063 5768 et

479 5807 824 5870 ,ατη-πει·
850 5801 985 5857 Sion
1007 5800 1196 5869 species
1231 5800 1433 5854 decoris
1465 5803 1576 5869 ejus
1606 5801 1792 5871 (Ibid,
1823 5817 1859 5867 t,
1991 5803 2064 5858 De

563 5893 590 5922 Χ

2162 4646 2360 4714 apices,
2386 4654 2438 4699 et
2465 4645 2606 4714 quod
2627 4643 2863 4700 fraterna
2897 4661 2984 4699 me
3029 4647 3252 4713 cogebat
3272 4647 3510 4703 cbaritas
3532 4658 3724 4704 vestra:

2162 4736 2391 4803 dirigere
2443 4732 2801 4793 excellentia),
2854 4743 3031 4786 vestra
3065 4735 3399 4788 sanctissima
3449 4738 3725 4793 humilitas

2161 4825 2401 4891 recipere
2421 4836 2528 4875 non
2548 4821 2882 4890 dedignatur.
2911 4819 3146 4876 Audiens
3168 4836 3296 4876 vero
3316 4825 3506 4892 sapius
3523 4828 3660 4882 bona
3670 4845 3720 4881 m

2161 4914 2359 4969 famam
2387 4913 2648 4988 religiosa:
2664 4911 2786 4965 vitae
2806 4912 2873 4965 de
2895 4913 3063 4976 vobis,
3089 4912 3208 4966 ideo
3238 4913 3523 4970 instinctus
3541 4932 3726 4971 amore

2161 5002 2411 5072 fraternae
2456 4999 2754 5055 dilectionis
2799 5001 3058 5076 mcipsum
3095 5002 3150 5055 in
3197 5010 3340 5054 tuam
3376 5002 3722 5066 cbaritatcm,

2162 5079 2504 5159 fideliumque
2531 5097 2769 5152 tuorum,
2806 5088 2915 5165 Deo
2945 5090 3288 5144 servientium
3322 5091 3374 5142 in
3418 5091 3520 5146 illis
3557 5096 3724 5160 parti-

2161 5179 2688 5242 bus..commendare
2714 5179 2901 5232 curavi
2932 5195 2948 5244 ;
2981 5180 3145 5234 etiam
3172 5187 3226 5232 et
3256 5178 3383 5240 illud
3418 5179 3722 5252 deprecari,

2163 5275 2222 5320 ut
2271 5263 2481 5320 cautius
2517 5281 2646 5330 agas
2688 5266 2754 5320 de
2785 5265 2957 5321 salute
2994 5268 3185 5320 anima:
3224 5274 3349 5330 tim,
3403 5275 3724 5339 tuorumque

2165 5352 2519 5409 subditorum.
2554 5349 2711 5410 Licet
2734 5354 2988 5424 prtcfatus
3038 5354 3266 5409 famulus
3294 5355 3386 5409 Dei
3437 5355 3584 5410 Felix
3610 5358 3726 5412 Iau-

2164 5444 2323 5499 dabili
2347 5446 2452 5498 vita
2480 5445 2613 5499 vitat
2649 5460 2829 5498 coram
2855 5444 3177 5508 hominibus,
3211 5454 3387 5500 tamen
3418 5456 3476 5500 ut
3494 5448 3721 5509 videtur.

2164 5535 2218 5589 in
2233 5534 2414 5590 multis
2434 5533 2711 5589 catholica:
2725 5531 2845 5590 ﬁdei
2859 5535 3187 5606 professione
3210 5552 3314 5591 non
3330 5539 3546 5593 omnino
3559 5540 3727 5608 pleni-

2167 5629 2248 5680 ter
2284 5622 2503 5679 Patrum
2558 5626 2800 5692 sequitur
2843 5628 3200 5689 sententiam;
3239 5635 3293 5680 et
3321 5627 3426 5680 noli
3459 5630 3730 5686 conﬁdere

2167 5716 2234 5768 de
2255 5715 2429 5783 specie
2468 5714 2724 5768 bonitatis
2750 5715 2890 5767 illius
2915 5732 2930 5778 ;
2963 5712 3272 5767 maledictus
3299 5718 3436 5769 enim
3461 5718 3612 5772 homo
3639 5724 3728 5787 qui

2167 5799 2380 5870 confidit
2429 5803 2492 5856 iit
2527 5802 2731 5855 homine
2760 5795 2890 5873 (fer.
2923 5817 3029 5855 xvn
3053 5841 3066 5865 ,
3096 5802 3172 5871 5).
3224 5803 3327 5858 Sed
3365 5807 3533 5869 magis
3580 5822 3724 5874 spem
