4238 6204
576 380 680 433 239

1439 330 1503 420 u.‘
1534 366 1596 432 r.
1635 360 1858 419 suum
1898 359 2026 415 seu
2062 354 2333 411 arcum
2368 350 2646 410 optzaun
2675 348 2850 404 rans
2888 345 2973 401 nt.

3689 331 3793 387 260

581 505 725 549 tuam
757 504 892 560 pone
914 488 967 542 in
997 480 1344 551 omnipotenti
1396 480 1504 532 Deo
1526 519 1539 541 ,
1586 486 1641 530 et
1665 475 1954 543 deprecare
1982 470 2131 523 illum
2162 471 2207 525 Α
2236 464 2474 534 Apostoli
2508 464 2731 525 dictum,
2760 461 2850 530 qui
2902 460 2977 513 ait
3009 476 3019 510 :
3082 456 3347 509 Novitates
3397 466 3575 505 rocmn
3624 448 3798 501 desita

582 585 667 638 die
688 592 953 647 noctuque
978 618 991 640 ,
1022 589 1089 627 ne
1116 574 1185 627 sit
1208 572 1381 625 inanis
1424 569 1574 621 labor
1604 576 1724 619 tuus
1751 565 1807 617 in
1849 567 2134 628 conspectu

584 673 745 733 illius,
776 678 827 723 ct
863 675 920 720 ut
948 665 1103 719 ﬁdem
1133 662 1337 714 lirmam
1364 656 1517 728 [ϐοά.
1562 654 1698 717 Vah,
1735 648 1999 719 ﬁrmatus}
2014 663 2138 701 om-

583 763 744 829 nique
792 755 1038 811 Ecclesia:
1087 749 1288 807 Christi
1336 747 1611 818 probatam
1658 733 1863 795 teneas.
1919 738 2141 792 Videtur

587 854 728 905 enim
752 848 1089 916 condignum,
1119 850 1179 895 ut
1208 836 1476 895 communi
1506 834 1743 890 omnium
1765 840 2141 884 conservorum

589 956 803 997 tuorum
836 951 999 1008 prece
1040 943 1091 987 te
1127 939 1296 985 totum
1322 934 1600 982 convertas
1639 925 1704 977 ad
1752 920 2055 982 Dominum,
2094 924 2146 969 et

591 1027 893 1099 depreceris
921 1020 1252 1078 clementiam
1285 1017 1446 1079 illius,
1475 1023 1737 1083 quatenus
1758 1011 1811 1065 in
1856 1008 1961 1063 ﬁde
2001 1014 2145 1060 recta

591 1120 869 1175 conﬁrmet
892 1114 1053 1169 corda
1083 1119 1277 1170 vestra,
1321 1115 1380 1160 ut
1419 1100 1566 1159 nullo
1609 1115 1791 1157 errore
1843 1096 2143 1166 decipiaris,

594 1225 693 1265 nec
714 1208 848 1261 ullus
875 1206 938 1258 ad
971 1212 1021 1257 te
1068 1200 1342 1270 pertinens
1368 1190 1716 1261 vagabundus
1742 1204 1771 1242 a
1797 1186 2037 1240 veritatis
2063 1184 2149 1237 via

597 1301 789 1355 ileviet.
818 1297 932 1351 Erit
961 1283 1101 1348 enim
1152 1290 1248 1344 tibi
1302 1286 1532 1339 maxima
1586 1296 1791 1335 merces
1815 1278 1953 1347 apud
1986 1277 2151 1329 Deum

594 1390 1030 1457 ouinipotentem,
1059 1381 1103 1433 si
1123 1384 1363 1432 errantes
1384 1372 1705 1433 correxeris,
1737 1371 1779 1423 si
1803 1367 2012 1421 veritati
2028 1380 2154 1419 con-

597 1478 846 1535 sentiet-is
875 1467 1273 1546 [consenseris],
1327 1466 1370 1519 si
1399 1464 1431 1517 h
1456 1461 1674 1516 tntiliter
1705 1458 1897 1528 legeris
1945 1462 2154 1511 sancta-

596 1585 720 1623 rum
746 1545 1143 1635 Scriptnrarum
1192 1557 1379 1618 series,
1418 1553 1585 1621 magis
1614 1550 1924 1605 desiderans
1953 1545 2158 1600 veraci-

588 1664 686 1713 'ter
733 1653 944 1711 veritati
996 1649 1234 1711 obedire,
1291 1659 1450 1713 quam
1495 1640 1839 1711 pertinaciter
1877 1646 2023 1692 tuam
2075 1635 2158 1689 vel

604 1744 885 1817 cujuslibet
923 1739 1141 1794 alterius
1186 1736 1399 1789 ﬁrmare
1426 1730 1765 1785 sententiam.
1822 1727 2018 1779 Parata
2077 1733 2160 1777 cst

2238 553 2289 625 (1
2316 554 2553 617 Timrvt,
2585 552 2697 623 20).
2724 550 2864 604 Ecce
2910 548 3083 616 qualis
3117 544 3330 600 novitas
3352 552 3455 605 est,
3501 541 3796 602 Christum,

2239 646 2329 716 qui
2354 660 2419 699 ex
2447 644 2663 713 Virgine
2682 650 2844 695 natus
2869 637 3303 709 est,ga:,loptivum
3335 634 3523 696 ﬁlium,
3553 630 3634 685 vel
3664 644 3799 683 nun-

2242 735 2546 803 cupativum
2571 722 2735 786 Deum
2767 730 3058 800 praedicare
3076 735 3132 781 et
3175 725 3475 786 nominare,
3504 729 3558 776 et
3578 720 3801 789 apertis-

2244 824 2394 877 simis
2448 821 2754 891 apostolica:
2807 816 3139 872 auctoritatis
3175 812 3496 868 testimoniis
3529 824 3636 864 non
3690 821 3803 863 cre-

2245 916 2393 977 dere,
2423 913 2515 966 sed
2545 908 2991 981 magisavcrsari,
3026 906 3122 975 qui
3152 905 3225 958 ait
3251 922 3270 956 τ
3303 901 3405 968 Qui
3430 901 3636 971 proprio
3664 897 3805 950 Filio

2247 1021 2341 1059 suo
2368 1020 2471 1057 non
2498 1001 2734 1072 pepercit,
2767 999 2854 1052 sed
2874 1014 2966 1069 pro
2986 996 3133 1050 nobis
3152 993 3387 1049 omnibus
3415 989 3631 1044 tradidit
3657 987 3802 1040 illum

2251 1095 2426 1166 (Rom.
2456 1109 2571 1155 vin,
2599 1090 2709 1159 52).
2741 1088 2990 1143 Potuitne
3010 1087 3187 1142 dicere
3212 1082 3515 1152 Apostolus,
3540 1078 3629 1148 qui
3651 1078 3808 1146 adop-

2253 1186 2361 1238 tivo
2387 1182 2495 1236 ﬁlio
2524 1195 2620 1237 suo
2648 1194 2753 1233 non
2781 1178 3039 1247 pepercit,
3062 1176 3105 1229 si
3135 1174 3388 1227 voluisset
3404 1184 3504 1223 nos
3525 1168 3670 1222 illum
3700 1181 3811 1219 cre-

2253 1273 2377 1325 dere
2406 1270 2730 1338 adoptivum,
2776 1268 2865 1335 qni
2895 1266 3124 1331 traditus
3162 1272 3241 1317 est
3270 1278 3366 1331 pro
3386 1268 3557 1314 satute
3583 1258 3812 1311 nostra?

2252 1366 2383 1418 Item
2411 1366 2524 1433 ipsa
2547 1361 2759 1417 Veritas
2806 1360 2855 1413 in
2880 1350 3163 1425 Evangelia
3213 1354 3289 1408 ait
3315 1371 3327 1405 :
3358 1351 3447 1407 Sic
3468 1349 3603 1403 enim
3632 1346 3811 1400 dilexit

2257 1457 2394 1509 Dens
2426 1454 2697 1515 mundum,
2749 1461 2804 1502 ut
2850 1446 3048 1501 Filium
3094 1460 3247 1498 suum
3297 1439 3616 1510 unigenitum
3668 1436 3813 1488 daret

2260 1547 2440 1615 (Joan.
2472 1562 2553 1609 ιιι,
2582 1542 2687 1613 ili);
2714 1541 2779 1595 de
2803 1554 2906 1608 quo
2936 1546 2990 1592 et
3019 1536 3173 1607 paulo
3196 1543 3320 1587 ante
3357 1531 3469 1585 ait:
3505 1526 3814 1583 Sicutcnim

2262 1636 2462 1705 Moyses
2518 1633 2761 1687 exultavit
2808 1637 3089 1698 serpentem
3135 1626 3188 1678 in
3222 1638 3413 1685 eremo,
3467 1620 3543 1671 ita
3593 1615 3818 1670 exaltari

2263 1703 2455 1798 oportet
2477 1725 2644 1794 filium
2667 1721 2886 1776 hominis
2917 1718 3092 1789 (Rom.
3121 1730 3195 1777 ιι,
3223 1712 3298 1783 5).
3325 1712 3391 1764 Et
3426 1709 3552 1777 quid
3577 1703 3820 1773 estquod

607 1835 749 1891 rnim
788 1826 1153 1893 misericordi:i
1188 1820 1569 1891 omnipotentis
1620 1816 1714 1870 Dei
1754 1827 1873 1870 tuas
1926 1813 2161 1881 recipere
2195 1823 2237 1882 Β
2266 1824 2402 1877 idem
2431 1817 2700 1888 apostolus
2750 1817 2803 1869 in
2850 1812 2955 1866 alio
2983 1811 3099 1863 loco
3132 1809 3242 1861 ait:
3285 1804 3517 1869 Quorum
3540 1808 3735 1870 patres,
3759 1810 3821 1847 (at

609 1938 794 1995 preces
865 1919 908 1973 si
964 1929 1145 1969 amore
1190 1910 1432 1964 veritatis
1485 1905 1865 1976 cognoscendre
1912 1902 2160 1956 effuderis

613 2030 725 2070 (‘28.

682 2105 786 2161 Vll.
822 2101 1121 2157 Potuissem
1148 2098 1327 2163 itaque
1370 2091 1550 2146 multis
1599 2088 1918 2143 testimoniis
1948 2091 2161 2137 sancta-

610 2209 729 2248 rum
759 2191 1153 2260 Scripturarurn
1183 2190 1237 2237 ct
1264 2180 1645 2236 catholicorum
1683 2177 1961 2229 doctorum
2004 2170 2165 2237 scrip

614 2288 682 2340 tis
704 2284 933 2355 probare
956 2277 1138 2333 Iesum
1170 2274 1443 2329 Christum
1474 2268 1751 2333 Dominum
1784 2266 2052 2325 nostrum,
2079 2260 2167 2328 qui

614 2392 679 2428 ex
706 2348 912 2440 virgine
950 2374 1106 2419 natus
1136 2371 1239 2426 est,
1292 2360 1461 2413 Deum
1508 2370 1626 2411 esse
1667 2368 1851 2408 verum
1893 2360 1947 2405 et
1980 2348 2171 2403 Filium

618 2467 708 2521 Dei
731 2462 1000 2533 proprium
1035 2474 1048 2520 ;
1082 2456 1175 2510 sed
1199 2451 1423 2522 sapienti
1449 2462 1613 2519 pauca
1643 2444 1883 2499 sufﬁcere
1912 2443 2175 2503 seicns,ct
2220 2484 2223 2487 .

618 2556 784 2624 magis
814 2564 1061 2606 sensuum
1088 2542 1294 2598 veritati
1330 2540 1593 2593 arbitrans
1618 2545 1671 2601 te
1700 2535 1993 2598 intendere,
2017 2546 2175 2600 quam

621 2620 921 2696 sermonum
951 2632 1392 2702 multiplicatione
1439 2629 1689 2698 gaudere,
1735 2625 1910 2685 credo,
1966 2620 2177 2676 Domini

621 2731 788 2787 nostri
837 2728 960 2782 Jesu
1002 2723 1199 2779 Christi
1251 2716 1751 2773 misericordissima
1792 2714 1964 2781 pietas
2014 2709 2179 2761 faciet

623 2832 678 2877 te
702 2820 981 2873 veritatem
1026 2813 1341 2879 intelligere,
1389 2806 1431 2859 si
1479 2803 1749 2858 humiliter
1773 2816 1891 2854 eam
1945 2812 2182 2866 quaerere

624 2908 874 2969 insistis;
916 2905 1037 2971 quia
1082 2901 1271 2961 omnis,
1324 2896 1412 2967 qui
1463 2912 1516 2948 se
1562 2892 1823 2955 Itumiliat,
1871 2888 2184 2943 exaltabitur

629 2998 780 3069 (an.
822 2970 935 3057 xw,
970 2990 1078 3061 ll),
1111 2996 1163 3041 et
1204 2985 1521 3041 humilitatis
1562 2970 1920 3052 passibus‘ad
1946 2976 2184 3033 caelestis

631 3066 776 3159 regni
808 3084 1135 3139 altitudinem
1154 3072 1482 3149 pervenitur.
1518 3074 1635 3128 Una
1666 3072 1823 3126 debet
1850 3083 1971 3123 esse
2003 3066 2186 3121 Eccle-

633 3140 719 3233 sit:
739 3176 936 3231 Christi
988 3180 1100 3226 toto
1128 3140 1257 3223 orbe
1306 3166 1494 3222 diﬁ‘usa
1545 3165 1598 3218 in
1648 3162 1751 3216 ﬁde
1796 3168 1851 3215 et
1902 3160 2181 3214 charitate.
2213 3140 2257 3201 C

640 3254 811 3323 Unum
836 3280 865 3317 e
903 3263 1107 3316 duobus
1140 3277 1152 3311 :
1206 3266 1298 3311 aut
1354 3258 1409 3310 in
1438 3262 1551 3309 toto
1607 3252 1802 3306 mundo
1845 3260 1926 3305 est
1955 3250 2187 3303 Ecclesia

638 3355 839 3411 Christi
861 3367 1021 3421 supra
1050 3356 1256 3417 petram
1283 3346 1522 3407 fundata,
1555 3353 1612 3397 ut
1650 3343 1914 3397 credimus
1946 3350 1997 3395 et
2023 3341 2189 3394 conli-

643 3458 834 3506 temur,
865 3450 956 3495 aut
983 3441 1143 3493 etiam
1165 3436 1365 3508 [Forte,
1392 3444 1484 3487 aut
1510 3432 1699 3503 solum]
1728 3434 1780 3485 in
1808 3431 1980 3485 Felice
2008 3439 2059 3485 et
2082 3433 2192 3485 suis

641 3535 825 3605 paucis
879 3528 1272 3591 sectatoribus,
1330 3525 1472 3593 quod
1522 3522 1739 3575 Omnino
1796 3520 2064 3589 indignum
2114 3526 2196 3572 est

644 3623 859 3677 Christo
886 3621 994 3672 Deo
1040 3625 1245 3679 nostro,
1275 3622 1334 3666 ut
1380 3614 1558 3681 plures
1586 3626 1691 3665 non
1732 3610 1926 3664 habeat
1972 3611 2023 3663 in
2070 3608 2197 3663 ovili

646 3727 761 3773 suo,
785 3722 941 3778 quam
991 3705 1108 3759 illos
1134 3716 1351 3773 paucos,
1375 3702 1466 3768 qui
1506 3701 1559 3753 iu
1582 3699 1847 3753 montanis
1872 3700 2034 3768 863
2078 3698 2196 3751 lati—

649 3809 761 3855 tant
790 3814 907 3853 cum
940 3796 1133 3850 Felice.
1159 3794 1237 3846 Tu
1281 3805 1432 3855 vero,
1461 3791 1543 3843 vir
1583 3791 1688 3843 Deo
1716 3789 1879 3843 eiecte
1907 3797 1959 3841 ct
1988 3790 2196 3851 dilecte,

652 3894 876 3959 leipsum
900 3902 1019 3942 cum
1053 3868 1157 3938 t‘uis
1185 3882 1448 3937 consociis
1468 3880 1753 3934 universali
1779 3878 2025 3933 Ecclesia:
2043 3878 2202 3932 (Ἀπία

652 3982 722 4031 sti
747 3977 1028 4043 coniunge,
1054 3982 1112 4025 ut
1140 3972 1213 4025 sis
1233 3971 1529 4024 membrum
1560 3969 1869 4024 honorabile
1894 3969 2035 4023 illius
2061 3970 2203 4038 capi-

662 4070 755 4129 tis,
779 4066 868 4133 qui
898 4077 995 4131 pro
1044 4070 1093 4113 te
1142 4075 1293 4113 suum
1334 4059 1642 4127 sanguinem
1686 4057 1905 4112 fundere
1928 4074 2031 4112 non
2060 4059 2204 4112 dedi-

656 4154 853 4226 gnavit,
873 4151 1171 4217 recogitans
1195 4157 1449 4216 quantum
1470 4146 1571 4201 erit
1598 4146 1844 4217 gaudium
1874 4147 1924 4200 in
1947 4148 2095 4203 cmlis
2121 4166 2207 4203 su-
2264 4152 2267 4153 ⁷

658 4261 752 4314 per
774 4258 877 4298 uno
906 4250 1183 4311 peccatore
1211 4239 1579 4307 ptenitentiam
1617 4247 1825 4307 agente.
1872 4239 1986 4295 Non
2014 4241 2133 4295 dico
2156 4251 2207 4295 te

660 4343 1021 4407 precatorem,
1044 4332 1136 4387 sed
1183 4330 1588 4397 pradicatore‘m
1614 4346 1629 4393 ;
1655 4329 2012 4384 confessorem
2050 4332 2207 4384 Ωιιιί-

665 4426 755 4489 sti,
783 4438 887 4477 non
916 4433 1219 4481 aversorem
1278 4417 1398 4472 tldei
1428 4434 1442 4482 ;
1467 4418 1738 4473 lucernam
1766 4436 1925 4489 super
1966 4422 2211 4474 candela-

666 4518 821 4568 brum
850 4510 1101 4580 positam,
1129 4515 1185 4561 ut
1206 4506 1380 4561 luceat
1407 4506 1656 4562 omnibus
1697 4509 1785 4576 qui
1837 4509 1889 4561 in
1916 4509 2072 4563 domo
2118 4510 2209 4562 Dei

668 4611 807 4656 sunt.

741 4693 866 4746 \‘lll.
893 4690 1064 4743 Etiam
1090 4697 1143 4741 et
1184 4689 1236 4740 in
1284 4688 1385 4741 hoc
1430 4696 1531 4739 ture
1554 4686 1903 4741 sanctissume
1954 4687 2214 4742 voluntati

672 4783 917 4835 obnixius
944 4780 1166 4833 suadere
1213 4786 1385 4829 ratum
1427 4778 1629 4845 putavi,
1673 4788 1733 4831 ut
1774 4780 2016 4832 eumdem
2043 4780 2216 4832 virum

672 4871 1025 4925 venerabilem
1047 4868 1278 4921 Felicem
1306 4866 1408 4919 tuis
1430 4868 1627 4921 sanctis
1658 4868 1905 4935 precibus
1930 4874 1984 4919 et
2020 4868 2221 4922 suavis-

675 4961 825 5015 simis
874 4957 1296 5026 suggestionibus
1336 4964 1647 5009 convertere
1677 4956 1742 5010 ad
1771 4956 2043 5011 catholica:
2096 4955 2216 5010 ﬁdei

676 5050 933 5103 unitatem
958 5058 1009 5101 et
1028 5048 1305 5100 veritatem
1336 5043 1541 5097 nitaris.
1564 5043 1765 5099 Fidelis
1788 5055 1872 5101 est
1887 5047 2029 5100 enim
2055 5046 2217 5111 Deus,

681 5142 799 5209 pius
825 5146 905 5192 est
938 5138 1255 5199 misericors,
1294 5136 1383 5205 qui
1416 5134 1714 5188 nullatenus
1742 5136 2085 5190 obliviscatur
2105 5135 2220 5204 ejus

685 5228 850 5282 multa
871 5230 1029 5290 bona,
1052 5236 1106 5279 et
1126 5227 1429 5295 religiosam
1451 5227 1634 5288 vitam,
1664 5234 1718 5278 et
1743 5222 1970 5289 labores,
2011 5242 2115 5294 qua
2135 5228 2219 5281 die

684 5328 946 5387 noctuque
972 5314 1230 5369 indefessa
1252 5316 1520 5369 voluntate
1541 5315 1783 5369 desudat.
1808 5312 2013 5380 Quanta
2040 5318 2108 5371 sit
2125 5318 2219 5371 tibi

688 5425 865 5461 coram
895 5410 1003 5461 Deo
1038 5416 1091 5459 et
1119 5405 1319 5459 sanctis
1342 5404 1457 5471 ejus
1484 5404 1647 5476 gloria
1688 5414 1744 5460 et
1770 5408 2127 5463 remuneratio
2152 5409 2231 5462 in-

692 5502 845 5555 tende
882 5509 934 5552 et
953 5499 1252 5569 diligentius
1280 5497 1573 5561 considera,
1624 5498 1676 5551 in
1711 5499 1881 5552 salute
1923 5496 2101 5552 fratris
2131 5501 2228 5563 tui,

693 5592 850 5643 etiam
880 5597 933 5641 et
972 5590 1102 5642 tanti
1130 5589 1249 5651 viri,
1301 5596 1356 5643 et
1383 5597 1487 5641 tam
1534 5588 1803 5658 praeclarae
1854 5589 2129 5659 dignitatis
2177 5600 2232 5643 et

690 5679 986 5734 sanctitatis
1010 5678 1206 5734 famulo
1230 5678 1446 5735 Christi.
1473 5680 1673 5736 Memor
1695 5689 1808 5737 esto
1837 5695 2047 5750 semper
2091 5680 2230 5736 illius

2262 1915 2447 1983 quibus
2473 1908 2730 1970 Christus,
2752 1904 2839 1975 qui
2869 1911 2940 1956 est
2967 1916 3120 1971 super
3143 1897 3314 1952 omnia
3354 1894 3495 1947 Deus
3527 1888 3822 1944 benedictus

2263 1978 2316 2057 in
2353 1999 2543 2056 muta
2576 1996 2764 2070 (lbid.,
2795 1992 2931 2062 tt)?
2965 1991 3046 2046 An
3068 1997 3123 2044 et
3149 1988 3238 2043 hic
3286 2000 3388 2040 non
3414 1982 3587 2052 potuit
3622 1978 3823 2039 dicere,

2266 2094 2355 2163 qui
2380 2101 2462 2147 est
2505 2088 2897 2158 nuncupativus
2923 2085 2976 2138 in
3005 2080 3238 2137 smcula?
3267 2072 3382 2132 Νοιι
3407 2075 3550 2130 enim
3576 2073 3631 2127 in
3664 2070 3824 2127 Chri-

2270 2195 2373 2249 sto,
2403 2185 2541 2238 sicut
2582 2182 2637 2235 in
2666 2178 2905 2247 quolibet
2950 2173 3185 2232 homine,
3214 2168 3488 2239 generatio
3536 2173 3618 2217 est
3647 2163 3828 2231 (homo

2270 2278 2411 2332 enim
2442 2273 2664 2342 quilibet
2689 2270 2827 2323 lilius
2868 2267 2961 2319 ira:
2990 2263 3248 2323 naScitur,
3281 2257 3373 2312 sed
3401 2263 3522 2325 post
3548 2254 3605 2307 in
3631 2250 3830 2317 baptis-
3886 2296 3890 2300 ,

2272 2389 2360 2428 mo
2377 2371 2549 2443 gratia
2572 2366 2741 2423 sancti
2772 2364 3003 2433 Spiritus
3033 2360 3083 2413 in
3100 2356 3262 2410 ﬁlium
3288 2354 3570 2422 adeptatur
3589 2345 3723 2413 Dei),
3740 2343 3831 2397 sed

2274 2435 2455 2515 statim
2478 2459 2531 2511 in
2560 2458 2673 2525 ipso
2712 2457 2970 2519 conceptu
3001 2454 3286 2518 conceptus
3309 2450 3391 2496 est
3429 2440 3597 2494 Filius
3625 2435 3752 2497 Dei,
3781 2444 3835 2487 et

2277 2559 2433 2603 natus
2476 2524 2767 2602 secundum
2800 2539 3054 2610 temporis
3088 2532 3537 2605 opportunitatem
3568 2541 3725 2581 verus
3750 2524 3837 2579 Fi-

2280 2641 2381 2693 lius
2405 2639 2517 2691 Dei.
2557 2636 2813 2691 Similiter
2834 2642 2887 2687 et
2936 2643 3040 2684 non
3095 2635 3177 2681 est
3207 2626 3260 2679 in
3288 2622 3503 2678 Christo
3545 2614 3839 2673 divinitatis

2283 2730 2553 2798 maiestas,
2571 2726 2705 2780 sicut
2732 2726 2784 2777 in
2798 2721 3031 2791 quolibet
3046 2717 3259 2772 homine
3279 2710 3596 2783 episcopalis
3609 2705 3840 2776 dignitas

2282 2794 2427 2871 verbi
2442 2816 2612 2883 gratia
2638 2815 2761 2884 (non
2785 2812 2924 2864 enim
2950 2806 3219 2878 apostolus
3232 2804 3443 2865 Petrus,
3473 2794 3740 2868 apostolus
3760 2805 3844 2849 est

2287 2914 2463 2970 natus,
2494 2904 2587 2958 sed
2614 2911 2796 2972 postea
2827 2916 2855 2953 a
2887 2900 2995 2954 Deo
3018 2897 3218 2951 electus
3246 2912 3259 2947 :
3291 2884 3429 2948 sicut
3473 2889 3693 2960 quilibet
3731 2884 3841 2954 epi—

2286 3011 2476 3064 scopas
2505 3010 2609 3049 non
2642 3002 2724 3046 est
2762 2992 3041 3062 episcopus
3081 2996 3263 3049 natus,
3286 2982 3379 3037 sed
3402 2987 3521 3048 post
3548 2974 3845 3038 nativitatis

2290 3094 2644 3157 opportunum
2670 3092 2875 3149 tempus
2889 3080 3089 3133 electus
3109 3078 3161 3129 in
3177 3076 3535 3153 episcopatum
3558 3078 3610 3121 et
3632 3067 3844 3121 ordina-

2292 3146 2420 3246 tus),
2453 3175 2544 3228 sed
2578 3172 2756 3229 statim
2780 3146 2836 3223 in
2865 3170 2980 3238 ipso
3009 3172 3266 3232 conceptu
3320 3170 3373 3214 et
3398 3146 3677 3219 nativitate
3709 3155 3849 3208 Deus

2292 3282 2449 3319 verus
2478 3271 2631 3317 natus
2657 3270 2737 3313 est
2762 3259 3024 3321 Christus,
3052 3265 3099 3309 et
3126 3253 3369 3324 preprius
3401 3250 3570 3303 Filius
3598 3247 3711 3309 Dei,
3743 3260 3846 3297 non

2292 3355 2570 3424 adoptivus
2620 3352 2778 3413 ﬁlius,
2822 3363 2919 3402 nec
2948 3344 3341 3414 nuncupativus
3393 3342 3549 3393 Deus.
3598 3334 3851 3391 Firmiter

2295 3448 2495 3513 absque
2525 3443 2668 3496 omni
2725 3441 3050 3493 dubitatione
3079 3434 3402 3490 credendum
3446 3440 3529 3485 est
3557 3441 3611 3484 ct
3652 3429 3847 3498 prcedi-

2298 3530 2557 3593 candum,
2612 3527 2854 3582 eumdem
2882 3541 3022 3591 esse,
3072 3524 3161 3595 qui
3193 3532 3351 3577 natus
3400 3529 3481 3575 est
3508 3536 3573 3575 cx
3609 3518 3853 3587 Virgine,

2298 3622 2462 3675 Deum
2489 3634 2673 3673 verum
2690 3618 2741 3671 in
2758 3617 2960 3670 duabus
2975 3613 3203 3676 naturis,
3232 3622 3284 3666 et
3308 3625 3491 3665 verum
3520 3609 3710 3663 Filium
3730 3608 3851 3670 Dei;

2300 3712 2372 3763 ita
2398 3718 2456 3763 ut
2478 3725 2613 3763 unus
2650 3709 2721 3762 sit
2760 3706 3029 3769 Christus,
3076 3702 3143 3758 et
3174 3700 3312 3757 unus
3332 3702 3473 3757 Deus
3517 3708 3569 3755 et
3598 3715 3734 3767 unus
3760 3698 3855 3751 Dei

2301 3800 2489 3863 Filius,
2513 3808 2567 3852 et
2582 3813 2715 3851 unus
2731 3811 2822 3849 rex
2834 3836 2847 3857 ,
2861 3803 2915 3849 et
2933 3809 3069 3847 unus
3082 3793 3245 3847 totius
3256 3790 3436 3845 mundi
3452 3786 3859 3849 Salvator,divi-

2302 3893 2468 3943 nitate
2490 3886 2956 3942 consubstantialis
2976 3884 3143 3948 Patri,
3161 3882 3491 3937 humanitate
3512 3878 3859 3934 consubstan-

2306 3981 2447 4037 tialis
2474 3980 2653 4043 matri,
2685 3988 2743 4031 ut
2769 3979 2839 4031 sit
2866 3977 3005 4031 idem
3035 3990 3193 4028 verus
3236 3974 3377 4026 Dens
3416 3980 3469 4025 et
3498 3984 3653 4023 vcrus
3701 3968 3859 4021 homo

2308 4058 2360 4123 in
2383 4070 2881 4145 unitatepersonaz.
2910 4064 3042 4117 Nam
3078 4072 3131 4117 et
3164 4064 3276 4131 ipse
3321 4071 3557 4128 tempore
3596 4057 3860 4127 passionis

2309 4173 2417 4212 sute
2439 4158 2711 4227 atljuratus
2737 4170 2765 4205 a
2790 4152 3056 4223 pontiﬁce,
3078 4153 3271 4205 Filium
3310 4167 3365 4205 se
3392 4152 3482 4205 Dei
3512 4165 3626 4203 esse
3650 4148 3859 4203 confes-

2311 4263 2403 4301 sus
2436 4255 2535 4301 est.
2590 4246 2654 4299 Et
2690 4244 2854 4298 multa
2902 4244 3023 4296 talia
3056 4241 3206 4314 [ϐοά.
3266 4240 3407 4305 Vat.,
3455 4250 3509 4294 et
3540 4239 3704 4292 multa
3732 4236 3858 4306 alia]

2310 4337 2569 4391 habemus
2587 4334 2885 4388 testimonia
2906 4334 2960 4385 in
2985 4341 3170 4384 sancto
3190 4329 3496 4397 Evangelio,
3520 4342 3639 4397 qua:
3666 4326 3861 4395 ubique

2315 4441 2435 4479 eum
2464 4423 2655 4475 Filium
2683 4422 2776 4474 Dei
2808 4437 2925 4477 esse
2951 4430 3231 4474 testantur.
3282 4419 3542 4472 Percurrc
3567 4431 3753 4471 omnes
3773 4432 3864 4485 pa-

2313 4515 2463 4583 ginas
2491 4512 2807 4581 evangelica:
2836 4512 3187 4572 auctoritatis,
3227 4520 3279 4563 et
3307 4510 3617 4577 epistolares
3651 4516 3865 4562 sentcn-

2312 4606 2416 4657 tias
2446 4602 2750 4671 apostolica:
2794 4601 3102 4671 dignitatis,
3156 4600 3237 4653 vel
3280 4597 3518 4652 omnium
3558 4604 3867 4651 sanctarum

2317 4695 2715 4763 Scripturarum
2744 4694 2933 4757 series,
2978 4700 3031 4745 et
3073 4688 3327 4759 quidquid
3374 4690 3428 4742 in
3463 4689 3568 4744 illis
3605 4688 3862 4750 invenias,

2318 4783 2419 4836 hoc
2444 4781 2668 4835 ﬁdeliter
2691 4779 2919 4849 praedica
2943 4793 2957 4841 ;
2986 4779 3037 4831 in
3068 4778 3150 4831 his
3172 4776 3414 4842 sufﬁciat,
3441 4786 3493 4831 et
3516 4775 3743 4847 gaudeat
3766 4783 3868 4829 tutu

2323 4869 2621 4924 sanctitatis
2648 4883 2855 4932 sensus,
2885 4878 2942 4922 ut
2962 4868 3172 4938 dignam
3194 4866 3471 4921 catholicae
3512 4860 3867 4933 ﬁdeietpm-

2324 4960 2604 5015 dicationis
2626 4961 2679 5014 in
2703 4963 2903 5035 menta
2928 4959 3252 5014 beatitudine
3285 4958 3583 5012 mercedem
3616 4956 3868 5012 merearis

2325 5064 2580 5119 recipere.

2393 5141 2483 5194 IX.
2510 5140 2741 5196 Obsecro
2756 5144 2806 5194 te
2820 5140 3090 5194 humiliter
3112 5154 3207 5208 per
3219 5139 3527 5210 sanguinem
3555 5136 3873 5205 redemptio-

2326 5231 2409 5284 nis
2434 5238 2717 5292 nostrte,et
2734 5244 2830 5297 per
2859 5229 3091 5299 terribile
3114 5229 3288 5284 ultimi
3309 5228 3411 5283 diei
3435 5228 3711 5296 iudicium,
3736 5240 3872 5294 qua-

2331 5326 2485 5373 tenus
2520 5319 2674 5385 liujus
2710 5318 2963 5374 chartula
3004 5304 3191 5374 sensus
3212 5326 3267 5371 et
3295 5318 3547 5389 syllabas,
3598 5317 3645 5370 si
3678 5316 3730 5370 in
3772 5324 3877 5371 tua

2330 5408 2672 5462 beatitudinis
2702 5424 2887 5463 manus
2904 5409 3236 5477 perveniant,
3264 5410 3501 5480 digneris
3520 5389 3753 5476 dirigere
3778 5420 3877 5474 per

2332 5508 2543 5553 sanctos
2566 5487 2764 5567 Christi
2798 5488 3122 5565 sacerdotes,
3162 5509 3218 5556 et
3251 5476 3495 5553 sublimia
3522 5497 3771 5553 Ecclesia:
3797 5496 3880 5549 lu-

2332 5586 2494 5649 mina,
2526 5601 2643 5655 quat
2668 5597 2790 5641 sunt
2812 5589 2864 5641 in
2885 5590 3125 5655 partibus
3145 5587 3429 5656 Hispania.
3497 5586 3555 5641 ln
3592 5588 3694 5641 hoc
3734 5584 3879 5638 enim

2332 5678 2685 5746 cognoscitur,
2714 5679 2757 5734 si
2784 5693 3013 5734 amorem
3036 5680 3231 5739 habeas
3267 5683 3503 5739 veritatis
3525 5690 3579 5739 et
3606 5681 3881 5735 universa-
