4238 6258
2657 30 2664 32 -
3083 41 3104 50 ..-

2745 65 2748 68 .
2875 59 2972 66 ...α-.-

1639 83 1640 86 η
1695 91 1704 92 7
1813 83 1836 90 -ι-
1907 79 1926 86 -·
2077 81 2106 86 —-
2179 77 2184 80 '
2271 83 2286 88 —
2337 73 2400 88 n3"
2415 71 2444 84 ἐ’
2483 67 2566 89 .’“’-”
2607 67 2622 78 θ’
2641 67 2652 70 -
2701 65 2706 69 ι
2729 91 2752 92 7
2769 90 2778 92 _,
2927 87 3046 92 ‘__.__.__
3067 89 3076 92 _
3095 85 3144 92 ...-

880 114 925 118 ——
1183 108 1202 118 .—.
1218 104 1284 118 ":7
1325 104 1378 121 -_.I".p_
1417 104 1480 121 ..μ-ὶ-
1493 109 1520 115 ..ι
1531 111 1540 114 -
1557 109 1600 115 ..-

467 337 561 394 QII

2179 65 2480 80 “Tan:
2503 69 2542 74 --σ-
2553 65 2622 78 ηδε-ξ-
2641 67 2652 70 ·
2701 65 2706 69 ‘
2745 65 2748 68 '

2003 79 2130 120 Ξτέῖ
2143 111 2156 118 -
2167 79 2252 117 ἐκέκ.
2265 79 2382 117 ὲιῖῖῗν
2393 109 2404 116 .
2415 79 2564 118 ἷέὲ-ἷῒτμ
2793 112 2808 117 -
2831 101 2864 120 -.τ

925 301 1382 395 pecuarium.
1400 305 1473 379 4:
1505 339 1661 395 anv.
1703 337 2018 395 ELIPANDI

2131 339 2308 396 LIBRI
2349 343 2436 398 IV.
2473 371 2544 384 —
2580 343 2795 399 EPIST.
2839 341 3159 398 ΡΒᾸΣΥΙᾸΞ.

2355 71 2444 84 ιη*

3563 343 3665 400 ἳιῖ

439 486 442 488 -
469 449 535 504 lis
584 448 833 508 Ecclesia:
874 448 1319 517 coniunctionem,
1367 449 1412 504 si
1454 451 1588 516 lucc,
1629 449 2020 520 qualiacunque
2042 452 2092 512 Α
2116 452 2290 508 omnis
2313 452 2508 518 homo;
2550 467 2655 508 nou
2678 461 2735 508 ut
2757 453 3048 508 divinitatis
3077 459 3266 504 natura
3288 427 3581 506 verteretur
3612 451 3663 502 'm

413 589 420 592 _
470 547 610 603 sunt,
634 539 914 593 charitatis
931 539 1180 594 fraterna:
1220 541 1416 608 scripta
1459 539 1687 594 fideliter
1733 531 2018 594 Conservo-

472 640 589 680 rum
610 625 773 696 867
802 631 1012 681 tuorum
1037 627 1252 681 auribus
1278 626 1485 696 aperire
1514 626 1808 691 desideras,
1829 636 1883 681 et
1902 626 2021 681 illos

471 718 524 771 In
547 716 750 772 unitate
773 717 1046 774 catholica:
1057 718 1203 787 pacis
1231 719 1564 780 conﬁrmare.
1595 719 2020 780 Dicamiterum,

469 814 523 860 et
547 821 668 860 eum
695 807 840 861 omni
863 807 1164 863 humilitate
1191 808 1389 874 dicam,
1428 809 2018 881 saepiusque-repetens:

470 893 926 975 Evigilemus,viri
952 883 1164 961 fratres,
1185 897 1252 950 ad
1270 898 1449 952 tubam
1477 898 1639 952 totius
1657 896 1856 952 mundi.
1888 896 2024 979 Ecce

470 970 787 1038 clamat‘vas
822 983 1112 1048 electionis,
1159 985 1477 1054 prmdieator
1513 985 1769 1056 gentium,
1794 970 2025 1040 sect-veta-

471 1073 584 1128 n’us
598 1072 855 1129 calorum
877 1081 1062 1129 contra
1088 1089 1274 1130 omnes
1295 1075 1778 1140 novitatesvoeum,
1805 1075 2021 1144 dicens:

474 1161 580 1217 Sed
596 1161 713 1218 licet
733 1172 824 1216 aut
846 1162 1058 1234 angelus
1077 1161 1142 1218 de
1167 1162 1291 1218 caelo
1318 1163 1627 1233 evangeliset
1654 1165 1816 1228 vobis,
1841 1173 2028 1234 prwter

470 1251 1077 1325 qubdeeangelizanimus
1097 1253 1257 1319 vobis,
1293 1255 1568 1308 anathema
1597 1255 1681 1308 sit.
1736 1253 1882 1310 Sicut
1901 1269 2030 1322 prata

473 1344 724 1409 diximus,
765 1351 814 1397 et
854 1358 990 1397 nunc
1030 1343 1218 1397 iterum
1242 1343 1390 1408 dico;
1435 1343 1482 1398 si
1515 1344 1632 1414 quis
1657 1343 2028 1412 vobis-evange-

474 1433 703 1490 timert't
721 1442 909 1504 prater
932 1431 1005 1497 id,
1027 1432 1164 1503 quod
1176 1433 1472 1504 accepistis,
1495 1433 1769 1488 anathema
1796 1435 1860 1488 sit
1885 1432 2026 1504 (Gal.

476 1538 514 1585 I,
537 1521 590 1587 8,
623 1520 702 1592 9).
755 1520 893 1577 Ecce
916 1521 1335 1592 quanta'ﬂducia
1355 1522 1720 1595 prmdicatqris
1735 1523 1919 1581 mundi
1947 1529 2032 1577 est

475 1614 532 1668 in
554 1628 647 1668 sua
671 1613 1073 1684 praedicatione,
1119 1620 1179 1667 ut
1215 1628 1319 1668 non
1363 1613 1534 1668 solum
1573 1613 1876 1668 hominibus
1902 1627 2031 1668 ana-

475 1703 651 1755 thema
677 1699 889 1766 indixit,
912 1701 958 1755 si
985 1701 1546 1772 aliterpraedicassent,
1574 1716 1733 1772 quam
1760 1703 1874 1771 ipse
1893 1716 2030 1772 prm-

2119 541 2534 608 humanitatem;
2583 543 2676 600 sed
2695 545 2841 598 salva
2869 543 3144 614 majestate
3170 541 3367 605 divina,
3397 548 3671 608 assumpta

2120 638 2204 684 est
2229 631 2553 689 humanitas:
2580 649 2684 688 non
2707 634 2963 688 diminuta
2990 641 3073 688 est
3098 632 3362 695 divinitas,
3387 631 3478 686 sed
3505 629 3670 685 hono-

2123 718 2328 775 riﬁcata
2361 721 2680 784 humanitas,
2726 729 2972 777 manente
2995 721 3320 791 proprietate
3342 726 3546 774 natura:
3568 719 3666 774 hu—

2121 823 2311 874 manae,
2361 818 2420 864 ut
2443 810 2584 883 idem
2617 812 2748 879 ipse,
2795 811 2884 879 qui
2923 826 2988 865 ex
3028 809 3136 862 Deo
3160 807 3316 862 Patre
3350 805 3674 863 aeternaliter

2122 907 2279 952 natus
2309 904 2408 966 est,
2457 916 2522 955 ex
2549 910 2717 954 matre
2738 901 2955 968 Virgine
2982 899 3341 968 temporaliter
3385 906 3539 952 natus
3588 912 3674 952 εει

2123 995 2230 1041 set:
2280 996 2338 1043 ut
2362 989 2431 1043 sit
2462 981 2644 1042 verum
2673 989 2815 1057 quod
2843 995 3023 1042 tantus
3048 980 3381 1057 Evangelista
3404 987 3503 1041 ait:
3547 983 3669 1040 Ver—

2125 1076 2242 1128 bum
2266 1092 2387 1131 caro
2402 1076 2598 1145 factum
2615 1057 2708 1136 esi.
2752 1076 2808 1131 Si
2837 1077 3148 1132 Deushomo
3170 1074 3339 1148 factus
3362 1082 3464 1140 est,
3494 1074 3676 1145 utique

2125 1163 2285 1219 homo
2320 1163 2461 1221 Deus
2505 1165 2675 1220 factus
2711 1173 2814 1230 est,
2859 1173 3079 1235 propter
3119 1165 3378 1218 unitatem
3412 1177 3672 1234 personae,

2126 1263 2185 1309 ut
2211 1255 2282 1309 sit
2306 1270 2371 1311 ex
2398 1257 2544 1311 omni
2565 1264 2716 1327 parte
2751 1257 2954 1312 veritas
2974 1258 3029 1311 in
3053 1255 3268 1312 Christo
3294 1255 3420 1311 Iesu
3451 1256 3676 1311 Domino

2128 1351 2332 1398 nostro.
2393 1343 2446 1398 Si
2492 1346 2654 1414 igitur
2675 1346 2854 1410 homo,
2883 1346 2973 1414 qui
3015 1354 3318 1415 assumptus
3342 1355 3426 1400 est
3447 1360 3478 1400 a
3500 1345 3676 1400 Verbo

2128 1431 2242 1495 Dei,
2269 1431 2409 1487 Deus
2429 1443 2512 1488 est
2541 1436 2946 1504 nuncupativus,
2972 1435 3095 1505 quia
3116 1435 3218 1489 alia
3241 1447 3431 1489 natura
3467 1444 3550 1490 est
3575 1435 3674 1490 hu-

2128 1523 2420 1586 manitatis,
2463 1523 2570 1579 alia
2610 1525 2931 1590 divinitatis;
2982 1541 3314 1597 consequens
3350 1525 3576 1591 videtur,
3620 1537 3680 1580 ut

2128 1610 2290 1678 Deus,
2340 1615 2428 1683 qui
2453 1614 2720 1670 hominem
2765 1618 3072 1686 assumpsit,
3117 1619 3275 1672 homo
3313 1617 3383 1672 sit
3410 1631 3675 1685 nuncupa-

2132 1703 2293 1769 tivus,
2348 1711 2406 1758 et
2459 1719 2564 1758 non
2606 1712 2782 1773 potest
2818 1713 2979 1769 stare,
3027 1707 3166 1774 quod
3215 1706 3535 1776 evangelista
3571 1707 3674 1760 ait:

475 1789 764 1854 dicaverat,
783 1789 876 1845 sed
897 1780 1100 1861 angelis
1111 1803 1318 1860 quoque
1329 1788 1610 1846 anathema
1631 1791 1852 1846 minavit
1872 1789 2025 1863 [Cod.
2061 1787 2104 1847 Β
2137 1790 2361 1850 Verbum
2387 1812 2508 1849 caro
2537 1796 2731 1866 factum
2757 1807 2848 1852 est.
2905 1797 3162 1853 Similiter
3185 1799 3581 1870 intelligendum
3599 1809 3680 1854 est

491 1880 633 1947 Vah,
662 1882 1174 1956 anathematizavit],
1228 1884 1274 1939 si
1299 1884 1422 1939 novi
1461 1883 1659 1954 aliquid
1685 1884 2031 1939 immisissent

478 1971 532 2026 in
555 1973 932 2040 prmdicatione
959 1973 1262 2043 apostolica:
1289 1961 1649 2029 auctoritatis:
1705 1988 1864 2043 quam
1893 1989 2029 2043 pra:-

479 2067 796 2126 dicationem
834 2063 1155 2134 evangelica:
1178 2064 1420 2118 veritatis
1464 2077 1566 2116 non
1611 2077 1668 2118 se
1693 2062 1761 2126 ab
1795 2063 2026 2117 homini-

479 2161 600 2226 bus,
641 2160 734 2215 sed
767 2160 834 2214 ab
859 2158 975 2228 ipso
1000 2157 1226 2211 Domino
1243 2163 1424 2210 nostro
1459 2152 1582 2209 Iesu
1634 2153 1850 2209 Christo
1895 2153 2030 2208 didi-‘-

476 2251 615 2307 cisse
652 2257 896 2314 testatdr,
933 2249 1024 2304 ubi
1059 2247 1165 2302 ait:
1219 2246 1397 2316 Neque
1426 2245 1562 2300 enim
1609 2261 1700 2316 ego
1734 2243 1798 2298 ab
1825 2242 2030 2297 homine

478 2341 651 2408 accepi
678 2337 834 2402 illud,
859 2354 1018 2410 neque
1037 2335 1216 2400 didici,
1242 2334 1330 2389 sed
1379 2350 1473 2404 per
1519 2333 1876 2399 reuelationem
1901 2330 2029 2386 Iesu

479 2426 673 2484 Christi
722 2426 882 2498 (Ibid.
935 2425 1044 2493 12).
1101 2423 1272 2479 Aliter
1315 2424 1587 2493 pnedicat,
1631 2424 1724 2492 qui
1758 2422 2028 2477 Christum

477 2517 783 2587 adoptivum
826 2514 1069 2580 nominat
1089 2512 1282 2567 Filium
1318 2511 1431 2575 Dei,
1463 2526 1619 2580 quem
1649 2511 1735 2567 ille
1756 2512 2030 2580 proprium

478 2609 670 2666 Filium
683 2607 779 2665 Dei
801 2605 1111 2668 nominavit.
1160 2603 1328 2660 Aliter
1346 2603 1618 2673 pmdicat,
1647 2603 1738 2672 qui
1758 2601 2032 2673 Christum

476 2701 657 2758 Iesum
667 2699 836 2757 Deum
854 2696 1265 2766 nuncupativum
1291 2694 1549 2758 nominat,
1571 2708 1730 2764 quem
1754 2691 1842 2747 ille
1862 2690 2032 2746 Deum

478 2807 640 2865 super
669 2790 855 2848 omnia
874 2789 1211 2846 benedictum
1262 2786 1579 2843 nominavit.
1648 2785 1717 2841 Et
1750 2784 1842 2856 qui
1879 2782 2036 2839 aliter

477 2867 751 2957 prtedicat,
797 2881 983 2935 timeat
1018 2879 1323 2948 apostolica:
1346 2877 1680 2948 auctoritatis
1717 2875 2029 2938 anathema;

479 2990 585 3032 non
613 2973 786 3030 solum
807 2969 1050 3040 apostoli,
1087 2967 1180 3023 sed
1207 2965 1370 3022 etiam
1414 2964 1512 3019 Dei
1532 2963 1752 3026 Christi,
1788 2978 1945 3032 quem
1979 2965 2032 3018 in

2125 1897 2282 1939 versa
2316 1885 2432 1940 vice
2451 1885 2516 1939 de
2531 1885 2843 1956 adoptione:
2889 1888 2935 1943 si
2977 1888 3096 1943 ideo
3141 1888 3226 1944 ille
3251 1889 3428 1954 homo,
3479 1891 3570 1959 qui
3596 1906 3683 1946 as—

2125 1978 2366 2042 sumptus
2399 1983 2498 2038 rst,
2541 1975 2820 2043 adoptivus
2863 1983 2945 2031 est
2969 1976 3108 2032 {ilius
3131 1978 3257 2039 Deo,
3287 1979 3412 2046 quia
3459 1979 3564 2034 alia
3580 1995 3678 2033 na-

2127 2069 2244 2115 tura
2298 2063 2393 2120 est'
2429 2062 2798 2128 humanitatis,
2843 2063 2948 2118 alia
2974 2064 3284 2130 divinitatis,
3324 2066 3562 2133 sequitur
3591 2066 3680 2122 illa

2127 2152 2428 2208 necessaria
2456 2153 2754 2218 conversio,
2810 2161 2870 2208 ut
2897 2153 3058 2219 Deus,
3088 2155 3178 2223 qui
3197 2169 3264 2211 ex
3291 2156 3508 2228 Virgine
3527 2165 3685 2211 natus

2127 2250 2236 2309 est,
2258 2243 2810 2314 sitadoptivusDeus,
2855 2252 2916 2300 et
2946 2246 3155 2315 nonsit
3193 2245 3348 2301 beata
3371 2248 3556 2318 Virgo,
3607 2263 3686 2303 se-

2127 2336 2357 2389 cundum
2386 2330 2751 2390 Néstorianam
2773 2333 3126 2406 impietatem,
3147 2352 3270 2392 vera
3301 2337 3541 2394 Genitrix
3567 2339 3683 2399 Dei.

2128 2423 2221 2478 sed
2243 2439 2341 2495 per
2366 2425 2670 2494 quamdam,
2720 2425 2768 2480 si
2795 2425 2910 2481 ﬁeri
2938 2429 3138 2496 possit,
3156 2430 3497 2498 adoptionem
3518 2438 3688 2485 mater

2129 2512 2244 2566 Dei.
2306 2512 2456 2580 Quod
2486 2529 2646 2583 quam
2695 2511 2848 2586 [Cod.
2883 2513 3024 2580 Vat.,
3073 2518 3351 2590 quantum]
3390 2519 3681 2575 nefandum

2129 2603 2220 2668 sit,
2269 2610 2324 2659 et
2345 2618 2506 2672 quam
2538 2603 2777 2674 impium,
2824 2613 2881 2662 et
2908 2607 2975 2661 ab
3006 2608 3150 2662 omni
3171 2609 3396 2665 veritate
3432 2609 3682 2670 alienum.

2131 2691 2372 2764 quisquis
2391 2696 2478 2765 pie
2502 2696 2567 2752 de
2590 2695 2803 2752 Christo
2839 2697 3028 2763 sentit,
3075 2701 3332 2768 agnoscit.
3396 2701 3504 2755 Has
3554 2716 3680 2756 vero

2131 2785 2396 2840 novitates
2424 2800 2628 2849 vocum,
2659 2787 2958 2842 charissimi
2985 2796 3040 2842 et
3080 2789 3387 2844 clarissimae
3413 2791 3685 2860 dignitatis

2131 2875 2257 2939 viri,
2306 2876 2524 2930 omnino
2549 2876 2762 2946 abjicite
2788 2916 2803 2941 ,
2863 2885 2920 2933 et
2964 2887 3319 2935 consentanea
3368 2882 3690 2951 evangelieis

2131 2963 2299 3035 868
2322 2965 2532 3036 paginis
2574 2974 2630 3020 et
2663 2965 2970 3035 apostolicis
3010 2968 3378 3024 traditionibus
3407 2971 3606 3026 credite
3634 2980 3690 3025 et

480 3081 538 3122 se
556 3064 790 3119 locutum
813 3075 934 3118 esse
979 3065 1224 3123 testatur,
1253 3055 1344 3111 ubi
1368 3054 1475 3110 ait:
1527 3054 1609 3109 An
1629 3055 2034 3125 experimentum
2069 3117 2106 3128 _
2135 3054 2453 3124 praedicate;
2496 3055 2848 3126 intelligentes
2873 3057 2975 3110 alia
3007 3057 3220 3112 nomina
3268 3058 3323 3112 in
3350 3059 3563 3114 Christo
3581 3060 3690 3128 Deo

439 3188 442 3192 ι
616 3117 997 3224 ἀπωτίεὲιξήιιὲ
1037 3149 1092 3202 in
1130 3117 1221 3202 mei
1259 3143 1487 3216 loquitur
1529 3117 1765 3199 Christus
1797 3141 1882 3215 (II
1909 3141 2032 3198 Cor.
2061 3117 2108 3179 ο
2137 3117 2352 3217 propria
2375 3117 2516 3211 esse,
2569 3117 2693 3205 alia“
2715 3146 3066 3218 signiﬁcativa
3102 3167 3116 3203 :
3162 3157 3218 3204 et
3244 3150 3529 3206 discernite
3562 3119 3690 3221 quid

478 3259 596 3306 xui,
627 3241 712 3316 3)?
743 3239 1016 3309 Quomodo
1036 3237 1289 3308 quislibet
1315 3234 1595 3292 temeraria
1623 3233 2040 3304 praesumptione

479 3330 761 3391 Dominum
785 3339 1029 3390 nostrum
1072 3327 1253 3385 Iesum
1292 3325 1561 3383 Christum
1611 3325 1914 3394 adoptivum
1941 3323 2038 3379 Dei

478 3423 672 3480 Filium
689 3422 968 3479 nominare
1015 3420 1194 3483 audet,
1224 3432 1383 3486 quem
1403 3423 1584 3470 tantus
1608 3415 1948 3482 praedicator,
1978 3420 2038 3467 ut

480 3516 732 3579 diximus,
769 3510 1042 3583 proprium
1067 3509 1163 3564 Dei
1209 3507 1401 3564 Filium
1453 3506 1765 3570 nominavit,
1809 3503 1900 3559 ubi
1931 3504 2032 3558 ait:

485 3606 588 3673 Qui
610 3605 815 3678 praprio
844 3601 982 3656 Filio
1026 3616 1120 3656 suo
1150 3615 1252 3653 non
1293 3598 1512 3669 pepercit
1553 3595 1722 3668 (Rom.
1752 3611 1870 3659 vm,
1896 3595 1988 3667 53)
2014 3597 2036 3649 ?

483 3696 575 3752 Vel
591 3709 694 3766 qua
722 3690 944 3748 audacia
964 3690 1208 3746 eumdem
1234 3685 1514 3743 Dominum
1526 3693 1582 3739 ct
1606 3685 1772 3740 Deum
1798 3694 2036 3740 nostrum

480 3787 600 3854 quis
625 3782 902 3856 prmsumit
922 3780 1197 3836 nominare
1226 3777 1637 3847 nuncupativum
1661 3777 1850 3838 Deum,
1877 3790 2036 3846 quem

480 3876 622 3930 idem
649 3872 918 3945 apostolus
937 3871 1274 3927 benedictum
1322 3862 1484 3939 super
1524 3864 1698 3924 omnia
1725 3858 1909 3940 Deum,
1955 3867 2036 3920 vel

478 3964 639 4020 etiam
668 3977 916 4033 magnum
937 3961 1108 4016 Deum
1130 3974 1235 4014 non
1260 3959 1521 4013 dubitavit
1547 3957 1690 4011 clara
1737 3969 1869 4010 voce
1909 3970 2037 4008 cou-

483 4039 516 4109 Ii
527 4052 625 4108 teri
643 4059 698 4107 et
720 4049 1026 4106 nominare?
1067 4047 1157 4102 Ait
1175 4049 1354 4115 itaque
1391 4047 1458 4100 ad
1484 4044 1694 4100 Titum:
1719 4043 2036 4112 Exspectan-

480 4155 558 4199 m
595 4142 792 4198 beatam
842 4129 983 4208 sp‘em
1041 4145 1089 4191 et
1144 4134 1417 4194 adventum
1442 4132 1622 4203 gloria:
1666 4133 1838 4202 magni
1865 4129 1959 4184 Dei
1987 4139 2034 4183 et

485 4231 770 4288 Saluatoris
797 4227 958 4284 nostri
982 4224 1110 4280 Iesu
1138 4224 1352 4288 Christi,
1421 4223 1510 4293 qui
1541 4221 1680 4276 dedit
1707 4223 2034 4293 semetipsum

479 4341 574 4394 pro
597 4321 840 4406 nobisaut
861 4336 954 4376 nos
977 4313 1242 4373 redimeret
1271 4316 1335 4370 ab
1358 4315 1496 4370 omni
1523 4314 1794 4385 iniquitate
1815 4313 1940 4384 (Tit.
1972 4330 2032 4380 u,

2137 3235 2226 3290 cui
2275 3232 2427 3308 [Cod.
2460 3233 2662 3302 Paris"
2689 3237 2818 3307 quid
2839 3237 3052 3311 cuique]
3092 3238 3167 3294 rei
3190 3240 3490 3296 conveniat.
3559 3241 3692 3296 Pro-

2136 3327 2254 3396 pria
2282 3327 2496 3383 nomina
2520 3335 2645 3383 sunt
2669 3327 2725 3383 in
2747 3324 2979 3390 Christo,
3013 3327 3338 3400 Unigenitus,
3370 3328 3694 3401 Primogeni-

2097 3429 2100 3432 '
2135 3426 2242 3482 tus,
2273 3416 2431 3483 Deus,
2463 3417 2555 3472 Dei
2570 3416 2764 3483 Filius,
2790 3427 2835 3474 et
2854 3436 2989 3474 unus
3011 3417 3159 3491 [ϐοὰ.
3182 3419 3325 3484 Vat.,
3349 3429 3397 3473 et
3415 3418 3687 3490 Dominus]

2135 3505 2288 3561 Iesus
2342 3504 2596 3560 Christus.
2670 3497 3029 3576 Signiﬁcativa
3066 3507 3279 3562 nomina
3325 3518 3450 3563 sunt
3475 3519 3691 3579 propter

2135 3597 2390 3666 quasdam
2419 3597 2676 3662 actiones,
2698 3612 2816 3666 qua:
2833 3596 3108 3669 completa:
3124 3607 3246 3655 sunt
3272 3599 3326 3654 in
3352 3599 3468 3662 illo,
3489 3598 3597 3664 (eo,
3609 3600 3692 3654 la-

2134 3687 2236 3756 pis,
2261 3685 2389 3754 oris,
2410 3685 2620 3752 titulus,
2645 3687 2849 3754 vermis,
2864 3696 2918 3742 et
2942 3687 3069 3748 talia
3081 3688 3470 3759 plurima,.qute
3484 3689 3690 3743 ratione

2135 3778 2486 3834 discernenda
2507 3787 2651 3834 sunt.
2687 3833 2694 3838 _
2930 3823 2937 3835 ς

2205 3865 2294 3921 XI.
2320 3867 2456 3920 Dicit
2481 3866 2734 3934 prmfatus
2756 3865 3069 3921 venerabilis
3094 3865 3250 3920 Felix.
3273 3866 3316 3928 δ,
3371 3883 3390 3917 ‹
3427 3865 3690 3934 llispanim

2135 3957 2381 4010 doctores
2393 3954 2660 4010 Christum
2676 3955 2978 4025 adoptivum
2995 3956 3178 4011 solitos
3189 3971 3312 4012 esse
3335 3956 3609 4012 nond‘narc
3626 3949 3640 4020 ξ
3667 3977 3684 4007 ι

2133 4045 2226 4102 sed
2246 4046 2364 4104 illos
2422 4047 2669 4103 doctores
2714 4063 2823 4102 nos
2855 4062 2959 4101 non
2987 4047 3241 4118 legimus,
3286 4062 3454 4116 neque
3482 4048 3548 4102 ad
3593 4064 3693 4103 nos

2135 4137 2557 4208 illorumscripta
2584 4147 2971 4207 pervenerunt:
2997 4145 3052 4190 et
3069 4136 3115 4190 si
3131 4135 3379 4199 dixerint,
3408 4134 3542 4190 forte
3563 4136 3692 4190 sin;-

2133 4225 2255 4294 plex
2285 4225 2584 4298 ignorantia
2609 4236 2702 4280 eos
2727 4223 2963 4280 defendit
2987 4239 3018 4278 a
3041 4238 3292 4279 mucrone
3314 4223 3689 4289 anathematis,

2134 4331 2241 4372 non
2265 4315 2509 4386 pertinax
2523 4315 2724 4370 erroris
2738 4313 2976 4372 defensio
2998 4313 3560 4370 exeommunicationis
3571 4328 3689 4384 per-

482 4415 570 4479 I3,
597 4412 706 4494 II).
754 4403 999 4482 Magnum
1039 4410 1224 4478 utique
1244 4407 1412 4468 Deum
1438 4420 1561 4461 cum
1586 4405 1897 4472 nominavit,
1941 4406 2031 4474 qui
2064 4448 2112 4507 υ
2135 4408 2272 4464 cutit
2291 4406 2465 4479 gladio
2488 4405 2640 4479 (Cod.
2671 4405 2812 4472 Vat.,
2836 4404 3087 4507 gladius].-
3111 4403 3276 4473 Major
3289 4418 3496 4475 quoque
3512 4413 3694 4475 aucte-

479 4511 738 4558 venturus
756 4508 840 4555 est
857 4499 1101 4567 judicare
1127 4497 1276 4552 vivos
1301 4504 1358 4551 et
1383 4499 1640 4560 mortuus,
1667 4512 1772 4552 non
1795 4499 2032 4569 deuncu-

483 4597 592 4650 lum
615 4592 918 4661 quemdam,
957 4588 1169 4658 qualem
1196 4600 1330 4640 nova
1350 4587 1700 4654 quorumdam
1729 4586 1882 4656 tingit
1899 4603 2034 4656 pra:-

484 4681 738 4751 sumptio.
787 4676 846 4734 Si
871 4677 993 4748 quis
1028 4674 1235 4732 dubitet
1265 4674 1331 4730 de
1357 4687 1462 4742 quo
1483 4671 1704 4728 dixisset
1727 4672 2030 4742 Apostolus,

482 4772 946 4844 lcgat'l‘ractatum
969 4765 1108 4822 beati
1121 4755 1426 4835 Hieronymi
1441 4774 1662 4832 a,quem
1683 4762 1736 4817 in
1762 4763 1899 4820 hanc
1909 4763 2036 4819 fecit

483 4866 795 4936 Epistulam.
1192 4868 1194 4870 ’

554 4953 622 5008 X.
656 4951 1111 5008 Considerandum
1163 4956 1247 5004 est
1266 4945 1588 5017 diligentius,
1637 4947 1888 5024 “minus
1921 4946 2036 5016 pie-

485 5043 613 5102 tatis
650 5041 919 5098 intellectu
971 5039 1369 5112 percipiendum
1400 5077 1416 5100 ,
1474 5033 1614 5106 quod
1640 5031 1751 5103 tilla
1782 5034 2041 5089 mirabilis

483 5131 808 5203 evangelista
836 5131 944 5185 ait:
1007 5130 1230 5188 Verbum
1277 5144 1400 5182 caro
1455 5126 1650 5194 factum
1694 5132 1786 5187 est,
1843 5125 1896 5179 id
1935 5132 2038 5188 est,

488 5224 630 5280 Deus
666 5221 827 5275 homo
857 5212 1028 5273 factus
1051 5226 1151 5274 est.
1198 5218 1277 5272 Ex
1315 5217 1492 5272 carnis
1517 5217 1693 5284 itaque
1718 5213 1928 5268 nomine
1957 5220 2037 5265 to-

487 5324 600 5370 tum
624 5309 892 5367 hominem
917 5307 1243 5378 signiﬁcans,
1296 5316 1352 5361 ut
1382 5308 1434 5360 in
1464 5321 1528 5360 eo
1554 5305 1670 5361 loco
1704 5293 2038 5373 intelligitur:

496 5400 698 5456 Videbit
717 5399 887 5454 omnis
911 5412 1034 5451 caro
1063 5393 1290 5449 salutare
1319 5395 1414 5449 Dei
1449 5394 1596 5465 (Luc.
1625 5409 1706 5456 III,
1737 5392 1812 5460 6),
1862 5391 1912 5445 id
1940 5398 2041 5454 est,

525 5548 580 5582 ,ι
613 5532 670 5588 S.
695 5491 1034 5600 II.icr._in._eit
1055 5525 1228 5600 locum
1255 5526 1411 5600 epist.
1442 5527 1508 5600 ad
1536 5525 1742 5579 Titum:
1781 5541 1803 5600 ε
1823 5521 2041 5600 Magnus

485 5605 626 5661 Deus
647 5601 807 5658 Iesus
831 5597 1078 5652 Christus
1093 5592 1336 5650 Salvator
1355 5595 1570 5655 dicitur,
1595 5609 1698 5647 non
1728 5592 2041 5661 primogeni-

486 5660 781 5737 Insomnis
813 5673 1094 5731 creatum,
1130 5677 1233 5720 non
1256 5662 1486 5718 Verbum
1517 5662 1608 5716 Dei
1664 5660 1740 5714 et’
1761 5660 2034 5730 sapientia,

2139 4497 2272 4551 ritas
2297 4497 2574 4551 doctorum
2602 4494 2765 4551 totius
2789 4493 2974 4548 mundi
3006 4493 3161 4548 debet
3199 4507 3336 4556 esse,
3384 4509 3543 4563 quam
3565 4510 3692 4565 pau-

2139 4599 2323 4640 eorum
2346 4585 2402 4638 in
2435 4583 2704 4652 Hispania.
2747 4582 2914 4653 Igitur
2940 4584 3128 4638 beatus
3155 4582 3406 4656 Isidorus,
3442 4587 3526 4640 cui
3557 4586 3688 4640 nihil

2138 4673 2392 4742 Hispania
2414 4673 2609 4728 clarius
2637 4673 2842 4738 habuit,
2870 4672 3035 4727 multa
3064 4673 3279 4728 nomina
3312 4675 3461 4744 ponit
3489 4677 3553 4729 de
3582 4675 3691 4730 Deo

2137 4763 2352 4820 Christo
2385 4763 2439 4818 in
2468 4762 2833 4833 Etymologiis,
2860 4761 2942 4818 vel
2969 4762 3088 4818 aliis
3115 4765 3394 4835 scripturis
3441 4765 3568 4827 suis,
3597 4764 3692 4819 sed

2140 4855 2193 4909 in
2217 4854 2360 4911 nullo
2385 4853 2503 4911 loco
2523 4854 2822 4909 invenimus
2841 4867 2961 4908 eum
2991 4853 3293 4922 adoptivum
3319 4851 3399 4904 vel
3415 4867 3689 4924 nuncupa-

2144 4946 2311 5000 tivum
2335 4945 2519 5008 Deum,
2571 4943 2665 4998 Dei
2694 4941 2887 4996 Filium
2919 4941 3187 4998 Christum
3231 4941 3552 5005 nominasse,
3596 4944 3689 5001 sed

2143 5048 2353 5106 semper
2373 5031 2686 5088 universalis
2706 5039 2906 5087 sancte
2947 5030 3040 5086 Dei
3063 5028 3312 5084 Ecclesim
3348 5029 3400 5082 in
3427 5030 3687 5085 catholica

2148 5125 2250 5180 title
2270 5139 2391 5179 eum
2421 5122 2722 5178 consentire
2749 5120 3062 5175 invenimus.

2216 5213 2326 5269 XII.
2366 5212 2423 5267 Si
2439 5221 2625 5284 vestra
2662 5223 2789 5264 vero
2808 5209 2974 5277 pietas
2998 5213 3052 5259 et
3080 5207 3217 5260 bona
3240 5206 3503 5274 voluntas,
3525 5225 3684 5279 quam

2149 5306 2358 5362 habetis
2391 5303 2444 5358 in
2471 5301 2667 5358 Christi
2696 5300 2976 5362 charttate,
3032 5298 3168 5352 hanc
3193 5297 3469 5367 epistolam
3518 5299 3686 5367 perle-

2141 5408 2266 5463 gere
2292 5391 2579 5453 curaverit,
2606 5395 2661 5454 et
2683 5387 2830 5443 vobis
2854 5387 3111 5456 placuerit
3135 5386 3540 5442 communicatio
3568 5401 3685 5441 san-

2140 5523 2410 5581 sed-Iesus
2434 5521 2704 5578 Christus:
2761 5535 2878 5590 qua:
2907 5519 3157 5574 voeabula
3179 5519 3433 5587 assumpti
3459 5519 3689 5576 hominis

2142 5604 2408 5716 δυνάἀο
2432 5675 2587 5730 supra
2611 5659 2702 5714 lib.
2736 5673 2809 5713 vn
2840 5657 3094 5712 adversus
3123 5656 3351 5712 Felicem
3390 5673 3532 5710 num.
3569 5659 3648 5710 15.
