4238 6226
545 170 651 228 ’Β

1405 168 1465 222 Β.
1511 168 1571 224 F.
1616 167 1839 223 ALBlNl
1879 168 2011 225 εει]
2050 168 2326 224 Αιεωδι
2373 169 2657 226 ΟΡΕΒΕΜ
2695 171 2875 227 PARS
2910 172 2995 227 Ill.

3712 179 3817 235 ω

543 294 647 338 (ιω
668 281 795 339 fidei
836 282 1147 353 nobiscum,
1188 291 1244 339 et
1275 292 1336 337 ut
1382 298 1691 339 sermonem
1727 283 1925 353 smpius
1960 281 2127 337 facia-
2153 294 2205 350 Α
2230 283 2284 337 in
2314 283 2581 338 charitate
2600 282 2803 338 Christi
2825 284 2921 339 Dei
2957 284 3222 355 prolicere
3249 296 3523 358 optamus,
3583 290 3821 350 dilech

473 394 484 403 ·
544 392 667 433 mus
693 376 833 432 inter
858 393 959 433 nos
979 377 1322 444 familiarem,
1359 378 1515 447 plura
1538 374 1690 432 vobis
1714 377 1783 431 de
1814 378 2022 431 ratione
2040 391 2131 430 or-

538 467 794 539 thodoxa:
814 468 961 533 ﬁdei,
993 477 1048 523 et
1082 467 1453 525 ecclesiastica
1496 483 1654 538 pace,
1692 478 1746 522 et
1777 476 1968 523 sancta
2010 468 2131 521 uni-

542 568 677 621 tate.
699 560 991 617 miserante
1021 561 1131 616 Deo
1146 561 1364 617 Christo
1387 577 1517 617 vero
1540 562 1650 617 Deo
1669 568 1724 617 et
1753 546 1971 632 proprio
1992 558 2129 614 Filio

542 650 907 721 l)ci,dirigcre
928 653 1317 707 curaverimus.
1342 652 1468 707 Haec
1489 653 1705 707 interim
1722 652 1892 721 pauca
1918 667 1984 705 ex
2008 651 2134 705 cha-
2174 722 2182 729 _

542 742 718 796 ritatis
738 741 886 798 fonte
910 744 1252 809 dictavimus,
1281 754 1535 814 optantes
1554 759 1653 798 vos
1675 744 1877 814 ubique
1899 742 1954 796 in
1977 742 2125 796 omni

541 831 891 886 sanctitatect
915 832 1124 887 unitate
1157 832 1385 901 pacifica
1407 833 1672 903 prolicere
1719 848 1903 906 coram
1930 832 2043 887 Deo
2070 838 2125 885 et

541 920 865 975 hominibus.
939 922 1048 977 Vos
1092 938 1220 978 vero
1253 923 1616 978 communiter
1637 922 1864 977 obsecro
1894 921 1948 976 in
1976 920 2126 977 calce

542 1010 701 1080 hujus
728 1012 993 1083 epistolae,
1044 1015 1414 1070 sacratissima
1463 1013 2014 1085 lumina'llispanim,
2063 1022 2136 1083 ut.

538 1104 851 1160 memoriam
878 1106 1049 1160 nostri
1080 1106 1134 1161 in
1158 1106 1523 1161 sacrosanctis
1563 1106 1762 1160 vestris
1786 1105 2124 1163 orationibus

536 1198 738 1253 habere
780 1199 1097 1269 dignemini.
1166 1201 1271 1257 Vos
1314 1216 1444 1256 vero
1476 1241 1491 1267 ,
1529 1201 1860 1255 sanctissimi
1903 1200 2115 1265 Patres,

461 1350 465 1357 ε
535 1305 673 1361 quos
722 1290 864 1346 Deus
913 1300 1153 1347 rectores
1175 1293 1359 1363 populi
1388 1293 1470 1347 sui
1501 1292 1802 1356 conszituit,
1828 1308 1926 1362 per
1978 1292 2118 1348 dona

536 1383 709 1437 sancti
739 1383 972 1453 Spiritus
1001 1386 1055 1438 in
1081 1385 1228 1439 omni
1258 1385 1522 1453 sapientia
1544 1384 1823 1440 catholica
1845 1384 2013 1455 pacis,
2064 1392 2119 1439 et

2232 375 2356 431 simi
2368 374 2583 440 Patres,
2595 374 2817 432 Fratres
2833 385 2890 432 et
2904 377 3026 433 Filii
3053 379 3107 433 in
3126 379 3344 435 Christo
3359 381 3588 439 Domino
3607 396 3813 445 nostro.

2234 468 2423 524 Valete
2450 470 2505 524 in
2530 478 2869 541 perpetuum.
2925 472 3026 540 Qui
3072 473 3233 545 legat,
3273 475 3505 533 feliciter
3540 478 3682 551 legat
3706 521 3723 546 ,
3760 491 3818 539 et

2232 562 2503 617 veraciter
2529 561 2881 634 intelligat,et
2895 563 3125 619 ﬁdeliter
3138 566 3346 632 credat,
3363 583 3483 638 qua:
3504 569 3647 624 dicta
3668 579 3813 637 sunt,

2233 663 2502 724 quatenus
2522 655 2853 710 mtcrnaliter
2902 670 3132 727 regnare
3159 666 3430 713 mereatur
3455 674 3577 714 cum
3605 674 3690 727 eo,
3748 662 3816 717 de

2232 761 2343 815 quo
2370 747 2525 800 nobis
2550 761 2729 801 sermo
2764 755 2869 812 est,
2918 747 3199 804 Salvatorc
3241 758 3429 806 nostro
3471 751 3583 808 Deo
3612 767 3740 809 vero
3759 761 3815 809 et

2234 837 2393 902 vivo,‘
2408 836 2641 893 Domino
2663 847 2850 894 nostro
2873 836 3003 893 Jesu
3028 840 3266 897 Christo.

2684 975 3018 1034 EPISTOLA
3054 978 3371 1035 ELIPANDI

2778 1070 2783 1085 ’
2839 1107 2908 1146 tto
2958 1109 3210 1158 Atetxun,

2440 1202 2823 1274 Responsiones
2847 1194 3116 1259 continens
3143 1206 3337 1275 prioris
3362 1207 3610 1277 epistola.

2229 1312 2386 1373 Hanc
2404 1313 3246 1390 cpistglum‘cidesisittter_ngra
3284 1317 3555 1390 Elipurtdi,
3597 1319 3815 1390 hujusce

2511 1381 2833 1455 Patrologia:
2862 1395 3000 1440 tomo
3024 1381 3227 1453 XCVI,
3259 1381 3541 1444 col.'870.'

537 1503 3797 1531 —————————————.~——.——_—_——____.______—

994 1611 997 1620 '
1056 1595 1225 1670 816
1254 1596 1670 1658 ADVERSUS
1711 1594 2179 1659 ELIPANDUM
2224 1597 2739 1685 TOLETANUM.
2765 1598 3001 1664 LIBER
3045 1600 3358 1665 PRIMUS.

596 1820 642 1879 1.
681 1822 939 1880 Paratum
993 1838 1085 1876 cor
1108 1838 1281 1876 meum
1309 1821 1475 1886 Deus,
1528 1830 1772 1891 paratum
1815 1837 1905 1873 cor
1946 1822 2194 1881 utrumn
2224 1817 2360 1872 duos
2409 1816 2569 1883 ﬁlios,
2621 1817 2899 1888 proprium
2947 1827 3109 1888 atque
3165 1820 3507 1890 adoptivum;
3558 1839 3678 1893 qua:
3730 1826 3813 1880 di-

530 1910 707 1985 (Psal.
739 1928 850 1979 nt,
875 1913 952 1983 8).
992 1911 1252 1967 Paratum
1276 1912 1457 1966 divina
1491 1912 1791 1981 inspirante
1828 1912 2000 1981 gratia
2048 1911 2120 1964 ad

531 2006 912 2077 proferendam
933 2004 1182 2062 veritatis
1199 2006 1534 2072 doctrinam;
1586 2011 1837 2076 paratum
1866 2005 1936 2057 ad
1984 2005 2119 2058 resi-

528 2098 779 2154 stendum
801 2098 1049 2153 falsitatis
1067 2097 1373 2162 erroribus;
1411 2106 1681 2167 paratum,
1713 2095 1935 2150 Domine
1964 2092 2116 2160 Jesu,

528 2200 583 2243 te
626 2205 829 2256 amare,
862 2189 1081 2244 laudare
1116 2197 1173 2243 et
1200 2189 1523 2258 prmdicare;
1577 2196 1825 2257 paratum
1857 2196 1907 2241 tc
1928 2202 2115 2257 verum

530 2283 719 2345 Deum,
748 2296 1043 2351 verumque
1071 2281 1166 2335 Dei
1197 2272 1393 2335 Filium
1424 2281 1744 2352 intelligere,
1803 2296 1924 2334 cum
1957 2279 2115 2333 beato

528 2372 859 2444 evangelista
879 2373 971 2441 qui
998 2372 1065 2426 de
1090 2373 1459 2427 sacratissima
1504 2373 1584 2425 tui
1624 2372 1861 2440 pectoris
1884 2371 2115 2439 plenitu-

526 2465 651 2519 dine
673 2461 951 2518 catholica:
981 2462 1225 2518 veritatis
1248 2464 1509 2518 hauriens
1538 2462 1698 2517 fidem
1720 2465 1799 2518 ait
1825 2480 1838 2515 :
1866 2461 1996 2516 Hmc
2019 2480 2115 2515 au-

525 2564 629 2607 tem
653 2554 847 2623 scriptu
884 2562 1025 2617 sunt,
1058 2562 1115 2606 ut
1152 2552 1383 2607 credatis
1406 2554 1532 2623 quia
1564 2551 1724 2606 Jesus
1773 2562 1848 2606 est
1877 2550 2113 2607 Christus

532 2648 703 2702 Filius
735 2648 827 2703 Dei
855 2646 1036 2719 (Joan.
1069 2664 1162 2713 xx,
1190 2646 1304 2720 5|).
1335 2648 1562 2719 Moxque
1584 2648 1744 2717 hujus
1769 2646 1893 2701 ﬁdei
1917 2662 2110 2717 perpe-

528 2754 675 2795 tuam
712 2741 1001 2798 ostendens
1030 2741 1353 2802 mercedem,
1384 2741 1686 2810 subjunxit:
1723 2740 1790 2794 Et
1816 2751 1868 2793 ut
1896 2740 2113 2794 creden-

523 2844 598 2888 tes
624 2835 782 2889 ritum
805 2842 1056 2886 wternam
1075 2829 1310 2885 habeatis
1337 2832 1392 2883 in
1420 2830 1627 2884 nomine
1668 2831 1813 2900 ejus;
1862 2831 2111 2886 eumdem

525 2923 833 2993 evangelica
863 2922 1191 2977 auctoritate
1228 2921 1320 2976 Dei
1352 2920 1550 2975 Filium
1585 2920 1907 2991 przcdicans,
1949 2936 2111 2989 quem

522 3015 741 3070 Gabriel
768 3014 1142 3085 archangelus,
1184 3024 1476 3083 antequam
1503 3014 1901 3083 conciperetur,
1940 3011 2111 3068 beata:

527 3108 735 3178 Virgini
757 3107 939 3163 Jesum
962 3107 1265 3176 Filiumque
1298 3105 1559 3161 Altissimi
1611 3106 1952 3160 vocitandum
1980 3120 2110 3160 esse

2218 1910 2360 1964 visio
2379 1908 2612 1965 duarum
2658 1910 2863 1980 absque
2912 1908 3247 1967 dubitatione
3273 1927 3631 1982 personarum
3689 1928 3813 1972 esse

2220 2004 2561 2075 intelligitur.
3136 2062 3143 2067 .

2287 2094 2374 2149 lli.
2404 2094 2558 2149 Sicut
2572 2096 2830 2165 possibile
2849 2112 2973 2155 esse
2986 2097 3099 2153 Deo
3115 2114 3222 2153 non
3238 2101 3630 2170 estnegandum
3643 2111 3701 2156 ut
3714 2101 3812 2159 Fi-

2216 2184 2322 2240 lius
2336 2185 2594 2250 hominis,
2613 2186 2741 2240 dum
2768 2186 2957 2251 voluit,
2980 2186 3256 2258 perfectus
3276 2196 3331 2244 et
3353 2192 3610 2260 proprius
3630 2193 3810 2259 heret,

2216 2278 2297 2332 sic
2333 2294 2439 2333 non
2460 2286 2543 2333 est
2564 2279 2675 2333 Deo
2701 2280 3182 2336 contradicendum
3240 2291 3303 2336 ut
3327 2283 3620 2339 humanam
3650 2295 3809 2341 natu-

2216 2385 2358 2433 ram,
2402 2385 2567 2441 quam
2593 2371 2647 2425 in
2681 2371 2999 2440 dignitatem
3052 2387 3164 2427 suae
3208 2388 3455 2443 personat
3484 2377 3808 2445 assumpsit,

2216 2461 2272 2515 in
2292 2462 2688 2531 proprietatem
2712 2462 2835 2517 Filii
2858 2462 2953 2517 Dei
2978 2462 3221 2518 exaltare
3245 2466 3532 2533 potuisset,
3556 2467 3637 2519 ut
3658 2475 3805 2520 esset

2214 2555 2404 2609 eadem
2421 2569 2654 2625 persona
2681 2569 2805 2610 cum
2825 2561 3104 2624 assumpto
3130 2555 3353 2610 homine
3387 2556 3443 2610 in
3469 2558 3811 2628 proprietate

2214 2644 2381 2709 Filii,
2436 2659 2561 2714 qua:
2614 2644 2716 2699 fuit
2745 2652 2874 2699 ante
2920 2646 3106 2700 omnia
3145 2645 3362 2711 secula,
3389 2646 3449 2700 in
3500 2647 3803 2703 substantia

2213 2734 2459 2791 Deitatis.
2518 2735 2661 2806 Ergo
2690 2735 2745 2789 in
2774 2736 2922 2790 omni
2969 2737 3112 2791 serie
3132 2745 3442 2795 sanctarum
3478 2737 3793 2809 Scriptura-

2214 2842 2335 2882 rum
2362 2842 2637 2896 nunquam
2661 2842 2858 2882 nomen
2887 2827 3194 2898 adoptionis
3229 2828 3448 2884 Christo
3498 2830 3698 2899 imponi
3728 2830 3805 2885 le-

2211 2916 2379 2986 gitur,
2407 2918 2504 2972 sed
2532 2932 2634 2971 nos
2656 2933 2755 2987 per
2780 2934 2904 2972 eum
2945 2919 3253 2987 adoptionis
3273 2920 3545 2990 accepisse
3572 2923 3804 2991 gratiam

2213 3015 2503 3062 testantur.
2539 3007 2639 3079 .De
2681 3024 2789 3078 qua
2831 3009 3120 3078 adoptione
3142 3009 3195 3062 in
3218 3024 3323 3064 nos
3362 3009 3508 3064 facta
3544 3010 3810 3080 prmfatus

2211 3096 2542 3166 evangelista
2569 3097 2677 3151 ait:
2751 3097 2818 3152 In
2854 3094 3081 3170 propria
3104 3100 3262 3165 venit,
3296 3111 3351 3153 et
3391 3102 3477 3154 sui
3515 3084 3637 3155 eum
3696 3120 3802 3157 non

524 3174 868 3268 pnedixerat.
905 3196 1045 3252 Nulli
1069 3174 1291 3253 dubium
1318 3204 1405 3252 est
1432 3196 1561 3265 quin
1586 3196 1957 3250 adhumanam
1982 3212 2107 3265 per-
2127 3174 2176 3237 (εἶ
2209 3198 2510 3258 receperunt
2543 3207 2560 3242 :
2589 3199 2843 3260 quotquot
2900 3199 3073 3244 autent
3119 3202 3422 3262 receperunt
3478 3209 3616 3259 eum,
3657 3193 3808 3249 dedit

527 3290 722 3344 tineret
751 3279 999 3343 naturam
1022 3304 1215 3343 nomen
1239 3286 1389 3353 Jesu,
1438 3288 1491 3342 in
1530 3302 1639 3357 quo
1676 3288 1911 3352 nomine,
1950 3289 2110 3343 beato

525 3382 746 3435 doctore
769 3381 1007 3451 gentium
1044 3388 1352 3445 attestante,
1383 3397 1535 3436 omne
1566 3398 1701 3451 genu
1734 3382 1982 3452 ﬂectitur,
2012 3398 2111 3435 cae-

521 3472 759 3551 lestium,
781 3472 1127 3536 terrestrium,
1159 3482 1208 3525 et
1229 3473 1559 3541 infernarum
1580 3515 1593 3539 ,
1626 3482 1681 3528 et-
1714 3476 1881 3529 omnis
1922 3463 2110 3545 lingua

523 3564 820 3633 conﬁtetur,
866 3563 988 3634 quia
1019 3562 1273 3617 Dominus
1316 3561 1473 3617 Jesus
1496 3564 1550 3616 in
1577 3564 1746 3633 gloria
1772 3573 1845 3635 est
1874 3565 1970 3617 Dei
1995 3564 2107 3619 Pa-

525 3656 620 3709 tris
649 3652 869 3725 (l’ltilip.
901 3670 962 3719 tl,
992 3654 1101 3723 i0).
1163 3654 1327 3724 Cujus
1353 3670 1571 3724 quoque
1598 3654 1831 3708 nominis
1871 3662 2111 3723 potesta-

526 3758 634 3801 tem
662 3746 851 3801 beatus
880 3746 1069 3800 Petrus
1098 3748 1349 3817 princeps
1374 3746 1739 3816 apostolorum
1793 3746 1846 3799 in
1879 3747 2110 3801 sanitate

528 3841 726 3904 claudi,
770 3841 860 3910 qui
906 3839 975 3893 ad
1014 3840 1327 3908 Speciosam
1375 3840 1556 3909 templi
1607 3849 1817 3910 portam
1866 3840 2104 3911 jaCebat,

528 3936 783 4001 ostendit,
807 3937 930 3990 dum
964 3935 1065 3990 ait:
1101 3934 1167 3988 In
1194 3935 1401 3988 nomine
1422 3934 1551 3987 Jesu
1584 3934 1851 3987 Nazareni
1879 3951 2032 4004 surge
2058 3943 2108 3989 et

461 4019 466 4022 ’
527 4029 739 4085 ambula
772 4028 911 4103 (Act.
948 4045 1030 4093 Ill,
1053 4028 1137 4098 6);
1177 4028 1269 4097 qui
1292 4026 1575 4082 confestim
1606 4033 1826 4081 sanatus
1852 4025 2108 4080 exsilicns

523 4134 579 4177 et
615 4109 898 4176 ambulans
918 4119 1176 4173 laudabat
1209 4120 1399 4171 Deum.
1471 4116 1691 4171 Addidit
1726 4133 1939 4186 quoque
1964 4118 2105 4173 idem

524 4215 713 4271 beatus
765 4210 1040 4282 apostolus
1090 4209 1247 4279 hujus
1276 4207 1511 4261 nominis
1545 4207 1936 4271 excellentiam,
1980 4207 2107 4261 dum

521 4325 553 4360 a
608 4305 808 4360 ludatis
862 4302 1118 4375 prohibiti
1180 4310 1306 4356 sunt
1359 4301 1587 4371 apostoli
1645 4302 1700 4356 in
1764 4316 1829 4356 eo
1888 4301 2106 4356 nomine

524 4395 839 4468 prmdicnre,
892 4395 1119 4451 dicens:
1183 4392 1295 4448 Nec
1325 4394 1463 4447 enim
1503 4402 1579 4447 est
1617 4392 1765 4447 aliud
1797 4408 1981 4447 nomen
2009 4394 2104 4447 sub

522 4486 649 4545 Caelo
670 4489 851 4543 datum
878 4486 1191 4553 hominibus,
1220 4487 1273 4539 in
1295 4502 1397 4557 qua
1428 4493 1661 4557 oporteat
1695 4482 1975 4539 nossalvos
1988 4484 2106 4553 ﬁeri

522 4586 661 4657 (Act.
691 4601 763 4650 tv,
804 4584 913 4653 l2).

589 4682 651 4737 ll.
689 4680 814 4735 Haec
844 4677 1034 4733 eadem
1062 4675 1169 4728 Deo
1190 4674 1481 4727 miserante
1506 4672 1632 4725 mihi
1685 4679 1950 4743 estcausa
1974 4684 2103 4724 con-

522 4786 602 4829 tra
627 4784 677 4829 tc
710 4770 1001 4837 scribendi,
1049 4775 1105 4822 et
1141 4774 1263 4821 tuas
1291 4763 1602 4821 destruendi
1652 4761 2018 4823 inﬁdelitates,
2070 4775 2103 4813 o

521 4868 683 4921 Pater
706 4866 985 4936 Elipande,
1027 4877 1147 4933 qum
1182 4860 1285 4915 fuit
1318 4861 1479 4916 beato
1525 4852 1718 4909 Joanni
1760 4851 2102 4922 evangelista:

522 4967 767 5013 sanctum
797 4973 961 5013 causa
999 4953 1266 5009 scribendi
1290 4948 1663 5019 Evangelium,
1706 4952 1765 4997 ut
1793 4952 2101 4997 sanctarum

524 5046 923 5115 Scripturarum
945 5026 1265 5098 auctoritate
1309 5048 1363 5094 et
1389 5035 1668 5093 catholica:
1696 5032 1817 5087 ﬁdei
1870 5032 2099 5087 veritate

522 5138 821 5201 ostendam,
852 5134 1032 5190 Iesum
1071 5131 1345 5186 Christum
1388 5142 1577 5183 verum
1603 5140 1722 5181 esse
1750 5122 1940 5177 Filium
1980 5123 2094 5186 Dei,

520 5232 684 5303 877
715 5245 821 5286 non
844 5228 1019 5285 solum
1062 5226 1117 5279 in
1162 5240 1227 5277 ea
1260 5232 1452 5276 natura
1498 5236 1616 5289 quae
1660 5216 1987 5272 mternaliter
2029 5229 2094 5267 cx

523 5324 633 5378 Deo
660 5324 819 5378 Patre
846 5320 1025 5393 genita
1050 5324 1152 5381 est,
1185 5329 1371 5370 verum
1399 5312 1562 5367 etiam
1603 5318 1658 5365 et
1704 5325 1767 5365 ex
1798 5324 1856 5363 ea
1887 5306 2089 5380 [Forte,

524 5414 579 5468 in
607 5416 694 5487 ea}
740 5430 857 5483 qua:
882 5411 1249 5482 temporaliter
1272 5424 1339 5462 es
1363 5414 1535 5460 matre
1566 5402 1783 5473 Virgine
1812 5402 1955 5456 facta
1976 5406 2090 5462 est;

523 5521 591 5563 ne
644 5522 785 5563 unus
842 5503 999 5559 .lcsus
1044 5502 1211 5556 Filius
1262 5498 1358 5551 Dei
1418 5495 1663 5550 Christus
1718 5492 1987 5547 dividatur
2041 5490 2093 5543 in

2130 4529 2183 4589 D

2210 3282 2287 3335 cis
2309 3290 2612 3353 potestatem
2640 3281 2780 3351 ﬁlios
2807 3282 2907 3336 Dei
2935 3283 3050 3353 ﬁeri
3092 3281 3271 3355 (Joan.
3306 3301 3348 3349 ε,
3401 3285 3513 3355 li).
3566 3284 3685 3340 Non
3713 3295 3805 3341 est

2210 3376 2328 3431 lucc
2348 3384 2591 3449 potestas
2615 3379 2917 3449 adoptionis
2958 3394 2989 3433 a
3016 3380 3261 3449 quolibet
3284 3381 3539 3452 adoptivo
3567 3382 3622 3435 in
3671 3397 3799 3435 san-

2210 3478 2326 3526 ctos
2352 3471 2566 3536 collata,
2613 3472 2706 3527 sed
2729 3472 2795 3527 ab
2821 3480 2907 3538 eo,
2954 3485 3113 3543 quem
3135 3475 3287 3543 quasi
3316 3475 3664 3543 unigenitum,
3694 3472 3799 3541 pte-

2168 3568 2175 3572 ”
2210 3579 2335 3615 num
2361 3564 2534 3632 gratia
2569 3573 2617 3617 et
2641 3563 2853 3617 ueritate
2877 3579 3001 3617 mox
3023 3564 3076 3617 in
3095 3563 3346 3631 sequenti.
3369 3562 3633 3616 sententia
3657 3563 3797 3618 idem

2212 3659 2439 3706 testatur
2481 3651 2832 3721 evangelista.
2888 3652 2955 3704 Et
2979 3652 3139 3721 paulo
3169 3660 3320 3719 post:
3367 3650 3447 3704 De
3473 3650 3798 3721 plenitudine

2208 3741 2324 3811 ejus
2338 3758 2430 3795 nos
2453 3758 2630 3795 omnes
2650 3742 2962 3812 accepimus,
2981 3749 3029 3795 et
3051 3727 3279 3812 gratiam
3297 3759 3393 3813 pro
3416 3744 3587 3812 gratia
3605 3742 3748 3814 (Ibid
3756 3785 3794 3808 .,

2210 3831 2319 3905 16).
2362 3833 2431 3887 Ει
2457 3832 2778 3904 Apostolus:
2830 3830 2898 3886 In
2934 3850 3037 3903 quo
3083 3832 3284 3887 habitat
3326 3836 3499 3889 omnis
3524 3833 3797 3905 plenitudo

2208 3923 2499 3978 divinitatis
2526 3924 2868 3993 corporaliter
2890 3923 3025 3995 (Col.
3058 3941 3118 3988 tt,
3149 3925 3227 3995 9).
3283 3923 3338 3979 Si
3363 3927 3581 3995 adoptio
3629 3928 3795 3982 estin

2208 4015 2441 4078 Christo,
2486 4031 2592 4070 non
2639 4023 2723 4070 est
2749 4018 2925 4070 omnis
2950 4016 3225 4087 plenitudo
3260 4017 3559 4072 nobilitatis
3608 4018 3661 4071 in
3690 4033 3785 4082 eo;

2207 4108 2333 4174 quia
2364 4106 2578 4176 adoptio
2637 4107 2703 4161 de
2727 4107 2962 4175 quadam
2990 4114 3249 4160 extranea
3298 4118 3530 4175 persona
3585 4107 3789 4161 assumi

2208 4197 2343 4250 solet
2382 4199 2438 4251 in
2459 4197 2555 4249 lilii
2580 4210 2807 4259 nomen;
2836 4211 2938 4248 nec
2966 4194 3256 4263 quisquam
3285 4195 3672 4264 apostolorum,
3697 4199 3789 4267 qui

2120 4298 2123 4299 '
2208 4295 2333 4339 sunt
2364 4286 2567 4339 lumina
2605 4293 2659 4339 et
2682 4285 2931 4339 doctores
2970 4286 3136 4339 totius
3172 4285 3373 4349 mundi,
3424 4284 3550 4341 .l‘esu
3586 4289 3787 4344 nomini

2207 4376 2547 4447 adoptionem
2575 4375 2772 4430 addere
2797 4375 2983 4429 voluit.
3036 4374 3239 4446 Nempe
3263 4377 3409 4431 inter
3426 4376 3708 4447 adeptivos
3736 4388 3790 4432 et

2207 4470 2456 4541 prOprios
2500 4468 2638 4523 ﬁlios
2704 4469 2900 4523 beatus
2946 4468 3276 4541 August-inus
3314 4470 3370 4524 in
3422 4468 3787 4539 disputatione

2206 4578 2369 4631 quam
2420 4561 2608 4615 habuit
2646 4576 2768 4615 cum
2796 4560 3069 4614 Feliciane
3090 4560 3323 4629 quodam
3368 4560 3587 4613 Ariani:
3626 4568 3787 4613 secta:

2204 4654 2489 4709 defensore
2521 4652 2796 4716 discrevit,
2853 4651 2925 4705 ita
2946 4649 3133 4704 dicens
3155 4661 3181 4689 ι
3216 4667 3227 4701 :
3278 4667 3304 4699 ο
3332 4648 3593 4702 Filiorum
3631 4662 3785 4703 nam—

2204 4760 2308 4813 que
2327 4744 2563 4814 adoptivi
2605 4744 2694 4797 alii
2716 4750 2862 4805 sunt,
2912 4739 3186 4795 naturales
3215 4739 3328 4791 alii.
3403 4737 3467 4792 lli
3522 4738 3656 4807 quia.
3687 4754 3784 4811 ge-

2203 4838 2301 4892 niti
2329 4839 2397 4893 ab
2426 4836 2598 4903 initio,
2641 4836 2735 4891 lilii
2762 4848 2975 4903 semper
2997 4847 3059 4886 ac
3093 4832 3296 4900 proprii
3322 4838 3477 4885 sunt:
3506 4832 3579 4886 illi
3606 4833 3783 4903 primo

2203 4928 2385 4995 alieni,
2422 4934 2547 5000 post
2586 4924 2702 4990 lilii,
2756 4940 2876 4981 cum
2907 4939 3004 4992 per
3036 4921 3379 4993 adeptionem
3429 4924 3483 4979 in
3522 4923 3780 4980 familiam

2205 5021 2456 5075 videntur
2484 5016 2731 5073 adscisci.
2770 5036 2787 5067 ι
2850 5014 3075 5080 Quando
3102 5014 3262 5069 homo
3290 5012 3539 5072 Christus
3568 5030 3639 5071 ex
3662 5017 3783 5071 Vir-

2204 5114 2324 5182 gine
2346 5120 2503 5167 natus
2520 5110 2729 5163 alienus
2748 5106 2850 5159 fuit
2875 5106 2983 5159 Deo
3012 5105 3171 5159 Patre
3198 5106 3416 5178 [Patri],
3434 5114 3491 5161 ut
3510 5122 3575 5163 ex
3605 5106 3793 5179 alieno

2203 5206 2433 5273 quodam
2461 5217 2558 5273 per
2587 5199 2925 5271 adoptionem
2945 5198 3337 5253 adscisceretur
3364 5200 3418 5253 in
3443 5198 3536 5253 lilii
3558 5212 3776 5253 nomen.

2202 5296 2389 5351 Nonne
2439 5296 2494 5349 in
2543 5294 2656 5363 ipso
2700 5300 2981 5359 conceptu,
3033 5299 3291 5361 operante
3326 5299 3513 5345 sancto
3550 5289 3780 5360 Spiritu,

2203 5407 2269 5447 ex
2290 5392 2447 5447 beata
2504 5387 2722 5457 Virgine
2768 5384 2911 5440 Deus
2952 5389 3127 5449 verus,
3183 5394 3238 5440 et
3266 5384 3363 5440 Dei
3388 5384 3558 5441 Filius
3617 5397 3779 5436 verus

2202 5492 2491 5555 conceptus
2526 5490 2626 5543 est,
2672 5488 2722 5534 et
2755 5488 2993 5548 tempore
3042 5488 3351 5548 opportuno
3370 5477 3562 5531 natus?
3607 5474 3680 5527 At
3730 5472 3777 5527 si

596 5639 622 5669 ι
658 5626 721 5681 .5,
750 5628 885 5690 Ανε.
917 5618 1095 5689 potius
1122 5615 1344 5684 Vigilius
1367 5611 1653 5683 Tapscnsis
1696 5609 1817 5665 lil'r.
1858 5607 1921 5662 de
1946 5603 2159 5662 [imitate
2188 5600 2488 5663 Trinitatis.
2522 5613 2637 5667 (Ἴψ-
2674 5595 2723 5664 6ι
2761 5605 2886 5651 ῐοηιο
2918 5595 3025 5651 Vm
3049 5596 3205 5664 θΡοΓ-
3243 5593 3298 5649 3-
3332 5591 3467 5659 Αυὲο
3495 5585 3739 5659 Append-
