4226 6196
378 159 565 231 tus,

1078 151 1500 222 DOGMATICA,
1534 195 1604 205 -
1635 154 1795 220 λων.
1834 128 2233 218 ἘιίΡΑΝῡϋΜ
2273 162 2456 219 unm
2489 162 2580 220 1v.
2617 195 2687 207 --
2723 164 2851 221 Lm.
2892 165 2935 219 ι.

3527 166 3631 226 ω

383 289 657 346 nunquam
683 278 913 343 alienus,
963 256 1242 349 nunquam
1265 276 1432 351 igitur
1454 278 1768 348 adoptivus:
1807 278 1957 347 quia,
1987 280 2038 339 Α
2065 277 2280 331 nomina
2311 291 2447 356 mea:
2474 278 2774 349 imposuisti
2799 286 3064 350 person’m,
3113 296 3341 350 quorum
3372 284 3635 356 imagines

381 373 440 421 ut
454 365 648 423 beatus
666 366 998 437 Augustinus
1019 368 1116 433 ait,
1161 383 1229 423 es
1267 368 1446 424 alieno
1482 368 1718 438 quodam
1742 367 1954 438 adopti-

381 466 476 514 vus
501 457 638 514 solet
682 456 842 515 eiliei.
882 458 1089 515 Restat
1126 468 1359 532 ergout
1399 460 1581 516 Statim
1620 460 1778 517 iteret
1798 458 1956 517 Chri-

380 557 494 605 stus
526 550 780 619 proprius
816 549 986 606 Filius
1032 550 1130 606 Dei
1178 551 1248 606 ab
1296 551 1414 623 ipso
1459 557 1723 620 conceptu
1752 589 1769 615 ,
1826 550 1953 620 quia

380 653 650 717 nunquam
709 641 920 697 alienus
978 640 1098 697 fuit.
1172 643 1459 714 Nunquam
1521 657 1653 698 vero
1722 641 1950 706 alienus,

382 727 503 800 quis
556 742 832 800 nunquam
879 739 1035 787 vetus
1078 732 1242 788 homo
1283 731 1424 787 fuit:
1484 732 1613 789 licet
1648 733 1704 788 in
1764 744 1954 786 errore

381 828 589 885 vestro,
646 829 836 879 contra
865 821 1026 878 tidem
1065 820 1389 901 catholicam
1441 824 1654 880 dicatur
1703 822 1952 878 Chrisms

381 911 538 967 homo
564 920 744 968 vetus.
1058 959 1078 973 ,
1541 986 1546 991 _

442 1000 530 1058 IV.
569 1002 703 1058 Nam
728 1003 917 1060 beatus
944 1004 1304 1077 Hieronymus
1358 1006 1439 1061 ait
1477 1006 1530 1060 in
1564 1012 1801 1061 tractatu
1826 1006 1955 1076 Epi-

379 1093 526 1153 stula:
551 1093 622 1149 ad
648 1094 941 1165 Ephesios:
987 1115 1006 1146 ι
1037 1095 1177 1163 Quid
1227 1097 1371 1152 enim
1402 1096 1457 1152 in
1504 1097 1740 1163 homine,
1781 1096 1874 1167 qui
1920 1113 1952 1151 a

380 1183 658 1242 Salvatore
684 1193 871 1244 nostro
908 1176 1218 1265 assumptus
1256 1196 1520 1267 esu-non
1561 1203 1760 1261 novum
1803 1187 1952 1242 fuit?

379 1275 707 1348 Conceptus,
718 1279 1000 1344 nativitas,
1013 1268 1238 1349 partus,
1250 1281 1515 1347 infantia,
1529 1282 1797 1347 doctrina,
1818 1280 1949 1345 vita,

376 1366 633 1425 virtutes:
680 1375 737 1423 et
772 1368 838 1425 ad
864 1377 1167 1444 extremum
1194 1383 1329 1426 crus
1370 1382 1426 1426 et
1469 1372 1670 1441 passio,
1716 1370 1953 1442 spolians

378 1452 431 1512 in
461 1471 528 1511 ea
570 1458 905 1530 principatus
929 1468 996 1515 et
1018 1460 1323 1517 contrarias
1339 1454 1687 1517 fortitudines
1716 1461 1953 1517 ostentui

376 1549 609 1606 habens:
658 1554 984 1610 resurrectio
1026 1568 1239 1626 quoque
1284 1550 1342 1611 et
1362 1556 1607 1611 ascensio
1651 1556 1706 1610 in
1731 1555 1948 1611 cmlum.

2057 375 2113 423 et
2153 372 2453 439 potestates
2481 370 2534 425 in
2558 371 2780 429 civitate
2829 386 2927 427 sua
2949 370 3212 430 Dominus
3239 375 3380 431 Deus
3405 376 3533 432 olim
3561 379 3632 434 ad

2053 459 2279 515 nihilum
2308 460 2548 533 redegit?
2583 477 2691 517 non
2723 477 3031 518 memorans
3070 466 3197 536 quid
3223 467 3290 522 de
3325 468 3431 523 tuis
3449 466 3634 525 simili-

2028 553 2154 608 sbus
2165 552 2452 610 Psalmista
2475 564 2711 621 caneret,
2734 555 2952 612 dicens:
2988 555 3252 614 Venenum
3279 561 3514 631 aspidum
3534 562 3629 617 sub

2053 641 2207 698 labiis
2233 661 2431 709 eorum,
2456 661 2683 715 quorum
2709 662 2768 700 os
2795 645 3157 702 maledictione
3200 659 3249 703 et
3280 652 3630 706 amaritudine

2051 733 2260 805 plenum
2290 745 2366 790 est
2389 733 2566 809 .(Psal.
2590 752 2718 802 run,-
2736 736 2814 807 5).
2882 737 2949 791 Ει
2975 738 3090 808 ipsa
3119 734 3331 794 Veritas
3369 738 3423 793 in
3452 739 3627 794 Evan—
3680 750 3685 757 ‘

2054 826 2195 894 gelio
2220 824 2421 882 Judzeis
2446 827 2816 897 imprcperans
2853 842 2952 897 pro
2986 828 3282 885 benefactis
3328 830 3438 885 suis
3465 829 3629 885 male—

2052 916 2195 973 dicta
2216 931 2426 981 eorum,
2454 919 2558 972 ait:
2615 915 2897 988 Progenies
2919 919 3228 989 viperarum.
3258 921 3514 991 quomodo
3534 937 3626 992 po-

2054 1008 2197 1062 testis
2218 1007 2352 1064 bona
2373 1006 2537 1078 loqui,
2560 1024 2677 1062 cunt
2698 1009 2813 1063 sitis
2841 1008 3008 1064 mali?
3036 1005 3123 1063 Ea:
3143 1010 3464 1064 abundantia
3488 1012 3625 1066 enim

2052 1096 2222 1167 cordis
2257 1114 2314 1152 os
2344 1097 2613 1168 loquitur.
2651 1099 2720 1153 Et
2746 1100 2971 1155 iterum:
3018 1099 3196 1155 Bonus
3221 1101 3371 1155 homo
3393 1101 3454 1156 de
3488 1103 3618 1156 bona

2012 1246 2017 1253 ,
2052 1190 2294 1253 thesauro
2321 1188 2493 1245 cordis
2517 1191 2603 1245 sui
2648 1191 2846 1261 profert
2894 1188 3057 1255 bona,
3095 1201 3143 1246 et
3168 1192 3338 1247 malus
3361 1194 3513 1248 homo
3561 1195 3625 1248 de

2050 1275 2193 1330 male
2211 1277 2456 1331 thesauro
2480 1278 2652 1333 cordis
2674 1279 2756 1333 sui
2777 1278 2977 1350 profert
3015 1278 3154 1332 mala
3188 1278 3509 1350 (Matt/2.x".
3534 1280 3628 1345 54,

2051 1367 2160 1439 55).
2219 1367 2407 1423 Simile
2433 1366 2605 1440 [Leg.,
2653 1368 2713 1424 Si
2742 1368 2903 1441 mala]
2949 1376 3032 1424 est
3073 1369 3393 1433 maledictio,
3440 1370 3626 1440 utique

2052 1474 2116 1514 ex
2136 1459 2261 1514 mali
2289 1460 2467 1514 cordis
2497 1460 2750 1515 thesauro
2781 1461 3063 1531 processit.
3118 1459 3347 1516 Omnino
3383 1460 3519 1514 mala
3542 1469 3627 1517 est

2054 1548 2381 1613 maledictio;
2415 1548 2733 1618 prohibente
2779 1564 2904 1606 eam
2928 1548 3212 1617 Apostolo:
3268 1547 3482 1614 Nolite,
3528 1549 3625 1613 ait,

377 1638 473 1695 llic
494 1652 625 1712 ergo
651 1654 778 1712 vere
796 1652 1014 1699 creatus
1029 1651 1113 1699 est
1139 1644 1417 1715 iniustitia
1440 1651 1498 1700 ct
1519 1645 1805 1700 sanctitate
1819 1643 1957 1700 veri-
1984 1633 2031 1695 B
2061 1638 2365 1693 maledicere
2396 1637 2571 1710 (Rom.
2603 1654 2701 1703 sn,
2734 1637 2849 1705 li).
2903 1637 3069 1708 igitur
3114 1639 3203 1708 qui
3241 1637 3529 1703 maledicit,
3559 1652 3626 1693 ex

380 1723 526 1795 tatis,
546 1731 675 1801 quia
694 1730 838 1787 Deus
859 1747 1040 1799 verus,
1063 1734 1160 1790 Dei
1183 1748 1313 1790 vere
1328 1734 1463 1806 |_Al.,
1483 1735 1620 1808 veri]
1635 1735 1802 1791 Filius
1824 1735 1946 1795 fuit.

376 1828 430 1875 et
455 1828 567 1876 tota
588 1823 642 1877 in
671 1822 764 1879 illo
783 1823 972 1895 religio
1000 1824 1404 1894 atquejustitia
1429 1826 1527 1882 Dei
1553 1828 1778 1882 veritate
1798 1842 1948 1882 com-

377 1908 510 1981 pleta
532 1916 634 1966 est.
673 1932 693 1964 ν
738 1910 943 1969 Videtis
979 1928 1141 1983 quam
1165 1913 1487 1969 ﬁducialiter
1514 1915 1618 1969 iste
1640 1914 1950 1984 prmcipuus

375 1998 429 2054 in
450 2000 691 2057 Ecclesia
732 1996 825 2056 Dei
845 2002 1033 2058 doctor
1051 2001 1325 2069 Christum
1350 2002 1683 2074 praedicavit,
1736 2017 1950 2074 semper

375 2105 570 2146 novum
594 2089 887 2157 hominem,
914 2096 1227 2164 'verumque
1250 2092 1439 2157 Deum,
1479 2106 1715 2162 vereque
1737 2092 1835 2147 Dei
1856 2092 1948 2147 Fi-

375 2183 499 2240 lium
522 2192 764 2246 creatum
792 2192 1125 2255 esse,*atque
1152 2187 1207 2241 in
1232 2201 1299 2242 eo
1326 2201 1541 2242 omnem
1579 2187 1847 2256 justitiam
1893 2185 1949 2240 in

376 2272 467 2329 Dei
494 2272 724 2338 veritate
746 2274 1066 2344 completam
1090 2289 1211 2330 esse
1238 2274 1489 2345 atlirmat.
1544 2274 1670 2330 llam
1694 2290 1802 2330 una
1826 2288 1948 2328 scn-

375 2365 558 2431 tentia,
591 2365 642 2422 si
664 2365 989 2424 ﬁducialiter
1006 2369 1296 2439 legatsret
1309 2368 1573 2423 veraciter
1596 2367 1947 2437 intelligatur,

374 2457 633 2528 pessimus
653 2459 825 2514 vestri
845 2459 1049 2515 erroris
1072 2466 1301 2515 evacuat
1313 2459 1672 2514 assertiones:
1696 2458 1823 2513 dum
1851 2469 1946 2511 vos

374 2547 550 2604 dicitis
592 2544 872 2604 Christum
899 2555 1138 2605 veterem
1192 2549 1487 2616 hominem,
1528 2549 1946 2620 nuncupativum

374 2636 564 2706 Deum,
591 2640 913 2710 adoptivum
940 2640 1128 2696 lilium.
1178 2640 1286 2697 Iste
1309 2655 1443 2697 vero
1465 2640 1827 2697 nobilissimus
1854 2641 1950 2698 do-

373 2738 495 2786 ctor
511 2731 846 2788 Salvator-em
880 2713 1125 2789 nostrum
1174 2744 1376 2790 novum
1416 2733 1711 2799 hominem,
1760 2749 1948 2789 verum

374 2818 560 2885 Deum,
573 2828 632 2876 et
655 2819 895 2877 vereDei
916 2820 1133 2886 Filium,
1155 2825 1358 2894 absque
1368 2824 1474 2877 ulla
1500 2823 1772 2879 dubietate
1796 2837 1953 2878 crea-

376 2915 483 2965 tum
506 2916 760 2965 testatur.

998 3002 1181 3061 fervor
1205 2959 1828 3079 testiﬁcandaaiveritatis
1856 3018 1945 3058 me
1971 2977 2018 3037 δ

374 3092 549 3162 rapuit
574 3092 646 3147 ab
682 3093 872 3161 online
915 3095 1303 3165 responsionis.
1336 3094 1443 3151 Sed
1468 3096 1792 3166 incipiamus
1816 3112 1948 3152 ama

374 3182 580 3255 (Forte,
617 3185 766 3257 ante]
798 3186 1094 3242 sententias
1133 3188 1210 3242 tui
1252 3187 1524 3244 discutere
1544 3182 1715 3243 libelli
1743 3206 1756 3242 :
1782 3195 1837 3242 et
1866 3189 1949 3243 in-

374 3273 617 3345 telligant
639 3275 735 3345 qui
760 3275 959 3347 legant,
995 3278 1099 3347 piae
1140 3278 1532 3336 exhortationis
1557 3279 1947 3349 charitatisque

372 3362 595 3428 calamo,
642 3380 682 3420 ο
700 3366 864 3421 Pater
889 3368 1169 3436 Elipande,
1192 3368 1526 3437 conscriptos
1567 3370 1635 3423 ad
1665 3377 1814 3423 tuam
1864 3384 1948 3424 re-

372 3456 665 3511 verentiam
685 3456 888 3527 apices,
925 3458 1011 3512 vel
1038 3459 1214 3529 impia:
1244 3458 1659 3520 maledictionis,
1688 3474 1826 3529 quos
1852 3458 1953 3514 vi.»

370 3560 571 3606 neuoso
592 3561 688 3602 ore
703 3547 1002 3616 procaciter
1018 3548 1184 3619 378
1218 3564 1339 3604 meo
1365 3550 1569 3604 nomini
1585 3550 1815 3619 dirigere
1833 3558 1949 3607 stu-

342 3636 569 3705 IduiSti,
617 3638 703 3694 vel
729 3655 796 3694 ex
843 3655 951 3710 quo
986 3640 1177 3710 spiritu
1224 3632 1280 3695 in
1319 3642 1493 3712 prima
1519 3641 1698 3699 fronte
1728 3651 1942 3724 tuarum

295 3763 303 3771 .
369 3725 669 3784 litterarum
691 3730 872 3785 statim
896 3732 1059 3786 verba
1082 3731 1367 3788 dirissima:
1394 3733 1784 3790 maledictionis
1814 3746 1942 3805 pro-

370 3814 514 3875 ferre
532 3819 818 3877 voluisses.
864 3822 977 3893 Ego
1005 3838 1231 3894 prorsus
1264 3824 1493 3893 simplici
1520 3826 1784 3881 charita'te
1810 3837 1945 3881 mem

368 3905 669 3962 devotionis
693 3920 879 3977 preces
922 3920 1025 3965 tuae
1053 3912 1225 3966 direxi
1254 3913 1588 3978 reverentiae,
1627 3914 1941 3969 desiderans

365 4003 696 4051 senectutem
720 4004 867 4051 tuam
900 4012 997 4067 per
1016 3999 1287 4055 Christum
1313 4002 1532 4068 salvari,
1570 4010 1627 4058 et
1665 4003 1736 4057 ad
1753 4005 1941 4059 catho-

367 4082 484 4140 lica:
511 4085 661 4155 pacis
681 4088 1024 4143 concordiam
1050 4090 1311 4155 revocari,
1343 4092 1460 4147 sine
1497 4108 1602 4163 qua
1629 4093 1781 4159 nihil,
1840 4110 1941 4152 nec

369 4172 484 4246 ipsa
509 4176 756 4248 martyrii
781 4176 970 4249 gloria,
1004 4178 1113 4234 Deo
1133 4181 1461 4250 aceeptabile
1507 4198 1628 4238 esse
1652 4181 1807 4255 ['Cod.
1826 4182 1941 4239 Pa-

2050 1726 2179 1781 mali
2211 1728 2392 1783 cordis
2422 1729 2676 1784 thesauro
2702 1727 3133 1783 maledictioncm
3155 1727 3379 1797 profert.
3450 1726 3506 1782 Si
3540 1732 3627 1783 inc

2047 1832 2232 1873 errare
2259 1819 2577 1882 aestimares,
2606 1834 2784 1874 nonne
2803 1817 3094 1889 apostolico
3112 1826 3377 1888 praecepto
3388 1832 3484 1872 -me
3511 1833 3628 1875 cor-

2049 1909 2222 1979 rigere
2238 1908 2532 1965 debuisses
2566 1909 2618 1964 in
2661 1911 2852 1981 spiritu
2892 1910 3339 1976 mansuetudinis,
3384 1911 3627 1966 conside-

2049 2015 2175 2054 rans
2195 2007 2247 2054 te
2268 2000 2464 2070 ipsum,
2499 2014 2568 2055 ne
2595 2009 2731 2056 etvtu
2764 2000 3020 2057 tenteris‘t
3063 2000 3207 2056 Alter
3225 2002 3442 2058 alterius
3468 2019 3626 2058 onera

2046 2101 2274 2163 portate,
2301 2102 2351 2147 et
2375 2094 2451 2147 sis
2484 2092 2830 2164 adimplcbitis
2860 2092 3023 2163 legem
3051 2090 3245 2147 Christi
3270 2090 3412 2163 (Gal.
3437 2109 3514 2159 VI,
3543 2093 3623 2165 2).

2048 2186 2230 2242 Facile
2244 2195 2327 2241 est
2344 2187 2489 2242 enim
2512 2200 2577 2240 ex
2598 2187 2780 2242 verbis
2814 2187 2958 2242 beati
2986 2185 3172 2241 Jacobi
3200 2184 3448 2255 apostoli,
3483 2183 3626 2242 unde

2046 2275 2118 2329 sit
2142 2276 2403 2349 sapientia
2423 2283 2535 2339 tua,
2558 2260 2880 2345 agnoscere;
2908 2276 2998 2331 ubi
3022 2275 3087 2331 de
3110 2275 3515 2330 mansuetudine
3536 2287 3629 2330 ve-

2047 2379 2121 2419 ne
2150 2364 2449 2433 sapientia},
2499 2372 2554 2418 et
2585 2367 2650 2417 de
2678 2364 3036 2418 amaritudine
3062 2365 3238 2432 impia:
3273 2363 3628 2421 aunnlationis

2045 2454 2369 2524 disputavit;
2396 2455 2470 2509 ait
2497 2454 2669 2509 enim:
2710 2454 2918 2521 Quodsi
2948 2454 3116 2508 selum
3140 2467 3381 2508 amarunt
3400 2453 3628 2519 habetis,

2046 2554 2095 2599 et
2122 2547 2471 2600 contentiones
2501 2546 2556 2599 in
2600 2546 2845 2599 cordibus
2896 2545 3100 2610 vestris,
3149 2544 3304 2599 nolite
3332 2544 3549 2615 gloriari
3575 2554 3628 2599 et

2048 2636 2321 2691 mendaces
2349 2650 2458 2690 esse
2483 2636 2730 2690 adversus
2761 2636 3023 2689 raritatem
3054 2633 3195 2705 (Jac.
3226 2650 3309 2699 lit,
3344 2633 3450 2703 li).
3506 2631 3624 2689 Non

2048 2740 2130 2788 est
2157 2732 2258 2785 ista
2280 2730 2540 2799 sapientia
2571 2730 2853 2784 desursum
2885 2727 3238 2792 descendens,
3262 2727 3354 2780 sed
3386 2733 3620 2789 terrena,

2047 2823 2317 2887 animalis,
2339 2820 2623 2876 diabolica.
2688 2820 2788 2874 (Ibi
2816 2818 2952 2873 enin:
2979 2813 3128 2888 scius,
3171 2827 3217 2871 et
3251 2805 3533 2882 contentio,
3554 2816 3625 2871 ibi

2047 2917 2397 2973 inconstantia
2414 2925 2461 2970 et
2488 2930 2639 2970 omne
2652 2930 2779 2986 Opus
2798 2928 3036 2984 pravum.
3086 2909 3216 2977 Qua:
3244 2920 3416 2964 autem
3444 2908 3646 2988 ιίιεειιιιπιο⁸

2046 3026 2163 3064 sum
2197 3018 2270 3063 est
2291 3007 2569 3076 sapientia,
2590 3006 2818 3077 primunt
2837 3002 3046 3073 quidem
3077 3000 3269 3072 pudiea
3297 3010 3394 3066 est,
3438 3000 3624 3054 deinde

2044 3100 2291 3171 paciﬁca,
2316 3096 2570 3160 modesta,
2609 3093 2904 3157 suadibilis,
2934 3091 3081 3146 bonis
3105 3091 3451 3155 consentiens,
3469 3087 3626 3160 plena

2046 3188 2405 3245 misericordia
2430 3196 2477 3242 et
2505 3184 2759 3256 [motibus
2779 3184 2926 3237 bonis
2957 3181 3143 3255 (lbid.,
3170 3180 3254 3243 lli,
3294 3178 3405 3250 l7).

2115 3280 2226 3337 VII.
2266 3282 2381 3351 Ego
2405 3294 2617 3334 ramum
2641 3278 2795 3332 olivae
2834 3274 3140 3330 columbino
3168 3288 3263 3327 ore
3288 3271 3485 3335 ferens,
3505 3270 3626 3325 vul-

2045 3370 2249 3425 nustui
2274 3368 2451 3422 cordis
2479 3366 2691 3420 mederi
2707 3371 2931 3433 aptans:
2965 3373 2990 3401 ι
3022 3371 3077 3414 ιιι
3101 3376 3132 3414 e
3158 3360 3371 3413 diverso
3397 3371 3623 3426 serpen-

2046 3458 2159 3511 tina
2201 3456 2381 3526 lingua
2414 3450 2755 3506 mortiferum
2792 3448 3077 3506 evomuisti
3123 3461 3406 3509 venenum,
3441 3456 3625 3515 prom-

2044 3547 2185 3618 ptior
2213 3547 2278 3611 ad
2305 3543 2727 3600 maledicendum
2755 3556 2917 3612 quam
2952 3542 3018 3595 ad
3044 3538 3484 3593 benedicendum.
3512 3538 3623 3606 Ego

2044 3652 2169 3692 cum
2196 3634 2439 3699 Nicolao,
2486 3631 2572 3687 cui
2622 3646 2708 3685 me
2733 3629 3084 3699 comparasti,
3142 3626 3406 3695 nuptiales
3462 3626 3622 3679 taedas

2043 3744 2151 3784 non
2170 3727 2486 3796 exstinguo;
2542 3723 2636 3779 sed
2683 3736 2804 3776 cum
2830 3722 2986 3776 beato
3015 3717 3290 3786 Stephano.
3323 3723 3622 3784 protomar—

2045 3828 2162 3886 tyre
2200 3817 2395 3870 mentis
2442 3812 2637 3866 intuitu
2689 3811 2844 3864 video
2871 3806 3052 3862 Jesnm
3103 3814 3333 3860 stantem
3362 3820 3392 3859 a
3417 3805 3623 3860 dextris

2040 3906 2160 3971 Dei,
2189 3921 2288 3976 pro
2312 3904 2398 3961 sui
2417 3902 2651 3958 nominis
2680 3900 2953 3955 nobilitate
2981 3898 3312 3954 certantibus
3349 3897 3617 3951 auxiliari.

2040 3997 2153 4067 Ego
2173 4012 2295 4051 cum
2314 3994 2480 4065 impio
2524 3992 2752 4048 Datiano
2795 3989 3041 4060 praeclari
3071 3989 3325 4059 martyris
3354 3988 3620 4043 \‘ineentii

2040 4104 2146 4143 non
2174 4101 2294 4142 sum
2325 4093 2674 4156 persecutor;
2733 4083 2826 4147 sed
2871 4080 3137 4133 hzereticx:
3185 4078 3471 4145 pravitatis
3520 4092 3619 4146 pro

2039 4178 2234 4233 virium
2270 4189 2514 4230 mearum
2551 4171 2820 4243 portione,
2872 4166 3157 4237 adiuvante
3195 4167 3303 4221 Deo
3334 4206 3347 4228 ,
3397 4166 3622 4223 devotus

368 4264 486 4331 ris.,
511 4280 610 4323 nec
633 4266 801 4338 ipsam
905 4268 1208 4339 gloriam
1232 4270 1615 4341 acccptahilem
1638 4272 1778 4346 esse]
1809 4273 1938 4329 bea-
1966 4321 2015 4346 ﬂ
2041 4269 2383 4338 esstirpator.
2445 4265 2559 4337 Ego
2579 4279 2699 4319 cum
2729 4258 2945 4316 Rufi‘mo
2972 4262 3186 4316 beatum
3217 4259 3443 4319 Felicem
3473 4266 3617 4318 mar-

367 4365 455 4409 tus
497 4355 696 4413 Paulus
741 4357 1026 4428 Apostolus
1077 4321 1440 4429 protestaturr:
1494 4362 1577 4418 Tu
1621 4321 1841 4418 econlra
1884 4366 1939 4421 in
1966 4321 2017 4389 Β
2045 4372 2217 4434 tyrem
2246 4375 2353 4415 non
2380 4356 2518 4423 feci;
2549 4359 2643 4412 sed
2667 4354 2901 4409 Felicem
2927 4352 3051 4406 olim
3082 4353 3233 4406 vestri
3260 4352 3450 4405 erroris
3478 4366 3618 4405 cont—

366 4444 529 4499 verba
552 4444 796 4502 nefanda:
822 4448 1140 4504 iuvectionis
1160 4451 1476 4519 prosiluisti,
1517 4452 1671 4521 juxta
1698 4452 1944 4509 Salomo—
2035 4454 2238 4523 plicem,
2282 4450 2392 4505 Deo
2416 4450 2713 4511 miserante,
2740 4444 3049 4500 catholicum
3075 4444 3254 4523 effeci;
3291 4459 3618 4515 persequens

366 4536 452 4592 nis
476 4535 771 4592 veridicam
792 4539 1144 4594 sententiam:
1192 4540 1263 4593 In
1285 4557 1374 4595 ore
1397 4542 1546 4595 stulti
1570 4558 1722 4597 arma
1757 4554 1807 4597 et
1832 4544 1944 4613 gla-

369 4627 490 4683 dius
514 4624 699 4700 (Prov.
724 4642 855 4689 χιιι,
886 4627 964 4698 5).
1012 4626 1180 4684 Item:
1222 4631 1394 4701 Argue
1425 4631 1659 4696 stultum,
1692 4638 1740 4686 et
1771 4632 1939 4687 oderit

367 4724 417 4772 te
440 4715 635 4789 (Ibid.,
669 4732 745 4783 ιχ,
777 4716 852 4786 7).
922 4716 1072 4773 Unde
1117 4718 1541 4775 maledictionem
1580 4720 1965 4777 benedictioni‘

366 4818 502 4874 mem
546 4806 863 4878 dpposuisti,
917 4806 1044 4877 quid
1088 4808 1143 4862 in
1190 4809 1352 4864 corde
1391 4810 1617 4865 haberes
1643 4850 1657 4874 ,
1706 4811 1827 4881 quis
1884 4819 1936 4866 te

368 4900 539 4951 tum
580 4898 804 4968 spiritus
836 4898 1133 4969 possideret
1165 4898 1470 4955 ostendens.
1530 4899 1634 4957 Sed
1658 4900 1933 4969 Dominus,

370 4986 463 5058 qui
495 4986 762 5044 illuminat
805 5005 996 5056 caecos,
1038 4999 1092 5046 et
1130 4998 1282 5048 sanat
1311 4991 1571 5051 contritus
1609 4993 1792 5056 corde,
1818 4993 1939 5047 illu-

371 5074 539 5132 miuet
595 5077 848 5132 tenebras
908 5080 1223 5151 ignorantia:
1270 5090 1391 5147 tuae,
1435 5089 1491 5136 et
1532 5090 1687 5136 sanet
1713 5082 1938 5138 inﬁdeli-

371 5168 507 5225 tatis.
522 5168 742 5225 vulnera
798 5167 852 5223 in
888 5174 1052 5228 corde
1084 5182 1197 5239 tuo,
1240 5182 1400 5244 teque
1440 5182 1712 5243 pastorem
1737 5172 1934 5227 eﬂlciat

372 5258 551 5333 populi
581 5259 687 5328 sui,
730 5260 1074 5329 prudentem,
1118 5250 1288 5334 pium,
1342 5265 1624 5334 paciﬁcum
1652 5271 1709 5317 et
1752 5263 1941 5318 catho-

377 5347 555 5405 licum.
600 5412 615 5424 .

444 5438 526 5499 Vl.
562 5441 705 5511 Quid
732 5449 837 5509 est,
867 5442 951 5497 vir
974 5441 1159 5510 frater,
1200 5446 1348 5515 quod
1379 5455 1525 5502 tanta
1561 5443 1935 5499 haereticorum

2040 4543 2094 4596 in
2138 4556 2203 4594 en
2230 4540 2374 4595 illius
2410 4538 2630 4608 impiam
2652 4532 3061 4599 dubitationem,
3100 4536 3191 4603 qui
3221 4536 3475 4590 tentando
3523 4535 3617 4589 Dei

2038 4630 2234 4685 Filium
2264 4629 2504 4683 dixerat:
2563 4624 2623 4680 Si
2654 4622 2827 4677 Filius
2849 4620 2946 4677 Dei
2968 4639 3040 4687 es,
3095 4624 3179 4677 dic
3223 4635 3277 4678 ut
3305 4624 3498 4693 lapides
3528 4623 3617 4677 isti

2038 4737 2197 4790 panes
2219 4720 2350 4789 [iant
2374 4715 2588 4787 (Matth.
2624 4714 2792 4786 tv,5).
2831 4715 2897 4769 Et
2918 4715 3112 4769 iterum
3133 4732 3226 4786 per
3257 4715 3463 4769 iud-(eos
3497 4716 3614 4785 ipso

2043 4811 2097 4864 in
2134 4824 2294 4865 cruce
2329 4807 2598 4879 pendente
2625 4804 2908 4859 clamavit:
2961 4802 3020 4861 Si
3066 4803 3113 4857 1⁷
3116 4806 3237 4859 ilius
3258 4805 3351 4858 Dei
3391 4818 3486 4872 est,
3519 4809 3615 4863 de-

2041 4902 2253 4959 scendat
2282 4916 2417 4955 nunc
2441 4899 2505 4953 de
2533 4914 2707 4963 cruce,
2734 4908 2782 4952 et
2811 4899 3067 4953 credimus
3092 4898 3140 4951 ei
3197 4897 3410 4968 (Matth.
3444 4916 3611 4967 xxv",

2041 4995 2154 5065 42).
2229 4991 2481 5061 Nunquid
2528 5005 2633 5046 non
2684 4991 2832 5063 pejor
2889 5000 2971 5047 est
3019 5000 3195 5046 vestra
3250 4992 3592 5049 incredulitas

2041 5100 2204 5155 quam
2226 5084 2491 5138 diabolica
2524 5084 2807 5139 dubietas?
2886 5082 2975 5137 Ille
3001 5084 3283 5151 explorare
3338 5087 3522 5141 volens
3567 5090 3613 5142 si

2040 5175 2207 5229 Filius
2227 5173 2323 5228 Dei
2359 5182 2523 5238 esset,
2568 5187 2727 5243 quem
2750 5174 2979 5234 esurire,
3024 5172 3179 5228 sitire
3221 5183 3275 5229 et
3324 5174 3615 5232 lassescere

2040 5267 2328 5329 cernebat;
2358 5280 2463 5320 vos
2482 5272 2797 5335 regnantem
2827 5262 2878 5317 in
2904 5263 3053 5318 emlis
3083 5280 3270 5322 verum
3301 5266 3395 5320 Dei
3417 5265 3609 5320 Filium

2038 5369 2234 5425 negare
2281 5369 2387 5409 non
2428 5354 2650 5418 timetis,
2700 5353 2976 5407 vincentes
3013 5361 3188 5407 vestra
3243 5348 3615 5409 incredulitate

2040 5442 2765 5500 diabolicaminﬁdelitatem.
2826 5446 2975 5499 illum
3002 5457 3129 5497 vero
3151 5443 3403 5512 Felicem,
3453 5454 3611 5515 quem

443 5568 470 5598 ι
506 5555 601 5631 llic
627 5566 685 5614 et
718 5552 863 5614 infra
887 5554 1084 5623 passim
1114 5555 1364 5612 alluditur
1411 5558 1477 5613 ad
1502 5554 1793 5627 epistolam
1825 5554 2066 5623 Elipandi
2094 5553 2157 5609 ad
2182 5552 2482 5609 .\lcuinum.
