4226 6234
645 351 750 410 αι’]

1503 343 1564 398 Β.
1605 344 1666 397 F.
1710 341 1933 397 ALBlNl
1969 338 2100 395 εει]
2138 336 2412 393 Αιρυιχι
2449 335 2729 394 OPERUH
2768 334 2946 391 PARS
2984 334 3065 390 Ill.

3790 335 3899 394 248

645 472 701 517 ιιι
731 458 995 517 charitate
1015 445 1282 516 summum
1308 494 1323 525 ,
1358 454 1627 522 pudicum,
1676 452 2027 521 moribusque
2062 463 2224 523 orna:
2253 447 2301 505 A
2327 461 2486 501 sensu
2516 461 2635 501 mea
2661 448 2727 502 ad
2755 430 2863 501 vos
2890 456 2947 501 et
2983 462 3081 516 pro
3107 445 3258 501 vobis
3283 446 3499 516 pietatis
3526 448 3689 503 verba
3719 447 3900 521 legere

643 564 757 607 tum
789 547 1008 611 asseris,
1067 560 1165 599 nos
1191 544 1451 599 habemus
1478 544 1531 597 in
1567 544 1762 597 castris
1789 540 2022 595 Christi:
2054 549 2215 607 atque

642 644 844 696 utinam
868 650 922 695 et
939 647 995 691 tu
1022 653 1146 693 cum
1168 636 1273 691 tuis
1302 636 1620 705 sequacibus
1650 632 2067 705 illiusgxemplo
2092 632 2219 685 edo-

638 743 776 796 ctus,
804 732 872 786 ad
901 745 1041 785 verte
1062 729 1183 783 ﬁdei
1215 727 1571 798 cognitionem
1598 725 1907 795 pervenias,
1943 725 2059 793 ipso
2085 720 2235 792 prae?

638 829 836 884 stante,
879 835 1037 888 quem
1092 832 1191 881 nos
1214 816 1568 888 praedicamus
1592 830 1781 870 verum
1808 814 1975 870 Deum
2006 823 2065 867 et
2090 827 2215 882 pro-

636 912 811 981 prium
839 910 931 964 Dei
956 909 1174 963 Filium.

707 1000 839 1055 \‘lll.
877 999 1053 1055 Dicis:
1111 1017 1131 1051 ι
1162 998 1366 1053 Fatuus
1396 997 1541 1051 fatua
1574 996 1832 1066 loquitur.
1856 1013 1893 1058 ,ι
1964 993 2216 1063 Nunquid

636 1091 781 1145 fatua
807 1090 1066 1159 loquitur,
1085 1089 1174 1158 qui
1201 1089 1480 1147 veritatem
1502 1086 1855 1157 przedicat,‘et
1879 1100 1982 1144 non
2002 1084 2088 1139 ille
2106 1099 2217 1137 ma-

635 1183 717 1253 gis
743 1183 921 1238 fatuus
944 1190 1046 1248 est,
1069 1183 1264 1252 quiest
1290 1180 1539 1234 falsitatis
1580 1180 1854 1234 assertor?
1885 1177 2055 1257 ‘Ponis
2078 1191 2214 1246 quo-

633 1250 739 1345 que
766 1274 933 1346 879
960 1250 1282 1331 sententiam
1322 1272 1597 1343 Apostoli:
1630 1250 1893 1325 Animalis'
1920 1256 2083 1324 "homo
2111 1283 2216 1322 non

631 1365 848 1435 percipit
878 1381 938 1418 ea
963 1381 1081 1435 qua:
1108 1361 1332 1433 Spiritus
1354 1370 1473 1415 sunt
1498 1360 1595 1413 Dei
1610 1358 1661 1431 (Ι
1677 1359 1798 1414 Cor.
1820 1375 1880 1425 ιι,
1906 1356 2215 1429 M),volens

616 1468 721 1509 'me
739 1454 1025 1508 animalem
1049 1452 1364 1520 intelligere,
1394 1461 1449 1506 et
1475 1461 1527 1506 te
1546 1449 1862 1520 spiritalem.
1906 1448 2097 1504 Videat
2123 1448 2214 1516 qui

631 1545 775 1614 legat
797 1545 1003 1598 litteras
1031 1551 1262 1606 nostras,
1295 1543 1382 1597 cui
1402 1549 1643 1595 nostrum
1671 1540 1787 1594 hmc
1816 1539 2077 1594 sententia
2099 1553 2214 1592 ma-

630 1635 715 1704 gis
751 1635 1057 1698 conveniat,
1105 1632 1347 1699 anmihi,
1385 1632 1478 1701 qui
1506 1630 1832 1701 evangelicis
1878 1631 2214 1701 apostolicis-

631 1744 755 1797 que,
784 1744 883 1783 nec
903 1743 1009 1783 non
1040 1737 1095 1783 et
1124 1728 1365 1796 paternis
1390 1725 1675 1781 roboratus
1704 1723 2027 1779 testimoniis
2052 1722 2211 1777 Chri-

629 1827 772 1873 stum
801 1818 1035 1887 μνωᾱίεο
1062 1834 1250 1872 verum
1296 1816 1488 1882 Deum,
1532 1829 1588 1871 et
1621 1829 1811 1870 verum
1842 1814 1939 1868 Dei
1983 1813 2208 1878 Filium;
2247 1790 2289 1849 Β

629 1918 723 1963 aut
745 1907 883 1964 forte
906 1909 1029 1975 tibi,
1057 1909 1150 1978 qui
1192 1908 1483 1979 llispanico
1511 1921 1699 1964 errore
1736 1907 2061 1977 depravatus
2087 1922 2214 1961 con-

628 2008 714 2052 tra
760 1998 919 2054 fidem
943 1999 1265 2059 catholicam
1289 1999 1481 2054 canina
1506 1997 1655 2051 rabie
1686 1996 1886 2051 latrare
1906 2012 2011 2051 non
2034 1997 2209 2058 times,

627 2102 858 2145 renuens
900 2090 954 2144 in
983 2089 1201 2144 Christo
1225 2104 1409 2144 veram
1436 2089 1670 2151 tilietatis
1702 2086 2061 2151 nobilitatem,
2117 2088 2212 2143 sed

624 2161 939 2235 extra/licam
986 2180 1363 2235 uominetenus
1403 2186 1613 2233 tantum
1642 2179 1696 2233 in
1726 2178 1819 2234 illo
1841 2193 1961 2234 esse
1991 2192 2216 2248 genero-

624 2273 841 2325 sitatem
869 2269 1175 2327 afﬁrmans:
1216 2272 1309 2343 qui
1339 2271 1618 2341 adjuratus
1656 2286 1686 2324 a
1708 2268 1962 2341 pontiﬁce
1997 2267 2213 2323 Iudaeo-

623 2377 746 2415 rum
774 2377 871 2431 per
901 2376 1097 2417 nomen
1119 2362 1315 2418 summi
1342 2361 1458 2426 Dei,
1498 2377 1565 2414 an
1587 2360 1757 2415 Filius
1784 2361 1879 2415 Dei
1910 2370 2077 2426 esset,
2129 2375 2213 2424 re-

623 2454 841 2522 spondit
880 2452 1070 2522 plane:
1122 2452 1235 2523 Ego
1257 2469 1394 2507 sum.
1472 2450 1575 2519 Qui
1623 2461 1677 2507 et
1730 2467 1873 2508 creco
1912 2453 2212 2509 illuminato

623 2546 979 2616 interroganti
1033 2547 1156 2615 quis
1203 2553 1348 2601 esset
1374 2544 1543 2600 Filius
1590 2544 1708 2610 Dei,
1761 2554 1817 2601 et
1858 2547 2105 2601 crederet
2155 2547 2210 2600 in

621 2652 766 2699 eum,
817 2637 982 2689 dixit:
1034 2637 1101 2690 Et
1148 2636 1323 2691 vidisti
1361 2652 1503 2701 eum,
1549 2645 1596 2689 et
1619 2637 1709 2706 qui
1735 2635 1971 2706 loquitur
2012 2646 2207 2701 tecum,

620 2731 729 2798 ipse
746 2737 820 2782 est
862 2726 1139 2798 (Joan.rx,
1169 2727 1282 2795 57).
1332 2726 1471 2793 Quid
1501 2727 1587 2781 ille
1634 2726 1746 2795 jam
1773 2727 2105 2783 illuminatus
2125 2728 2210 2782 vi-

622 2819 735 2874 dit?
772 2819 989 2888 Absquc
1018 2819 1354 2874 dubitatione
1409 2819 1757 2875 humanitatis
1786 2830 2058 2885 naturam,
2102 2838 2209 2877 non

621 2911 919 2966 divinitatis
943 2910 1321 2976 substantiam,
1377 2926 1498 2980 qua:
1524 2912 1836 2968 carnalibus
1874 2911 2045 2967 videri
2073 2928 2204 2968 ocu-

620 3002 686 3057 lis
716 3018 820 3057 non
848 3012 1041 3071 potest.
1085 3004 1207 3058 Duo
1226 3004 1361 3057 dixit
1386 3004 1436 3058 ei
1458 3003 1744 3059 Dominus:
1775 3004 1844 3060 Et
1871 3006 2041 3059 vidisti
2067 3021 2205 3070 eum,

619 3108 666 3151 et
690 3096 779 3167 qui
805 3095 1034 3166 loquitur
1055 3104 1222 3147 tecum
1251 3110 1267 3157 ;
1312 3108 1432 3164 quze
1468 3095 1680 3164 proprie
1706 3096 1774 3149 ad
1806 3096 2094 3150 humanam
2119 3093 2202 3146 in-
2234 3131 2281 3193 Ο

620 3190 933 3259 telliguntur
952 3186 1224 3256 pertinere
1252 3194 1535 3249 naturam;
1567 3192 1621 3240 et
1650 3194 1849 3251 tamen,
1891 3200 2009 3255 qua:
2036 3184 2206 3239 videri

621 3279 793 3346 potuit
838 3288 892 3332 et
934 3279 1107 3331 audiri
1138 3278 1379 3346 loquens,
1432 3277 1677 3332 eamdem
1709 3286 1955 3332 naturam
2009 3277 2205 3331 Filium

624 3368 714 3421 Dei
764 3383 883 3421 esse
907 3367 1197 3421 fatebatur.
1241 3367 1386 3422 Dicis
1423 3382 1635 3437 quoque
1659 3383 1729 3422 ex
1751 3367 2020 3422 versiculo
2061 3365 2209 3419 Psal-

621 3458 905 3528 niigraphi,
944 3474 1024 3512 me
1070 3457 1395 3528 defensorem
1448 3467 1496 3511 et
1546 3459 1815 3512 inimicum
1860 3474 1991 3513 esse.
2044 3457 2209 3514 Forte

621 3548 808 3603 nolens
829 3562 1016 3602 verum
1045 3548 1110 3603 de
1139 3562 1225 3603 me
1251 3548 1522 3619 protulisti
1551 3546 1937 3602 testimonium.
2010 3546 2208 3601 Fateor

620 3640 881 3707 siquidem
904 3654 989 3692 me
1020 3638 1353 3695 defensorem
1382 3654 1503 3695 esse
1538 3637 1659 3694 ﬁdei
1682 3638 1984 3704 catholicae,
2024 3648 2078 3694 et
2105 3639 2210 3693 ini-

620 3730 818 3783 micum
859 3742 978 3783 esse
1024 3729 1364 3787 inimicorum
1391 3731 1618 3798 Christi,
1660 3732 1753 3803 qui
1783 3732 2042 3788 honorem
2072 3731 2207 3787 divi-

621 3821 805 3876 uitatis
847 3830 901 3875 et
929 3819 1262 3876 nobilitatem
1290 3820 1571 3891 dignitatis
1605 3822 1683 3876 illi
1712 3822 1952 3877 adimere
1980 3828 2205 3876 conten-

620 3917 772 3977 dunt,
818 3927 984 3983 quem
1023 3928 1262 3986 paganus
1283 3913 1535 3967 centurio
1582 3912 1721 3967 mori
1767 3906 2015 3973 cernens,
2048 3910 2207 3965 terri-

622 4019 707 4060 tus
726 4005 1111 4059 elementorum
1140 4003 1458 4067 mutatione,
1494 4016 1680 4056 verum
1714 4000 1806 4057 Dei
1848 4000 2044 4056 Filium
2077 4014 2208 4055 cou-

622 4096 793 4149 fessus
820 4103 902 4148 est
937 4094 1150 4148 dicens:
1205 4091 1337 4147 Vere
1385 4092 1481 4149 Dei
1528 4089 1701 4146 Filius
1738 4101 1851 4146 erat
1907 4091 2060 4144 homo
2108 4092 2207 4146 iste

622 4180 835 4249 (Matth.
860 4196 1027 4247 xxvtl,
1050 4181 1149 4246 54;
1190 4180 1360 4234 Marc.
1390 4197 1471 4245 ιιι,
1506 4180 1593 4246 Η,
1628 4180 1739 4251 12).
1788 4180 1901 4236 lmo
1928 4180 2208 4235 diabolicae

621 4277 929 4340 potestates,
991 4270 1131 4324 sicut
1151 4270 1206 4323 in
1250 4269 1539 4341 Evangelio
1583 4269 1795 4341 legitur,
1844 4271 1910 4325 de
1970 4270 2207 4327 obsessis

620 4361 914 4416 clamantes
938 4360 1277 4428 corporibus,
1298 4359 1572 4415 Christum
1605 4360 1699 4414 Dei
1726 4360 1921 4414 Filium
1948 4360 2210 4416 confessa:

2321 544 2377 589 et
2410 535 2709 606 intelligere
2735 536 2915 591 vultis.
2956 536 3271 593 Certissime
3300 554 3385 595 me
3415 542 3610 599 scitote
3639 544 3772 599 duas
3797 560 3898 601 ua-

2322 639 2491 695 turas,
2520 628 2660 685 sicut
2687 631 2935 699 superius
2960 630 3069 685 dixi
3088 671 3101 695 ,
3140 639 3196 686 et
3223 647 3385 686 unam
3416 649 3703 703 personam
3726 636 3896 692 conﬁ-

2320 724 2423 778 teri
2449 725 2506 778 in
2527 723 2767 780 Christo.
2799 725 3053 779 Firmiter
3079 740 3312 796 namque
3338 728 3542 796 absque
3570 729 3715 783 omni
3743 730 3898 785 dubi-

2322 819 2521 872 tatione
2562 819 2889 874 credendum
2931 826 3016 873 est
3061 826 3117 873 et
3154 819 3554 889 prazdicandmn
3579 860 3595 885 ,
3642 819 3890 876 eumdem

2314 922 2439 963 esse
2465 907 2555 977 qui
2588 916 2746 963 natus
2774 918 2856 963 est
2888 923 2957 962 ex
2985 908 3222 979 Virgine,
3254 909 3424 964 Deum
3452 926 3642 965 verum
3671 912 3728 966 in
3755 911 3889 967 dua-

2318 999 2419 1053 bus
2446 1000 2673 1064 naturis,
2708 1007 2765 1054 et
2791 1015 2979 1055 verum
3006 1000 3200 1055 Filium
3230 1001 3323 1056 Dei
3351 1020 3364 1056 :
3416 1002 3493 1056 ita
3536 1010 3597 1056 ut
3635 1017 3774 1060 unus
3814 1004 3886 1058 sit

2316 1090 2585 1157 Christus,
2613 1100 2669 1145 et
2696 1107 2833 1146 unus
2862 1090 3027 1157 Deus,
3070 1100 3125 1147 et
3154 1102 3292 1146 unus
3317 1091 3411 1146 Dei
3439 1091 3626 1156 Filius,
3660 1102 3715 1147 et
3744 1109 3884 1149 unus

2318 1194 2411 1234 rex
2430 1220 2445 1245 ,
2490 1189 2544 1235 et
2583 1196 2723 1235 unus
2753 1181 2919 1236 totius
2944 1181 3128 1235 mundi
3159 1181 3424 1246 Salvator,
3452 1182 3732 1237 divinitate
3756 1197 3885 1239 con-

2316 1273 2693 1331 substantialis
2710 1272 2875 1337 Patri,
2906 1274 3238 1328 humanitate
3266 1274 3744 1330 consubstantialis
3767 1290 3882 1341 ma-

2317 1368 2406 1433 tri,
2435 1375 2496 1422 ut
2519 1366 2589 1423 sit
2617 1366 2758 1422 idem
2782 1352 2943 1422 verus
2972 1366 3115 1421 Deus
3139 1373 3195 1421 et
3219 1378 3379 1422 verus
3408 1367 3570 1421 homo
3600 1366 3654 1420 in
3684 1366 3894 1421 unitate

2314 1471 2576 1529 personae,
2606 1471 2765 1526 quem
2790 1472 2887 1512 vos
2916 1456 3033 1512 sine
3061 1456 3229 1513 dubio
3248 1472 3369 1512 cum
3398 1456 3647 1512 Nestorio
3674 1457 3726 1511 in
3753 1456 3891 1513 duos

2315 1548 2555 1602 dividitis
2584 1546 2741 1614 ﬁlios,
2769 1556 2825 1603 et
2852 1548 2904 1602 iu
2929 1548 3062 1604 duas
3083 1562 3363 1617 personas,
3386 1563 3484 1618 per
3503 1538 3887 1617 proprietatem

2313 1646 2368 1693 et
2413 1638 2776 1707 adoptionem.
2838 1637 2955 1693 Non
3003 1638 3167 1709 igitur
3210 1638 3351 1693 idem
3402 1639 3661 1709 magister
3708 1648 3889 1694 vester

2317 1730 2597 1787 Nestorius
2625 1732 2896 1786 invenitur
2922 1733 3053 1787 duas
3087 1746 3346 1801 personas
3380 1732 3556 1802 palam
3594 1733 3648 1787 in
3673 1732 3890 1788 Christo

2314 1820 2579 1891 proﬁteri,
2602 1829 2863 1891 quantum
2883 1822 2954 1878 ad
2974 1820 3293 1891 poslittera:
3320 1820 3464 1875 illius
3490 1821 3770 1891 pervenire
3793 1836 3889 1890 po-

2315 1919 2571 1967 tuerunt:
2609 1911 2704 1966 sed
2729 1912 2909 1965 omnia
2935 1926 3065 1981 quas,
3079 1911 3290 1968 duabus
3330 1926 3552 1967 necesse
3588 1919 3673 1965 est
3710 1911 3890 1967 inesse

2314 2002 2579 2073 personis,
2620 2000 2866 2071 proferre
2892 2002 2959 2057 de
2982 2000 3197 2062 Christo
3225 2002 3516 2071 reperitur,
3543 2000 3887 2068 adnpzionem

2312 2094 2453 2148 sicut
2480 2100 2535 2147 et
2560 2106 2658 2146 vos
2685 2090 3013 2147 humanitati
3038 2090 3375 2156 adscribeus,
3394 2099 3447 2145 et
3472 2089 3738 2145 divinitati
3764 2096 3890 2161 pro-

2313 2183 2599 2253 prietatem
2626 2182 2721 2236 ﬁlii
2747 2182 3054 2253 designans.

2385 2274 2451 2329 Χ.
2493 2262 2574 2329 Τιι
2603 2290 2753 2338 vero,
2784 2273 2954 2328 frater
2980 2273 3256 2343 Elipande,
3274 2274 3435 2329 homo
3465 2273 3733 2337 animalis,
3764 2273 3886 2328 ani-

2315 2366 2536 2421 malium
2566 2381 2716 2421 more
2744 2364 3151 2436 generationem
3175 2364 3300 2420 Filii
3321 2366 3418 2420 Dei
3446 2364 3769 2435 intelligens,
3793 2365 3891 2419 i-

2312 2473 2415 2513 nus
2440 2467 2492 2512 te
2517 2459 2690 2527 ipsum
2716 2457 3083 2524 considerans,
3110 2474 3179 2512 an
3206 2465 3348 2513 totus
3373 2456 3552 2522 anima
3578 2463 3634 2511 et
3661 2471 3889 2526 corpore

2312 2550 2387 2605 sis
2414 2550 2666 2620 proprius
2693 2549 2834 2605 ﬁlius
2859 2550 3032 2619 patris
3056 2548 3136 2603 tul
3161 2556 3216 2603 et
3238 2548 3431 2603 matris
3458 2555 3583 2612 tute,
3614 2548 3740 2602 dum
3769 2561 3890 2601 cer-

2313 2646 2425 2692 tum
2452 2646 2566 2704 est,
2611 2638 2779 2695 solam
2820 2652 3038 2693 carnem
3079 2638 3148 2693 ex
3187 2637 3569 2707 conjunctione
3598 2645 3887 2708 parentum

2313 2738 2525 2784 tuorum
2554 2738 2889 2805 procreatam
2922 2743 3061 2793 esse,
3107 2729 3299 2784 animae
3324 2744 3456 2785 vero
3482 2738 3789 2785 creaturam
3817 2742 3885 2782 ex

2312 2819 2480 2873 nihilo
2510 2819 2606 2874 Dei
2637 2820 2879 2889 potentia
2907 2818 3202 2885 cotiditam,
3230 2828 3288 2873 et
3310 2820 3741 2890 coagulationem
3767 2833 3887 2873 car-

2312 2909 2396 2963 nis
2421 2908 2475 2965 in
2498 2916 2655 2964 utero
2676 2909 2867 2964 matris
2891 2908 3231 2977 coniunctam
3251 2909 3604 2966 viviﬁeatriee
3622 2910 3885 2981 potentia,

2310 3006 2370 3053 ut
2398 2999 2575 3054 vivum
2605 3007 2918 3055 nasceretur
2931 2997 3131 3055 animal
3146 2999 3409 3069 rationale
3433 3008 3596 3070 atque
3623 2998 3881 3055 mortale:

2310 3098 2364 3145 et
2390 3091 2535 3160 quod
2573 3091 2627 3145 in
2664 3090 2813 3147 omni
2856 3091 3073 3146 homine
3100 3089 3402 3161 ﬁeriposse
3437 3090 3651 3156 cernis,
3693 3091 3749 3145 in
3788 3088 3885 3143 Del
3964 3102 3971 3117 π

2310 3181 2450 3236 Filio
2477 3181 2592 3236 ﬁeri
2620 3190 2881 3253 operante
2906 3190 3096 3237 saneto
3124 3180 3330 3257 Spiritu
3359 3182 3605 3238 conﬁteri
3636 3182 3883 3245 dubitas;

2309 3281 2368 3327 ut
2396 3273 2538 3327 Deus
2565 3273 2930 3341 omnipotens,
2971 3272 3063 3342 qui
3103 3272 3285 3328 omnia
3328 3270 3459 3327 facit
3503 3286 3624 3341 qua:
3668 3270 3782 3325 vnlt
3829 3272 3886 3326 in

2309 3361 2446 3416 cualo
2473 3368 2529 3415 et
2563 3360 2616 3415 in
2646 3368 2811 3425 terra,
2838 3362 2942 3416 hoc
2968 3361 3165 3426 solum,
3199 3368 3252 3417 te
3280 3359 3514 3424 nolente,
3539 3376 3647 3415 non
3676 3360 3885 3430 potuis-

2309 3445 2412 3514 set,
2450 3458 2511 3504 ut
2539 3449 2707 3506 Filius
2748 3451 2849 3505 sibi
2892 3450 3143 3520 proprius
3166 3450 3336 3522 880
3356 3465 3422 3506 ex
3449 3450 3697 3520 virginali
3730 3459 3887 3507 utero

2310 3545 2642 3593 nasceretur.
2678 3537 2785 3593 Aut
2813 3547 2865 3593 te
2893 3538 3067 3607 ipsum
3109 3552 3245 3610 nega
3284 3539 3561 3610 proprium
3588 3539 3756 3595 ﬁlium
3782 3556 3883 3610 pa-

2292 3628 2553 3682 rentibus
2583 3628 2691 3685 tuis
2732 3629 2834 3684 nisi
2880 3628 2995 3685 sola
3020 3645 3207 3695 carne,
3239 3638 3333 3685 aut
3363 3630 3409 3689 si
3436 3631 3538 3687 hoc
3573 3632 3668 3686 tibi
3696 3633 3889 3687 absur-

2308 3718 2437 3774 dum
2466 3718 2732 3785 videatur,
2778 3720 3089 3777 conﬁtearis
3130 3736 3353 3779 necesse
3394 3731 3480 3778 est
3519 3723 3579 3777 in
3619 3722 3758 3777 Filio
3788 3722 3885 3777 Dei

2308 3809 2451 3863 hanc
2488 3810 2875 3879 proprietatem
2916 3811 3035 3865 fieri
3072 3826 3235 3881 posse
3259 3811 3411 3881 (licet
3438 3812 3659 3866 alterius
3689 3820 3883 3867 natura

2308 3899 2380 3954 sit
2405 3899 2933 3967 aeterna-divinitas,
2974 3901 3198 3957 alterius
3233 3919 3298 3959 ex
3336 3912 3576 3973 tempore
3606 3902 3747 3959 faeta
3778 3906 3884 3959 bu-

2309 3991 2562 4065 manitas)
2584 4008 2743 4062 quam
2767 3993 2820 4048 in
2844 4000 2897 4048 te
2920 3993 3034 4063 ipso
3054 3992 3188 4061 fore,
3216 3994 3324 4051 imo
3344 4004 3400 4051 et
3420 3996 3474 4051 in
3499 3996 3649 4051 omni
3669 3977 3888 4053 homine

2308 4102 2507 4157 negare
2532 4102 2638 4142 non
2666 4087 2765 4142 vis.
3823 4084 3827 4087 “

2378 4179 2467 4235 XI.
2511 4178 2593 4235 Me
2633 4180 2798 4251 igitur
2835 4180 3109 4237 recordari
3134 4180 3293 4255 iubes
3318 4180 3603 4237 Dominum
3642 4181 3881 4253 dixisse:

2310 4270 2444 4325 Lata
2488 4280 2537 4327 et
2580 4272 2811 4341 spatiosa
2850 4272 2931 4325 ria
2966 4281 3064 4337 est,
3109 4288 3227 4342 qua
3257 4272 3400 4326 ducit
3430 4272 3499 4324 ad
3537 4256 3792 4335 mortem,
3836 4280 3887 4323 et

2309 4359 2459 4413 multi
2496 4370 2635 4423 sunt,
2668 4361 2756 4430 qui
2788 4361 2986 4414 intrant
3022 4376 3115 4428 per
3143 4375 3279 4412 eam.
3317 4357 3490 4423 Quam
3519 4367 3667 4410 arcta
3700 4368 3752 4411 et
3788 4373 3889 4411 an-

622 4456 766 4504 suut.
842 4448 952 4502 Nec
981 4447 1082 4502 hoc
1109 4446 1251 4510 dico,
1286 4447 1429 4515 quod
1459 4446 1671 4500 illorum
1716 4446 2025 4500 testimonio
2064 4447 2202 4501 indi-
2235 4460 2288 4521 ι)
2310 4460 2463 4521 gusta
2492 4452 2574 4504 uia
2602 4459 2699 4515 est,
2726 4466 2843 4520 qua!
2871 4450 3014 4501 ducit
3039 4448 3109 4501 ad
3132 4449 3315 4512 citam,
3346 4457 3395 4501 et
3422 4447 3574 4517 pauci
3620 4454 3741 4499 sunt
3791 4446 3885 4516 qui

622 4555 808 4613 geam,
850 4537 1054 4591 habens
1093 4542 1261 4590 testes
1297 4536 1462 4589 totius
1511 4533 1805 4603 Scriptura:
1831 4541 2032 4587 sancte
2052 4533 2203 4603 pagi-

623 4645 756 4694 nas;
795 4627 887 4683 sed
913 4627 978 4681 ad
1001 4625 1370 4681 confusionem
1397 4624 1731 4679 inﬁdelitatis
1766 4631 1961 4678 vestrae
1988 4622 2203 4677 illorum

622 4719 775 4774 vobis
826 4716 1054 4789 praafero
1094 4717 1275 4783 ﬁdem,
1307 4716 1400 4786 qui
1450 4716 1552 4772 soli
1599 4715 1675 4771 ita
1714 4714 1955 4785 perversi
1984 4714 2115 4770 estis
2150 4714 2205 4769 iu

624 4814 750 4877 fide,
782 4821 842 4866 ut
868 4811 1136 4866 diabolica
1163 4811 1315 4867 vobis
1339 4810 1500 4883 digne
1522 4808 1843 4881 prmferatur
1876 4808 2164 4867 confessio.

697 4905 783 4959 IX.
822 4904 972 4971 Quod
1000 4918 1126 4957 vero
1160 4917 1245 4957 me
1272 4904 1475 4958 asseris
1506 4902 1897 4958 humanitatem
1925 4919 2111 4958 veram
2151 4903 2207 4957 in

624 4996 842 5051 Christo
882 5010 1109 5067 negare,
1155 4993 1377 5048 omnino
1415 4994 1607 5048 falsum
1634 4998 1770 5059 est;
1816 5008 1921 5048 nec
1962 4994 2017 5048 in
2060 4993 2207 5048 omni

627 5089 926 5142 litterarum
972 5101 1212 5143 mearum
1254 5085 1393 5141 serie
1436 5099 1525 5139 me
1563 5085 1665 5140 hoc
1705 5085 1891 5139 dicere
1915 5083 1999 5138 vel
2026 5083 2207 5139 credi-

627 5182 769 5236 disse
795 5183 1025 5251 probare
1049 5180 1273 5251 poteris.
1320 5177 1427 5233 Sed
1456 5178 1509 5232 in
1538 5192 1623 5243 eo,
1653 5179 1857 5248 absque
1884 5176 1992 5230 ulla
2023 5174 2211 5230 dubie-

628 5281 736 5325 tate
761 5272 844 5326 vel
884 5274 1159 5343 scrupulo,
1206 5272 1341 5328 duas
1381 5270 1643 5326 conﬁteor
1674 5281 1903 5326 naturas
1936 5267 2211 5339 perfectas

626 5372 681 5417 et
712 5364 968 5433 integras,
1003 5363 1301 5419 divinitatis
1343 5364 1553 5420 scilicet
1576 5372 1737 5435 atque
1767 5361 2123 5419 humanitatis
2156 5362 2209 5415 in

628 5471 733 5510 una
785 5471 1014 5527 persona
1066 5463 1121 5509 et
1159 5456 1213 5509 in
1249 5470 1359 5510 uno
1388 5456 1509 5512 Filii
1539 5456 1634 5513 Dei
1659 5459 1920 5514 nomine:
1968 5458 2111 5513 sicut
2153 5456 2209 5511 in

626 5544 851 5611 epistola
880 5561 1039 5615 quam
1072 5544 1357 5600 charitatis
1394 5544 1570 5600 ollicio
1610 5558 1668 5603 et
1708 5548 1897 5603 salutis
1928 5555 2035 5604 tuae
2065 5547 2208 5603 desi—

631 5631 781 5686 derio
820 5635 1084 5690 catholico
1128 5635 1339 5693 calamo
1380 5640 1696 5693 reverentia:
1736 5646 1934 5695 vestra:
1980 5652 2209 5694 exarare

634 5724 959 5792 curavimus,
1000 5729 1280 5799 perspicue
1313 5727 1609 5801 intelligere
1638 5730 1863 5799 potestis
1883 5769 1897 5794 ,
1926 5713 1985 5783 si
2029 5727 2208 5786 sobrio

2306 4539 2570 4592 inveniunt
2598 4554 2711 4591 eam
2740 4536 2955 4609 (Matth.
2982 4552 3079 4602 vn,
3111 4536 3197 4601 l5,
3230 4535 3354 4608 id)!
3400 4534 3706 4590 Recordare
3743 4544 3797 4589 et
3830 4544 3885 4589 tu

2307 4628 2635 4700 Prophetam
2689 4629 2931 4684 dixisse:
2986 4625 3278 4683 Pascentur
3326 4628 3450 4699 agni
3504 4626 3558 4681 in
3611 4625 3887 4680 latitudine
3940 4658 3945 4663 ι

2309 4720 2482 4791 (Ome
2507 4736 2582 4789 tv,
2614 4720 2721 4792 16).
2779 4720 2845 4775 Et
2871 4719 3211 4776 Psalmistam
3256 4719 3322 4774 de
3357 4718 3597 4789 potentia
3623 4718 3772 4788 ejus,
3818 4716 3886 4769 de

2308 4827 2415 4883 quo
2442 4813 2597 4869 nobis
2626 4827 2805 4867 sermo
2838 4819 2953 4877 est,
2998 4810 3169 4866 multo
3196 4818 3323 4865 ante
3345 4808 3720 4879 praeceeinisse
3748 4824 3762 4859 :
3813 4805 3884 4861 Et

2308 4902 2664 4956 dominabitur
2688 4920 2720 4956 α
2756 4903 2891 4957 mari
2920 4918 3081 4973 usque
3108 4901 3178 4956 ad
3206 4916 3379 4963 mare.
3422 4907 3471 4951 et
3510 4914 3545 4950 a
3577 4895 3883 4967 ﬂuminibus

2310 4990 2472 5063 usque
2496 4994 2565 5047 ad
2592 4996 2835 5050 terminos
2862 4995 3000 5050 orbis
3028 5004 3181 5049 terra
3201 4990 3373 5063 (Puri.
3398 5005 3544 5058 uxr,
3570 4989 3647 5060 8).
3680 4989 3885 5061 ipsum-

2310 5096 2416 5152 que
2460 5098 2584 5138 cum
2630 5086 2906 5157 triumpho
2954 5084 3139 5155 gloria:
3187 5081 3566 5136 ascendentem
3615 5080 3670 5136 in
3716 5082 3885 5139 caios

2310 5176 2622 5232 mandatum
2647 5178 2859 5233 dedisse
2878 5174 3149 5246 Apostolis
3175 5172 3305 5236 suis,
3335 5180 3396 5226 ut
3418 5171 3674 5228 docerent
3696 5189 3886 5230 omnes

2311 5274 2533 5335 gentes,
2577 5267 2798 5321 dicens:
2849 5264 2960 5327 Ite,
3006 5262 3183 5316 docete
3231 5278 3405 5317 omnes
3452 5274 3624 5335 gentes
3663 5263 3880 5336 (Matth.
3928 5282 3934 5294 ι

2312 5368 2501 5420 xxvm,
2534 5354 2642 5426 l9).
2680 5352 2818 5409 Olim
2848 5354 2899 5407 in
2928 5352 3110 5408 Judaaa
3140 5361 3301 5409 notus
3329 5355 3703 5412 tantummodo
3741 5356 3882 5411 Deus

2312 5446 2485 5517 (Ριιιι.
2512 5463 2675 5511 uxv,
2702 5447 2779 5519 2),
2840 5461 2983 5501 nunc
3028 5459 3156 5503 vero
3202 5448 3455 5504 omnibus
3498 5448 3751 5520 gentibus
3778 5463 3884 5504 vox

2312 5555 2416 5593 una
2459 5549 2543 5595 est
2564 5540 2837 5604 Christus,
2869 5553 3026 5608 quem
3055 5554 3149 5595 vos
3195 5541 3337 5596 intra
3383 5540 3671 5613 Pyrenaeos
3709 5540 3884 5597 saltus

2312 5644 2417 5687 non
2445 5642 2717 5701 regnasse,
2743 5629 2837 5687 sed
2864 5632 3132 5701 captivum
3157 5632 3401 5689 latitasse
3427 5632 3709 5688 :estimatis

2387 5723 2495 5780 ΧΠ.
2538 5722 2694 5780 Aliud
2728 5736 2941 5793 quoque
2975 5722 3041 5778 de
3075 5723 3362 5798 Evangelio
3394 5722 3604 5796 profers
3639 5721 3880 5781 testimo-
