  <div class='ocr_page' id='page_1' title='image "/cluster/home/n/w/nwhite01/storage/ocr_20150623/101/uva.x000834944/132.png"; bbox 0 0 4238 6208; ppageno 0'>
   <div class='ocr_carea' id='block_1_1' title="bbox 451 301 585 357">
    <p class='ocr_par' dir='ltr' id='par_1_1' title="bbox 451 301 585 357">
     <span class='ocr_line' id='line_1_1' title="bbox 451 301 585 357; baseline 0 0"><span class='ocrx_word' id='word_1_1' title='bbox 451 301 585 357; x_wconf 65' lang='grc'><strong>’249</strong></span> 
     </span>
    </p>
   </div>
   <div class='ocr_carea' id='block_1_2' title="bbox 1178 274 3019 348">
    <p class='ocr_par' dir='ltr' id='par_1_2' title="bbox 1178 274 3019 348">
     <span class='ocr_line' id='line_1_2' title="bbox 1178 274 3019 348; baseline -0.002 -2"><span class='ocrx_word' id='word_1_2' title='bbox 1178 274 1589 348; x_wconf 62' lang='lat' dir='ltr'><strong>nocitmci.</strong></span> <span class='ocrx_word' id='word_1_3' title='bbox 1625 318 1693 327; x_wconf 86' lang='lat'><strong>—</strong></span> <span class='ocrx_word' id='word_1_4' title='bbox 1732 288 1889 343; x_wconf 61' lang='lat' dir='ltr'><strong>auv.</strong></span> <span class='ocrx_word' id='word_1_5' title='bbox 1927 285 2320 343; x_wconf 69' lang='lat' dir='ltr'><strong>numnum:</strong></span> <span class='ocrx_word' id='word_1_6' title='bbox 2361 285 2539 343; x_wconf 81' lang='lat' dir='ltr'><strong>unm</strong></span> <span class='ocrx_word' id='word_1_7' title='bbox 2576 288 2665 343; x_wconf 90' lang='lat' dir='ltr'><strong>tv.</strong></span> <span class='ocrx_word' id='word_1_8' title='bbox 2704 318 2774 328; x_wconf 88' lang='grc'><strong><em>-</em></strong></span> <span class='ocrx_word' id='word_1_9' title='bbox 2811 288 2939 343; x_wconf 83' lang='lat' dir='ltr'><strong>ue.</strong></span> <span class='ocrx_word' id='word_1_10' title='bbox 2978 288 3019 344; x_wconf 86' lang='grc' dir='ltr'>ι.</span> 
     </span>
    </p>
   </div>
   <div class='ocr_carea' id='block_1_3' title="bbox 3581 295 3685 351">
    <p class='ocr_par' dir='ltr' id='par_1_3' title="bbox 3581 295 3685 351">
     <span class='ocr_line' id='line_1_3' title="bbox 3581 295 3685 351; baseline -0.038 1"><span class='ocrx_word' id='word_1_11' title='bbox 3581 295 3685 351; x_wconf 66' lang='lat'><strong>350</strong></span> 
     </span>
    </p>
   </div>
   <div class='ocr_carea' id='block_1_4' title="bbox 483 398 3690 491">
    <p class='ocr_par' dir='ltr' id='par_1_4' title="bbox 483 398 3690 491">
     <span class='ocr_line' id='line_1_4' title="bbox 483 398 3690 491; baseline -0.004 -14"><span class='ocrx_word' id='word_1_12' title='bbox 483 430 631 487; x_wconf 67' lang='lat' dir='ltr'><strong>nium</strong></span> <span class='ocrx_word' id='word_1_13' title='bbox 649 464 666 491; x_wconf 85' lang='lat'><strong>,</strong></span> <span class='ocrx_word' id='word_1_14' title='bbox 711 420 803 477; x_wconf 92' lang='lat' dir='ltr'><strong>ubi</strong></span> <span class='ocrx_word' id='word_1_15' title='bbox 847 419 959 487; x_wconf 83' lang='lat' dir='ltr'><strong>ipsa</strong></span> <span class='ocrx_word' id='word_1_16' title='bbox 986 411 1198 469; x_wconf 73' lang='lat' dir='ltr'><strong>Veritas</strong></span> <span class='ocrx_word' id='word_1_17' title='bbox 1240 411 1307 465; x_wconf 90' lang='lat' dir='ltr'><strong>de</strong></span> <span class='ocrx_word' id='word_1_18' title='bbox 1350 404 1727 465; x_wconf 88' lang='lat' dir='ltr'><strong>communione</strong></span> <span class='ocrx_word' id='word_1_19' title='bbox 1754 400 2036 459; x_wconf 85' lang='lat' dir='ltr'><strong>charitatis</strong></span> <span class='ocrx_word' id='word_1_20' title='bbox 2063 408 2113 467; x_wconf 78' lang='grc' dir='ltr'><strong>Α</strong></span> <span class='ocrx_word' id='word_1_21' title='bbox 2139 406 2223 453; x_wconf 87' lang='lat' dir='ltr'><strong>est</strong></span> <span class='ocrx_word' id='word_1_22' title='bbox 2255 398 2309 451; x_wconf 92' lang='lat' dir='ltr'><strong>in</strong></span> <span class='ocrx_word' id='word_1_23' title='bbox 2340 399 2536 491; x_wconf 78' lang='lat' dir='ltr'><strong>nostris</strong></span> <span class='ocrx_word' id='word_1_24' title='bbox 2556 440 2571 464; x_wconf 90' lang='lat'><strong>,</strong></span> <span class='ocrx_word' id='word_1_25' title='bbox 2619 401 2757 455; x_wconf 97' lang='lat' dir='ltr'><strong>sicut</strong></span> <span class='ocrx_word' id='word_1_26' title='bbox 2787 409 2930 458; x_wconf 91' lang='lat' dir='ltr'><strong>totus</strong></span> <span class='ocrx_word' id='word_1_27' title='bbox 2956 411 3037 459; x_wconf 89' lang='lat' dir='ltr'><strong>est</strong></span> <span class='ocrx_word' id='word_1_28' title='bbox 3066 406 3119 458; x_wconf 93' lang='lat' dir='ltr'><strong>in</strong></span> <span class='ocrx_word' id='word_1_29' title='bbox 3145 407 3256 460; x_wconf 90' lang='lat' dir='ltr'><strong>suis</strong></span> <span class='ocrx_word' id='word_1_30' title='bbox 3280 446 3294 469; x_wconf 91' lang='lat'><strong>,</strong></span> <span class='ocrx_word' id='word_1_31' title='bbox 3338 411 3538 476; x_wconf 75' lang='lat' dir='ltr'><strong>prtetet‘</strong></span> <span class='ocrx_word' id='word_1_32' title='bbox 3560 407 3690 464; x_wconf 88' lang='lat' dir='ltr'><strong>deli-</strong></span> 
     </span>
    </p>
   </div>
   <div class='ocr_carea' id='block_1_5' title="bbox 481 493 2039 580">
    <p class='ocr_par' dir='ltr' id='par_1_5' title="bbox 481 493 2039 580">
     <span class='ocr_line' id='line_1_5' title="bbox 481 493 2039 580; baseline -0.023 0"><span class='ocrx_word' id='word_1_33' title='bbox 481 528 792 580; x_wconf 86' lang='lat' dir='ltr'><strong>sanctorum</strong></span> <span class='ocrx_word' id='word_1_34' title='bbox 820 512 932 569; x_wconf 81' lang='lat' dir='ltr'><strong>ait:</strong></span> <span class='ocrx_word' id='word_1_35' title='bbox 966 505 1066 562; x_wconf 87' lang='lat' dir='ltr'><strong>Ubi</strong></span> <span class='ocrx_word' id='word_1_36' title='bbox 1105 512 1224 559; x_wconf 78' lang='lat' dir='ltr'><strong>sunt</strong></span> <span class='ocrx_word' id='word_1_37' title='bbox 1261 502 1365 555; x_wconf 82' lang='lat' dir='ltr'><strong>duo</strong></span> <span class='ocrx_word' id='word_1_38' title='bbox 1406 498 1482 553; x_wconf 73' lang='lat' dir='ltr'><strong>uel</strong></span> <span class='ocrx_word' id='word_1_39' title='bbox 1522 506 1625 551; x_wconf 78' lang='lat' dir='ltr'><strong>tres</strong></span> <span class='ocrx_word' id='word_1_40' title='bbox 1654 494 1948 564; x_wconf 72' lang='lat' dir='ltr'><strong>congregati</strong></span> <span class='ocrx_word' id='word_1_41' title='bbox 1985 493 2039 545; x_wconf 81' lang='lat' dir='ltr'><strong>in</strong></span> 
     </span>
    </p>
   </div>
   <div class='ocr_carea' id='block_1_6' title="bbox 486 585 2039 669">
    <p class='ocr_par' dir='ltr' id='par_1_6' title="bbox 486 585 2039 669">
     <span class='ocr_line' id='line_1_6' title="bbox 486 585 2039 669; baseline -0.021 0"><span class='ocrx_word' id='word_1_42' title='bbox 486 612 693 669; x_wconf 72' lang='lat' dir='ltr'><strong>nomine</strong></span> <span class='ocrx_word' id='word_1_43' title='bbox 716 621 853 669; x_wconf 70' lang='lat' dir='ltr'><strong>meo,</strong></span> <span class='ocrx_word' id='word_1_44' title='bbox 892 602 965 656; x_wconf 81' lang='lat' dir='ltr'><strong>ibi</strong></span> <span class='ocrx_word' id='word_1_45' title='bbox 1004 613 1120 654; x_wconf 76' lang='lat' dir='ltr'><strong>sum</strong></span> <span class='ocrx_word' id='word_1_46' title='bbox 1155 595 1212 649; x_wconf 82' lang='lat' dir='ltr'><strong>in</strong></span> <span class='ocrx_word' id='word_1_47' title='bbox 1240 592 1410 647; x_wconf 81' lang='lat' dir='ltr'><strong>medio</strong></span> <span class='ocrx_word' id='word_1_48' title='bbox 1438 604 1615 643; x_wconf 86' lang='lat' dir='ltr'><strong>eorum</strong></span> <span class='ocrx_word' id='word_1_49' title='bbox 1643 585 1857 658; x_wconf 73' lang='lat' dir='ltr'><strong>(Matth.</strong></span> <span class='ocrx_word' id='word_1_50' title='bbox 1884 597 2039 646; x_wconf 80' lang='lat' dir='ltr'><strong>xvm,</strong></span> 
     </span>
    </p>
   </div>
   <div class='ocr_carea' id='block_1_7' title="bbox 483 672 2044 770">
    <p class='ocr_par' dir='ltr' id='par_1_7' title="bbox 483 672 2044 770">
     <span class='ocr_line' id='line_1_7' title="bbox 483 672 2044 770; baseline -0.029 -13"><span class='ocrx_word' id='word_1_51' title='bbox 483 700 600 770; x_wconf 64' lang='lat'><strong>20).</strong></span> <span class='ocrx_word' id='word_1_52' title='bbox 631 698 700 752; x_wconf 82' lang='lat' dir='ltr'><strong>Et</strong></span> <span class='ocrx_word' id='word_1_53' title='bbox 725 692 899 751; x_wconf 86' lang='lat' dir='ltr'><strong>credis</strong></span> <span class='ocrx_word' id='word_1_54' title='bbox 924 691 1028 747; x_wconf 89' lang='lat' dir='ltr'><strong>hoc</strong></span> <span class='ocrx_word' id='word_1_55' title='bbox 1053 686 1121 741; x_wconf 87' lang='lat' dir='ltr'><strong>de</strong></span> <span class='ocrx_word' id='word_1_56' title='bbox 1144 682 1319 739; x_wconf 88' lang='lat' dir='ltr'><strong>Felice</strong></span> <span class='ocrx_word' id='word_1_57' title='bbox 1346 689 1552 735; x_wconf 89' lang='lat' dir='ltr'><strong>tantum</strong></span> <span class='ocrx_word' id='word_1_58' title='bbox 1579 677 1796 770; x_wconf 60' lang='lat' dir='ltr'><strong>suisque</strong></span> <span class='ocrx_word' id='word_1_59' title='bbox 1816 672 2044 770; x_wconf 42' lang='lat' dir='ltr'><strong>com-p11-</strong></span> 
     </span>
    </p>
   </div>
   <div class='ocr_carea' id='block_1_8' title="bbox 489 763 2043 849">
    <p class='ocr_par' dir='ltr' id='par_1_8' title="bbox 489 763 2043 849">
     <span class='ocr_line' id='line_1_8' title="bbox 489 763 2043 849; baseline -0.021 -1"><span class='ocrx_word' id='word_1_60' title='bbox 489 763 642 849; x_wconf 65' lang='lat' dir='ltr'><strong>cilius</strong></span> <span class='ocrx_word' id='word_1_61' title='bbox 666 788 866 843; x_wconf 90' lang='lat' dir='ltr'><strong>dictum</strong></span> <span class='ocrx_word' id='word_1_62' title='bbox 894 794 1032 843; x_wconf 88' lang='lat' dir='ltr'><strong>esse,</strong></span> <span class='ocrx_word' id='word_1_63' title='bbox 1062 774 1236 846; x_wconf 87' lang='lat' dir='ltr'><strong>qualis</strong></span> <span class='ocrx_word' id='word_1_64' title='bbox 1259 774 1389 828; x_wconf 88' lang='lat' dir='ltr'><strong>olim</strong></span> <span class='ocrx_word' id='word_1_65' title='bbox 1415 770 1556 824; x_wconf 86' lang='lat' dir='ltr'><strong>idem</strong></span> <span class='ocrx_word' id='word_1_66' title='bbox 1582 766 1734 822; x_wconf 73' lang='lat' dir='ltr'><strong>Felix</strong></span> <span class='ocrx_word' id='word_1_67' title='bbox 1756 764 1889 829; x_wconf 84' lang='lat' dir='ltr'><strong>fuit,</strong></span> <span class='ocrx_word' id='word_1_68' title='bbox 1916 763 2043 818; x_wconf 87' lang='lat' dir='ltr'><strong>dum</strong></span> 
     </span>
    </p>
   </div>
   <div class='ocr_carea' id='block_1_9' title="bbox 488 850 2047 934">
    <p class='ocr_par' dir='ltr' id='par_1_9' title="bbox 488 850 2047 934">
     <span class='ocr_line' id='line_1_9' title="bbox 488 850 2047 934; baseline -0.019 1"><span class='ocrx_word' id='word_1_69' title='bbox 488 878 655 934; x_wconf 89' lang='lat' dir='ltr'><strong>vestri</strong></span> <span class='ocrx_word' id='word_1_70' title='bbox 680 872 882 930; x_wconf 88' lang='lat' dir='ltr'><strong>erroris</strong></span> <span class='ocrx_word' id='word_1_71' title='bbox 910 850 1115 931; x_wconf 85' lang='lat' dir='ltr'><strong>catenis</strong></span> <span class='ocrx_word' id='word_1_72' title='bbox 1134 864 1410 920; x_wconf 82' lang='lat' dir='ltr'><strong>vobiseum</strong></span> <span class='ocrx_word' id='word_1_73' title='bbox 1437 858 1717 929; x_wconf 73' lang='lat' dir='ltr'><strong>colligatus</strong></span> <span class='ocrx_word' id='word_1_74' title='bbox 1741 853 1872 909; x_wconf 82' lang='lat' dir='ltr'><strong>fuit:</strong></span> <span class='ocrx_word' id='word_1_75' title='bbox 1900 865 2047 907; x_wconf 85' lang='lat' dir='ltr'><strong>nunc</strong></span> 
     </span>
    </p>
   </div>
   <div class='ocr_carea' id='block_1_10' title="bbox 488 943 2046 1025">
    <p class='ocr_par' dir='ltr' id='par_1_10' title="bbox 488 943 2046 1025">
     <span class='ocr_line' id='line_1_10' title="bbox 488 943 2046 1025; baseline -0.016 -3"><span class='ocrx_word' id='word_1_76' title='bbox 488 982 620 1025; x_wconf 84' lang='lat' dir='ltr'><strong>vero</strong></span> <span class='ocrx_word' id='word_1_77' title='bbox 657 966 769 1021; x_wconf 90' lang='lat' dir='ltr'><strong>Deo</strong></span> <span class='ocrx_word' id='word_1_78' title='bbox 809 950 1100 1017; x_wconf 86' lang='lat' dir='ltr'><strong>miserante</strong></span> <span class='ocrx_word' id='word_1_79' title='bbox 1138 951 1442 1011; x_wconf 76' lang='lat' dir='ltr'><strong>rationabili</strong></span> <span class='ocrx_word' id='word_1_80' title='bbox 1471 948 1831 1020; x_wconf 83' lang='lat' dir='ltr'><strong>disputatione</strong></span> <span class='ocrx_word' id='word_1_81' title='bbox 1859 943 2046 1001; x_wconf 89' lang='lat' dir='ltr'><strong>convi-</strong></span> 
     </span>
    </p>
   </div>
   <div class='ocr_carea' id='block_1_11' title="bbox 491 1030 2047 1124">
    <p class='ocr_par' dir='ltr' id='par_1_11' title="bbox 491 1030 2047 1124">
     <span class='ocr_line' id='line_1_11' title="bbox 491 1030 2047 1124; baseline -0.019 -8"><span class='ocrx_word' id='word_1_82' title='bbox 491 1070 631 1124; x_wconf 88' lang='lat' dir='ltr'><strong>ctus,</strong></span> <span class='ocrx_word' id='word_1_83' title='bbox 667 1056 725 1111; x_wconf 83' lang='lat' dir='ltr'><strong>et</strong></span> <span class='ocrx_word' id='word_1_84' title='bbox 748 1054 1023 1110; x_wconf 86' lang='lat' dir='ltr'><strong>absolutus</strong></span> <span class='ocrx_word' id='word_1_85' title='bbox 1050 1050 1117 1104; x_wconf 78' lang='lat' dir='ltr'><strong>ab</strong></span> <span class='ocrx_word' id='word_1_86' title='bbox 1140 1060 1326 1103; x_wconf 88' lang='lat' dir='ltr'><strong>errore</strong></span> <span class='ocrx_word' id='word_1_87' title='bbox 1347 1050 1549 1106; x_wconf 85' lang='lat' dir='ltr'><strong>vestro,</strong></span> <span class='ocrx_word' id='word_1_88' title='bbox 1577 1050 1634 1095; x_wconf 88' lang='lat' dir='ltr'><strong>et</strong></span> <span class='ocrx_word' id='word_1_89' title='bbox 1676 1039 1728 1093; x_wconf 91' lang='lat' dir='ltr'><strong>in</strong></span> <span class='ocrx_word' id='word_1_90' title='bbox 1769 1030 2047 1124; x_wconf 68' lang='lat' dir='ltr'><strong>catholicae</strong></span> 
     </span>
    </p>
   </div>
   <div class='ocr_carea' id='block_1_12' title="bbox 491 1123 2048 1222">
    <p class='ocr_par' dir='ltr' id='par_1_12' title="bbox 491 1123 2048 1222">
     <span class='ocr_line' id='line_1_12' title="bbox 491 1123 2048 1222; baseline -0.017 -16"><span class='ocrx_word' id='word_1_91' title='bbox 491 1148 642 1222; x_wconf 83' lang='lat' dir='ltr'><strong>pacis</strong></span> <span class='ocrx_word' id='word_1_92' title='bbox 662 1142 1071 1201; x_wconf 80' lang='lat' dir='ltr'><strong>unanimitate-tn</strong></span> <span class='ocrx_word' id='word_1_93' title='bbox 1085 1136 1367 1218; x_wconf 78' lang='lat' dir='ltr'><strong>reductus.</strong></span> <span class='ocrx_word' id='word_1_94' title='bbox 1397 1132 1463 1186; x_wconf 83' lang='lat' dir='ltr'><strong>Et</strong></span> <span class='ocrx_word' id='word_1_95' title='bbox 1486 1134 1772 1222; x_wconf 50' lang='lat' dir='ltr'><strong>quemvos</strong></span> <span class='ocrx_word' id='word_1_96' title='bbox 1785 1123 2048 1222; x_wconf 77' lang='lat' dir='ltr'><strong>habuistis</strong></span> 
     </span>
    </p>
   </div>
   <div class='ocr_carea' id='block_1_13' title="bbox 493 1214 2046 1310">
    <p class='ocr_par' dir='ltr' id='par_1_13' title="bbox 493 1214 2046 1310">
     <span class='ocr_line' id='line_1_13' title="bbox 493 1214 2046 1310; baseline -0.019 -15"><span class='ocrx_word' id='word_1_97' title='bbox 493 1214 648 1310; x_wconf 72' lang='lat' dir='ltr'><strong>quasi</strong></span> <span class='ocrx_word' id='word_1_98' title='bbox 690 1241 905 1291; x_wconf 80' lang='lat' dir='ltr'><strong>scutum</strong></span> <span class='ocrx_word' id='word_1_99' title='bbox 943 1214 1180 1301; x_wconf 72' lang='lat' dir='ltr'><strong>perfidiae</strong></span> <span class='ocrx_word' id='word_1_100' title='bbox 1218 1232 1431 1285; x_wconf 68' lang='lat' dir='ltr'><strong>vestrte,</strong></span> <span class='ocrx_word' id='word_1_101' title='bbox 1474 1226 1618 1274; x_wconf 89' lang='lat' dir='ltr'><strong>nunc</strong></span> <span class='ocrx_word' id='word_1_102' title='bbox 1651 1214 1889 1310; x_wconf 79' lang='lat' dir='ltr'><strong>Ecclesia</strong></span> <span class='ocrx_word' id='word_1_103' title='bbox 1923 1222 2046 1310; x_wconf 66' lang='lat' dir='ltr'><strong>eum</strong></span> 
     </span>
    </p>
   </div>
   <div class='ocr_carea' id='block_1_14' title="bbox 493 1299 2048 1395">
    <p class='ocr_par' dir='ltr' id='par_1_14' title="bbox 493 1299 2048 1395">
     <span class='ocr_line' id='line_1_14' title="bbox 493 1299 2048 1395; baseline -0.021 -10"><span class='ocrx_word' id='word_1_104' title='bbox 493 1299 659 1385; x_wconf 75' lang='lat' dir='ltr'><strong>habet</strong></span> <span class='ocrx_word' id='word_1_105' title='bbox 684 1323 934 1395; x_wconf 75' lang='lat' dir='ltr'><strong>sagittam</strong></span> <span class='ocrx_word' id='word_1_106' title='bbox 950 1299 1232 1389; x_wconf 77' lang='lat' dir='ltr'><strong>potentem</strong></span> <span class='ocrx_word' id='word_1_107' title='bbox 1247 1318 1317 1393; x_wconf 29' lang='grc' dir='ltr'>’.ει</span> <span class='ocrx_word' id='word_1_108' title='bbox 1341 1318 1556 1365; x_wconf 81' lang='lat' dir='ltr'><strong>acutam</strong></span> <span class='ocrx_word' id='word_1_109' title='bbox 1580 1320 1702 1362; x_wconf 89' lang='lat' dir='ltr'><strong>cum</strong></span> <span class='ocrx_word' id='word_1_110' title='bbox 1727 1299 2048 1395; x_wconf 76' lang='lat' dir='ltr'><strong>carbonibus</strong></span> 
     </span>
    </p>
   </div>
   <div class='ocr_carea' id='block_1_15' title="bbox 494 1393 2049 1481">
    <p class='ocr_par' dir='ltr' id='par_1_15' title="bbox 494 1393 2049 1481">
     <span class='ocr_line' id='line_1_15' title="bbox 494 1393 2049 1481; baseline -0.021 -7"><span class='ocrx_word' id='word_1_111' title='bbox 494 1393 832 1473; x_wconf 83' lang='lat' dir='ltr'><strong>desolatoriis</strong></span> <span class='ocrx_word' id='word_1_112' title='bbox 857 1406 1028 1481; x_wconf 76' lang='lat' dir='ltr'><strong>(Psat.</strong></span> <span class='ocrx_word' id='word_1_113' title='bbox 1054 1406 1199 1469; x_wconf 60' lang='lat' dir='ltr'><strong>cna,</strong></span> <span class='ocrx_word' id='word_1_114' title='bbox 1228 1402 1306 1475; x_wconf 75' lang='grc'><strong>4).</strong></span> <span class='ocrx_word' id='word_1_115' title='bbox 1338 1394 1449 1456; x_wconf 77' lang='lat' dir='ltr'><strong>Vos</strong></span> <span class='ocrx_word' id='word_1_116' title='bbox 1478 1408 1608 1452; x_wconf 87' lang='lat' dir='ltr'><strong>vero</strong></span> <span class='ocrx_word' id='word_1_117' title='bbox 1648 1396 1702 1450; x_wconf 92' lang='lat' dir='ltr'><strong>in</strong></span> <span class='ocrx_word' id='word_1_118' title='bbox 1739 1393 1937 1464; x_wconf 85' lang='lat' dir='ltr'><strong>quibus</strong></span> <span class='ocrx_word' id='word_1_119' title='bbox 1962 1404 2049 1481; x_wconf 40' lang='lat' dir='ltr'><strong>ref</strong></span> 
     </span>
    </p>
   </div>
   <div class='ocr_carea' id='block_1_16' title="bbox 496 1478 2046 1577">
    <p class='ocr_par' dir='ltr' id='par_1_16' title="bbox 496 1478 2046 1577">
     <span class='ocr_line' id='line_1_16' title="bbox 496 1478 2046 1577; baseline -0.019 -15"><span class='ocrx_word' id='word_1_120' title='bbox 496 1506 737 1577; x_wconf 80' lang='lat' dir='ltr'><strong>frigescit</strong></span> <span class='ocrx_word' id='word_1_121' title='bbox 764 1478 1026 1562; x_wconf 80' lang='lat' dir='ltr'><strong>charitas,</strong></span> <span class='ocrx_word' id='word_1_122' title='bbox 1056 1490 1453 1565; x_wconf 85' lang='lat' dir='ltr'><strong>congregamini</strong></span> <span class='ocrx_word' id='word_1_123' title='bbox 1486 1488 1539 1542; x_wconf 92' lang='lat' dir='ltr'><strong>in</strong></span> <span class='ocrx_word' id='word_1_124' title='bbox 1573 1484 1788 1540; x_wconf 84' lang='lat' dir='ltr'><strong>nomine</strong></span> <span class='ocrx_word' id='word_1_125' title='bbox 1810 1478 2046 1577; x_wconf 81' lang='lat' dir='ltr'><strong>adoptivi</strong></span> 
     </span>
    </p>
   </div>
   <div class='ocr_carea' id='block_1_17' title="bbox 494 1570 2048 1660">
    <p class='ocr_par' dir='ltr' id='par_1_17' title="bbox 494 1570 2048 1660">
     <span class='ocr_line' id='line_1_17' title="bbox 494 1570 2048 1660; baseline -0.019 -9"><span class='ocrx_word' id='word_1_126' title='bbox 494 1570 609 1660; x_wconf 67' lang='lat' dir='ltr'><strong>filii,</strong></span> <span class='ocrx_word' id='word_1_127' title='bbox 641 1595 697 1649; x_wconf 93' lang='lat' dir='ltr'><strong>in</strong></span> <span class='ocrx_word' id='word_1_128' title='bbox 722 1592 935 1647; x_wconf 89' lang='lat' dir='ltr'><strong>nomine</strong></span> <span class='ocrx_word' id='word_1_129' title='bbox 963 1586 1155 1656; x_wconf 78' lang='lat' dir='ltr'><strong>captivi</strong></span> <span class='ocrx_word' id='word_1_130' title='bbox 1185 1582 1345 1647; x_wconf 81' lang='lat' dir='ltr'><strong>servi,</strong></span> <span class='ocrx_word' id='word_1_131' title='bbox 1377 1576 1430 1635; x_wconf 86' lang='lat' dir='ltr'><strong>in</strong></span> <span class='ocrx_word' id='word_1_132' title='bbox 1460 1578 1676 1634; x_wconf 78' lang='lat' dir='ltr'><strong>nomine</strong></span> <span class='ocrx_word' id='word_1_133' title='bbox 1702 1570 2048 1660; x_wconf 75' lang='lat' dir='ltr'><strong>nuncupativi</strong></span> 
     </span>
    </p>
   </div>
   <div class='ocr_carea' id='block_1_18' title="bbox 496 1658 2046 1751">
    <p class='ocr_par' dir='ltr' id='par_1_18' title="bbox 496 1658 2046 1751">
     <span class='ocr_line' id='line_1_18' title="bbox 496 1658 2046 1751; baseline -0.019 -11"><span class='ocrx_word' id='word_1_134' title='bbox 496 1658 630 1740; x_wconf 86' lang='lat' dir='ltr'><strong>Dei:</strong></span> <span class='ocrx_word' id='word_1_135' title='bbox 659 1696 757 1737; x_wconf 92' lang='lat' dir='ltr'><strong>nos</strong></span> <span class='ocrx_word' id='word_1_136' title='bbox 783 1690 1170 1751; x_wconf 87' lang='lat' dir='ltr'><strong>congregamur</strong></span> <span class='ocrx_word' id='word_1_137' title='bbox 1196 1674 1251 1727; x_wconf 92' lang='lat' dir='ltr'><strong>in</strong></span> <span class='ocrx_word' id='word_1_138' title='bbox 1280 1671 1495 1726; x_wconf 87' lang='lat' dir='ltr'><strong>nomine</strong></span> <span class='ocrx_word' id='word_1_139' title='bbox 1520 1662 1779 1736; x_wconf 84' lang='lat' dir='ltr'><strong>unigeniti</strong></span> <span class='ocrx_word' id='word_1_140' title='bbox 1805 1658 1928 1715; x_wconf 82' lang='lat' dir='ltr'><strong>Filii</strong></span> <span class='ocrx_word' id='word_1_141' title='bbox 1952 1658 2046 1712; x_wconf 89' lang='lat' dir='ltr'><strong>Dei</strong></span> 
     </span>
    </p>
   </div>
   <div class='ocr_carea' id='block_1_19' title="bbox 2138 485 3687 551">
    <p class='ocr_par' dir='ltr' id='par_1_19' title="bbox 2138 485 3687 551">
     <span class='ocr_line' id='line_1_19' title="bbox 2138 485 3687 551; baseline 0.008 -13"><span class='ocrx_word' id='word_1_142' title='bbox 2138 486 2313 538; x_wconf 89' lang='lat' dir='ltr'><strong>ctum?</strong></span> <span class='ocrx_word' id='word_1_143' title='bbox 2333 505 2350 535; x_wconf 77' lang='grc' dir='ltr'><strong>ι</strong></span> <span class='ocrx_word' id='word_1_144' title='bbox 2389 485 2602 541; x_wconf 83' lang='lat' dir='ltr'><strong>Utinam</strong></span> <span class='ocrx_word' id='word_1_145' title='bbox 2624 488 2812 543; x_wconf 91' lang='lat' dir='ltr'><strong>melius</strong></span> <span class='ocrx_word' id='word_1_146' title='bbox 2834 490 3185 546; x_wconf 72' lang='lat' dir='ltr'><strong>intellexisses</strong></span> <span class='ocrx_word' id='word_1_147' title='bbox 3204 501 3509 549; x_wconf 87' lang='lat' dir='ltr'><strong>sanctorum</strong></span> <span class='ocrx_word' id='word_1_148' title='bbox 3526 496 3687 551; x_wconf 81' lang='lat' dir='ltr'><strong>verba</strong></span> 
     </span>
    </p>
   </div>
   <div class='ocr_carea' id='block_1_20' title="bbox 2139 575 3689 648">
    <p class='ocr_par' dir='ltr' id='par_1_20' title="bbox 2139 575 3689 648">
     <span class='ocr_line' id='line_1_20' title="bbox 2139 575 3689 648; baseline 0.007 -19"><span class='ocrx_word' id='word_1_149' title='bbox 2139 575 2453 629; x_wconf 88' lang='lat' dir='ltr'><strong>doctorum!</strong></span> <span class='ocrx_word' id='word_1_150' title='bbox 2489 576 2645 631; x_wconf 85' lang='lat' dir='ltr'><strong>Totus</strong></span> <span class='ocrx_word' id='word_1_151' title='bbox 2682 580 2738 631; x_wconf 83' lang='lat' dir='ltr'><strong>in</strong></span> <span class='ocrx_word' id='word_1_152' title='bbox 2778 582 2987 645; x_wconf 76' lang='lat' dir='ltr'><strong>nostris,</strong></span> <span class='ocrx_word' id='word_1_153' title='bbox 3018 581 3072 637; x_wconf 90' lang='lat' dir='ltr'><strong>id</strong></span> <span class='ocrx_word' id='word_1_154' title='bbox 3097 588 3199 648; x_wconf 90' lang='lat' dir='ltr'><strong>est,</strong></span> <span class='ocrx_word' id='word_1_155' title='bbox 3233 590 3374 639; x_wconf 88' lang='lat' dir='ltr'><strong>totus</strong></span> <span class='ocrx_word' id='word_1_156' title='bbox 3403 584 3568 639; x_wconf 89' lang='lat' dir='ltr'><strong>Filius</strong></span> <span class='ocrx_word' id='word_1_157' title='bbox 3594 587 3689 640; x_wconf 90' lang='lat' dir='ltr'><strong>ho-</strong></span> 
     </span>
    </p>
   </div>
   <div class='ocr_carea' id='block_1_21' title="bbox 2141 660 3688 738">
    <p class='ocr_par' dir='ltr' id='par_1_21' title="bbox 2141 660 3688 738">
     <span class='ocr_line' id='line_1_21' title="bbox 2141 660 3688 738; baseline 0.006 -21"><span class='ocrx_word' id='word_1_158' title='bbox 2141 664 2331 729; x_wconf 86' lang='lat' dir='ltr'><strong>minis;</strong></span> <span class='ocrx_word' id='word_1_159' title='bbox 2371 674 2420 719; x_wconf 87' lang='lat' dir='ltr'><strong>et</strong></span> <span class='ocrx_word' id='word_1_160' title='bbox 2452 674 2589 720; x_wconf 83' lang='lat' dir='ltr'><strong>totus</strong></span> <span class='ocrx_word' id='word_1_161' title='bbox 2613 668 2669 720; x_wconf 80' lang='lat' dir='ltr'><strong>in</strong></span> <span class='ocrx_word' id='word_1_162' title='bbox 2693 668 2826 729; x_wconf 79' lang='lat' dir='ltr'><strong>suis,</strong></span> <span class='ocrx_word' id='word_1_163' title='bbox 2870 668 2923 723; x_wconf 90' lang='lat' dir='ltr'><strong>id</strong></span> <span class='ocrx_word' id='word_1_164' title='bbox 2950 676 3059 734; x_wconf 90' lang='lat' dir='ltr'><strong>est,</strong></span> <span class='ocrx_word' id='word_1_165' title='bbox 3105 678 3247 726; x_wconf 91' lang='lat' dir='ltr'><strong>totus</strong></span> <span class='ocrx_word' id='word_1_166' title='bbox 3274 660 3439 730; x_wconf 79' lang='lat' dir='ltr'><strong>Filius</strong></span> <span class='ocrx_word' id='word_1_167' title='bbox 3466 673 3590 738; x_wconf 88' lang='lat' dir='ltr'><strong>Dei,</strong></span> <span class='ocrx_word' id='word_1_168' title='bbox 3636 675 3688 728; x_wconf 84' lang='lat' dir='ltr'><strong>iu</strong></span> 
     </span>
    </p>
   </div>
   <div class='ocr_carea' id='block_1_22' title="bbox 2140 753 3687 835">
    <p class='ocr_par' dir='ltr' id='par_1_22' title="bbox 2140 753 3687 835">
     <span class='ocr_line' id='line_1_22' title="bbox 2140 753 3687 835; baseline 0.006 -27"><span class='ocrx_word' id='word_1_169' title='bbox 2140 760 2367 823; x_wconf 89' lang='lat' dir='ltr'><strong>utraque</strong></span> <span class='ocrx_word' id='word_1_170' title='bbox 2386 753 2536 827; x_wconf 84' lang='lat' dir='ltr'><strong>[Cod.</strong></span> <span class='ocrx_word' id='word_1_171' title='bbox 2555 755 2756 823; x_wconf 57' lang='lat' dir='ltr'><strong>Parim,</strong></span> <span class='ocrx_word' id='word_1_172' title='bbox 2780 759 2832 813; x_wconf 87' lang='lat' dir='ltr'><strong>in</strong></span> <span class='ocrx_word' id='word_1_173' title='bbox 2853 759 3100 833; x_wconf 81' lang='lat' dir='ltr'><strong>utroque]</strong></span> <span class='ocrx_word' id='word_1_174' title='bbox 3122 762 3308 831; x_wconf 90' lang='lat' dir='ltr'><strong>plenus</strong></span> <span class='ocrx_word' id='word_1_175' title='bbox 3328 772 3382 818; x_wconf 90' lang='lat' dir='ltr'><strong>et</strong></span> <span class='ocrx_word' id='word_1_176' title='bbox 3401 763 3687 835; x_wconf 78' lang='lat' dir='ltr'><strong>perfectus.</strong></span> 
     </span>
    </p>
   </div>
   <div class='ocr_carea' id='block_1_23' title="bbox 2143 843 3692 916">
    <p class='ocr_par' dir='ltr' id='par_1_23' title="bbox 2143 843 3692 916">
     <span class='ocr_line' id='line_1_23' title="bbox 2143 843 3692 916; baseline 0.009 -20"><span class='ocrx_word' id='word_1_177' title='bbox 2143 843 2222 897; x_wconf 84' lang='lat' dir='ltr'><strong>Tu</strong></span> <span class='ocrx_word' id='word_1_178' title='bbox 2260 859 2389 900; x_wconf 89' lang='lat' dir='ltr'><strong>vero</strong></span> <span class='ocrx_word' id='word_1_179' title='bbox 2431 847 2827 915; x_wconf 73' lang='lat' dir='ltr'><strong>particulariter</strong></span> <span class='ocrx_word' id='word_1_180' title='bbox 2871 851 2952 905; x_wconf 89' lang='lat' dir='ltr'><strong>vis</strong></span> <span class='ocrx_word' id='word_1_181' title='bbox 2998 866 3119 906; x_wconf 88' lang='lat' dir='ltr'><strong>eum</strong></span> <span class='ocrx_word' id='word_1_182' title='bbox 3164 867 3283 908; x_wconf 89' lang='lat' dir='ltr'><strong>esse</strong></span> <span class='ocrx_word' id='word_1_183' title='bbox 3326 855 3518 910; x_wconf 89' lang='lat' dir='ltr'><strong>Filium</strong></span> <span class='ocrx_word' id='word_1_184' title='bbox 3566 856 3692 916; x_wconf 85' lang='lat' dir='ltr'><strong>Dei.</strong></span> 
     </span>
    </p>
   </div>
   <div class='ocr_carea' id='block_1_24' title="bbox 2118 934 3691 1029">
    <p class='ocr_par' dir='ltr' id='par_1_24' title="bbox 2118 934 3691 1029">
     <span class='ocr_line' id='line_1_24' title="bbox 2118 934 3691 1029; baseline 0.008 -43"><span class='ocrx_word' id='word_1_185' title='bbox 2118 934 2339 1003; x_wconf 77' lang='lat' dir='ltr'><strong>partim</strong></span> <span class='ocrx_word' id='word_1_186' title='bbox 2360 950 2507 1029; x_wconf 76' lang='lat' dir='ltr'><strong>vere,</strong></span> <span class='ocrx_word' id='word_1_187' title='bbox 2536 944 2591 990; x_wconf 88' lang='lat' dir='ltr'><strong>et</strong></span> <span class='ocrx_word' id='word_1_188' title='bbox 2618 939 2811 1005; x_wconf 82' lang='lat' dir='ltr'><strong>partim</strong></span> <span class='ocrx_word' id='word_1_189' title='bbox 2838 941 3181 999; x_wconf 87' lang='lat' dir='ltr'><strong>nominative.</strong></span> <span class='ocrx_word' id='word_1_190' title='bbox 3209 944 3368 1029; x_wconf 68' lang='grc' dir='ltr'><strong>εει</strong></span> <span class='ocrx_word' id='word_1_191' title='bbox 3398 944 3511 999; x_wconf 85' lang='grc' dir='ltr'><strong>Ηοε</strong></span> <span class='ocrx_word' id='word_1_192' title='bbox 3535 946 3691 1000; x_wconf 84' lang='lat' dir='ltr'><strong>velim</strong></span> 
     </span>
    </p>
   </div>
   <div class='ocr_carea' id='block_1_25' title="bbox 2148 1024 3692 1103">
    <p class='ocr_par' dir='ltr' id='par_1_25' title="bbox 2148 1024 3692 1103">
     <span class='ocr_line' id='line_1_25' title="bbox 2148 1024 3692 1103; baseline 0.008 -27"><span class='ocrx_word' id='word_1_193' title='bbox 2148 1024 2468 1092; x_wconf 84' lang='lat' dir='ltr'><strong>respondeas</strong></span> <span class='ocrx_word' id='word_1_194' title='bbox 2511 1026 2641 1081; x_wconf 88' lang='lat' dir='ltr'><strong>mihi</strong></span> <span class='ocrx_word' id='word_1_195' title='bbox 2667 1067 2681 1091; x_wconf 88' lang='lat'><strong>,</strong></span> <span class='ocrx_word' id='word_1_196' title='bbox 2729 1028 2774 1081; x_wconf 90' lang='lat' dir='ltr'><strong>si</strong></span> <span class='ocrx_word' id='word_1_197' title='bbox 2819 1034 2963 1083; x_wconf 92' lang='lat' dir='ltr'><strong>totus</strong></span> <span class='ocrx_word' id='word_1_198' title='bbox 3007 1043 3089 1085; x_wconf 87' lang='lat' dir='ltr'><strong>est</strong></span> <span class='ocrx_word' id='word_1_199' title='bbox 3136 1030 3189 1085; x_wconf 91' lang='lat' dir='ltr'><strong>in</strong></span> <span class='ocrx_word' id='word_1_200' title='bbox 3237 1024 3461 1103; x_wconf 81' lang='lat' dir='ltr'><strong>utraque</strong></span> <span class='ocrx_word' id='word_1_201' title='bbox 3506 1043 3692 1089; x_wconf 71' lang='lat' dir='ltr'><strong>natura</strong></span> 
     </span>
    </p>
   </div>
   <div class='ocr_carea' id='block_1_26' title="bbox 2144 1112 3694 1194">
    <p class='ocr_par' dir='ltr' id='par_1_26' title="bbox 2144 1112 3694 1194">
     <span class='ocr_line' id='line_1_26' title="bbox 2144 1112 3694 1194; baseline 0.009 -27"><span class='ocrx_word' id='word_1_202' title='bbox 2144 1112 2389 1169; x_wconf 82' lang='lat' dir='ltr'><strong>Christus</strong></span> <span class='ocrx_word' id='word_1_203' title='bbox 2412 1130 2539 1172; x_wconf 84' lang='lat' dir='ltr'><strong>vere</strong></span> <span class='ocrx_word' id='word_1_204' title='bbox 2566 1124 2619 1172; x_wconf 87' lang='lat' dir='ltr'><strong>et</strong></span> <span class='ocrx_word' id='word_1_205' title='bbox 2643 1120 2857 1189; x_wconf 86' lang='lat' dir='ltr'><strong>proprie</strong></span> <span class='ocrx_word' id='word_1_206' title='bbox 2884 1121 3201 1177; x_wconf 80' lang='lat' dir='ltr'><strong>beatissima:</strong></span> <span class='ocrx_word' id='word_1_207' title='bbox 3228 1124 3461 1194; x_wconf 72' lang='lat' dir='ltr'><strong>Virginis</strong></span> <span class='ocrx_word' id='word_1_208' title='bbox 3486 1125 3694 1181; x_wconf 80' lang='lat' dir='ltr'><strong>Filius?</strong></span> 
     </span>
    </p>
   </div>
   <div class='ocr_carea' id='block_1_27' title="bbox 2144 1202 3696 1283">
    <p class='ocr_par' dir='ltr' id='par_1_27' title="bbox 2144 1202 3696 1283">
     <span class='ocr_line' id='line_1_27' title="bbox 2144 1202 3696 1283; baseline 0.008 -26"><span class='ocrx_word' id='word_1_209' title='bbox 2144 1202 2252 1257; x_wconf 79' lang='lat' dir='ltr'><strong>Aut</strong></span> <span class='ocrx_word' id='word_1_210' title='bbox 2276 1204 2321 1257; x_wconf 88' lang='lat' dir='ltr'><strong>si</strong></span> <span class='ocrx_word' id='word_1_211' title='bbox 2348 1220 2473 1260; x_wconf 82' lang='lat' dir='ltr'><strong>vere</strong></span> <span class='ocrx_word' id='word_1_212' title='bbox 2500 1206 2666 1261; x_wconf 90' lang='lat' dir='ltr'><strong>Deum</strong></span> <span class='ocrx_word' id='word_1_213' title='bbox 2696 1209 2877 1282; x_wconf 79' lang='lat' dir='ltr'><strong>genuit</strong></span> <span class='ocrx_word' id='word_1_214' title='bbox 2910 1220 3094 1265; x_wconf 86' lang='lat' dir='ltr'><strong>sancta</strong></span> <span class='ocrx_word' id='word_1_215' title='bbox 3122 1212 3272 1283; x_wconf 81' lang='lat' dir='ltr'><strong>virgo</strong></span> <span class='ocrx_word' id='word_1_216' title='bbox 3311 1213 3475 1268; x_wconf 82' lang='lat' dir='ltr'><strong>Maria</strong></span> <span class='ocrx_word' id='word_1_217' title='bbox 3496 1255 3511 1280; x_wconf 96' lang='lat'><strong>,</strong></span> <span class='ocrx_word' id='word_1_218' title='bbox 3557 1216 3696 1271; x_wconf 87' lang='lat' dir='ltr'><strong>sicut</strong></span> 
     </span>
    </p>
   </div>
   <div class='ocr_carea' id='block_1_28' title="bbox 2146 1294 3697 1368">
    <p class='ocr_par' dir='ltr' id='par_1_28' title="bbox 2146 1294 3697 1368">
     <span class='ocr_line' id='line_1_28' title="bbox 2146 1294 3697 1368; baseline 0.009 -23"><span class='ocrx_word' id='word_1_219' title='bbox 2146 1307 2333 1348; x_wconf 89' lang='lat' dir='ltr'><strong>omnes</strong></span> <span class='ocrx_word' id='word_1_220' title='bbox 2358 1294 2605 1349; x_wconf 83' lang='lat' dir='ltr'><strong>catholici</strong></span> <span class='ocrx_word' id='word_1_221' title='bbox 2632 1295 2728 1350; x_wconf 86' lang='lat' dir='ltr'><strong>Dei</strong></span> <span class='ocrx_word' id='word_1_222' title='bbox 2756 1312 2875 1352; x_wconf 84' lang='lat' dir='ltr'><strong>eam</strong></span> <span class='ocrx_word' id='word_1_223' title='bbox 2903 1300 3215 1368; x_wconf 78' lang='lat' dir='ltr'><strong>genitricem</strong></span> <span class='ocrx_word' id='word_1_224' title='bbox 3242 1302 3465 1357; x_wconf 87' lang='lat' dir='ltr'><strong>credunt</strong></span> <span class='ocrx_word' id='word_1_225' title='bbox 3489 1313 3545 1358; x_wconf 89' lang='lat' dir='ltr'><strong>et</strong></span> <span class='ocrx_word' id='word_1_226' title='bbox 3570 1319 3697 1359; x_wconf 89' lang='lat' dir='ltr'><strong>con-</strong></span> 
     </span>
    </p>
   </div>
   <div class='ocr_carea' id='block_1_29' title="bbox 2146 1379 3699 1448">
    <p class='ocr_par' dir='ltr' id='par_1_29' title="bbox 2146 1379 3699 1448">
     <span class='ocr_line' id='line_1_29' title="bbox 2146 1379 3699 1448; baseline 0.01 -15"><span class='ocrx_word' id='word_1_227' title='bbox 2146 1379 2406 1436; x_wconf 79' lang='lat' dir='ltr'><strong>ﬁteatur?</strong></span> <span class='ocrx_word' id='word_1_228' title='bbox 2439 1382 2506 1437; x_wconf 80' lang='lat' dir='ltr'><strong>Et</strong></span> <span class='ocrx_word' id='word_1_229' title='bbox 2528 1392 2706 1439; x_wconf 89' lang='lat' dir='ltr'><strong>utrum</strong></span> <span class='ocrx_word' id='word_1_230' title='bbox 2730 1394 2964 1442; x_wconf 79' lang='lat' dir='ltr'><strong>aeternus</strong></span> <span class='ocrx_word' id='word_1_231' title='bbox 2986 1387 3082 1441; x_wconf 86' lang='lat' dir='ltr'><strong>Dei</strong></span> <span class='ocrx_word' id='word_1_232' title='bbox 3107 1388 3273 1444; x_wconf 89' lang='lat' dir='ltr'><strong>Filius</strong></span> <span class='ocrx_word' id='word_1_233' title='bbox 3291 1405 3419 1445; x_wconf 82' lang='lat' dir='ltr'><strong>vere</strong></span> <span class='ocrx_word' id='word_1_234' title='bbox 3439 1392 3510 1447; x_wconf 86' lang='lat' dir='ltr'><strong>sit</strong></span> <span class='ocrx_word' id='word_1_235' title='bbox 3529 1393 3699 1448; x_wconf 82' lang='lat' dir='ltr'><strong>beata:</strong></span> 
     </span>
    </p>
   </div>
   <div class='ocr_carea' id='block_1_30' title="bbox 2149 1469 3696 1547">
    <p class='ocr_par' dir='ltr' id='par_1_30' title="bbox 2149 1469 3696 1547">
     <span class='ocr_line' id='line_1_30' title="bbox 2149 1469 3696 1547; baseline 0.007 -22"><span class='ocrx_word' id='word_1_236' title='bbox 2149 1469 2381 1540; x_wconf 79' lang='lat' dir='ltr'><strong>Virginis</strong></span> <span class='ocrx_word' id='word_1_237' title='bbox 2407 1471 2593 1539; x_wconf 85' lang='lat' dir='ltr'><strong>Filius,</strong></span> <span class='ocrx_word' id='word_1_238' title='bbox 2626 1481 2720 1528; x_wconf 90' lang='lat' dir='ltr'><strong>aut</strong></span> <span class='ocrx_word' id='word_1_239' title='bbox 2746 1475 3032 1545; x_wconf 60' lang='grc' dir='ltr'><strong>πόσιοιίγεῖ</strong></span> <span class='ocrx_word' id='word_1_240' title='bbox 3058 1475 3116 1531; x_wconf 88' lang='lat' dir='ltr'><strong>Si</strong></span> <span class='ocrx_word' id='word_1_241' title='bbox 3145 1476 3394 1547; x_wconf 80' lang='lat' dir='ltr'><strong>adoptive</strong></span> <span class='ocrx_word' id='word_1_242' title='bbox 3420 1479 3573 1546; x_wconf 87' lang='lat' dir='ltr'><strong>dicis,</strong></span> <span class='ocrx_word' id='word_1_243' title='bbox 3603 1495 3696 1535; x_wconf 86' lang='lat' dir='ltr'><strong>ne-</strong></span> 
     </span>
    </p>
   </div>
   <div class='ocr_carea' id='block_1_31' title="bbox 2146 1562 3699 1643">
    <p class='ocr_par' dir='ltr' id='par_1_31' title="bbox 2146 1562 3699 1643">
     <span class='ocr_line' id='line_1_31' title="bbox 2146 1562 3699 1643; baseline 0.008 -29"><span class='ocrx_word' id='word_1_244' title='bbox 2146 1576 2411 1630; x_wconf 82' lang='lat' dir='ltr'><strong>quaquam</strong></span> <span class='ocrx_word' id='word_1_245' title='bbox 2453 1578 2596 1619; x_wconf 85' lang='lat' dir='ltr'><strong>vere</strong></span> <span class='ocrx_word' id='word_1_246' title='bbox 2626 1562 2725 1618; x_wconf 83' lang='lat' dir='ltr'><strong>fuit</strong></span> <span class='ocrx_word' id='word_1_247' title='bbox 2769 1565 2864 1620; x_wconf 89' lang='lat' dir='ltr'><strong>Dei</strong></span> <span class='ocrx_word' id='word_1_248' title='bbox 2905 1567 3133 1639; x_wconf 83' lang='lat' dir='ltr'><strong>genitrix</strong></span> <span class='ocrx_word' id='word_1_249' title='bbox 3175 1567 3513 1625; x_wconf 75' lang='lat' dir='ltr'><strong>sanctissima</strong></span> <span class='ocrx_word' id='word_1_250' title='bbox 3552 1571 3699 1643; x_wconf 78' lang='lat' dir='ltr'><strong>virgo</strong></span> 
     </span>
    </p>
   </div>
   <div class='ocr_carea' id='block_1_32' title="bbox 2148 1653 3700 1737">
    <p class='ocr_par' dir='ltr' id='par_1_32' title="bbox 2148 1653 3700 1737">
     <span class='ocr_line' id='line_1_32' title="bbox 2148 1653 3700 1737; baseline 0.005 -28"><span class='ocrx_word' id='word_1_251' title='bbox 2148 1653 2333 1709; x_wconf 73' lang='lat' dir='ltr'><strong>Maria.</strong></span> <span class='ocrx_word' id='word_1_252' title='bbox 2352 1653 2427 1711; x_wconf 73' lang='lat' dir='ltr'><strong>Si</strong></span> <span class='ocrx_word' id='word_1_253' title='bbox 2444 1660 2573 1710; x_wconf 84' lang='lat' dir='ltr'><strong>vero</strong></span> <span class='ocrx_word' id='word_1_254' title='bbox 2595 1656 2853 1712; x_wconf 86' lang='lat' dir='ltr'><strong>catholico</strong></span> <span class='ocrx_word' id='word_1_255' title='bbox 2874 1673 2968 1713; x_wconf 92' lang='lat' dir='ltr'><strong>ore</strong></span> <span class='ocrx_word' id='word_1_256' title='bbox 2986 1672 3111 1715; x_wconf 88' lang='lat' dir='ltr'><strong>vcre</strong></span> <span class='ocrx_word' id='word_1_257' title='bbox 3124 1674 3252 1737; x_wconf 84' lang='lat' dir='ltr'><strong>eam</strong></span> <span class='ocrx_word' id='word_1_258' title='bbox 3272 1660 3367 1715; x_wconf 82' lang='lat' dir='ltr'><strong>Dei</strong></span> <span class='ocrx_word' id='word_1_259' title='bbox 3390 1658 3700 1731; x_wconf 74' lang='lat' dir='ltr'><strong>genitricem</strong></span> 
     </span>
    </p>
   </div>
   <div class='ocr_carea' id='block_1_33' title="bbox 497 1744 3750 1833">
    <p class='ocr_par' dir='ltr' id='par_1_33' title="bbox 497 1744 3750 1833">
     <span class='ocr_line' id='line_1_33' title="bbox 497 1744 3750 1833; baseline -0.008 -4"><span class='ocrx_word' id='word_1_260' title='bbox 497 1772 789 1833; x_wconf 87' lang='lat' dir='ltr'><strong>Salvatoris</strong></span> <span class='ocrx_word' id='word_1_261' title='bbox 816 1744 1033 1829; x_wconf 72' lang='lat' dir='ltr'><strong>mundi,</strong></span> <span class='ocrx_word' id='word_1_262' title='bbox 1069 1765 1125 1820; x_wconf 92' lang='lat' dir='ltr'><strong>in</strong></span> <span class='ocrx_word' id='word_1_263' title='bbox 1149 1755 1593 1818; x_wconf 64' lang='lat' dir='ltr'><strong>nominthristi</strong></span> <span class='ocrx_word' id='word_1_264' title='bbox 1616 1752 1856 1815; x_wconf 87' lang='lat' dir='ltr'><strong>Domini,</strong></span> <span class='ocrx_word' id='word_1_265' title='bbox 1887 1759 2047 1819; x_wconf 81' lang='lat' dir='ltr'><strong>quem</strong></span> <span class='ocrx_word' id='word_1_266' title='bbox 2077 1748 2123 1808; x_wconf 76' lang='grc' dir='ltr'><strong>Ι</strong></span> <span class='ocrx_word' id='word_1_267' title='bbox 2149 1744 2392 1800; x_wconf 64' lang='lat' dir='ltr'><strong>conuicti</strong></span> <span class='ocrx_word' id='word_1_268' title='bbox 2419 1745 2522 1811; x_wconf 88' lang='lat' dir='ltr'><strong>vis,</strong></span> <span class='ocrx_word' id='word_1_269' title='bbox 2549 1746 2677 1815; x_wconf 86' lang='lat' dir='ltr'><strong>quid</strong></span> <span class='ocrx_word' id='word_1_270' title='bbox 2706 1754 2872 1802; x_wconf 84' lang='lat' dir='ltr'><strong>restat</strong></span> <span class='ocrx_word' id='word_1_271' title='bbox 2900 1749 3004 1804; x_wconf 89' lang='lat' dir='ltr'><strong>nisi</strong></span> <span class='ocrx_word' id='word_1_272' title='bbox 3035 1758 3094 1804; x_wconf 91' lang='lat' dir='ltr'><strong>ut</strong></span> <span class='ocrx_word' id='word_1_273' title='bbox 3117 1764 3181 1803; x_wconf 85' lang='lat' dir='ltr'><strong>ea</strong></span> <span class='ocrx_word' id='word_1_274' title='bbox 3210 1751 3433 1806; x_wconf 80' lang='lat' dir='ltr'><strong>veritate</strong></span> <span class='ocrx_word' id='word_1_275' title='bbox 3463 1751 3703 1833; x_wconf 67' lang='lat' dir='ltr'><strong>totussit</strong></span> <span class='ocrx_word' id='word_1_276' title='bbox 3745 1825 3750 1831; x_wconf 24' lang='lat'><em>‘</em></span> 
     </span>
    </p>
   </div>
   <div class='ocr_carea' id='block_1_34' title="bbox 495 1828 3705 1943">
    <p class='ocr_par' dir='ltr' id='par_1_34' title="bbox 495 1828 3705 1943">
     <span class='ocr_line' id='line_1_34' title="bbox 495 1828 3705 1943; baseline -0.009 -19"><span class='ocrx_word' id='word_1_277' title='bbox 495 1828 717 1943; x_wconf 67' lang='lat' dir='ltr'><strong>angelus</strong></span> <span class='ocrx_word' id='word_1_278' title='bbox 730 1861 1044 1935; x_wconf 84' lang='lat' dir='ltr'><strong>pastoribus</strong></span> <span class='ocrx_word' id='word_1_279' title='bbox 1070 1849 1606 1943; x_wconf 63' lang='lat' dir='ltr'><strong>natnnrprmdieavit,</strong></span> <span class='ocrx_word' id='word_1_280' title='bbox 1626 1846 1809 1943; x_wconf 56' lang='lat' dir='ltr'><strong>dicens</strong></span> <span class='ocrx_word' id='word_1_281' title='bbox 1831 1840 2050 1943; x_wconf 36' lang='lat' dir='ltr'><strong>{Natta</strong></span> <span class='ocrx_word' id='word_1_282' title='bbox 2149 1837 2205 1940; x_wconf 52' lang='lat' dir='ltr'><strong>in</strong></span> <span class='ocrx_word' id='word_1_283' title='bbox 2231 1837 2437 1943; x_wconf 50' lang='lat' dir='ltr'><strong>tina-bus</strong></span> <span class='ocrx_word' id='word_1_284' title='bbox 2475 1838 2680 1942; x_wconf 63' lang='lat' dir='ltr'><strong>naturis</strong></span> <span class='ocrx_word' id='word_1_285' title='bbox 2704 1838 2947 1943; x_wconf 72' lang='lat' dir='ltr'><strong>Christus</strong></span> <span class='ocrx_word' id='word_1_286' title='bbox 2973 1854 3097 1943; x_wconf 67' lang='lat' dir='ltr'><strong>vere</strong></span> <span class='ocrx_word' id='word_1_287' title='bbox 3114 1839 3223 1943; x_wconf 58' lang='lat' dir='ltr'><strong>Rei</strong></span> <span class='ocrx_word' id='word_1_288' title='bbox 3246 1840 3436 1943; x_wconf 67' lang='lat' dir='ltr'><strong>Filius,</strong></span> <span class='ocrx_word' id='word_1_289' title='bbox 3618 1828 3705 1915; x_wconf 75' lang='lat' dir='ltr'><strong>est</strong></span> 
     </span>
    </p>
   </div>
   <div class='ocr_carea' id='block_1_35' title="bbox 495 1926 3703 2025">
    <p class='ocr_par' dir='ltr' id='par_1_35' title="bbox 495 1926 3703 2025">
     <span class='ocr_line' id='line_1_35' title="bbox 495 1926 3703 2025; baseline -0.007 -14"><span class='ocrx_word' id='word_1_290' title='bbox 495 1926 912 2012; x_wconf 42' lang='lat' dir='ltr'><strong>mprobis-hodie</strong></span> <span class='ocrx_word' id='word_1_291' title='bbox 938 1946 1201 2025; x_wconf 82' lang='lat' dir='ltr'><strong>Salvator,</strong></span> <span class='ocrx_word' id='word_1_292' title='bbox 1232 1942 1323 2013; x_wconf 82' lang='lat' dir='ltr'><strong>qui</strong></span> <span class='ocrx_word' id='word_1_293' title='bbox 1348 1949 1421 1994; x_wconf 82' lang='lat' dir='ltr'><strong>est</strong></span> <span class='ocrx_word' id='word_1_294' title='bbox 1448 1935 1685 1992; x_wconf 75' lang='lat' dir='ltr'><strong>Christus</strong></span> <span class='ocrx_word' id='word_1_295' title='bbox 1709 1930 1963 2025; x_wconf 71' lang='lat' dir='ltr'><strong>Dominus</strong></span> <span class='ocrx_word' id='word_1_296' title='bbox 1991 1928 2052 1982; x_wconf 83' lang='lat' dir='ltr'><strong>in</strong></span> <span class='ocrx_word' id='word_1_297' title='bbox 2149 1926 2205 2025; x_wconf 76' lang='lat' dir='ltr'><strong>in</strong></span> <span class='ocrx_word' id='word_1_298' title='bbox 2217 1926 2425 2025; x_wconf 74' lang='lat' dir='ltr'><strong>duabus</strong></span> <span class='ocrx_word' id='word_1_299' title='bbox 2440 1928 2645 2025; x_wconf 79' lang='lat' dir='ltr'><strong>naturis</strong></span> <span class='ocrx_word' id='word_1_300' title='bbox 2657 1930 3703 2025; x_wconf 59' lang='lat' dir='ltr'><strong>vereheatissimaVirginisFiliusiAtsi</strong></span> 
     </span>
    </p>
   </div>
   <div class='ocr_carea' id='block_1_36' title="bbox 494 2016 3708 2111">
    <p class='ocr_par' dir='ltr' id='par_1_36' title="bbox 494 2016 3708 2111">
     <span class='ocr_line' id='line_1_36' title="bbox 494 2016 3708 2111; baseline -0.007 -11"><span class='ocrx_word' id='word_1_301' title='bbox 494 2047 696 2103; x_wconf 72' lang='lat' dir='ltr'><strong>civitate</strong></span> <span class='ocrx_word' id='word_1_302' title='bbox 721 2042 889 2096; x_wconf 79' lang='lat' dir='ltr'><strong>David</strong></span> <span class='ocrx_word' id='word_1_303' title='bbox 917 2022 1064 2111; x_wconf 78' lang='lat' dir='ltr'><strong>(Luc.</strong></span> <span class='ocrx_word' id='word_1_304' title='bbox 1091 2052 1154 2100; x_wconf 85' lang='grc' dir='ltr'>ιι,</span> <span class='ocrx_word' id='word_1_305' title='bbox 1182 2033 1291 2103; x_wconf 79' lang='grc' dir='ltr'>ιι).</span> <span class='ocrx_word' id='word_1_306' title='bbox 1316 2031 1430 2086; x_wconf 71' lang='lat' dir='ltr'><strong>Vos</strong></span> <span class='ocrx_word' id='word_1_307' title='bbox 1454 2027 1650 2081; x_wconf 82' lang='lat' dir='ltr'><strong>ﬂectite</strong></span> <span class='ocrx_word' id='word_1_308' title='bbox 1675 2036 1847 2095; x_wconf 84' lang='lat' dir='ltr'><strong>genua</strong></span> <span class='ocrx_word' id='word_1_309' title='bbox 1877 2020 1931 2111; x_wconf 83' lang='lat' dir='ltr'><strong>in</strong></span> <span class='ocrx_word' id='word_1_310' title='bbox 1957 2032 2055 2072; x_wconf 87' lang='lat' dir='ltr'><strong>no-</strong></span> <span class='ocrx_word' id='word_1_311' title='bbox 2151 2016 2455 2111; x_wconf 29' lang='lat' dir='ltr'><strong>humlanitas</strong></span> <span class='ocrx_word' id='word_1_312' title='bbox 2496 2018 2613 2088; x_wconf 80' lang='lat' dir='ltr'><strong>ejus</strong></span> <span class='ocrx_word' id='word_1_313' title='bbox 2636 2018 2881 2089; x_wconf 82' lang='lat' dir='ltr'><strong>adoptiva</strong></span> <span class='ocrx_word' id='word_1_314' title='bbox 2911 2027 2992 2074; x_wconf 88' lang='lat' dir='ltr'><strong>est</strong></span> <span class='ocrx_word' id='word_1_315' title='bbox 3021 2020 3133 2075; x_wconf 90' lang='lat' dir='ltr'><strong>Deo</strong></span> <span class='ocrx_word' id='word_1_316' title='bbox 3164 2020 3708 2111; x_wconf 70' lang='lat' dir='ltr'><strong>Patri,.consequens</strong></span> 
     </span>
    </p>
   </div>
   <div class='ocr_carea' id='block_1_37' title="bbox 498 2099 3610 2202">
    <p class='ocr_par' dir='ltr' id='par_1_37' title="bbox 498 2099 3610 2202">
     <span class='ocr_line' id='line_1_37' title="bbox 498 2099 3610 2202; baseline -0.006 -18"><span class='ocrx_word' id='word_1_317' title='bbox 498 2099 642 2194; x_wconf 60' lang='grc' dir='ltr'>ζέιιυε</span> <span class='ocrx_word' id='word_1_318' title='bbox 669 2099 937 2202; x_wconf 67' lang='lat' dir='ltr'><strong>adoptivi;</strong></span> <span class='ocrx_word' id='word_1_319' title='bbox 985 2142 1081 2183; x_wconf 90' lang='lat' dir='ltr'><strong>nos</strong></span> <span class='ocrx_word' id='word_1_320' title='bbox 1116 2099 1376 2180; x_wconf 79' lang='lat' dir='ltr'><strong>ﬂectimus</strong></span> <span class='ocrx_word' id='word_1_321' title='bbox 1406 2130 1577 2190; x_wconf 86' lang='lat' dir='ltr'><strong>genua</strong></span> <span class='ocrx_word' id='word_1_322' title='bbox 1601 2126 1724 2169; x_wconf 87' lang='lat' dir='ltr'><strong>eum</strong></span> <span class='ocrx_word' id='word_1_323' title='bbox 1755 2109 1981 2202; x_wconf 33' lang='lat' dir='ltr'><strong>angelis.</strong></span> <span class='ocrx_word' id='word_1_324' title='bbox 1999 2116 2055 2161; x_wconf 91' lang='lat' dir='ltr'><strong>et</strong></span> <span class='ocrx_word' id='word_1_325' title='bbox 2150 2103 2533 2173; x_wconf 74' lang='lat' dir='ltr'><strong>esse&#39;videtur,</strong></span> <span class='ocrx_word' id='word_1_326' title='bbox 2574 2115 2641 2162; x_wconf 79' lang='lat' dir='ltr'><strong>ut</strong></span> <span class='ocrx_word' id='word_1_327' title='bbox 2656 2109 2906 2165; x_wconf 84' lang='lat' dir='ltr'><strong>divinitas</strong></span> <span class='ocrx_word' id='word_1_328' title='bbox 2935 2110 3181 2180; x_wconf 86' lang='lat' dir='ltr'><strong>adoptiva</strong></span> <span class='ocrx_word' id='word_1_329' title='bbox 3202 2111 3273 2166; x_wconf 87' lang='lat' dir='ltr'><strong>sit</strong></span> <span class='ocrx_word' id='word_1_330' title='bbox 3294 2099 3610 2189; x_wconf 50' lang='lat' dir='ltr'><strong>matri&#39;Virgi</strong></span> 
     </span>
    </p>
   </div>
   <div class='ocr_carea' id='block_1_38' title="bbox 499 2195 2054 2293">
    <p class='ocr_par' dir='ltr' id='par_1_38' title="bbox 499 2195 2054 2293">
     <span class='ocr_line' id='line_1_38' title="bbox 499 2195 2054 2293; baseline -0.021 -13"><span class='ocrx_word' id='word_1_331' title='bbox 499 2195 855 2293; x_wconf 76' lang='lat' dir='ltr'><strong>archangelis,</strong></span> <span class='ocrx_word' id='word_1_332' title='bbox 896 2230 1018 2272; x_wconf 89' lang='lat' dir='ltr'><strong>cum</strong></span> <span class='ocrx_word' id='word_1_333' title='bbox 1054 2212 1199 2270; x_wconf 89' lang='lat' dir='ltr'><strong>omni</strong></span> <span class='ocrx_word' id='word_1_334' title='bbox 1242 2209 1432 2283; x_wconf 85' lang='lat' dir='ltr'><strong>militia</strong></span> <span class='ocrx_word' id='word_1_335' title='bbox 1469 2202 1703 2267; x_wconf 72' lang='lat' dir='ltr'><strong>caelesti,</strong></span> <span class='ocrx_word' id='word_1_336' title='bbox 1745 2200 1800 2252; x_wconf 90' lang='lat' dir='ltr'><strong>in</strong></span> <span class='ocrx_word' id='word_1_337' title='bbox 1840 2195 2054 2253; x_wconf 89' lang='lat' dir='ltr'><strong>nomine</strong></span> 
     </span>
    </p>
   </div>
   <div class='ocr_carea' id='block_1_39' title="bbox 496 2295 2056 2379">
    <p class='ocr_par' dir='ltr' id='par_1_39' title="bbox 496 2295 2056 2379">
     <span class='ocr_line' id='line_1_39' title="bbox 496 2295 2056 2379; baseline -0.022 -8"><span class='ocrx_word' id='word_1_338' title='bbox 496 2314 645 2378; x_wconf 74' lang='lat' dir='ltr'><strong>lesu,</strong></span> <span class='ocrx_word' id='word_1_339' title='bbox 668 2313 741 2376; x_wconf 80' lang='lat' dir='ltr'><strong>de</strong></span> <span class='ocrx_word' id='word_1_340' title='bbox 759 2322 865 2379; x_wconf 88' lang='lat' dir='ltr'><strong>quo</strong></span> <span class='ocrx_word' id='word_1_341' title='bbox 884 2306 1089 2362; x_wconf 89' lang='lat' dir='ltr'><strong>dictum</strong></span> <span class='ocrx_word' id='word_1_342' title='bbox 1115 2309 1198 2357; x_wconf 88' lang='lat' dir='ltr'><strong>est</strong></span> <span class='ocrx_word' id='word_1_343' title='bbox 1221 2318 1236 2354; x_wconf 91' lang='lat'><strong>:</strong></span> <span class='ocrx_word' id='word_1_344' title='bbox 1270 2298 1338 2352; x_wconf 84' lang='lat' dir='ltr'><strong>Et</strong></span> <span class='ocrx_word' id='word_1_345' title='bbox 1365 2295 1581 2367; x_wconf 76' lang='lat' dir='ltr'><strong>adorent</strong></span> <span class='ocrx_word' id='word_1_346' title='bbox 1611 2307 1727 2346; x_wconf 84' lang='lat' dir='ltr'><strong>eum</strong></span> <span class='ocrx_word' id='word_1_347' title='bbox 1756 2303 1932 2343; x_wconf 82' lang='lat' dir='ltr'><strong>omnes</strong></span> <span class='ocrx_word' id='word_1_348' title='bbox 1959 2302 2056 2339; x_wconf 84' lang='lat' dir='ltr'><strong>an-</strong></span> 
     </span>
    </p>
   </div>
   <div class='ocr_carea' id='block_1_40' title="bbox 498 2392 1093 2475">
    <p class='ocr_par' dir='ltr' id='par_1_40' title="bbox 498 2392 1093 2475">
     <span class='ocr_line' id='line_1_40' title="bbox 498 2392 1093 2475; baseline -0.022 -16"><span class='ocrx_word' id='word_1_349' title='bbox 498 2404 598 2475; x_wconf 82' lang='lat' dir='ltr'><strong>geli</strong></span> <span class='ocrx_word' id='word_1_350' title='bbox 628 2402 720 2456; x_wconf 82' lang='lat' dir='ltr'><strong>Dei</strong></span> <span class='ocrx_word' id='word_1_351' title='bbox 743 2396 929 2470; x_wconf 79' lang='lat' dir='ltr'><strong>(Hebr.</strong></span> <span class='ocrx_word' id='word_1_352' title='bbox 953 2410 993 2460; x_wconf 80' lang='grc' dir='ltr'>ι,</span> <span class='ocrx_word' id='word_1_353' title='bbox 1016 2392 1093 2464; x_wconf 87' lang='lat'><strong>6).</strong></span> 
     </span>
    </p>
   </div>
   <div class='ocr_carea' id='block_1_41' title="bbox 567 2471 2055 2549">
    <p class='ocr_par' dir='ltr' id='par_1_41' title="bbox 567 2471 2055 2549">
     <span class='ocr_line' id='line_1_41' title="bbox 567 2471 2055 2549; baseline -0.015 -3"><span class='ocrx_word' id='word_1_354' title='bbox 567 2490 701 2546; x_wconf 70' lang='lat' dir='ltr'><strong>Mli.</strong></span> <span class='ocrx_word' id='word_1_355' title='bbox 731 2483 1026 2543; x_wconf 85' lang='lat' dir='ltr'><strong>Pervenisti</strong></span> <span class='ocrx_word' id='word_1_356' title='bbox 1049 2481 1262 2537; x_wconf 87' lang='lat' dir='ltr'><strong>tandem</strong></span> <span class='ocrx_word' id='word_1_357' title='bbox 1285 2479 1351 2535; x_wconf 90' lang='lat' dir='ltr'><strong>ad</strong></span> <span class='ocrx_word' id='word_1_358' title='bbox 1374 2476 1778 2549; x_wconf 89' lang='lat' dir='ltr'><strong>promissionem</strong></span> <span class='ocrx_word' id='word_1_359' title='bbox 1801 2471 1920 2535; x_wconf 90' lang='lat' dir='ltr'><strong>Dei,</strong></span> <span class='ocrx_word' id='word_1_360' title='bbox 1935 2483 2055 2539; x_wconf 74' lang='lat' dir='ltr'><strong>quae</strong></span> 
     </span>
    </p>
   </div>
   <div class='ocr_carea' id='block_1_42' title="bbox 498 2562 2055 2638">
    <p class='ocr_par' dir='ltr' id='par_1_42' title="bbox 498 2562 2055 2638">
     <span class='ocr_line' id='line_1_42' title="bbox 498 2562 2055 2638; baseline -0.017 0"><span class='ocrx_word' id='word_1_361' title='bbox 498 2583 640 2638; x_wconf 82' lang='lat' dir='ltr'><strong>dicta</strong></span> <span class='ocrx_word' id='word_1_362' title='bbox 664 2589 748 2634; x_wconf 86' lang='lat' dir='ltr'><strong>est</strong></span> <span class='ocrx_word' id='word_1_363' title='bbox 769 2579 837 2633; x_wconf 87' lang='lat' dir='ltr'><strong>ad</strong></span> <span class='ocrx_word' id='word_1_364' title='bbox 862 2574 1059 2629; x_wconf 82' lang='lat' dir='ltr'><strong>David:</strong></span> <span class='ocrx_word' id='word_1_365' title='bbox 1086 2571 1216 2626; x_wconf 85' lang='lat' dir='ltr'><strong>Cum</strong></span> <span class='ocrx_word' id='word_1_366' title='bbox 1238 2567 1533 2630; x_wconf 81' lang='lat' dir='ltr'><strong>dormieris,</strong></span> <span class='ocrx_word' id='word_1_367' title='bbox 1553 2564 1728 2634; x_wconf 84' lang='lat' dir='ltr'><strong>inquit</strong></span> <span class='ocrx_word' id='word_1_368' title='bbox 1748 2562 1911 2625; x_wconf 88' lang='lat' dir='ltr'><strong>Deus,</strong></span> <span class='ocrx_word' id='word_1_369' title='bbox 1937 2574 2055 2612; x_wconf 81' lang='lat' dir='ltr'><strong>cum</strong></span> 
     </span>
    </p>
   </div>
   <div class='ocr_carea' id='block_1_43' title="bbox 499 2653 2055 2745">
    <p class='ocr_par' dir='ltr' id='par_1_43' title="bbox 499 2653 2055 2745">
     <span class='ocr_line' id='line_1_43' title="bbox 499 2653 2055 2745; baseline -0.016 -17"><span class='ocrx_word' id='word_1_370' title='bbox 499 2672 731 2745; x_wconf 74' lang='lat' dir='ltr'><strong>patribus</strong></span> <span class='ocrx_word' id='word_1_371' title='bbox 749 2668 877 2733; x_wconf 74' lang='lat' dir='ltr'><strong>tuis,</strong></span> <span class='ocrx_word' id='word_1_372' title='bbox 897 2664 1155 2722; x_wconf 72' lang='lat' dir='ltr'><strong>suscitabo</strong></span> <span class='ocrx_word' id='word_1_373' title='bbox 1176 2662 1241 2716; x_wconf 83' lang='lat' dir='ltr'><strong>de</strong></span> <span class='ocrx_word' id='word_1_374' title='bbox 1263 2660 1449 2714; x_wconf 81' lang='lat' dir='ltr'><strong>lumbis</strong></span> <span class='ocrx_word' id='word_1_375' title='bbox 1474 2658 1585 2711; x_wconf 75' lang='lat' dir='ltr'><strong>tui:</strong></span> <span class='ocrx_word' id='word_1_376' title='bbox 1597 2656 1685 2727; x_wconf 82' lang='lat' dir='ltr'><strong>qui</strong></span> <span class='ocrx_word' id='word_1_377' title='bbox 1706 2653 1880 2708; x_wconf 82' lang='lat' dir='ltr'><strong>sedeat</strong></span> <span class='ocrx_word' id='word_1_378' title='bbox 1898 2667 2055 2722; x_wconf 78' lang='lat' dir='ltr'><strong>super</strong></span> 
     </span>
    </p>
   </div>
   <div class='ocr_carea' id='block_1_44' title="bbox 489 2743 2054 2825">
    <p class='ocr_par' dir='ltr' id='par_1_44' title="bbox 489 2743 2054 2825">
     <span class='ocr_line' id='line_1_44' title="bbox 489 2743 2054 2825; baseline -0.013 -8"><span class='ocrx_word' id='word_1_379' title='bbox 489 2743 744 2825; x_wconf 71' lang='lat' dir='ltr'><strong>thronum</strong></span> <span class='ocrx_word' id='word_1_380' title='bbox 761 2755 948 2812; x_wconf 64' lang='lat' dir='ltr'><strong>Israel.</strong></span> <span class='ocrx_word' id='word_1_381' title='bbox 973 2754 1085 2824; x_wconf 85' lang='lat' dir='ltr'><strong>Ego</strong></span> <span class='ocrx_word' id='word_1_382' title='bbox 1105 2768 1194 2807; x_wconf 86' lang='lat' dir='ltr'><strong>ero</strong></span> <span class='ocrx_word' id='word_1_383' title='bbox 1212 2752 1261 2806; x_wconf 87' lang='lat' dir='ltr'><strong>ei</strong></span> <span class='ocrx_word' id='word_1_384' title='bbox 1280 2752 1335 2805; x_wconf 86' lang='lat' dir='ltr'><strong>in</strong></span> <span class='ocrx_word' id='word_1_385' title='bbox 1357 2748 1585 2811; x_wconf 79' lang='lat' dir='ltr'><strong>Patrem,</strong></span> <span class='ocrx_word' id='word_1_386' title='bbox 1617 2756 1667 2801; x_wconf 88' lang='lat' dir='ltr'><strong>et</strong></span> <span class='ocrx_word' id='word_1_387' title='bbox 1684 2745 1792 2817; x_wconf 84' lang='lat' dir='ltr'><strong>ipse</strong></span> <span class='ocrx_word' id='word_1_388' title='bbox 1811 2743 1938 2815; x_wconf 79' lang='lat' dir='ltr'><strong>mihi</strong></span> <span class='ocrx_word' id='word_1_389' title='bbox 1956 2744 2054 2797; x_wconf 84' lang='lat' dir='ltr'><strong>erit</strong></span> 
     </span>
    </p>
   </div>
   <div class='ocr_carea' id='block_1_45' title="bbox 490 2830 2055 2919">
    <p class='ocr_par' dir='ltr' id='par_1_45' title="bbox 490 2830 2055 2919">
     <span class='ocr_line' id='line_1_45' title="bbox 490 2830 2055 2919; baseline -0.01 -16"><span class='ocrx_word' id='word_1_390' title='bbox 490 2830 558 2904; x_wconf 72' lang='lat' dir='ltr'><strong>in</strong></span> <span class='ocrx_word' id='word_1_391' title='bbox 579 2848 776 2903; x_wconf 63' lang='lat' dir='ltr'><strong>Fam</strong></span> <span class='ocrx_word' id='word_1_392' title='bbox 798 2845 883 2919; x_wconf 81' lang='grc' dir='ltr'>(ιι</span> <span class='ocrx_word' id='word_1_393' title='bbox 906 2846 1032 2915; x_wconf 81' lang='lat' dir='ltr'><strong>Reg.</strong></span> <span class='ocrx_word' id='word_1_394' title='bbox 1054 2859 1151 2909; x_wconf 79' lang='lat' dir='ltr'><strong>m,</strong></span> <span class='ocrx_word' id='word_1_395' title='bbox 1166 2842 1255 2908; x_wconf 73' lang='lat' dir='ltr'><strong>te,</strong></span> <span class='ocrx_word' id='word_1_396' title='bbox 1272 2839 1381 2912; x_wconf 78' lang='lat' dir='ltr'><strong>tt).</strong></span> <span class='ocrx_word' id='word_1_397' title='bbox 1412 2839 1457 2896; x_wconf 93' lang='lat' dir='ltr'><strong>o</strong></span> <span class='ocrx_word' id='word_1_398' title='bbox 1480 2839 1643 2895; x_wconf 82' lang='lat' dir='ltr'><strong>Pater</strong></span> <span class='ocrx_word' id='word_1_399' title='bbox 1666 2835 1943 2907; x_wconf 84' lang='lat' dir='ltr'><strong>Elipaude,</strong></span> <span class='ocrx_word' id='word_1_400' title='bbox 1962 2834 2055 2889; x_wconf 88' lang='lat' dir='ltr'><strong>ubi</strong></span> 
     </span>
    </p>
   </div>
   <div class='ocr_carea' id='block_1_46' title="bbox 502 2922 2053 3013">
    <p class='ocr_par' dir='ltr' id='par_1_46' title="bbox 502 2922 2053 3013">
     <span class='ocr_line' id='line_1_46' title="bbox 502 2922 2053 3013; baseline -0.01 -17"><span class='ocrx_word' id='word_1_401' title='bbox 502 2940 778 3013; x_wconf 86' lang='lat' dir='ltr'><strong>perdidisti</strong></span> <span class='ocrx_word' id='word_1_402' title='bbox 810 2937 993 2993; x_wconf 90' lang='lat' dir='ltr'><strong>oculos</strong></span> <span class='ocrx_word' id='word_1_403' title='bbox 1018 2935 1177 2991; x_wconf 78' lang='lat' dir='ltr'><strong>tuos?</strong></span> <span class='ocrx_word' id='word_1_404' title='bbox 1220 2934 1396 2999; x_wconf 78' lang='lat' dir='ltr'><strong>Quare</strong></span> <span class='ocrx_word' id='word_1_405' title='bbox 1426 2928 1652 3001; x_wconf 78' lang='lat' dir='ltr'><strong>posuisti</strong></span> <span class='ocrx_word' id='word_1_406' title='bbox 1686 2922 2053 2981; x_wconf 88' lang='lat' dir='ltr'><strong>testimonium</strong></span> 
     </span>
    </p>
   </div>
   <div class='ocr_carea' id='block_1_47' title="bbox 500 3015 2051 3091">
    <p class='ocr_par' dir='ltr' id='par_1_47' title="bbox 500 3015 2051 3091">
     <span class='ocr_line' id='line_1_47' title="bbox 500 3015 2051 3091; baseline -0.015 -1"><span class='ocrx_word' id='word_1_407' title='bbox 500 3043 689 3091; x_wconf 88' lang='lat' dir='ltr'><strong>contra</strong></span> <span class='ocrx_word' id='word_1_408' title='bbox 705 3041 755 3087; x_wconf 91' lang='lat' dir='ltr'><strong>te</strong></span> <span class='ocrx_word' id='word_1_409' title='bbox 769 3026 1153 3086; x_wconf 77' lang='lat' dir='ltr'><strong>fortissimum?</strong></span> <span class='ocrx_word' id='word_1_410' title='bbox 1174 3024 1332 3079; x_wconf 82' lang='lat' dir='ltr'><strong>Forte</strong></span> <span class='ocrx_word' id='word_1_411' title='bbox 1346 3027 1563 3091; x_wconf 87' lang='lat' dir='ltr'><strong>propter</strong></span> <span class='ocrx_word' id='word_1_412' title='bbox 1578 3015 1861 3073; x_wconf 86' lang='lat' dir='ltr'><strong>sacerdotii</strong></span> <span class='ocrx_word' id='word_1_413' title='bbox 1882 3015 2051 3083; x_wconf 79' lang='lat' dir='ltr'><strong>digni-</strong></span> 
     </span>
    </p>
   </div>
   <div class='ocr_carea' id='block_1_48' title="bbox 501 3106 2091 3189">
    <p class='ocr_par' dir='ltr' id='par_1_48' title="bbox 501 3106 2091 3189">
     <span class='ocr_line' id='line_1_48' title="bbox 501 3106 2091 3189; baseline -0.014 -8"><span class='ocrx_word' id='word_1_414' title='bbox 501 3106 668 3180; x_wconf 80' lang='lat' dir='ltr'><strong>tatem</strong></span> <span class='ocrx_word' id='word_1_415' title='bbox 693 3134 814 3179; x_wconf 91' lang='lat' dir='ltr'><strong>cum</strong></span> <span class='ocrx_word' id='word_1_416' title='bbox 838 3108 1038 3189; x_wconf 84' lang='lat' dir='ltr'><strong>Caipha</strong></span> <span class='ocrx_word' id='word_1_417' title='bbox 1060 3117 1312 3188; x_wconf 80' lang='lat' dir='ltr'><strong>ignorans</strong></span> <span class='ocrx_word' id='word_1_418' title='bbox 1326 3111 1603 3168; x_wconf 57' lang='lat' dir='ltr'><strong>ieritatem</strong></span> <span class='ocrx_word' id='word_1_419' title='bbox 1631 3107 1924 3180; x_wconf 90' lang='lat' dir='ltr'><strong>protulisti.</strong></span> <span class='ocrx_word' id='word_1_420' title='bbox 1959 3106 2091 3177; x_wconf 87' lang='lat' dir='ltr'><strong>Pa-‘_</strong></span> 
     </span>
    </p>
   </div>
   <div class='ocr_carea' id='block_1_49' title="bbox 504 3199 2053 3285">
    <p class='ocr_par' dir='ltr' id='par_1_49' title="bbox 504 3199 2053 3285">
     <span class='ocr_line' id='line_1_49' title="bbox 504 3199 2053 3285; baseline -0.013 -14"><span class='ocrx_word' id='word_1_421' title='bbox 504 3224 652 3271; x_wconf 85' lang='lat' dir='ltr'><strong>terna</strong></span> <span class='ocrx_word' id='word_1_422' title='bbox 670 3207 955 3285; x_wconf 83' lang='lat' dir='ltr'><strong>promissio</strong></span> <span class='ocrx_word' id='word_1_423' title='bbox 982 3216 1098 3274; x_wconf 85' lang='lat' dir='ltr'><strong>est,</strong></span> <span class='ocrx_word' id='word_1_424' title='bbox 1125 3214 1181 3262; x_wconf 89' lang='lat' dir='ltr'><strong>et</strong></span> <span class='ocrx_word' id='word_1_425' title='bbox 1204 3213 1423 3277; x_wconf 87' lang='lat' dir='ltr'><strong>paterna</strong></span> <span class='ocrx_word' id='word_1_426' title='bbox 1458 3200 1785 3265; x_wconf 75' lang='lat' dir='ltr'><strong>testiﬁcatio,</strong></span> <span class='ocrx_word' id='word_1_427' title='bbox 1818 3199 1977 3285; x_wconf 88' lang='lat' dir='ltr'><strong>sicut</strong></span> <span class='ocrx_word' id='word_1_428' title='bbox 1998 3206 2053 3253; x_wconf 92' lang='lat' dir='ltr'><strong>tu</strong></span> 
     </span>
    </p>
   </div>
   <div class='ocr_carea' id='block_1_50' title="bbox 498 3284 2055 3373">
    <p class='ocr_par' dir='ltr' id='par_1_50' title="bbox 498 3284 2055 3373">
     <span class='ocr_line' id='line_1_50' title="bbox 498 3284 2055 3373; baseline -0.013 -14"><span class='ocrx_word' id='word_1_429' title='bbox 498 3302 616 3373; x_wconf 82' lang='lat' dir='ltr'><strong>ipse</strong></span> <span class='ocrx_word' id='word_1_430' title='bbox 644 3284 856 3357; x_wconf 81' lang='lat' dir='ltr'><strong>dixisti:</strong></span> <span class='ocrx_word' id='word_1_431' title='bbox 884 3297 987 3353; x_wconf 82' lang='lat' dir='ltr'><strong>Ero</strong></span> <span class='ocrx_word' id='word_1_432' title='bbox 1011 3299 1058 3352; x_wconf 85' lang='lat' dir='ltr'><strong>ei</strong></span> <span class='ocrx_word' id='word_1_433' title='bbox 1086 3297 1143 3351; x_wconf 73' lang='lat' dir='ltr'><strong>in</strong></span> <span class='ocrx_word' id='word_1_434' title='bbox 1166 3293 1460 3359; x_wconf 87' lang='lat' dir='ltr'><strong>Patrem,et</strong></span> <span class='ocrx_word' id='word_1_435' title='bbox 1481 3293 1588 3362; x_wconf 78' lang='lat' dir='ltr'><strong>ipse</strong></span> <span class='ocrx_word' id='word_1_436' title='bbox 1606 3289 1703 3345; x_wconf 84' lang='lat' dir='ltr'><strong>erit</strong></span> <span class='ocrx_word' id='word_1_437' title='bbox 1728 3286 1854 3341; x_wconf 81' lang='lat' dir='ltr'><strong>mihi</strong></span> <span class='ocrx_word' id='word_1_438' title='bbox 1885 3288 1943 3342; x_wconf 72' lang='lat' dir='ltr'><strong>in</strong></span> <span class='ocrx_word' id='word_1_439' title='bbox 1961 3284 2055 3339; x_wconf 79' lang='lat' dir='ltr'><strong>Fi-</strong></span> 
     </span>
    </p>
   </div>
   <div class='ocr_carea' id='block_1_51' title="bbox 500 3381 2055 3458">
    <p class='ocr_par' dir='ltr' id='par_1_51' title="bbox 500 3381 2055 3458">
     <span class='ocr_line' id='line_1_51' title="bbox 500 3381 2055 3458; baseline -0.012 -8"><span class='ocrx_word' id='word_1_440' title='bbox 500 3398 649 3450; x_wconf 70' lang='lat' dir='ltr'><strong>lius.</strong></span> <span class='ocrx_word' id='word_1_441' title='bbox 676 3393 818 3449; x_wconf 81' lang='lat' dir='ltr'><strong>Nihil</strong></span> <span class='ocrx_word' id='word_1_442' title='bbox 837 3393 922 3449; x_wconf 85' lang='lat' dir='ltr'><strong>his</strong></span> <span class='ocrx_word' id='word_1_443' title='bbox 947 3390 1135 3446; x_wconf 82' lang='lat' dir='ltr'><strong>verbis</strong></span> <span class='ocrx_word' id='word_1_444' title='bbox 1150 3386 1451 3458; x_wconf 83' lang='lat' dir='ltr'><strong>adoptionis</strong></span> <span class='ocrx_word' id='word_1_445' title='bbox 1468 3384 1524 3439; x_wconf 91' lang='lat' dir='ltr'><strong>in</strong></span> <span class='ocrx_word' id='word_1_446' title='bbox 1542 3390 1764 3455; x_wconf 84' lang='lat' dir='ltr'><strong>paterna</strong></span> <span class='ocrx_word' id='word_1_447' title='bbox 1786 3381 2055 3451; x_wconf 89' lang='lat' dir='ltr'><strong>reperitur</strong></span> 
     </span>
    </p>
   </div>
   <div class='ocr_carea' id='block_1_52' title="bbox 500 3472 2055 3555">
    <p class='ocr_par' dir='ltr' id='par_1_52' title="bbox 500 3472 2055 3555">
     <span class='ocr_line' id='line_1_52' title="bbox 500 3472 2055 3555; baseline -0.011 -14"><span class='ocrx_word' id='word_1_448' title='bbox 500 3485 873 3555; x_wconf 81' lang='lat' dir='ltr'><strong>promissione.</strong></span> <span class='ocrx_word' id='word_1_449' title='bbox 910 3481 1133 3535; x_wconf 78' lang='lat' dir='ltr'><strong>Multum</strong></span> <span class='ocrx_word' id='word_1_450' title='bbox 1160 3487 1244 3534; x_wconf 87' lang='lat' dir='ltr'><strong>est</strong></span> <span class='ocrx_word' id='word_1_451' title='bbox 1268 3480 1409 3532; x_wconf 88' lang='lat' dir='ltr'><strong>inter</strong></span> <span class='ocrx_word' id='word_1_452' title='bbox 1434 3491 1540 3538; x_wconf 85' lang='lat' dir='ltr'><strong>ero,</strong></span> <span class='ocrx_word' id='word_1_453' title='bbox 1580 3480 1634 3528; x_wconf 88' lang='lat' dir='ltr'><strong>et</strong></span> <span class='ocrx_word' id='word_1_454' title='bbox 1657 3474 1823 3527; x_wconf 80' lang='lat' dir='ltr'><strong>dicor.</strong></span> <span class='ocrx_word' id='word_1_455' title='bbox 1856 3472 2055 3526; x_wconf 79' lang='lat' dir='ltr'><strong>Verum</strong></span> 
     </span>
    </p>
   </div>
   <div class='ocr_carea' id='block_1_53' title="bbox 501 3558 2057 3650">
    <p class='ocr_par' dir='ltr' id='par_1_53' title="bbox 501 3558 2057 3650">
     <span class='ocr_line' id='line_1_53' title="bbox 501 3558 2057 3650; baseline -0.015 -17"><span class='ocrx_word' id='word_1_456' title='bbox 501 3561 672 3650; x_wconf 59' lang='grc' dir='ltr'>νει-’δε</span> <span class='ocrx_word' id='word_1_457' title='bbox 692 3581 776 3630; x_wconf 84' lang='lat' dir='ltr'><strong>est</strong></span> <span class='ocrx_word' id='word_1_458' title='bbox 790 3571 995 3641; x_wconf 79' lang='lat' dir='ltr'><strong>absque</strong></span> <span class='ocrx_word' id='word_1_459' title='bbox 1011 3569 1116 3623; x_wconf 86' lang='lat' dir='ltr'><strong>ulla</strong></span> <span class='ocrx_word' id='word_1_460' title='bbox 1132 3565 1537 3637; x_wconf 72' lang='lat' dir='ltr'><strong>imaginatione;</strong></span> <span class='ocrx_word' id='word_1_461' title='bbox 1560 3560 1839 3631; x_wconf 85' lang='lat' dir='ltr'><strong>adoptivus</strong></span> <span class='ocrx_word' id='word_1_462' title='bbox 1857 3558 2057 3650; x_wconf 79' lang='lat' dir='ltr'><strong>dicitur</strong></span> 
     </span>
    </p>
   </div>
   <div class='ocr_carea' id='block_1_54' title="bbox 503 3648 2053 3729">
    <p class='ocr_par' dir='ltr' id='par_1_54' title="bbox 503 3648 2053 3729">
     <span class='ocr_line' id='line_1_54' title="bbox 503 3648 2053 3729; baseline -0.015 -3"><span class='ocrx_word' id='word_1_463' title='bbox 503 3648 609 3726; x_wconf 80' lang='lat' dir='ltr'><strong>non</strong></span> <span class='ocrx_word' id='word_1_464' title='bbox 645 3683 676 3723; x_wconf 86' lang='lat' dir='ltr'><strong>a</strong></span> <span class='ocrx_word' id='word_1_465' title='bbox 697 3666 923 3722; x_wconf 85' lang='lat' dir='ltr'><strong>veritate</strong></span> <span class='ocrx_word' id='word_1_466' title='bbox 937 3691 965 3728; x_wconf 74' lang='lat'><strong>,~</strong></span> <span class='ocrx_word' id='word_1_467' title='bbox 984 3656 1173 3718; x_wconf 78' lang='lat' dir='ltr'><strong>sedab</strong></span> <span class='ocrx_word' id='word_1_468' title='bbox 1202 3652 1582 3729; x_wconf 79' lang='lat' dir='ltr'><strong>imaginatione</strong></span> <span class='ocrx_word' id='word_1_469' title='bbox 1605 3651 1832 3709; x_wconf 85' lang='lat' dir='ltr'><strong>volentis</strong></span> <span class='ocrx_word' id='word_1_470' title='bbox 1865 3648 2053 3705; x_wconf 87' lang='lat' dir='ltr'><strong>animi.</strong></span> 
     </span>
    </p>
   </div>
   <div class='ocr_carea' id='block_1_55' title="bbox 504 3740 2056 3816">
    <p class='ocr_par' dir='ltr' id='par_1_55' title="bbox 504 3740 2056 3816">
     <span class='ocr_line' id='line_1_55' title="bbox 504 3740 2056 3816; baseline -0.011 -2"><span class='ocrx_word' id='word_1_471' title='bbox 504 3757 724 3816; x_wconf 65' lang='lat' dir='ltr'><strong>Multum</strong></span> <span class='ocrx_word' id='word_1_472' title='bbox 767 3755 990 3809; x_wconf 87' lang='lat' dir='ltr'><strong>interest</strong></span> <span class='ocrx_word' id='word_1_473' title='bbox 1028 3750 1169 3806; x_wconf 90' lang='lat' dir='ltr'><strong>inter</strong></span> <span class='ocrx_word' id='word_1_474' title='bbox 1192 3755 1373 3804; x_wconf 87' lang='lat' dir='ltr'><strong>vestra</strong></span> <span class='ocrx_word' id='word_1_475' title='bbox 1424 3742 1698 3800; x_wconf 83' lang='lat' dir='ltr'><strong>mendacia</strong></span> <span class='ocrx_word' id='word_1_476' title='bbox 1726 3749 1781 3797; x_wconf 90' lang='lat' dir='ltr'><strong>et</strong></span> <span class='ocrx_word' id='word_1_477' title='bbox 1807 3740 1902 3796; x_wconf 91' lang='lat' dir='ltr'><strong>Dei</strong></span> <span class='ocrx_word' id='word_1_478' title='bbox 1930 3754 2056 3810; x_wconf 89' lang='lat' dir='ltr'><strong>pro-</strong></span> 
     </span>
    </p>
   </div>
   <div class='ocr_carea' id='block_1_56' title="bbox 501 3832 2054 3920">
    <p class='ocr_par' dir='ltr' id='par_1_56' title="bbox 501 3832 2054 3920">
     <span class='ocr_line' id='line_1_56' title="bbox 501 3832 2054 3920; baseline -0.014 -13"><span class='ocrx_word' id='word_1_479' title='bbox 501 3852 687 3907; x_wconf 83' lang='lat' dir='ltr'><strong>missa.</strong></span> <span class='ocrx_word' id='word_1_480' title='bbox 742 3836 860 3920; x_wconf 64' lang='lat' dir='ltr'><strong>ipse</strong></span> <span class='ocrx_word' id='word_1_481' title='bbox 895 3844 1066 3902; x_wconf 70' lang='lat' dir='ltr'><strong>dixit:</strong></span> <span class='ocrx_word' id='word_1_482' title='bbox 1111 3841 1230 3898; x_wconf 81' lang='lat' dir='ltr'><strong>Erit</strong></span> <span class='ocrx_word' id='word_1_483' title='bbox 1273 3838 1399 3894; x_wconf 72' lang='lat' dir='ltr'><strong>mihi</strong></span> <span class='ocrx_word' id='word_1_484' title='bbox 1439 3835 1653 3901; x_wconf 78' lang='lat' dir='ltr'><strong>Filius;</strong></span> <span class='ocrx_word' id='word_1_485' title='bbox 1707 3847 1807 3889; x_wconf 87' lang='lat' dir='ltr'><strong>vos</strong></span> <span class='ocrx_word' id='word_1_486' title='bbox 1846 3832 2054 3896; x_wconf 77' lang='lat' dir='ltr'><strong>dicitis,</strong></span> 
     </span>
    </p>
   </div>
   <div class='ocr_carea' id='block_1_57' title="bbox 500 3925 2056 4010">
    <p class='ocr_par' dir='ltr' id='par_1_57' title="bbox 500 3925 2056 4010">
     <span class='ocr_line' id='line_1_57' title="bbox 500 3925 2056 4010; baseline -0.012 -13"><span class='ocrx_word' id='word_1_487' title='bbox 500 3946 839 4010; x_wconf 81' lang='lat' dir='ltr'><strong>nuncupatur</strong></span> <span class='ocrx_word' id='word_1_488' title='bbox 858 3944 1087 4001; x_wconf 82' lang='lat' dir='ltr'><strong>tantum,</strong></span> <span class='ocrx_word' id='word_1_489' title='bbox 1108 3932 1202 3990; x_wconf 87' lang='lat' dir='ltr'><strong>sed</strong></span> <span class='ocrx_word' id='word_1_490' title='bbox 1224 3946 1331 3988; x_wconf 91' lang='lat' dir='ltr'><strong>non</strong></span> <span class='ocrx_word' id='word_1_491' title='bbox 1351 3938 1436 3988; x_wconf 88' lang='lat' dir='ltr'><strong>est</strong></span> <span class='ocrx_word' id='word_1_492' title='bbox 1454 3927 1682 4001; x_wconf 87' lang='lat' dir='ltr'><strong>proprie.</strong></span> <span class='ocrx_word' id='word_1_493' title='bbox 1712 3925 2056 3993; x_wconf 82' lang='lat' dir='ltr'><strong>Prophetiam</strong></span> 
     </span>
    </p>
   </div>
   <div class='ocr_carea' id='block_1_58' title="bbox 500 4010 2055 4102">
    <p class='ocr_par' dir='ltr' id='par_1_58' title="bbox 500 4010 2055 4102">
     <span class='ocr_line' id='line_1_58' title="bbox 500 4010 2055 4102; baseline -0.013 -18"><span class='ocrx_word' id='word_1_494' title='bbox 500 4043 714 4102; x_wconf 81' lang='lat' dir='ltr'><strong>quoque</strong></span> <span class='ocrx_word' id='word_1_495' title='bbox 759 4027 908 4081; x_wconf 76' lang='lat' dir='ltr'><strong>Isaia:</strong></span> <span class='ocrx_word' id='word_1_496' title='bbox 951 4026 1016 4081; x_wconf 85' lang='lat' dir='ltr'><strong>de</strong></span> <span class='ocrx_word' id='word_1_497' title='bbox 1056 4023 1273 4079; x_wconf 86' lang='lat' dir='ltr'><strong>Christo</strong></span> <span class='ocrx_word' id='word_1_498' title='bbox 1301 4021 1357 4074; x_wconf 92' lang='lat' dir='ltr'><strong>in</strong></span> <span class='ocrx_word' id='word_1_499' title='bbox 1385 4018 1617 4074; x_wconf 84' lang='lat' dir='ltr'><strong>medium</strong></span> <span class='ocrx_word' id='word_1_500' title='bbox 1646 4012 1933 4102; x_wconf 74' lang='lat' dir='ltr'><strong>deduxisti,</strong></span> <span class='ocrx_word' id='word_1_501' title='bbox 1964 4010 2055 4065; x_wconf 90' lang='lat' dir='ltr'><strong>ubi</strong></span> 
     </span>
    </p>
   </div>
   <div class='ocr_carea' id='block_1_59' title="bbox 500 4100 2051 4183">
    <p class='ocr_par' dir='ltr' id='par_1_59' title="bbox 500 4100 2051 4183">
     <span class='ocr_line' id='line_1_59' title="bbox 500 4100 2051 4183; baseline -0.014 -9"><span class='ocrx_word' id='word_1_502' title='bbox 500 4100 837 4176; x_wconf 60' lang='lat' dir='ltr'><strong>uin-Radix</strong></span> <span class='ocrx_word' id='word_1_503' title='bbox 873 4114 1040 4179; x_wconf 72' lang='lat' dir='ltr'><strong>huc,</strong></span> <span class='ocrx_word' id='word_1_504' title='bbox 1088 4112 1176 4182; x_wconf 77' lang='lat' dir='ltr'><strong>qui</strong></span> <span class='ocrx_word' id='word_1_505' title='bbox 1221 4118 1324 4183; x_wconf 75' lang='lat' dir='ltr'><strong>stat</strong></span> <span class='ocrx_word' id='word_1_506' title='bbox 1369 4108 1425 4162; x_wconf 81' lang='lat' dir='ltr'><strong>in</strong></span> <span class='ocrx_word' id='word_1_507' title='bbox 1471 4106 1675 4176; x_wconf 79' lang='lat' dir='ltr'><strong>signum</strong></span> <span class='ocrx_word' id='word_1_508' title='bbox 1722 4100 2051 4174; x_wconf 77' lang='lat' dir='ltr'><strong>populorum,</strong></span> 
     </span>
    </p>
   </div>
   <div class='ocr_carea' id='block_1_60' title="bbox 501 4196 2053 4287">
    <p class='ocr_par' dir='ltr' id='par_1_60' title="bbox 501 4196 2053 4287">
     <span class='ocr_line' id='line_1_60' title="bbox 501 4196 2053 4287; baseline -0.012 -18"><span class='ocrx_word' id='word_1_509' title='bbox 501 4216 671 4287; x_wconf 78' lang='lat' dir='ltr'><strong>ipsum</strong></span> <span class='ocrx_word' id='word_1_510' title='bbox 708 4220 880 4283; x_wconf 76' lang='lat' dir='ltr'><strong>gentes</strong></span> <span class='ocrx_word' id='word_1_511' title='bbox 914 4207 1347 4279; x_wconf 74' lang='lat' dir='ltr'><strong>deprecabuntur,</strong></span> <span class='ocrx_word' id='word_1_512' title='bbox 1391 4212 1440 4259; x_wconf 84' lang='lat' dir='ltr'><strong>et</strong></span> <span class='ocrx_word' id='word_1_513' title='bbox 1476 4202 1572 4256; x_wconf 83' lang='lat' dir='ltr'><strong>erit</strong></span> <span class='ocrx_word' id='word_1_514' title='bbox 1608 4197 1899 4287; x_wconf 74' lang='lat' dir='ltr'><strong>sepulcrum</strong></span> <span class='ocrx_word' id='word_1_515' title='bbox 1939 4196 2053 4287; x_wconf 70' lang='lat' dir='ltr'><strong>ejus</strong></span> 
     </span>
    </p>
   </div>
   <div class='ocr_carea' id='block_1_61' title="bbox 501 4284 2053 4376">
    <p class='ocr_par' dir='ltr' id='par_1_61' title="bbox 501 4284 2053 4376">
     <span class='ocr_line' id='line_1_61' title="bbox 501 4284 2053 4376; baseline -0.014 -17"><span class='ocrx_word' id='word_1_516' title='bbox 501 4284 783 4376; x_wconf 57' lang='lat' dir='ltr'><strong>gloriosum</strong></span> <span class='ocrx_word' id='word_1_517' title='bbox 813 4299 966 4372; x_wconf 80' lang='lat' dir='ltr'><strong>(lsai.</strong></span> <span class='ocrx_word' id='word_1_518' title='bbox 995 4312 1071 4363; x_wconf 74' lang='grc' dir='ltr'>ιι,</span> <span class='ocrx_word' id='word_1_519' title='bbox 1101 4295 1212 4366; x_wconf 78' lang='grc' dir='ltr'><strong>ιο).</strong></span> <span class='ocrx_word' id='word_1_520' title='bbox 1260 4293 1465 4362; x_wconf 86' lang='lat' dir='ltr'><strong>Quibus</strong></span> <span class='ocrx_word' id='word_1_521' title='bbox 1488 4288 1699 4363; x_wconf 75' lang='lat' dir='ltr'><strong>populis</strong></span> <span class='ocrx_word' id='word_1_522' title='bbox 1737 4294 1845 4342; x_wconf 83' lang='lat' dir='ltr'><strong>stat</strong></span> <span class='ocrx_word' id='word_1_523' title='bbox 1883 4286 1937 4340; x_wconf 92' lang='lat' dir='ltr'><strong>in</strong></span> <span class='ocrx_word' id='word_1_524' title='bbox 1977 4284 2053 4339; x_wconf 88' lang='lat' dir='ltr'><strong>si-</strong></span> 
     </span>
    </p>
   </div>
   <div class='ocr_carea' id='block_1_62' title="bbox 2150 2101 3701 2183">
    <p class='ocr_par' dir='ltr' id='par_1_62' title="bbox 2150 2101 3701 2183">
     <span class='ocr_line' id='line_1_62' title="bbox 2150 2101 3701 2183; baseline 0.002 -20"><span class='ocrx_word' id='word_1_525' title='bbox 2150 2103 2503 2163; x_wconf 73' lang='lat' dir='ltr'><strong>esse&#39;videtur</strong></span> <span class='ocrx_word' id='word_1_526' title='bbox 2519 2148 2533 2173; x_wconf 93' lang='lat'><strong>,</strong></span> <span class='ocrx_word' id='word_1_527' title='bbox 2574 2115 2641 2162; x_wconf 79' lang='lat' dir='ltr'><strong>ut</strong></span> <span class='ocrx_word' id='word_1_528' title='bbox 2656 2109 2906 2165; x_wconf 84' lang='lat' dir='ltr'><strong>divinitas</strong></span> <span class='ocrx_word' id='word_1_529' title='bbox 2935 2110 3181 2180; x_wconf 86' lang='lat' dir='ltr'><strong>adoptiva</strong></span> <span class='ocrx_word' id='word_1_530' title='bbox 3202 2111 3273 2166; x_wconf 87' lang='lat' dir='ltr'><strong>sit</strong></span> <span class='ocrx_word' id='word_1_531' title='bbox 3294 2101 3701 2183; x_wconf 50' lang='lat' dir='ltr'><strong>matri&#39;Virgini.</strong></span> 
     </span>
    </p>
   </div>
   <div class='ocr_carea' id='block_1_63' title="bbox 2153 2188 3703 2287">
    <p class='ocr_par' dir='ltr' id='par_1_63' title="bbox 2153 2188 3703 2287">
     <span class='ocr_line' id='line_1_63' title="bbox 2153 2188 3703 2287; baseline 0.003 -34"><span class='ocrx_word' id='word_1_532' title='bbox 2153 2198 2306 2266; x_wconf 83' lang='lat' dir='ltr'><strong>Quod</strong></span> <span class='ocrx_word' id='word_1_533' title='bbox 2318 2214 2479 2287; x_wconf 85' lang='lat' dir='ltr'><strong>quam</strong></span> <span class='ocrx_word' id='word_1_534' title='bbox 2506 2200 2727 2270; x_wconf 90' lang='lat' dir='ltr'><strong>impium</strong></span> <span class='ocrx_word' id='word_1_535' title='bbox 2742 2201 2813 2255; x_wconf 87' lang='lat' dir='ltr'><strong>sit</strong></span> <span class='ocrx_word' id='word_1_536' title='bbox 2826 2201 3021 2268; x_wconf 89' lang='lat' dir='ltr'><strong>dicere,</strong></span> <span class='ocrx_word' id='word_1_537' title='bbox 3022 2201 3214 2287; x_wconf 55' lang='lat' dir='ltr'><strong>mullus</strong></span> <span class='ocrx_word' id='word_1_538' title='bbox 3234 2188 3467 2259; x_wconf 80' lang='lat' dir='ltr'><strong>ﬁdelium</strong></span> <span class='ocrx_word' id='word_1_539' title='bbox 3479 2204 3703 2275; x_wconf 88' lang='lat' dir='ltr'><strong>ignorat.</strong></span> 
     </span>
    </p>
   </div>
   <div class='ocr_carea' id='block_1_64' title="bbox 2222 2282 3712 2363">
    <p class='ocr_par' dir='ltr' id='par_1_64' title="bbox 2222 2282 3712 2363">
     <span class='ocr_line' id='line_1_64' title="bbox 2222 2282 3712 2363; baseline 0.005 -21"><span class='ocrx_word' id='word_1_540' title='bbox 2222 2282 2361 2344; x_wconf 67' lang='lat' dir='ltr'><strong>XIV.</strong></span> <span class='ocrx_word' id='word_1_541' title='bbox 2401 2289 2631 2361; x_wconf 76' lang='lat' dir='ltr'><strong>Flagitas</strong></span> <span class='ocrx_word' id='word_1_542' title='bbox 2676 2305 2761 2345; x_wconf 91' lang='lat' dir='ltr'><strong>me</strong></span> <span class='ocrx_word' id='word_1_543' title='bbox 2804 2298 2967 2347; x_wconf 86' lang='lat' dir='ltr'><strong>testes</strong></span> <span class='ocrx_word' id='word_1_544' title='bbox 3010 2282 3168 2355; x_wconf 80' lang='lat' dir='ltr'><strong>dare,</strong></span> <span class='ocrx_word' id='word_1_545' title='bbox 3216 2310 3235 2343; x_wconf 79' lang='lat' dir='ltr'><strong>t</strong></span> <span class='ocrx_word' id='word_1_546' title='bbox 3278 2294 3420 2363; x_wconf 90' lang='lat' dir='ltr'><strong>quod</strong></span> <span class='ocrx_word' id='word_1_547' title='bbox 3456 2294 3597 2350; x_wconf 88' lang='lat' dir='ltr'><strong>nulla</strong></span> <span class='ocrx_word' id='word_1_548' title='bbox 3639 2295 3712 2351; x_wconf 85' lang='lat' dir='ltr'><strong>sit</strong></span> 
     </span>
    </p>
   </div>
   <div class='ocr_carea' id='block_1_65' title="bbox 2153 2376 3705 2455">
    <p class='ocr_par' dir='ltr' id='par_1_65' title="bbox 2153 2376 3705 2455">
     <span class='ocr_line' id='line_1_65' title="bbox 2153 2376 3705 2455; baseline 0.005 -24"><span class='ocrx_word' id='word_1_549' title='bbox 2153 2376 2366 2446; x_wconf 86' lang='lat' dir='ltr'><strong>adoptio</strong></span> <span class='ocrx_word' id='word_1_550' title='bbox 2391 2378 2445 2431; x_wconf 90' lang='lat' dir='ltr'><strong>in</strong></span> <span class='ocrx_word' id='word_1_551' title='bbox 2469 2392 2629 2435; x_wconf 87' lang='lat' dir='ltr'><strong>carne</strong></span> <span class='ocrx_word' id='word_1_552' title='bbox 2649 2378 2879 2445; x_wconf 88' lang='lat' dir='ltr'><strong>Christi;</strong></span> <span class='ocrx_word' id='word_1_553' title='bbox 2912 2400 2929 2434; x_wconf 78' lang='grc' dir='ltr'><strong>ι</strong></span> <span class='ocrx_word' id='word_1_554' title='bbox 2961 2382 3104 2451; x_wconf 91' lang='lat' dir='ltr'><strong>quod</strong></span> <span class='ocrx_word' id='word_1_555' title='bbox 3132 2390 3370 2454; x_wconf 86' lang='lat' dir='ltr'><strong>tempore</strong></span> <span class='ocrx_word' id='word_1_556' title='bbox 3389 2393 3705 2455; x_wconf 88' lang='lat' dir='ltr'><strong>opportuno,</strong></span> 
     </span>
    </p>
   </div>
   <div class='ocr_carea' id='block_1_66' title="bbox 2154 2465 3709 2543">
    <p class='ocr_par' dir='ltr' id='par_1_66' title="bbox 2154 2465 3709 2543">
     <span class='ocr_line' id='line_1_66' title="bbox 2154 2465 3709 2543; baseline 0.004 -21"><span class='ocrx_word' id='word_1_557' title='bbox 2154 2474 2340 2522; x_wconf 88' lang='lat' dir='ltr'><strong>sancto</strong></span> <span class='ocrx_word' id='word_1_558' title='bbox 2380 2465 2580 2536; x_wconf 87' lang='lat' dir='ltr'><strong>Spiritu</strong></span> <span class='ocrx_word' id='word_1_559' title='bbox 2620 2470 2912 2527; x_wconf 87' lang='lat' dir='ltr'><strong>catholicos</strong></span> <span class='ocrx_word' id='word_1_560' title='bbox 2950 2472 3154 2541; x_wconf 88' lang='lat' dir='ltr'><strong>pectori</strong></span> <span class='ocrx_word' id='word_1_561' title='bbox 3192 2481 3377 2528; x_wconf 88' lang='lat' dir='ltr'><strong>nostro</strong></span> <span class='ocrx_word' id='word_1_562' title='bbox 3417 2473 3709 2543; x_wconf 83' lang='lat' dir='ltr'><strong>inspirante</strong></span> 
     </span>
    </p>
   </div>
   <div class='ocr_carea' id='block_1_67' title="bbox 2152 2557 3713 2632">
    <p class='ocr_par' dir='ltr' id='par_1_67' title="bbox 2152 2557 3713 2632">
     <span class='ocr_line' id='line_1_67' title="bbox 2152 2557 3713 2632; baseline 0.006 -20"><span class='ocrx_word' id='word_1_563' title='bbox 2152 2571 2364 2624; x_wconf 88' lang='lat' dir='ltr'><strong>sensus,</strong></span> <span class='ocrx_word' id='word_1_564' title='bbox 2382 2557 2619 2614; x_wconf 83' lang='lat' dir='ltr'><strong>facturus</strong></span> <span class='ocrx_word' id='word_1_565' title='bbox 2638 2574 2777 2626; x_wconf 89' lang='lat' dir='ltr'><strong>sum,</strong></span> <span class='ocrx_word' id='word_1_566' title='bbox 2796 2560 3235 2632; x_wconf 74' lang='lat' dir='ltr'><strong>abundanterque‘</strong></span> <span class='ocrx_word' id='word_1_567' title='bbox 3251 2563 3307 2618; x_wconf 92' lang='lat' dir='ltr'><strong>in</strong></span> <span class='ocrx_word' id='word_1_568' title='bbox 3322 2562 3443 2618; x_wconf 80' lang='lat' dir='ltr'><strong>aliis</strong></span> <span class='ocrx_word' id='word_1_569' title='bbox 3460 2563 3713 2621; x_wconf 84' lang='lat' dir='ltr'><strong>litterulis</strong></span> 
     </span>
    </p>
   </div>
   <div class='ocr_carea' id='block_1_68' title="bbox 2152 2650 3710 2723">
    <p class='ocr_par' dir='ltr' id='par_1_68' title="bbox 2152 2650 3710 2723">
     <span class='ocr_line' id='line_1_68' title="bbox 2152 2650 3710 2723; baseline 0.005 -20"><span class='ocrx_word' id='word_1_570' title='bbox 2152 2650 2425 2716; x_wconf 67' lang='lat' dir='ltr'><strong>nostrisa,</strong></span> <span class='ocrx_word' id='word_1_571' title='bbox 2468 2665 2601 2721; x_wconf 89' lang='lat' dir='ltr'><strong>quas</strong></span> <span class='ocrx_word' id='word_1_572' title='bbox 2640 2660 2826 2706; x_wconf 85' lang='lat' dir='ltr'><strong>contra</strong></span> <span class='ocrx_word' id='word_1_573' title='bbox 2868 2666 3107 2708; x_wconf 90' lang='lat' dir='ltr'><strong>errorem</strong></span> <span class='ocrx_word' id='word_1_574' title='bbox 3133 2662 3369 2710; x_wconf 85' lang='lat' dir='ltr'><strong>vestrum</strong></span> <span class='ocrx_word' id='word_1_575' title='bbox 3402 2654 3577 2723; x_wconf 86' lang='lat' dir='ltr'><strong>edidi,</strong></span> <span class='ocrx_word' id='word_1_576' title='bbox 3623 2672 3710 2711; x_wconf 89' lang='lat' dir='ltr'><strong>mc</strong></span> 
     </span>
    </p>
   </div>
   <div class='ocr_carea' id='block_1_69' title="bbox 2154 2737 3707 2815">
    <p class='ocr_par' dir='ltr' id='par_1_69' title="bbox 2154 2737 3707 2815">
     <span class='ocr_line' id='line_1_69' title="bbox 2154 2737 3707 2815; baseline 0.006 -24"><span class='ocrx_word' id='word_1_577' title='bbox 2154 2737 2347 2793; x_wconf 76' lang='lat' dir='ltr'><strong>iecisse</strong></span> <span class='ocrx_word' id='word_1_578' title='bbox 2376 2740 2651 2811; x_wconf 85' lang='lat' dir='ltr'><strong>intelligit,</strong></span> <span class='ocrx_word' id='word_1_579' title='bbox 2694 2742 2785 2810; x_wconf 88' lang='lat' dir='ltr'><strong>qui</strong></span> <span class='ocrx_word' id='word_1_580' title='bbox 2825 2748 3037 2796; x_wconf 85' lang='lat' dir='ltr'><strong>nostras</strong></span> <span class='ocrx_word' id='word_1_581' title='bbox 3069 2742 3346 2813; x_wconf 85' lang='lat' dir='ltr'><strong>paginulas</strong></span> <span class='ocrx_word' id='word_1_582' title='bbox 3387 2744 3562 2815; x_wconf 83' lang='lat' dir='ltr'><strong>legere</strong></span> <span class='ocrx_word' id='word_1_583' title='bbox 3600 2760 3707 2801; x_wconf 84' lang='lat' dir='ltr'><strong>non</strong></span> 
     </span>
    </p>
   </div>
   <div class='ocr_carea' id='block_1_70' title="bbox 2152 2827 3706 2901">
    <p class='ocr_par' dir='ltr' id='par_1_70' title="bbox 2152 2827 3706 2901">
     <span class='ocr_line' id='line_1_70' title="bbox 2152 2827 3706 2901; baseline 0.004 -19"><span class='ocrx_word' id='word_1_584' title='bbox 2152 2827 2464 2882; x_wconf 88' lang='lat' dir='ltr'><strong>contemnit.</strong></span> <span class='ocrx_word' id='word_1_585' title='bbox 2511 2828 2588 2883; x_wconf 91' lang='lat' dir='ltr'><strong>De</strong></span> <span class='ocrx_word' id='word_1_586' title='bbox 2623 2843 2688 2883; x_wconf 92' lang='lat' dir='ltr'><strong>eo</strong></span> <span class='ocrx_word' id='word_1_587' title='bbox 2713 2843 2859 2893; x_wconf 88' lang='lat' dir='ltr'><strong>vero,</strong></span> <span class='ocrx_word' id='word_1_588' title='bbox 2902 2831 3044 2898; x_wconf 84' lang='lat' dir='ltr'><strong>quod</strong></span> <span class='ocrx_word' id='word_1_589' title='bbox 3080 2830 3312 2901; x_wconf 85' lang='lat' dir='ltr'><strong>postulas</strong></span> <span class='ocrx_word' id='word_1_590' title='bbox 3345 2833 3706 2889; x_wconf 86' lang='lat' dir='ltr'><strong>testimonium</strong></span> 
     </span>
    </p>
   </div>
   <div class='ocr_carea' id='block_1_71' title="bbox 2153 2914 3702 2990">
    <p class='ocr_par' dir='ltr' id='par_1_71' title="bbox 2153 2914 3702 2990">
     <span class='ocr_line' id='line_1_71' title="bbox 2153 2914 3702 2990; baseline 0.004 -15"><span class='ocrx_word' id='word_1_591' title='bbox 2153 2920 2249 2976; x_wconf 88' lang='lat' dir='ltr'><strong>tibi</strong></span> <span class='ocrx_word' id='word_1_592' title='bbox 2273 2920 2409 2986; x_wconf 87' lang='lat' dir='ltr'><strong>dari,</strong></span> <span class='ocrx_word' id='word_1_593' title='bbox 2436 2939 2453 2971; x_wconf 88' lang='grc'><em>‹</em></span> <span class='ocrx_word' id='word_1_594' title='bbox 2481 2921 2621 2990; x_wconf 87' lang='lat' dir='ltr'><strong>quod</strong></span> <span class='ocrx_word' id='word_1_595' title='bbox 2642 2937 2749 2977; x_wconf 92' lang='lat' dir='ltr'><strong>non</strong></span> <span class='ocrx_word' id='word_1_596' title='bbox 2771 2922 2842 2976; x_wconf 89' lang='lat' dir='ltr'><strong>sit</strong></span> <span class='ocrx_word' id='word_1_597' title='bbox 2864 2938 2989 2978; x_wconf 83' lang='lat' dir='ltr'><strong>vera</strong></span> <span class='ocrx_word' id='word_1_598' title='bbox 3010 2914 3314 2981; x_wconf 87' lang='lat' dir='ltr'><strong>humanitas</strong></span> <span class='ocrx_word' id='word_1_599' title='bbox 3335 2927 3389 2981; x_wconf 88' lang='lat' dir='ltr'><strong>in</strong></span> <span class='ocrx_word' id='word_1_600' title='bbox 3410 2914 3653 2983; x_wconf 82' lang='lat' dir='ltr'><strong>Christo:</strong></span> <span class='ocrx_word' id='word_1_601' title='bbox 3683 2948 3702 2981; x_wconf 73' lang='grc' dir='ltr'><strong>ι</strong></span> 
     </span>
    </p>
   </div>
   <div class='ocr_carea' id='block_1_72' title="bbox 2156 3011 3708 3087">
    <p class='ocr_par' dir='ltr' id='par_1_72' title="bbox 2156 3011 3708 3087">
     <span class='ocr_line' id='line_1_72' title="bbox 2156 3011 3708 3087; baseline 0.005 -21"><span class='ocrx_word' id='word_1_602' title='bbox 2156 3011 2313 3079; x_wconf 85' lang='lat' dir='ltr'><strong>huius</strong></span> <span class='ocrx_word' id='word_1_603' title='bbox 2342 3012 2419 3067; x_wconf 84' lang='lat' dir='ltr'><strong>r&#39;ei</strong></span> <span class='ocrx_word' id='word_1_604' title='bbox 2454 3013 2550 3087; x_wconf 83' lang='lat' dir='ltr'><strong>tibi</strong></span> <span class='ocrx_word' id='word_1_605' title='bbox 2587 3013 2890 3068; x_wconf 88' lang='lat' dir='ltr'><strong>testimonia</strong></span> <span class='ocrx_word' id='word_1_606' title='bbox 2924 3029 3031 3068; x_wconf 90' lang='lat' dir='ltr'><strong>non</strong></span> <span class='ocrx_word' id='word_1_607' title='bbox 3059 3014 3227 3081; x_wconf 86' lang='lat' dir='ltr'><strong>dabo;</strong></span> <span class='ocrx_word' id='word_1_608' title='bbox 3268 3016 3392 3087; x_wconf 85' lang='lat' dir='ltr'><strong>quia</strong></span> <span class='ocrx_word' id='word_1_609' title='bbox 3416 3016 3708 3078; x_wconf 85' lang='lat' dir='ltr'><strong>catholicus</strong></span> 
     </span>
    </p>
   </div>
   <div class='ocr_carea' id='block_1_73' title="bbox 2153 3101 3712 3165">
    <p class='ocr_par' dir='ltr' id='par_1_73' title="bbox 2153 3101 3712 3165">
     <span class='ocr_line' id='line_1_73' title="bbox 2153 3101 3712 3165; baseline 0.004 -10"><span class='ocrx_word' id='word_1_610' title='bbox 2153 3114 2271 3155; x_wconf 88' lang='lat' dir='ltr'><strong>sum</strong></span> <span class='ocrx_word' id='word_1_611' title='bbox 2293 3140 2308 3165; x_wconf 93' lang='lat'><strong>,</strong></span> <span class='ocrx_word' id='word_1_612' title='bbox 2353 3101 2409 3155; x_wconf 89' lang='lat' dir='ltr'><strong>in</strong></span> <span class='ocrx_word' id='word_1_613' title='bbox 2451 3101 2711 3155; x_wconf 83' lang='lat' dir='ltr'><strong>catholica</strong></span> <span class='ocrx_word' id='word_1_614' title='bbox 2748 3111 2903 3157; x_wconf 89' lang='lat' dir='ltr'><strong>natus</strong></span> <span class='ocrx_word' id='word_1_615' title='bbox 2941 3112 2994 3156; x_wconf 89' lang='lat' dir='ltr'><strong>et</strong></span> <span class='ocrx_word' id='word_1_616' title='bbox 3022 3103 3267 3161; x_wconf 82' lang='lat' dir='ltr'><strong>nutritus</strong></span> <span class='ocrx_word' id='word_1_617' title='bbox 3289 3104 3525 3161; x_wconf 86' lang='lat' dir='ltr'><strong>Ecclesia</strong></span> <span class='ocrx_word' id='word_1_618' title='bbox 3544 3108 3712 3165; x_wconf 61' lang='grc' dir='ltr'>εἰεεά</span> 
     </span>
    </p>
   </div>
   <div class='ocr_carea' id='block_1_74' title="bbox 2152 3176 3710 3269">
    <p class='ocr_par' dir='ltr' id='par_1_74' title="bbox 2152 3176 3710 3269">
     <span class='ocr_line' id='line_1_74' title="bbox 2152 3176 3710 3269; baseline 0.004 -22"><span class='ocrx_word' id='word_1_619' title='bbox 2152 3192 2290 3247; x_wconf 84' lang='lat' dir='ltr'><strong>dabo</strong></span> <span class='ocrx_word' id='word_1_620' title='bbox 2320 3192 2413 3247; x_wconf 87' lang='lat' dir='ltr'><strong>tibi</strong></span> <span class='ocrx_word' id='word_1_621' title='bbox 2445 3186 2607 3248; x_wconf 78' lang='lat' dir='ltr'><strong>testes</strong></span> <span class='ocrx_word' id='word_1_622' title='bbox 2642 3192 2943 3249; x_wconf 84' lang='lat' dir='ltr'><strong>litterarum</strong></span> <span class='ocrx_word' id='word_1_623' title='bbox 2973 3207 3212 3249; x_wconf 85' lang='lat' dir='ltr'><strong>mearum</strong></span> <span class='ocrx_word' id='word_1_624' title='bbox 3238 3197 3427 3265; x_wconf 88' lang='lat' dir='ltr'><strong>series,</strong></span> <span class='ocrx_word' id='word_1_625' title='bbox 3458 3198 3504 3254; x_wconf 90' lang='lat' dir='ltr'><strong>si</strong></span> <span class='ocrx_word' id='word_1_626' title='bbox 3535 3176 3710 3269; x_wconf 78' lang='lat' dir='ltr'><strong>legere</strong></span> 
     </span>
    </p>
   </div>
   <div class='ocr_carea' id='block_1_75' title="bbox 2153 3271 3708 3359">
    <p class='ocr_par' dir='ltr' id='par_1_75' title="bbox 2153 3271 3708 3359">
     <span class='ocr_line' id='line_1_75' title="bbox 2153 3271 3708 3359; baseline 0.003 -20"><span class='ocrx_word' id='word_1_627' title='bbox 2153 3284 2410 3355; x_wconf 87' lang='lat' dir='ltr'><strong>digneris,</strong></span> <span class='ocrx_word' id='word_1_628' title='bbox 2439 3299 2620 3339; x_wconf 88' lang='lat' dir='ltr'><strong>veram</strong></span> <span class='ocrx_word' id='word_1_629' title='bbox 2656 3284 2985 3340; x_wconf 86' lang='lat' dir='ltr'><strong>divinitatem</strong></span> <span class='ocrx_word' id='word_1_630' title='bbox 3022 3295 3077 3341; x_wconf 89' lang='lat' dir='ltr'><strong>et</strong></span> <span class='ocrx_word' id='word_1_631' title='bbox 3104 3300 3285 3344; x_wconf 91' lang='lat' dir='ltr'><strong>veram</strong></span> <span class='ocrx_word' id='word_1_632' title='bbox 3321 3271 3708 3359; x_wconf 67' lang='lat' dir='ltr'><strong>humanitatem</strong></span> 
     </span>
    </p>
   </div>
   <div class='ocr_carea' id='block_1_76' title="bbox 2155 3373 3711 3451">
    <p class='ocr_par' dir='ltr' id='par_1_76' title="bbox 2155 3373 3711 3451">
     <span class='ocr_line' id='line_1_76' title="bbox 2155 3373 3711 3451; baseline 0.002 -21"><span class='ocrx_word' id='word_1_633' title='bbox 2155 3374 2471 3448; x_wconf 80' lang='lat' dir='ltr'><strong>conﬁtentes</strong></span> <span class='ocrx_word' id='word_1_634' title='bbox 2501 3374 2554 3428; x_wconf 94' lang='lat' dir='ltr'><strong>in</strong></span> <span class='ocrx_word' id='word_1_635' title='bbox 2580 3373 2792 3431; x_wconf 80' lang='lat' dir='ltr'><strong>Christo</strong></span> <span class='ocrx_word' id='word_1_636' title='bbox 2820 3374 2948 3431; x_wconf 88' lang='lat' dir='ltr'><strong>Deo.</strong></span> <span class='ocrx_word' id='word_1_637' title='bbox 2996 3374 3062 3429; x_wconf 83' lang='lat' dir='ltr'><strong>Et</strong></span> <span class='ocrx_word' id='word_1_638' title='bbox 3088 3377 3256 3451; x_wconf 81' lang='lat' dir='ltr'><strong>miror</strong></span> <span class='ocrx_word' id='word_1_639' title='bbox 3281 3392 3379 3434; x_wconf 91' lang='lat' dir='ltr'><strong>cur</strong></span> <span class='ocrx_word' id='word_1_640' title='bbox 3406 3374 3540 3433; x_wconf 87' lang='lat' dir='ltr'><strong>mihi</strong></span> <span class='ocrx_word' id='word_1_641' title='bbox 3575 3378 3711 3448; x_wconf 77' lang='lat' dir='ltr'><strong>obii-</strong></span> 
     </span>
    </p>
   </div>
   <div class='ocr_carea' id='block_1_77' title="bbox 2153 3463 3712 3542">
    <p class='ocr_par' dir='ltr' id='par_1_77' title="bbox 2153 3463 3712 3542">
     <span class='ocr_line' id='line_1_77' title="bbox 2153 3463 3712 3542; baseline 0.002 -22"><span class='ocrx_word' id='word_1_642' title='bbox 2153 3479 2278 3521; x_wconf 85' lang='lat' dir='ltr'><strong>cere</strong></span> <span class='ocrx_word' id='word_1_643' title='bbox 2296 3463 2447 3532; x_wconf 41' lang='lat' dir='ltr'><strong>velis,</strong></span> <span class='ocrx_word' id='word_1_644' title='bbox 2472 3466 2612 3533; x_wconf 90' lang='lat' dir='ltr'><strong>quod</strong></span> <span class='ocrx_word' id='word_1_645' title='bbox 2636 3478 2907 3538; x_wconf 86' lang='lat' dir='ltr'><strong>nunquam</strong></span> <span class='ocrx_word' id='word_1_646' title='bbox 2933 3481 3026 3533; x_wconf 17' lang='lat' dir='ltr'><strong>me,</strong></span> <span class='ocrx_word' id='word_1_647' title='bbox 3041 3465 3218 3521; x_wconf 88' lang='lat' dir='ltr'><strong>dicere</strong></span> <span class='ocrx_word' id='word_1_648' title='bbox 3242 3465 3433 3537; x_wconf 84' lang='lat' dir='ltr'><strong>legisti.</strong></span> <span class='ocrx_word' id='word_1_649' title='bbox 3465 3466 3712 3542; x_wconf 74' lang='lat' dir='ltr'><strong>Hortaris</strong></span> 
     </span>
    </p>
   </div>
   <div class='ocr_carea' id='block_1_78' title="bbox 2154 3544 3713 3628">
    <p class='ocr_par' dir='ltr' id='par_1_78' title="bbox 2154 3544 3713 3628">
     <span class='ocr_line' id='line_1_78' title="bbox 2154 3544 3713 3628; baseline 0.003 -19"><span class='ocrx_word' id='word_1_650' title='bbox 2154 3554 2447 3609; x_wconf 84' lang='lat' dir='ltr'><strong>meArium</strong></span> <span class='ocrx_word' id='word_1_651' title='bbox 2486 3568 2590 3607; x_wconf 88' lang='lat' dir='ltr'><strong>non</strong></span> <span class='ocrx_word' id='word_1_652' title='bbox 2631 3567 2767 3619; x_wconf 82' lang='lat' dir='ltr'><strong>esse,</strong></span> <span class='ocrx_word' id='word_1_653' title='bbox 2800 3554 2901 3625; x_wconf 82' lang='lat' dir='ltr'><strong>qui</strong></span> <span class='ocrx_word' id='word_1_654' title='bbox 2940 3553 3226 3609; x_wconf 90' lang='lat' dir='ltr'><strong>multorum</strong></span> <span class='ocrx_word' id='word_1_655' title='bbox 3247 3570 3342 3611; x_wconf 90' lang='lat' dir='ltr'><strong>sua</strong></span> <span class='ocrx_word' id='word_1_656' title='bbox 3361 3544 3713 3628; x_wconf 83' lang='lat' dir='ltr'><strong>perversitate</strong></span> 
     </span>
    </p>
   </div>
   <div class='ocr_carea' id='block_1_79' title="bbox 2154 3642 3711 3718">
    <p class='ocr_par' dir='ltr' id='par_1_79' title="bbox 2154 3642 3711 3718">
     <span class='ocr_line' id='line_1_79' title="bbox 2154 3642 3711 3718; baseline 0 -18"><span class='ocrx_word' id='word_1_657' title='bbox 2154 3643 2439 3700; x_wconf 85' lang='lat' dir='ltr'><strong>maculavit</strong></span> <span class='ocrx_word' id='word_1_658' title='bbox 2464 3644 2644 3709; x_wconf 80' lang='lat' dir='ltr'><strong>corda,</strong></span> <span class='ocrx_word' id='word_1_659' title='bbox 2668 3652 2729 3698; x_wconf 92' lang='lat' dir='ltr'><strong>ut</strong></span> <span class='ocrx_word' id='word_1_660' title='bbox 2756 3651 2900 3699; x_wconf 89' lang='lat' dir='ltr'><strong>recte</strong></span> <span class='ocrx_word' id='word_1_661' title='bbox 2929 3659 3033 3699; x_wconf 91' lang='lat' dir='ltr'><strong>non</strong></span> <span class='ocrx_word' id='word_1_662' title='bbox 3062 3642 3357 3701; x_wconf 82' lang='lat' dir='ltr'><strong>crederent.</strong></span> <span class='ocrx_word' id='word_1_663' title='bbox 3392 3646 3521 3718; x_wconf 86' lang='lat' dir='ltr'><strong>Ego,</strong></span> <span class='ocrx_word' id='word_1_664' title='bbox 3546 3645 3711 3718; x_wconf 86' lang='lat' dir='ltr'><strong>gloria</strong></span> 
     </span>
    </p>
   </div>
   <div class='ocr_carea' id='block_1_80' title="bbox 2155 3732 3709 3806">
    <p class='ocr_par' dir='ltr' id='par_1_80' title="bbox 2155 3732 3709 3806">
     <span class='ocr_line' id='line_1_80' title="bbox 2155 3732 3709 3806; baseline 0 -16"><span class='ocrx_word' id='word_1_665' title='bbox 2155 3734 2265 3790; x_wconf 85' lang='lat' dir='ltr'><strong>Deo</strong></span> <span class='ocrx_word' id='word_1_666' title='bbox 2284 3732 2432 3799; x_wconf 81' lang='lat' dir='ltr'><strong>Jesu,</strong></span> <span class='ocrx_word' id='word_1_667' title='bbox 2453 3748 2723 3802; x_wconf 85' lang='lat' dir='ltr'><strong>nunquam</strong></span> <span class='ocrx_word' id='word_1_668' title='bbox 2746 3732 2801 3788; x_wconf 92' lang='lat' dir='ltr'><strong>in</strong></span> <span class='ocrx_word' id='word_1_669' title='bbox 2819 3734 3129 3788; x_wconf 85' lang='lat' dir='ltr'><strong>barathrum</strong></span> <span class='ocrx_word' id='word_1_670' title='bbox 3153 3734 3266 3789; x_wconf 81' lang='lat' dir='ltr'><strong>Arii</strong></span> <span class='ocrx_word' id='word_1_671' title='bbox 3289 3734 3534 3806; x_wconf 86' lang='lat' dir='ltr'><strong>delapsus</strong></span> <span class='ocrx_word' id='word_1_672' title='bbox 3558 3751 3709 3800; x_wconf 88' lang='lat' dir='ltr'><strong>sum;</strong></span> 
     </span>
    </p>
   </div>
   <div class='ocr_carea' id='block_1_81' title="bbox 2155 3822 3715 3894">
    <p class='ocr_par' dir='ltr' id='par_1_81' title="bbox 2155 3822 3715 3894">
     <span class='ocr_line' id='line_1_81' title="bbox 2155 3822 3715 3894; baseline -0.001 -13"><span class='ocrx_word' id='word_1_673' title='bbox 2155 3826 2249 3881; x_wconf 87' lang='lat' dir='ltr'><strong>sed</strong></span> <span class='ocrx_word' id='word_1_674' title='bbox 2279 3833 2335 3879; x_wconf 92' lang='lat' dir='ltr'><strong>tu</strong></span> <span class='ocrx_word' id='word_1_675' title='bbox 2359 3824 2441 3879; x_wconf 89' lang='lat' dir='ltr'><strong>vel</strong></span> <span class='ocrx_word' id='word_1_676' title='bbox 2472 3825 2632 3879; x_wconf 80' lang='lat' dir='ltr'><strong>Arius</strong></span> <span class='ocrx_word' id='word_1_677' title='bbox 2660 3838 2780 3880; x_wconf 85' lang='lat' dir='ltr'><strong>esse</strong></span> <span class='ocrx_word' id='word_1_678' title='bbox 2804 3822 3141 3894; x_wconf 87' lang='lat' dir='ltr'><strong>probaheris,</strong></span> <span class='ocrx_word' id='word_1_679' title='bbox 3172 3822 3255 3877; x_wconf 91' lang='lat' dir='ltr'><strong>vel</strong></span> <span class='ocrx_word' id='word_1_680' title='bbox 3281 3825 3715 3883; x_wconf 15' lang='lat' dir='ltr'><strong>tuamttlamnare</strong></span> 
     </span>
    </p>
   </div>
   <div class='ocr_carea' id='block_1_82' title="bbox 2154 3909 3710 3987">
    <p class='ocr_par' dir='ltr' id='par_1_82' title="bbox 2154 3909 3710 3987">
     <span class='ocr_line' id='line_1_82' title="bbox 2154 3909 3710 3987; baseline 0.001 -19"><span class='ocrx_word' id='word_1_681' title='bbox 2154 3913 2474 3987; x_wconf 86' lang='lat' dir='ltr'><strong>sententiam</strong></span> <span class='ocrx_word' id='word_1_682' title='bbox 2502 3911 2738 3980; x_wconf 81' lang='lat' dir='ltr'><strong>cogeris;</strong></span> <span class='ocrx_word' id='word_1_683' title='bbox 2777 3910 2868 3980; x_wconf 86' lang='lat' dir='ltr'><strong>qui</strong></span> <span class='ocrx_word' id='word_1_684' title='bbox 2897 3909 3091 3965; x_wconf 88' lang='lat' dir='ltr'><strong>asseris</strong></span> <span class='ocrx_word' id='word_1_685' title='bbox 3118 3910 3311 3965; x_wconf 89' lang='lat' dir='ltr'><strong>Filium</strong></span> <span class='ocrx_word' id='word_1_686' title='bbox 3342 3910 3438 3967; x_wconf 91' lang='lat' dir='ltr'><strong>Dei</strong></span> <span class='ocrx_word' id='word_1_687' title='bbox 3470 3914 3710 3980; x_wconf 85' lang='lat' dir='ltr'><strong>unicum,</strong></span> 
     </span>
    </p>
   </div>
   <div class='ocr_carea' id='block_1_83' title="bbox 2152 4000 3711 4077">
    <p class='ocr_par' dir='ltr' id='par_1_83' title="bbox 2152 4000 3711 4077">
     <span class='ocr_line' id='line_1_83' title="bbox 2152 4000 3711 4077; baseline 0.003 -18"><span class='ocrx_word' id='word_1_688' title='bbox 2152 4003 2497 4074; x_wconf 86' lang='lat' dir='ltr'><strong>unigenitum,</strong></span> <span class='ocrx_word' id='word_1_689' title='bbox 2529 4000 2789 4071; x_wconf 64' lang='lat' dir='ltr'><strong>uniusciue</strong></span> <span class='ocrx_word' id='word_1_690' title='bbox 2811 4002 2998 4074; x_wconf 84' lang='lat' dir='ltr'><strong>procul</strong></span> <span class='ocrx_word' id='word_1_691' title='bbox 3026 4002 3188 4059; x_wconf 89' lang='lat' dir='ltr'><strong>dubio</strong></span> <span class='ocrx_word' id='word_1_692' title='bbox 3214 4018 3474 4075; x_wconf 69' lang='lat' dir='ltr'><strong>personae,</strong></span> <span class='ocrx_word' id='word_1_693' title='bbox 3505 4007 3711 4077; x_wconf 87' lang='lat' dir='ltr'><strong>adopti-</strong></span> 
     </span>
    </p>
   </div>
   <div class='ocr_carea' id='block_1_84' title="bbox 2152 4090 3716 4173">
    <p class='ocr_par' dir='ltr' id='par_1_84' title="bbox 2152 4090 3716 4173">
     <span class='ocr_line' id='line_1_84' title="bbox 2152 4090 3716 4173; baseline 0.002 -24"><span class='ocrx_word' id='word_1_694' title='bbox 2152 4109 2278 4149; x_wconf 87' lang='lat' dir='ltr'><strong>vum</strong></span> <span class='ocrx_word' id='word_1_695' title='bbox 2298 4107 2435 4149; x_wconf 90' lang='lat' dir='ltr'><strong>esse.</strong></span> <span class='ocrx_word' id='word_1_696' title='bbox 2465 4090 2712 4161; x_wconf 81' lang='lat' dir='ltr'><strong>Nunquid</strong></span> <span class='ocrx_word' id='word_1_697' title='bbox 2735 4106 2840 4167; x_wconf 84' lang='lat' dir='ltr'><strong>non</strong></span> <span class='ocrx_word' id='word_1_698' title='bbox 2864 4102 2920 4147; x_wconf 92' lang='lat' dir='ltr'><strong>tu</strong></span> <span class='ocrx_word' id='word_1_699' title='bbox 2942 4092 2995 4147; x_wconf 91' lang='lat' dir='ltr'><strong>in</strong></span> <span class='ocrx_word' id='word_1_700' title='bbox 3016 4094 3203 4150; x_wconf 89' lang='lat' dir='ltr'><strong>eadem</strong></span> <span class='ocrx_word' id='word_1_701' title='bbox 3227 4107 3453 4173; x_wconf 84' lang='lat' dir='ltr'><strong>persona</strong></span> <span class='ocrx_word' id='word_1_702' title='bbox 3475 4095 3716 4167; x_wconf 87' lang='lat' dir='ltr'><strong>adoptio-</strong></span> 
     </span>
    </p>
   </div>
   <div class='ocr_carea' id='block_1_85' title="bbox 2152 4182 3802 4257">
    <p class='ocr_par' dir='ltr' id='par_1_85' title="bbox 2152 4182 3802 4257">
     <span class='ocr_line' id='line_1_85' title="bbox 2152 4182 3802 4257; baseline -0.002 -16"><span class='ocrx_word' id='word_1_703' title='bbox 2152 4198 2276 4241; x_wconf 86' lang='lat' dir='ltr'><strong>nem</strong></span> <span class='ocrx_word' id='word_1_704' title='bbox 2302 4197 2423 4240; x_wconf 87' lang='lat' dir='ltr'><strong>esse</strong></span> <span class='ocrx_word' id='word_1_705' title='bbox 2446 4182 2701 4249; x_wconf 75' lang='lat' dir='ltr'><strong>adirmas,</strong></span> <span class='ocrx_word' id='word_1_706' title='bbox 2730 4194 2888 4257; x_wconf 86' lang='lat' dir='ltr'><strong>quam</strong></span> <span class='ocrx_word' id='word_1_707' title='bbox 2918 4183 3076 4240; x_wconf 83' lang='lat' dir='ltr'><strong>Arius</strong></span> <span class='ocrx_word' id='word_1_708' title='bbox 3112 4183 3239 4239; x_wconf 84' lang='lat' dir='ltr'><strong>olim</strong></span> <span class='ocrx_word' id='word_1_709' title='bbox 3278 4183 3579 4239; x_wconf 85' lang='lat' dir='ltr'><strong>detestabili</strong></span> <span class='ocrx_word' id='word_1_710' title='bbox 3610 4185 3711 4239; x_wconf 59' lang='lat' dir='ltr'><strong>im.</strong></span> <span class='ocrx_word' id='word_1_711' title='bbox 3796 4218 3802 4225; x_wconf 59' lang='lat'><strong>.</strong></span> 
     </span>
    </p>
   </div>
   <div class='ocr_carea' id='block_1_86' title="bbox 2153 4270 3708 4348">
    <p class='ocr_par' dir='ltr' id='par_1_86' title="bbox 2153 4270 3708 4348">
     <span class='ocr_line' id='line_1_86' title="bbox 2153 4270 3708 4348; baseline -0.001 -16"><span class='ocrx_word' id='word_1_712' title='bbox 2153 4276 2353 4347; x_wconf 88' lang='lat' dir='ltr'><strong>pietate</strong></span> <span class='ocrx_word' id='word_1_713' title='bbox 2394 4277 2698 4348; x_wconf 80' lang='lat' dir='ltr'><strong>adOptivam</strong></span> <span class='ocrx_word' id='word_1_714' title='bbox 2725 4291 2843 4332; x_wconf 90' lang='lat' dir='ltr'><strong>esse</strong></span> <span class='ocrx_word' id='word_1_715' title='bbox 2874 4274 3141 4330; x_wconf 85' lang='lat' dir='ltr'><strong>asseruit?</strong></span> <span class='ocrx_word' id='word_1_716' title='bbox 3182 4270 3297 4330; x_wconf 76' lang='lat' dir='ltr'><strong>Aut</strong></span> <span class='ocrx_word' id='word_1_717' title='bbox 3318 4274 3365 4329; x_wconf 93' lang='lat' dir='ltr'><strong>si</strong></span> <span class='ocrx_word' id='word_1_718' title='bbox 3396 4273 3535 4333; x_wconf 87' lang='lat' dir='ltr'><strong>banc</strong></span> <span class='ocrx_word' id='word_1_719' title='bbox 3563 4275 3708 4339; x_wconf 84' lang='lat' dir='ltr'><strong>blas-</strong></span> 
     </span>
    </p>
   </div>
   <div class='ocr_carea' id='block_1_87' title="bbox 502 4352 3712 4472">
    <p class='ocr_par' dir='ltr' id='par_1_87' title="bbox 502 4352 3712 4472">
     <span class='ocr_line' id='line_1_87' title="bbox 502 4352 3712 4472; baseline -0.007 -28"><span class='ocrx_word' id='word_1_720' title='bbox 502 4352 686 4467; x_wconf 59' lang='grc' dir='ltr'><strong>ἱππεῖ),</strong></span> <span class='ocrx_word' id='word_1_721' title='bbox 715 4401 772 4450; x_wconf 81' lang='lat' dir='ltr'><strong>et</strong></span> <span class='ocrx_word' id='word_1_722' title='bbox 792 4352 910 4463; x_wconf 50' lang='lat' dir='ltr'><strong>qua:</strong></span> <span class='ocrx_word' id='word_1_723' title='bbox 936 4352 1126 4461; x_wconf 73' lang='lat' dir='ltr'><strong>gentes</strong></span> <span class='ocrx_word' id='word_1_724' title='bbox 1140 4352 1744 4457; x_wconf 43' lang='lat' dir='ltr'><strong>cumwdeprecahuntur,</strong></span> <span class='ocrx_word' id='word_1_725' title='bbox 1777 4381 1820 4435; x_wconf 87' lang='lat' dir='ltr'><strong>si</strong></span> <span class='ocrx_word' id='word_1_726' title='bbox 1852 4379 1906 4433; x_wconf 87' lang='lat' dir='ltr'><strong>in</strong></span> <span class='ocrx_word' id='word_1_727' title='bbox 1944 4378 2057 4433; x_wconf 86' lang='lat' dir='ltr'><strong>sola</strong></span> <span class='ocrx_word' id='word_1_728' title='bbox 2084 4410 2137 4472; x_wconf 69' lang='grc' dir='ltr'>υ</span> <span class='ocrx_word' id='word_1_729' title='bbox 2156 4369 2425 4438; x_wconf 85' lang='lat' dir='ltr'><strong>phemiam</strong></span> <span class='ocrx_word' id='word_1_730' title='bbox 2470 4368 2735 4423; x_wconf 86' lang='lat' dir='ltr'><strong>declinare</strong></span> <span class='ocrx_word' id='word_1_731' title='bbox 2778 4367 2984 4433; x_wconf 86' lang='lat' dir='ltr'><strong>niteris,</strong></span> <span class='ocrx_word' id='word_1_732' title='bbox 3018 4381 3138 4421; x_wconf 80' lang='lat' dir='ltr'><strong>mox</strong></span> <span class='ocrx_word' id='word_1_733' title='bbox 3166 4365 3356 4422; x_wconf 91' lang='lat' dir='ltr'><strong>incidis</strong></span> <span class='ocrx_word' id='word_1_734' title='bbox 3384 4365 3438 4421; x_wconf 88' lang='lat' dir='ltr'><strong>in</strong></span> <span class='ocrx_word' id='word_1_735' title='bbox 3465 4352 3712 4437; x_wconf 79' lang='lat' dir='ltr'><strong>laqueum</strong></span> 
     </span>
    </p>
   </div>
   <div class='ocr_carea' id='block_1_88' title="bbox 502 4469 2056 4554">
    <p class='ocr_par' dir='ltr' id='par_1_88' title="bbox 502 4469 2056 4554">
     <span class='ocr_line' id='line_1_88' title="bbox 502 4469 2056 4554; baseline -0.012 -14"><span class='ocrx_word' id='word_1_736' title='bbox 502 4483 757 4553; x_wconf 69' lang='lat' dir='ltr'><strong>Hispania</strong></span> <span class='ocrx_word' id='word_1_737' title='bbox 784 4478 1404 4550; x_wconf 34' lang='lat' dir='ltr'><strong>perpauci‘musitatores</strong></span> <span class='ocrx_word' id='word_1_738' title='bbox 1427 4488 1551 4529; x_wconf 89' lang='lat' dir='ltr'><strong>eum</strong></span> <span class='ocrx_word' id='word_1_739' title='bbox 1579 4472 1840 4527; x_wconf 87' lang='lat' dir='ltr'><strong>catholice</strong></span> <span class='ocrx_word' id='word_1_740' title='bbox 1867 4469 2056 4554; x_wconf 70' lang='lat' dir='ltr'><strong>depre-</strong></span> 
     </span>
    </p>
   </div>
   <div class='ocr_carea' id='block_1_89' title="bbox 501 4558 2055 4637">
    <p class='ocr_par' dir='ltr' id='par_1_89' title="bbox 501 4558 2055 4637">
     <span class='ocr_line' id='line_1_89' title="bbox 501 4558 2055 4637; baseline -0.012 -7"><span class='ocrx_word' id='word_1_741' title='bbox 501 4571 733 4632; x_wconf 80' lang='lat' dir='ltr'><strong>cantur?</strong></span> <span class='ocrx_word' id='word_1_742' title='bbox 776 4571 879 4637; x_wconf 80' lang='lat' dir='ltr'><strong>Qui</strong></span> <span class='ocrx_word' id='word_1_743' title='bbox 918 4567 1214 4624; x_wconf 55' lang='lat' dir='ltr'><strong>artissime</strong></span> <span class='ocrx_word' id='word_1_744' title='bbox 1243 4565 1441 4619; x_wconf 85' lang='lat' dir='ltr'><strong>nullius</strong></span> <span class='ocrx_word' id='word_1_745' title='bbox 1465 4558 1660 4632; x_wconf 83' lang='lat' dir='ltr'><strong>accipit</strong></span> <span class='ocrx_word' id='word_1_746' title='bbox 1693 4576 1911 4629; x_wconf 88' lang='lat' dir='ltr'><strong>preces,</strong></span> <span class='ocrx_word' id='word_1_747' title='bbox 1951 4559 2055 4613; x_wconf 88' lang='lat' dir='ltr'><strong>nisi</strong></span> 
     </span>
    </p>
   </div>
   <div class='ocr_carea' id='block_1_90' title="bbox 503 4648 2056 4725">
    <p class='ocr_par' dir='ltr' id='par_1_90' title="bbox 503 4648 2056 4725">
     <span class='ocr_line' id='line_1_90' title="bbox 503 4648 2056 4725; baseline -0.014 -4"><span class='ocrx_word' id='word_1_748' title='bbox 503 4666 559 4722; x_wconf 85' lang='lat' dir='ltr'><strong>in</strong></span> <span class='ocrx_word' id='word_1_749' title='bbox 588 4661 853 4719; x_wconf 80' lang='lat' dir='ltr'><strong>cbaritate</strong></span> <span class='ocrx_word' id='word_1_750' title='bbox 880 4658 1157 4714; x_wconf 80' lang='lat' dir='ltr'><strong>catholica:</strong></span> <span class='ocrx_word' id='word_1_751' title='bbox 1182 4655 1332 4725; x_wconf 86' lang='lat' dir='ltr'><strong>pacis</strong></span> <span class='ocrx_word' id='word_1_752' title='bbox 1353 4650 1719 4723; x_wconf 70' lang='lat' dir='ltr'><strong>proferantur;</strong></span> <span class='ocrx_word' id='word_1_753' title='bbox 1759 4648 1853 4703; x_wconf 89' lang='lat' dir='ltr'><strong>sed</strong></span> <span class='ocrx_word' id='word_1_754' title='bbox 1881 4656 1935 4702; x_wconf 84' lang='lat' dir='ltr'><strong>et</strong></span> <span class='ocrx_word' id='word_1_755' title='bbox 1971 4662 2056 4701; x_wconf 90' lang='lat' dir='ltr'><strong>se-</strong></span> 
     </span>
    </p>
   </div>
   <div class='ocr_carea' id='block_1_91' title="bbox 503 4737 2057 4829">
    <p class='ocr_par' dir='ltr' id='par_1_91' title="bbox 503 4737 2057 4829">
     <span class='ocr_line' id='line_1_91' title="bbox 503 4737 2057 4829; baseline -0.012 -17"><span class='ocrx_word' id='word_1_756' title='bbox 503 4756 749 4829; x_wconf 83' lang='lat' dir='ltr'><strong>pulcrum</strong></span> <span class='ocrx_word' id='word_1_757' title='bbox 776 4750 949 4815; x_wconf 88' lang='lat' dir='ltr'><strong>illius,</strong></span> <span class='ocrx_word' id='word_1_758' title='bbox 990 4762 1149 4829; x_wconf 78' lang='lat' dir='ltr'><strong>quem</strong></span> <span class='ocrx_word' id='word_1_759' title='bbox 1177 4760 1275 4802; x_wconf 83' lang='lat' dir='ltr'><strong>vos</strong></span> <span class='ocrx_word' id='word_1_760' title='bbox 1301 4743 1583 4817; x_wconf 79' lang='lat' dir='ltr'><strong>ignobiiem</strong></span> <span class='ocrx_word' id='word_1_761' title='bbox 1612 4740 1821 4805; x_wconf 88' lang='lat' dir='ltr'><strong>dicitis,</strong></span> <span class='ocrx_word' id='word_1_762' title='bbox 1860 4737 2057 4809; x_wconf 87' lang='lat' dir='ltr'><strong>glorio-</strong></span> 
     </span>
    </p>
   </div>
   <div class='ocr_carea' id='block_1_92' title="bbox 502 4812 2054 4909">
    <p class='ocr_par' dir='ltr' id='par_1_92' title="bbox 502 4812 2054 4909">
     <span class='ocr_line' id='line_1_92' title="bbox 502 4812 2054 4909; baseline -0.012 -7"><span class='ocrx_word' id='word_1_763' title='bbox 502 4812 625 4901; x_wconf 61' lang='lat' dir='ltr'><strong>sum</strong></span> <span class='ocrx_word' id='word_1_764' title='bbox 648 4856 768 4899; x_wconf 89' lang='lat' dir='ltr'><strong>esse</strong></span> <span class='ocrx_word' id='word_1_765' title='bbox 784 4812 1047 4909; x_wconf 67' lang='lat' dir='ltr'><strong>Propheta</strong></span> <span class='ocrx_word' id='word_1_766' title='bbox 1068 4812 1346 4909; x_wconf 39' lang='lat' dir='ltr'><strong>priedixit:</strong></span> <span class='ocrx_word' id='word_1_767' title='bbox 1360 4834 1417 4890; x_wconf 86' lang='lat' dir='ltr'><strong>Si</strong></span> <span class='ocrx_word' id='word_1_768' title='bbox 1441 4832 1742 4904; x_wconf 86' lang='lat' dir='ltr'><strong>sepulcrum</strong></span> <span class='ocrx_word' id='word_1_769' title='bbox 1768 4829 2054 4902; x_wconf 86' lang='lat' dir='ltr'><strong>gloriosum</strong></span> 
     </span>
    </p>
   </div>
   <div class='ocr_carea' id='block_1_93' title="bbox 503 4914 2057 5008">
    <p class='ocr_par' dir='ltr' id='par_1_93' title="bbox 503 4914 2057 5008">
     <span class='ocr_line' id='line_1_93' title="bbox 503 4914 2057 5008; baseline -0.012 -15"><span class='ocrx_word' id='word_1_770' title='bbox 503 4945 612 5001; x_wconf 86' lang='lat' dir='ltr'><strong>est,</strong></span> <span class='ocrx_word' id='word_1_771' title='bbox 636 4945 837 5008; x_wconf 89' lang='lat' dir='ltr'><strong>quanto</strong></span> <span class='ocrx_word' id='word_1_772' title='bbox 862 4932 1031 5005; x_wconf 83' lang='lat' dir='ltr'><strong>magis</strong></span> <span class='ocrx_word' id='word_1_773' title='bbox 1057 4914 1318 5003; x_wconf 84' lang='lat' dir='ltr'><strong>gloriosus</strong></span> <span class='ocrx_word' id='word_1_774' title='bbox 1340 4933 1444 4991; x_wconf 87' lang='lat' dir='ltr'><strong>est,</strong></span> <span class='ocrx_word' id='word_1_775' title='bbox 1469 4925 1558 4994; x_wconf 87' lang='lat' dir='ltr'><strong>qui</strong></span> <span class='ocrx_word' id='word_1_776' title='bbox 1585 4925 1639 4979; x_wconf 93' lang='lat' dir='ltr'><strong>in</strong></span> <span class='ocrx_word' id='word_1_777' title='bbox 1664 4921 1909 4991; x_wconf 80' lang='lat' dir='ltr'><strong>sepulcro</strong></span> <span class='ocrx_word' id='word_1_778' title='bbox 1932 4922 2057 4977; x_wconf 90' lang='lat' dir='ltr'><strong>dor-</strong></span> 
     </span>
    </p>
   </div>
   <div class='ocr_carea' id='block_1_94' title="bbox 394 5190 2051 5277">
    <p class='ocr_par' dir='ltr' id='par_1_94' title="bbox 394 5190 2051 5277">
     <span class='ocr_line' id='line_1_94' title="bbox 394 5190 2051 5277; baseline -0.013 -11"><span class='ocrx_word' id='word_1_779' title='bbox 394 5190 403 5195; x_wconf 31' lang='grc' dir='ltr'><em>ί</em></span> <span class='ocrx_word' id='word_1_780' title='bbox 503 5204 763 5277; x_wconf 77' lang='lat' dir='ltr'><strong>Adiungis</strong></span> <span class='ocrx_word' id='word_1_781' title='bbox 805 5218 1036 5274; x_wconf 83' lang='lat' dir='ltr'><strong>namque</strong></span> <span class='ocrx_word' id='word_1_782' title='bbox 1073 5204 1294 5259; x_wconf 82' lang='lat' dir='ltr'><strong>Patrum</strong></span> <span class='ocrx_word' id='word_1_783' title='bbox 1339 5196 1653 5254; x_wconf 85' lang='lat' dir='ltr'><strong>catholicam</strong></span> <span class='ocrx_word' id='word_1_784' title='bbox 1695 5191 2051 5247; x_wconf 78' lang='lat' dir='ltr'><strong>sententiam:</strong></span> 
     </span>
    </p>
   </div>
   <div class='ocr_carea' id='block_1_95' title="bbox 510 5283 2054 5358">
    <p class='ocr_par' dir='ltr' id='par_1_95' title="bbox 510 5283 2054 5358">
     <span class='ocr_line' id='line_1_95' title="bbox 510 5283 2054 5358; baseline -0.009 -9"><span class='ocrx_word' id='word_1_785' title='bbox 510 5315 534 5349; x_wconf 73' lang='grc' dir='ltr'><strong>ι</strong></span> <span class='ocrx_word' id='word_1_786' title='bbox 562 5295 727 5351; x_wconf 72' lang='lat' dir='ltr'><strong>Totus</strong></span> <span class='ocrx_word' id='word_1_787' title='bbox 754 5296 811 5349; x_wconf 92' lang='lat' dir='ltr'><strong>in</strong></span> <span class='ocrx_word' id='word_1_788' title='bbox 839 5292 972 5358; x_wconf 88' lang='lat' dir='ltr'><strong>suis,</strong></span> <span class='ocrx_word' id='word_1_789' title='bbox 999 5299 1055 5348; x_wconf 91' lang='lat' dir='ltr'><strong>et</strong></span> <span class='ocrx_word' id='word_1_790' title='bbox 1076 5300 1223 5347; x_wconf 90' lang='lat' dir='ltr'><strong>totus</strong></span> <span class='ocrx_word' id='word_1_791' title='bbox 1251 5291 1306 5347; x_wconf 91' lang='lat' dir='ltr'><strong>in</strong></span> <span class='ocrx_word' id='word_1_792' title='bbox 1342 5288 1561 5352; x_wconf 83' lang='lat' dir='ltr'><strong>nostris,</strong></span> <span class='ocrx_word' id='word_1_793' title='bbox 1587 5304 1605 5337; x_wconf 72' lang='grc' dir='ltr'><strong>ι</strong></span> <span class='ocrx_word' id='word_1_794' title='bbox 1639 5283 1838 5339; x_wconf 80' lang='lat' dir='ltr'><strong>addens</strong></span> <span class='ocrx_word' id='word_1_795' title='bbox 1867 5295 1933 5337; x_wconf 79' lang='lat' dir='ltr'><strong>ex</strong></span> <span class='ocrx_word' id='word_1_796' title='bbox 1961 5289 2054 5336; x_wconf 91' lang='lat' dir='ltr'><strong>tuo</strong></span> 
     </span>
    </p>
   </div>
   <div class='ocr_carea' id='block_1_96' title="bbox 506 5374 2056 5454">
    <p class='ocr_par' dir='ltr' id='par_1_96' title="bbox 506 5374 2056 5454">
     <span class='ocr_line' id='line_1_96' title="bbox 506 5374 2056 5454; baseline -0.014 -8"><span class='ocrx_word' id='word_1_797' title='bbox 506 5402 707 5447; x_wconf 82' lang='lat' dir='ltr'><strong>sensu:</strong></span> <span class='ocrx_word' id='word_1_798' title='bbox 738 5404 756 5439; x_wconf 87' lang='grc' dir='ltr'><strong>ι</strong></span> <span class='ocrx_word' id='word_1_799' title='bbox 783 5385 960 5454; x_wconf 85' lang='lat' dir='ltr'><strong>Quare</strong></span> <span class='ocrx_word' id='word_1_800' title='bbox 990 5398 1095 5438; x_wconf 88' lang='lat' dir='ltr'><strong>non</strong></span> <span class='ocrx_word' id='word_1_801' title='bbox 1124 5382 1332 5439; x_wconf 86' lang='lat' dir='ltr'><strong>dicatur</strong></span> <span class='ocrx_word' id='word_1_802' title='bbox 1354 5378 1651 5450; x_wconf 88' lang='lat' dir='ltr'><strong>adoptivus,</strong></span> <span class='ocrx_word' id='word_1_803' title='bbox 1682 5375 1771 5446; x_wconf 85' lang='lat' dir='ltr'><strong>qui</strong></span> <span class='ocrx_word' id='word_1_804' title='bbox 1803 5374 1877 5427; x_wconf 83' lang='lat' dir='ltr'><strong>ita</strong></span> <span class='ocrx_word' id='word_1_805' title='bbox 1913 5380 2056 5427; x_wconf 89' lang='lat' dir='ltr'><strong>totus</strong></span> 
     </span>
    </p>
   </div>
   <div class='ocr_carea' id='block_1_97' title="bbox 580 5520 2057 5605">
    <p class='ocr_par' dir='ltr' id='par_1_97' title="bbox 580 5520 2057 5605">
     <span class='ocr_line' id='line_1_97' title="bbox 580 5520 2057 5605; baseline -0.009 -7"><span class='ocrx_word' id='word_1_806' title='bbox 580 5554 607 5584; x_wconf 83' lang='grc' dir='ltr'>ι</span> <span class='ocrx_word' id='word_1_807' title='bbox 626 5541 686 5598; x_wconf 82' lang='lat' dir='ltr'><strong>in</strong></span> <span class='ocrx_word' id='word_1_808' title='bbox 719 5520 871 5597; x_wconf 83' lang='lat' dir='ltr'><strong>libris</strong></span> <span class='ocrx_word' id='word_1_809' title='bbox 896 5556 970 5596; x_wconf 86' lang='lat' dir='ltr'><strong>vtt</strong></span> <span class='ocrx_word' id='word_1_810' title='bbox 1010 5539 1269 5594; x_wconf 74' lang='lat' dir='ltr'><strong>adversus</strong></span> <span class='ocrx_word' id='word_1_811' title='bbox 1295 5537 1559 5601; x_wconf 83' lang='lat' dir='ltr'><strong>Felicem;</strong></span> <span class='ocrx_word' id='word_1_812' title='bbox 1604 5536 1683 5591; x_wconf 79' lang='lat' dir='ltr'><strong>vel</strong></span> <span class='ocrx_word' id='word_1_813' title='bbox 1710 5532 1885 5605; x_wconf 86' lang='lat' dir='ltr'><strong>potius</strong></span> <span class='ocrx_word' id='word_1_814' title='bbox 1914 5531 1966 5587; x_wconf 84' lang='lat' dir='ltr'><strong>in</strong></span> <span class='ocrx_word' id='word_1_815' title='bbox 1997 5529 2057 5585; x_wconf 88' lang='lat' dir='ltr'><strong>li-</strong></span> 
     </span>
    </p>
   </div>
   <div class='ocr_carea' id='block_1_98' title="bbox 508 5608 1564 5678">
    <p class='ocr_par' dir='ltr' id='par_1_98' title="bbox 508 5608 1564 5678">
     <span class='ocr_line' id='line_1_98' title="bbox 508 5608 1564 5678; baseline -0.01 -7"><span class='ocrx_word' id='word_1_816' title='bbox 508 5610 652 5678; x_wconf 78' lang='lat' dir='ltr'><strong>bello</strong></span> <span class='ocrx_word' id='word_1_817' title='bbox 676 5612 743 5669; x_wconf 80' lang='lat' dir='ltr'><strong>ad</strong></span> <span class='ocrx_word' id='word_1_818' title='bbox 768 5610 1056 5668; x_wconf 81' lang='lat' dir='ltr'><strong>monachos</strong></span> <span class='ocrx_word' id='word_1_819' title='bbox 1078 5608 1285 5664; x_wconf 78' lang='lat' dir='ltr'><strong>Gothiu:</strong></span> <span class='ocrx_word' id='word_1_820' title='bbox 1312 5608 1491 5663; x_wconf 84' lang='lat' dir='ltr'><strong>misso.</strong></span> <span class='ocrx_word' id='word_1_821' title='bbox 1554 5616 1564 5625; x_wconf 74' lang='lat'><strong>‘</strong></span> 
     </span>
    </p>
   </div>
   <div class='ocr_carea' id='block_1_99' title="bbox 2154 4457 3710 4543">
    <p class='ocr_par' dir='ltr' id='par_1_99' title="bbox 2154 4457 3710 4529">
     <span class='ocr_line' id='line_1_99' title="bbox 2154 4457 3710 4529; baseline -0.003 -14"><span class='ocrx_word' id='word_1_822' title='bbox 2154 4459 2411 4526; x_wconf 84' lang='lat' dir='ltr'><strong>Nestorii,</strong></span> <span class='ocrx_word' id='word_1_823' title='bbox 2440 4460 2496 4514; x_wconf 92' lang='lat' dir='ltr'><strong>in</strong></span> <span class='ocrx_word' id='word_1_824' title='bbox 2524 4460 2655 4516; x_wconf 88' lang='lat' dir='ltr'><strong>duas</strong></span> <span class='ocrx_word' id='word_1_825' title='bbox 2681 4457 2955 4513; x_wconf 87' lang='lat' dir='ltr'><strong>Christum</strong></span> <span class='ocrx_word' id='word_1_826' title='bbox 2981 4458 3221 4513; x_wconf 81' lang='lat' dir='ltr'><strong>dividens</strong></span> <span class='ocrx_word' id='word_1_827' title='bbox 3244 4470 3520 4529; x_wconf 83' lang='lat' dir='ltr'><strong>personas,</strong></span> <span class='ocrx_word' id='word_1_828' title='bbox 3550 4472 3710 4511; x_wconf 85' lang='lat' dir='ltr'><strong>unam</strong></span> 
     </span>
    </p>
   </div>
   <div class='ocr_carea' id='block_1_100' title="bbox 2153 4550 3715 4627">
    <p class='ocr_par' dir='ltr' id='par_1_100' title="bbox 2153 4550 3715 4627">
     <span class='ocr_line' id='line_1_100' title="bbox 2153 4550 3715 4627; baseline -0.001 -20"><span class='ocrx_word' id='word_1_829' title='bbox 2153 4550 2449 4627; x_wconf 86' lang='lat' dir='ltr'><strong>propriam,</strong></span> <span class='ocrx_word' id='word_1_830' title='bbox 2478 4560 2533 4607; x_wconf 89' lang='lat' dir='ltr'><strong>et</strong></span> <span class='ocrx_word' id='word_1_831' title='bbox 2560 4552 2782 4607; x_wconf 88' lang='lat' dir='ltr'><strong>alteram</strong></span> <span class='ocrx_word' id='word_1_832' title='bbox 2811 4551 3133 4623; x_wconf 75' lang='lat' dir='ltr'><strong>adoptivum.</strong></span> <span class='ocrx_word' id='word_1_833' title='bbox 3164 4550 3299 4607; x_wconf 84' lang='lat' dir='ltr'><strong>Nam</strong></span> <span class='ocrx_word' id='word_1_834' title='bbox 3321 4551 3595 4608; x_wconf 83' lang='lat' dir='ltr'><strong>Nestorius</strong></span> <span class='ocrx_word' id='word_1_835' title='bbox 3619 4566 3715 4621; x_wconf 87' lang='lat' dir='ltr'><strong>pa-</strong></span> 
     </span>
    </p>
   </div>
   <div class='ocr_carea' id='block_1_101' title="bbox 2108 4634 3711 4723">
    <p class='ocr_par' dir='ltr' id='par_1_101' title="bbox 2108 4634 3711 4723">
     <span class='ocr_line' id='line_1_101' title="bbox 2108 4634 3711 4723; baseline 0 -28"><span class='ocrx_word' id='word_1_836' title='bbox 2108 4634 2117 4645; x_wconf 89' lang='grc'><strong>’</strong></span> <span class='ocrx_word' id='word_1_837' title='bbox 2156 4641 2265 4695; x_wconf 89' lang='lat' dir='ltr'><strong>lam</strong></span> <span class='ocrx_word' id='word_1_838' title='bbox 2291 4642 2425 4698; x_wconf 82' lang='lat' dir='ltr'><strong>duas</strong></span> <span class='ocrx_word' id='word_1_839' title='bbox 2448 4657 2554 4697; x_wconf 91' lang='lat' dir='ltr'><strong>non</strong></span> <span class='ocrx_word' id='word_1_840' title='bbox 2579 4643 2874 4723; x_wconf 67' lang='lat' dir='ltr'><strong>nominavit</strong></span> <span class='ocrx_word' id='word_1_841' title='bbox 2908 4656 3163 4723; x_wconf 83' lang='lat' dir='ltr'><strong>personas</strong></span> <span class='ocrx_word' id='word_1_842' title='bbox 3192 4640 3247 4694; x_wconf 90' lang='lat' dir='ltr'><strong>in</strong></span> <span class='ocrx_word' id='word_1_843' title='bbox 3269 4639 3503 4707; x_wconf 84' lang='lat' dir='ltr'><strong>Christo,</strong></span> <span class='ocrx_word' id='word_1_844' title='bbox 3531 4642 3711 4696; x_wconf 86' lang='lat' dir='ltr'><strong>omnia</strong></span> 
     </span>
    </p>
   </div>
   <div class='ocr_carea' id='block_1_102' title="bbox 2158 4718 3714 4801">
    <p class='ocr_par' dir='ltr' id='par_1_102' title="bbox 2158 4718 3714 4801">
     <span class='ocr_line' id='line_1_102' title="bbox 2158 4718 3714 4801; baseline 0.001 -16"><span class='ocrx_word' id='word_1_845' title='bbox 2158 4736 2355 4796; x_wconf 86' lang='lat' dir='ltr'><strong>tamen,</strong></span> <span class='ocrx_word' id='word_1_846' title='bbox 2380 4741 2498 4801; x_wconf 61' lang='lat' dir='ltr'><strong>qua</strong></span> <span class='ocrx_word' id='word_1_847' title='bbox 2521 4731 2725 4785; x_wconf 85' lang='lat' dir='ltr'><strong>duabus</strong></span> <span class='ocrx_word' id='word_1_848' title='bbox 2743 4718 2919 4785; x_wconf 72' lang='lat' dir='ltr'><strong>inesse</strong></span> <span class='ocrx_word' id='word_1_849' title='bbox 2943 4730 3185 4800; x_wconf 87' lang='lat' dir='ltr'><strong>personis</strong></span> <span class='ocrx_word' id='word_1_850' title='bbox 3203 4745 3422 4786; x_wconf 85' lang='lat' dir='ltr'><strong>necesse</strong></span> <span class='ocrx_word' id='word_1_851' title='bbox 3447 4740 3527 4787; x_wconf 86' lang='lat' dir='ltr'><strong>est</strong></span> <span class='ocrx_word' id='word_1_852' title='bbox 3546 4747 3714 4800; x_wconf 78' lang='lat' dir='ltr'><strong>pravo</strong></span> 
     </span>
    </p>
   </div>
   <div class='ocr_carea' id='block_1_103' title="bbox 2158 4809 3714 4893">
    <p class='ocr_par' dir='ltr' id='par_1_103' title="bbox 2158 4809 3714 4893">
     <span class='ocr_line' id='line_1_103' title="bbox 2158 4809 3714 4893; baseline 0.001 -16"><span class='ocrx_word' id='word_1_853' title='bbox 2158 4837 2339 4887; x_wconf 89' lang='lat' dir='ltr'><strong>sensu,</strong></span> <span class='ocrx_word' id='word_1_854' title='bbox 2366 4822 2419 4876; x_wconf 90' lang='lat' dir='ltr'><strong>id</strong></span> <span class='ocrx_word' id='word_1_855' title='bbox 2446 4828 2550 4885; x_wconf 78' lang='lat' dir='ltr'><strong>est,</strong></span> <span class='ocrx_word' id='word_1_856' title='bbox 2578 4809 2956 4891; x_wconf 83' lang='lat' dir='ltr'><strong>proprietatem</strong></span> <span class='ocrx_word' id='word_1_857' title='bbox 2983 4830 3036 4877; x_wconf 91' lang='lat' dir='ltr'><strong>et</strong></span> <span class='ocrx_word' id='word_1_858' title='bbox 3065 4822 3401 4893; x_wconf 87' lang='lat' dir='ltr'><strong>adoptionem</strong></span> <span class='ocrx_word' id='word_1_859' title='bbox 3431 4821 3548 4877; x_wconf 87' lang='lat' dir='ltr'><strong>Filii</strong></span> <span class='ocrx_word' id='word_1_860' title='bbox 3577 4822 3714 4880; x_wconf 70' lang='lat' dir='ltr'><strong>allii-—</strong></span> 
     </span>
    </p>
   </div>
   <div class='ocr_carea' id='block_1_104' title="bbox 2158 4902 3715 4981">
    <p class='ocr_par' dir='ltr' id='par_1_104' title="bbox 2158 4902 3715 4981">
     <span class='ocr_line' id='line_1_104' title="bbox 2158 4902 3715 4981; baseline -0.001 -13"><span class='ocrx_word' id='word_1_861' title='bbox 2158 4914 2325 4969; x_wconf 88' lang='lat' dir='ltr'><strong>mavit</strong></span> <span class='ocrx_word' id='word_1_862' title='bbox 2368 4912 2424 4968; x_wconf 90' lang='lat' dir='ltr'><strong>in</strong></span> <span class='ocrx_word' id='word_1_863' title='bbox 2459 4911 2691 4967; x_wconf 83' lang='lat' dir='ltr'><strong>Christo.</strong></span> <span class='ocrx_word' id='word_1_864' title='bbox 2744 4902 2801 4965; x_wconf 86' lang='lat' dir='ltr'><strong>in</strong></span> <span class='ocrx_word' id='word_1_865' title='bbox 2844 4910 2961 4981; x_wconf 83' lang='lat' dir='ltr'><strong>ejus</strong></span> <span class='ocrx_word' id='word_1_866' title='bbox 2989 4918 3115 4968; x_wconf 84' lang='lat' dir='ltr'><strong>vero</strong></span> <span class='ocrx_word' id='word_1_867' title='bbox 3158 4912 3276 4968; x_wconf 85' lang='lat' dir='ltr'><strong>sine</strong></span> <span class='ocrx_word' id='word_1_868' title='bbox 3320 4913 3481 4968; x_wconf 86' lang='lat' dir='ltr'><strong>dubio</strong></span> <span class='ocrx_word' id='word_1_869' title='bbox 3520 4911 3715 4968; x_wconf 83' lang='lat' dir='ltr'><strong>litteris</strong></span> 
     </span>
    </p>
   </div>
   <div class='ocr_carea' id='block_1_105' title="bbox 2160 4999 3715 5076">
    <p class='ocr_par' dir='ltr' id='par_1_105' title="bbox 2160 4999 3715 5076">
     <span class='ocr_line' id='line_1_105' title="bbox 2160 4999 3715 5076; baseline -0.003 -16"><span class='ocrx_word' id='word_1_870' title='bbox 2160 5004 2461 5076; x_wconf 85' lang='lat' dir='ltr'><strong>adoptionis</strong></span> <span class='ocrx_word' id='word_1_871' title='bbox 2496 5018 2688 5061; x_wconf 84' lang='lat' dir='ltr'><strong>nomen</strong></span> <span class='ocrx_word' id='word_1_872' title='bbox 2728 5004 2793 5059; x_wconf 92' lang='lat' dir='ltr'><strong>de</strong></span> <span class='ocrx_word' id='word_1_873' title='bbox 2817 4999 3030 5058; x_wconf 84' lang='lat' dir='ltr'><strong>Christo</strong></span> <span class='ocrx_word' id='word_1_874' title='bbox 3059 5002 3364 5059; x_wconf 87' lang='lat' dir='ltr'><strong>invenitur:</strong></span> <span class='ocrx_word' id='word_1_875' title='bbox 3397 5002 3559 5059; x_wconf 77' lang='lat' dir='ltr'><strong>verba</strong></span> <span class='ocrx_word' id='word_1_876' title='bbox 3587 5018 3715 5056; x_wconf 81' lang='lat' dir='ltr'><strong>vero</strong></span> 
     </span>
    </p>
   </div>
   <div class='ocr_carea' id='block_1_106' title="bbox 2038 5086 3709 5163">
    <p class='ocr_par' dir='ltr' id='par_1_106' title="bbox 2038 5086 3709 5163">
     <span class='ocr_line' id='line_1_106' title="bbox 2038 5086 3709 5163; baseline -0.007 -9"><span class='ocrx_word' id='word_1_877' title='bbox 2038 5101 2057 5154; x_wconf 78' lang='lat'><strong>.&#39;</strong></span> <span class='ocrx_word' id='word_1_878' title='bbox 2158 5101 2283 5149; x_wconf 91' lang='lat' dir='ltr'><strong>sunt</strong></span> <span class='ocrx_word' id='word_1_879' title='bbox 2309 5092 2545 5163; x_wconf 83' lang='lat' dir='ltr'><strong>ejusdem</strong></span> <span class='ocrx_word' id='word_1_880' title='bbox 2570 5092 2797 5148; x_wconf 82' lang='lat' dir='ltr'><strong>Nestorii</strong></span> <span class='ocrx_word' id='word_1_881' title='bbox 2828 5100 2948 5161; x_wconf 88' lang='lat' dir='ltr'><strong>post</strong></span> <span class='ocrx_word' id='word_1_882' title='bbox 2975 5090 3229 5146; x_wconf 88' lang='lat' dir='ltr'><strong>obscuros</strong></span> <span class='ocrx_word' id='word_1_883' title='bbox 3255 5104 3446 5145; x_wconf 84' lang='lat' dir='ltr'><strong>sensus</strong></span> <span class='ocrx_word' id='word_1_884' title='bbox 3485 5098 3541 5145; x_wconf 93' lang='lat' dir='ltr'><strong>et</strong></span> <span class='ocrx_word' id='word_1_885' title='bbox 3578 5086 3709 5144; x_wconf 84' lang='lat' dir='ltr'><strong>cali-</strong></span> 
     </span>
    </p>
   </div>
   <div class='ocr_carea' id='block_1_107' title="bbox 2158 5176 3711 5253">
    <p class='ocr_par' dir='ltr' id='par_1_107' title="bbox 2158 5176 3711 5253">
     <span class='ocr_line' id='line_1_107' title="bbox 2158 5176 3711 5253; baseline -0.003 -16"><span class='ocrx_word' id='word_1_886' title='bbox 2158 5185 2372 5253; x_wconf 80' lang='lat' dir='ltr'><strong>ginosas</strong></span> <span class='ocrx_word' id='word_1_887' title='bbox 2399 5183 2693 5239; x_wconf 83' lang='lat' dir='ltr'><strong>sententias</strong></span> <span class='ocrx_word' id='word_1_888' title='bbox 2730 5188 2785 5235; x_wconf 90' lang='lat' dir='ltr'><strong>et</strong></span> <span class='ocrx_word' id='word_1_889' title='bbox 2821 5179 3008 5249; x_wconf 84' lang='lat' dir='ltr'><strong>impias</strong></span> <span class='ocrx_word' id='word_1_890' title='bbox 3037 5176 3375 5234; x_wconf 73' lang='lat' dir='ltr'><strong>inﬁdelitates</strong></span> <span class='ocrx_word' id='word_1_891' title='bbox 3407 5176 3711 5249; x_wconf 72' lang='lat' dir='ltr'><strong>huiusmodi</strong></span> 
     </span>
    </p>
   </div>
   <div class='ocr_carea' id='block_1_108' title="bbox 2158 5268 3709 5353">
    <p class='ocr_par' dir='ltr' id='par_1_108' title="bbox 2158 5268 3709 5353">
     <span class='ocr_line' id='line_1_108' title="bbox 2158 5268 3709 5353; baseline -0.003 -24"><span class='ocrx_word' id='word_1_892' title='bbox 2158 5274 2223 5329; x_wconf 87' lang='lat' dir='ltr'><strong>de</strong></span> <span class='ocrx_word' id='word_1_893' title='bbox 2249 5270 2579 5327; x_wconf 80' lang='lat' dir='ltr'><strong>humanitate</strong></span> <span class='ocrx_word' id='word_1_894' title='bbox 2604 5270 2822 5353; x_wconf 68' lang='lat' dir='ltr'><strong>Christi.</strong></span> <span class='ocrx_word' id='word_1_895' title='bbox 2870 5268 2956 5323; x_wconf 83' lang='lat' dir='ltr'><strong>Ait</strong></span> <span class='ocrx_word' id='word_1_896' title='bbox 2981 5269 3126 5324; x_wconf 89' lang='lat' dir='ltr'><strong>enim</strong></span> <span class='ocrx_word' id='word_1_897' title='bbox 3146 5269 3175 5309; x_wconf 68' lang='grc' dir='ltr'>δ</span> <span class='ocrx_word' id='word_1_898' title='bbox 3200 5288 3213 5323; x_wconf 90' lang='lat'><strong>:</strong></span> <span class='ocrx_word' id='word_1_899' title='bbox 3248 5288 3266 5321; x_wconf 71' lang='grc' dir='ltr'><strong>ι</strong></span> <span class='ocrx_word' id='word_1_900' title='bbox 3299 5269 3449 5326; x_wconf 81' lang='lat' dir='ltr'><strong>Unde</strong></span> <span class='ocrx_word' id='word_1_901' title='bbox 3475 5280 3530 5324; x_wconf 91' lang='lat' dir='ltr'><strong>et</strong></span> <span class='ocrx_word' id='word_1_902' title='bbox 3556 5269 3709 5325; x_wconf 87' lang='lat' dir='ltr'><strong>multi</strong></span> 
     </span>
    </p>
   </div>
   <div class='ocr_carea' id='block_1_109' title="bbox 2162 5358 3712 5446">
    <p class='ocr_par' dir='ltr' id='par_1_109' title="bbox 2162 5358 3712 5446">
     <span class='ocr_line' id='line_1_109' title="bbox 2162 5358 3712 5446; baseline -0.003 -27"><span class='ocrx_word' id='word_1_903' title='bbox 2162 5362 2451 5419; x_wconf 87' lang='lat' dir='ltr'><strong>secundum</strong></span> <span class='ocrx_word' id='word_1_904' title='bbox 2488 5361 2701 5417; x_wconf 85' lang='lat' dir='ltr'><strong>beatum</strong></span> <span class='ocrx_word' id='word_1_905' title='bbox 2738 5358 2962 5413; x_wconf 82' lang='lat' dir='ltr'><strong>Paulum</strong></span> <span class='ocrx_word' id='word_1_906' title='bbox 2999 5360 3226 5415; x_wconf 86' lang='lat' dir='ltr'><strong>dicimur</strong></span> <span class='ocrx_word' id='word_1_907' title='bbox 3256 5358 3349 5415; x_wconf 80' lang='lat' dir='ltr'><strong>lilii</strong></span> <span class='ocrx_word' id='word_1_908' title='bbox 3371 5395 3388 5423; x_wconf 90' lang='lat'><strong>,</strong></span> <span class='ocrx_word' id='word_1_909' title='bbox 3434 5359 3526 5446; x_wconf 83' lang='lat' dir='ltr'><strong>sed</strong></span> <span class='ocrx_word' id='word_1_910' title='bbox 3566 5360 3712 5415; x_wconf 83' lang='lat' dir='ltr'><strong>solus</strong></span> 
     </span>
    </p>
   </div>
   <div class='ocr_carea' id='block_1_110' title="bbox 2234 5518 3713 5592">
    <p class='ocr_par' dir='ltr' id='par_1_110' title="bbox 2234 5518 3713 5592">
     <span class='ocr_line' id='line_1_110' title="bbox 2234 5518 3713 5592; baseline 0 -15"><span class='ocrx_word' id='word_1_911' title='bbox 2234 5525 2261 5564; x_wconf 69' lang='grc' dir='ltr'><strong>ιι</strong></span> <span class='ocrx_word' id='word_1_912' title='bbox 2284 5521 2564 5592; x_wconf 76' lang='lat' dir='ltr'><strong>Nestorius</strong></span> <span class='ocrx_word' id='word_1_913' title='bbox 2585 5520 2723 5592; x_wconf 84' lang='lat' dir='ltr'><strong>apud</strong></span> <span class='ocrx_word' id='word_1_914' title='bbox 2749 5519 3083 5592; x_wconf 78' lang='lat' dir='ltr'><strong>Agobardum</strong></span> <span class='ocrx_word' id='word_1_915' title='bbox 3124 5518 3245 5571; x_wconf 90' lang='lat' dir='ltr'><strong>libr.</strong></span> <span class='ocrx_word' id='word_1_916' title='bbox 3272 5524 3454 5592; x_wconf 65' lang='lat' dir='ltr'><strong>contra</strong></span> <span class='ocrx_word' id='word_1_917' title='bbox 3483 5518 3713 5577; x_wconf 81' lang='lat' dir='ltr'><strong>Felicem</strong></span> 
     </span>
    </p>
   </div>
   <div class='ocr_carea' id='block_1_111' title="bbox 2167 5586 3713 5663">
    <p class='ocr_par' dir='ltr' id='par_1_111' title="bbox 2167 5586 3713 5663">
     <span class='ocr_line' id='line_1_111' title="bbox 2167 5586 3713 5663; baseline -0.001 -17"><span class='ocrx_word' id='word_1_918' title='bbox 2167 5608 2281 5663; x_wconf 77' lang='lat' dir='ltr'><strong>cap.</strong></span> <span class='ocrx_word' id='word_1_919' title='bbox 2305 5591 2357 5645; x_wconf 87' lang='grc'><strong>7.</strong></span> <span class='ocrx_word' id='word_1_920' title='bbox 2408 5589 2556 5645; x_wconf 86' lang='lat' dir='ltr'><strong>Unde</strong></span> <span class='ocrx_word' id='word_1_921' title='bbox 2597 5586 2815 5658; x_wconf 65' lang='lat' dir='ltr'><strong>integer</strong></span> <span class='ocrx_word' id='word_1_922' title='bbox 2836 5586 3010 5644; x_wconf 74' lang='lat' dir='ltr'><strong>textus</strong></span> <span class='ocrx_word' id='word_1_923' title='bbox 3050 5589 3122 5641; x_wconf 83' lang='lat' dir='ltr'><strong>ita</strong></span> <span class='ocrx_word' id='word_1_924' title='bbox 3164 5586 3495 5641; x_wconf 84' lang='lat' dir='ltr'><strong>restituitur:</strong></span> <span class='ocrx_word' id='word_1_925' title='bbox 3531 5606 3551 5638; x_wconf 73' lang='grc' dir='ltr'><strong>ι</strong></span> <span class='ocrx_word' id='word_1_926' title='bbox 3579 5592 3713 5652; x_wconf 87' lang='lat' dir='ltr'><strong>hoc,</strong></span> 
     </span>
    </p>
   </div>
  </div>
