4238 6216
534 211 627 265 251

1370 206 1433 263 n.
1468 209 1532 263 ιε’.
1570 206 1796 262 suum
1834 207 1965 262 seu
2004 205 2277 261 ALClJlNl
2315 206 2593 261 OPEl'tlj-M
2631 185 2808 259 rans
2843 200 2925 261 ut.

3669 201 3775 260 ξεί

538 322 860 392 praecipuum
892 319 1098 376 habens
1131 320 1255 385 hoc,
1283 318 1493 389 quod...
1521 318 1685 374 Verbi
1713 310 2111 386 cepulationeni
2140 326 2181 380 Α
2210 312 2431 376 Christi,
2472 313 2564 381 qui
2598 328 2664 367 ex
2703 313 2931 367 diversis
2969 312 3246 375 christiani
3287 313 3498 381 imperii
3535 309 3776 382 partibus

535 410 875 481 adoptionem
899 410 1247 480 participans.
1279 429 1298 462 ι

607 498 724 555 XV.
762 499 989 564 Videte,
1030 500 1135 554 viri
1179 499 1410 565 fratres,
1455 500 1633 555 videte
1675 497 1973 569 periculum
2014 511 2109 548 ve-

538 602 713 647 strum
737 633 754 653 .
798 600 855 647 et
896 591 1112 647 tandem
1153 592 1441 662 aliquando
1481 592 1780 662 resipiscite
1820 592 1888 645 ab
1927 602 2110 653 errore

540 681 887 753 infidelitatis,
926 681 1226 737 dcvitantes
1262 683 1563 738 doctrinam
1601 681 1873 736 dualitatis
1906 680 1972 733 de
2008 678 2113 733 ηρ.

541 773 819 843 «temptare
864 780 1068 827 nostro.
1100 830 1103 833 ,
1130 771 1237 825 Aut
1287 773 1333 826 si
1386 787 1452 826 ex
1500 772 1764 827 catholica
1805 778 2112 825 sanctorum

542 855 764 916 l'atrum
794 868 795 871 “
818 863 1198 931 prardicatione
1247 877 1354 917 non
1396 862 1559 917 vultis
1585 903 1601 927 ,
1648 863 1732 917 vel
1773 878 1838 917 ex
1882 860 2113 916 Nestorii

542 951 705 1021 impia
748 950 1156 1015 incredulitate,
1214 961 1271 1006 et
1309 950 1459 1020 justa
1502 953 1843 1007 damnatione
1882 960 2115 1006 vestram

543 1041 795 1110 corrigite
835 1042 1197 1105 sententiam,
1245 1042 1492 1096 eamzfem
1536 1041 1876 1110 adoptionem
1920 1042 1975 1093 in
2020 1040 2117 1093 hu-

547 1133 806 1185 manitate
840 1132 1041 1187 Christi
1082 1132 1402 1187 allii-mantis
1443 1130 1600 1205 [Cod.
1623 1130 1826 1195 Parte,
1850 1130 2111 1184 alllrman-

547 1219 648 1291 tcs]
674 1261 689 1285 ,
742 1222 883 1276 sicut
921 1223 976 1277 in
1020 1224 1167 1278 illius
1200 1224 1379 1279 verbis
1416 1224 1603 1278 audire
1644 1223 1868 1294 potestis
1893 1262 1908 1287 ,
1958 1236 2119 1291 quam

548 1320 727 1364 vestra
771 1312 1022 1381 pertinax
1074 1312 1378 1384 ignorantia
1429 1311 1698 1366 allirmare
1746 1310 1957 1364 nititur.
2000 1309 2122 1363 Dis-

546 1400 732 1470 perdat
761 1404 897 1456 enim
930 1401 993 1476 [ια’
996 1412 1135 1470 orte,
1165 1403 1306 1475 eum}
1340 1404 1615 1467 Dominus,
1662 1402 1791 1457 dicit
1828 1401 2119 1472 Propheta,

551 1490 856 1559 magistrum
882 1502 930 1545 et
958 1492 1273 1563 discipulum
1300 1491 1582 1546 docentem
1622 1491 1749 1545 talia
1777 1489 2033 1561 (Malach.
2057 1506 2120 1552 ll,

549 1574 660 1650 12).
707 1570 813 1634 Sed
842 1588 901 1634 et
930 1580 1151 1651 angelus
1180 1580 1392 1636 Domini
1414 1581 1592 1637 vibrat
1621 1580 1855 1652 gladium
1877 1579 2125 1634 vindictas

547 1683 712 1740 super
747 1677 909 1741 caput
932 1679 1191 1735 vestrum,
1219 1680 1279 1726 ut
1318 1671 1520 1738 dividat
1541 1686 1659 1735 vos,
1690 1670 1736 1725 si
1758 1684 1853 1724 vos
1886 1669 2126 1725 dividitis

550 1757 825 1819 Christum
873 1764 929 1818 in
971 1744 1248 1835 proprium
1292 1764 1462 1820 lilium
1503 1772 1561 1819 et
1594 1764 1904 1834 adOptivum
1929 1804 1946 1829 ,
1997 1778 2124 1832 par-

551 1862 767 1924 temque
798 1854 963 1909 vestri
1006 1848 1170 1924 pellat
1208 1870 1331 1911 cum
1371 1854 1690 1925 hypocritis,
1722 1854 1814 1908 ubi
1840 1854 1945 1908 erit
1971 1853 2126 1909 fletus

552 1955 610 2001 et
630 1945 829 2001 stridor
850 1944 1112 2000 dentium.
1138 1945 1205 1999 Et
1236 1955 1314 2011 tu,
1337 1946 1638 2000 venerande
1662 1944 1821 2000 Pater
1848 1945 2122 2014 Elipande,

552 2044 746 2107 caveto
784 2048 853 2090 ne
889 2034 1133 2104 jttniorcs
1176 2036 1325 2093 tutati
1385 2044 1490 2090 tua:
1548 2036 1807 2091 insultent
1856 2045 1909 2089 et
1948 2036 2127 2090 dicant

552 2140 678 2181 cum
712 2125 969 2182 Danielc:
1012 2125 1301 2181 Invcterate
1338 2127 1543 2180 dierum
1581 2126 1863 2191 malorum,
1886 2142 2020 2179 nunc
2044 2143 2129 2180 ve-

552 2225 742 2271 nerunt
774 2227 985 2289 peccata
1016 2227 1127 2281 tua,
1164 2234 1280 2288 qua:
1312 2218 1612 2288 operabaris
1649 2219 1795 2288 prius
1820 2217 1981 2287 (Dan.
2008 2234 2123 2281 xm,

551 2303 661 2378 52),
709 2308 1028 2363 subvertcns
1069 2308 1183 2363 vias
1222 2308 1610 2371 innocentium,
1655 2325 1761 2361 non
1809 2316 1953 2361 recte.
1994 2322 2129 2377 prse-

554 2393 747 2452 dicans
782 2398 849 2451 de
882 2394 1165 2452 Salvatore
1204 2398 1411 2452 mundi.
1458 2396 1872 2467 Octogcuarinm
1904 2406 1954 2451 te
1978 2398 2131 2468 audi-

552 2484 730 2541 vimus
749 2500 865 2541 csse
889 2486 942 2542 iu
965 2486 1186 2557 epistola
1200 2529 1211 2551 ,
1225 2503 1387 2557 quam
1404 2487 1628 2558 praefato
1641 2489 1803 2544 Felici
1824 2489 2126 2545 diruistis.

554 2573 693 2631 Audi
722 2571 998 2631 Christum
1031 2576 1355 2633 clamantem
1384 2579 1482 2633 tibi
1508 2597 1521 2632 :
1551 2579 1735 2633 Adhuc
1762 2577 2024 2633 modicum
2051 2576 2133 2630 lu—

553 2682 672 2722 men
698 2668 752 2721 in
779 2676 826 2721 te
854 2676 952 2733 est,
980 2684 1153 2733 curre,
1195 2668 1320 2722 dum
1355 2668 1523 2723 lucem
1558 2669 1771 2732 habeas,
1809 2686 1872 2724 ne
1909 2668 2131 2723 tenebrae

554 2766 605 2809 te
625 2756 1097 2827 comprehendant:
1121 2759 1245 2829 quia
1264 2760 1354 2829 qui
1376 2759 1610 2814 ambulat
1633 2759 1689 2814 in
1707 2758 1948 2824 tenebris,
1972 2760 2131 2814 nescit

554 2860 659 2922 quo
702 2844 863 2899 vadit.
904 2840 1045 2899 Dum
1073 2846 1240 2900 lucem
1281 2846 1497 2913 habeas,
1542 2848 1693 2903 crede
1737 2850 1791 2901 in
1836 2848 2024 2917 lucem,
2075 2856 2131 2900 ut

553 2937 696 3010 ﬁlius
719 2940 790 2994 ais
816 2937 949 2993 lucis
971 2933 1153 3011 (Joan.
1172 2956 1266 3003 xu,
1286 2941 1375 3006 35,
1394 2941 1507 3010 56).
1537 2940 1807 3010 Quidquid
1832 2940 1884 2994 in
1908 2940 2131 3009 epistola

553 3028 729 3101 882'
750 3038 842 3084 tua
873 3028 939 3084 de
976 3031 1259 3085 tenebroso
1297 3031 1475 3086 cordis
1510 3032 1588 3086 tui
1625 3045 1785 3086 sensu
1811 3032 2131 3100 produxisti,-
2155 2998 2203 3061 c

552 3124 729 3176 totum
761 3135 829 3175 ex
864 3120 1255 3177 maledictionis
1276 3121 1362 3177 vel
1389 3120 1644 3177 falsitatis
1675 3120 1797 3176 felle
1829 3122 2135 3178 derivatum

554 3218 680 3265 esse
718 3210 1074 3283 dignoscitur.
1115 3211 1223 3267 Sed
1259 3211 1397 3268 forte
1431 3213 1685 3283 ignorans
1706 3213 2011 3279 veritatem,
2036 3212 2133 3266 fal-

554 3298 772 3355 sitatem
811 3299 1101 3369 protulisti.
1148 3293 1303 3355 Disce
1343 3302 1513 3370 prius,
1552 3310 1609 3356 et
1646 3310 1833 3371 postea
1873 3304 2023 3367 doce,
2064 3318 2132 3357 ne

560 3387 817 3458 magister
852 3385 1105 3444 eﬂlciaris
1143 3390 1365 3445 erroris.
1414 3390 1600 3446 Melior
1638 3401 1721 3447 est
1756 3392 2029 3448 humilitas
2052 3393 2135 3447 di-

561 3478 743 3535 scendi
768 3520 783 3545 ,
823 3496 985 3551 quam
1031 3482 1309 3536 temeritas
1346 3480 1593 3537 docendi.
1656 3480 1772 3537 Noli
1816 3483 1868 3537 in
1911 3484 2133 3538 scientia

562 3578 652 3624 tua
678 3570 884 3624 extolli.
929 3566 1162 3624 Scientia
1190 3572 1370 3641 inﬂat,
1404 3572 1632 3626 Charitas
1659 3573 1887 3641 ludiﬁcat
1926 3573 1978 3642 (Ι
2008 3572 2129 3626 Cor.

560 3676 680 3730 \ltt,
712 3659 785 3737 Ι).
824 3662 890 3718 Et
917 3664 1005 3734 qui
1033 3679 1088 3716 se
1113 3662 1328 3726 exultat,
1362 3662 1751 3727 humiliabitur,
1771 3673 1818 3717 et
1844 3666 1930 3735 qui
1957 3680 2010 3717 se
2038 3665 2135 3717 ha-

558 3757 752 3822 miliat,
776 3754 1094 3811 excitabitur
1119 3753 1334 3827 (Matth.
1361 3770 1517 3818 mli,
1543 3754 1651 3825 19.).
1858 3748 1867 3755 ”

630 3843 769 3901 ΧΠ.
808 3844 1078 3902 Admones
1118 3861 1206 3901 me
1246 3860 1351 3900 non
1394 3846 1500 3915 pio,
1547 3853 1607 3899 ut
1644 3845 1875 3909 videtur,
1918 3846 2132 3907 animo,

563 3935 661 3991 sed
683 3950 869 3990 severa
894 3937 1213 3992 invectionis
1232 3938 1607 4005 castigatione,
1635 3936 1925 4007 gloriosum
1954 3952 2135 4006 regem

561 4024 815 4080 Carolum
853 4039 960 4078 non
996 4031 1374 4094 Corrumpere..
1405 4025 1521 4081 Non
1560 4041 1659 4097 ego
1698 4026 1847 4080 illum
1888 4042 2133 4080 corrum-

520 4158 523 4161 ν
560 4126 689 4188 pere
728 4114 851 4171 veni
893 4116 949 4172 in
986 4108 1290 4177 Franciam,
1336 4118 1429 4185 qui
1470 4118 1743 4187 corrumpi
1787 4130 1892 4172 non
1937 4127 2132 4187 potest,

561 4210 658 4265 sed
692 4206 945 4281 adjuvare
979 4207 1033 4261 in
1068 4196 1169 4261 fide
1192 4204 1477 4271 catholica,
1505 4208 1557 4260 in
1584 4208 1801 4276 quaille
1828 4210 1893 4261 ab
1918 4210 2137 4263 ineunte

2206 410 2598 467 convenerant,
2639 411 2839 456 interno
2871 402 3212 457 anathemate
3250 402 3543 456 damnata:
3588 404 3698 459 imo
3722 412 3779 457 et

2206 506 2239 545 a
2271 490 2441 544 beatae
2464 491 2745 547 memoria:
2779 490 3013 545 Adriano
3049 506 3204 560 papa,
3241 492 3331 560 qui
3360 501 3488 546 tunc
3521 492 3779 562 temporis

2209 588 2407 634 sancta:
2468 578 2722 633 Romana:
2781 579 3035 635 Ecclesia:
3097 582 3392 649 apostolica
3452 583 3779 638 auctoritate

2212 678 2429 725 rexerat
2466 669 2667 732 sedem,
2706 668 2950 723 funditus
2988 672 3380 726 exterminata:
3423 674 3595 728 donec
3636 674 3778 729 idem

2210 760 2358 815 Felix
2398 758 2684 813 infeliciter
2722 760 2790 813 ad
2830 767 3038 815 vestras
3080 759 3350 832 refugiens
3372 772 3552 832 partes
3575 764 3779 832 sopitos
3840 775 3845 779 '

2213 848 2544 903 infidelitatis
2570 851 2798 915 cineres,
2820 851 2974 906 vobis
2998 853 3429 920 exbortantibus,
3454 856 3779 912 resuscitare

2215 939 2461 1020 intendit.
2507 940 2603 995 Cui
2635 955 2735 1012 ego
2761 942 2814 996 in
2846 942 2945 997 has
2976 943 3264 999 adveniens
3291 956 3473 1014 partes
3502 946 3782 1002 charitatis

2216 1031 2426 1112 calamo
2468 1033 2748 1102 epistolam
2794 1036 3255 1099 exhortatoriam,
3302 1042 3362 1089 ut
3404 1048 3463 1091 se
3505 1036 3782 1093 catholica:

2208 1120 2457 1191 iungeret
2495 1124 2707 1188 unitati,
2750 1125 2983 1203 dirigere
3021 1125 3226 1203 curavi.
3268 1124 3369 1180 Cui
3407 1126 3496 1182 ille
3527 1140 3634 1181 non
3667 1128 3783 1196 epi—

2218 1214 2403 1269 stolari
2447 1216 2726 1279 brevitate,
2771 1217 2865 1272 sed
2906 1217 3070 1272 libelli
3117 1202 3420 1286 prolixitate
3458 1219 3784 1288 respondere

2219 1307 2371 1362 nisus
2407 1314 2509 1372 est,
2537 1315 2696 1377 atque
2730 1309 2784 1362 in
2814 1318 2881 1363 ee
2915 1319 3101 1364 omnes
3123 1308 3360 1378 perﬁdia:
3383 1316 3577 1363 vestras
3602 1306 3785 1362 loveas

2221 1400 2454 1458 maxime
2493 1402 2722 1471 aperuit,
2763 1415 3007 1456 asserens
3044 1402 3315 1457 Christum
3350 1410 3406 1457 et
3426 1408 3663 1455 veterem
3688 1401 3787 1455 ho-

2224 1491 2424 1546 minem
2459 1506 2598 1557 esse,
2639 1499 2695 1545 et
2727 1492 3144 1562 nuncupativum
3175 1492 3365 1557 Deum,
3399 1500 3455 1547 et
3481 1489 3787 1560 adoptin

2225 1580 2416 1646 tilium,
2460 1590 2515 1637 et
2550 1582 2782 1637 secunda
2820 1583 3114 1652 indiguisse
3154 1583 3584 1652 regeneratione,
3609 1586 3663 1635 et
3684 1579 3790 1635 alia

2154 1653 2199 1712 Β
2225 1671 2453 1741 plurima
2494 1673 2878 1730 ecclesiastica!
2898 1673 3162 1728 doctrinae
3197 1672 3646 1729 inconvenientia.
3691 1669 3788 1727 Cui
3818 1657 3822 1661 “

2226 1763 2402 1819 libello
2426 1761 2540 1830 ejus
2565 1772 2771 1833 septem
2806 1772 3004 1819 nostra:
3027 1765 3325 1820 devotionis
3351 1764 3546 1819 libellis
3570 1771 3793 1832 respon-

2226 1844 2428 1927 dimus,
2451 1862 2641 1908 omnes
2661 1860 2852 1908 vestrm
2886 1854 3169 1924 pravitatis
3198 1862 3469 1909 evacuans
3497 1852 3790 1907 doctrinas.

2228 1941 2327 2009 Qui
2366 1944 2527 1997 etiam
2563 1953 2762 1998 nostras
2791 1944 3090 1999 devotionis
3114 1952 3399 1999 sermones
3433 1942 3557 1998 lecti
3591 1950 3717 1997 sunt
3741 1949 3795 1997 et

2226 2033 2438 2102 probati
2487 2034 2539 2087 in
2585 2035 2868 2102 praesentia
2920 2035 3101 2090 domui
3155 2036 3297 2103 regis
3350 2042 3404 2089 et
3456 2036 3793 2089 sacerdotum

2227 2124 2450 2180 Christi.
2511 2123 2617 2181 Sed
2659 2136 2713 2181 et
2757 2126 2899 2181 idem
2943 2126 3091 2181 Felix
3137 2142 3279 2181 anno
3324 2126 3533 2197 praefati
3578 2127 3795 2195 gloriosi

2227 2221 2485 2291 principis
2540 2222 2816 2275 tricesimo
2867 2222 3102 2276 secundo
3154 2222 3447 2275 advocatus
3493 2219 3796 2274 voluntarie

2228 2310 2449 2363 veniens
2499 2310 2564 2363 ad
2607 2308 2775 2379 Aquis
2826 2305 3123 2374 Palatium,
3186 2309 3366 2377 ibique
3415 2309 3469 2361 in
3513 2302 3796 2375 prasentia

2230 2399 2411 2453 domni
2436 2399 2576 2467 regis
2600 2407 2654 2453 et
2675 2398 2994 2468 optimatum
3035 2399 3174 2453 illius
3209 2399 3319 2452 sive
3344 2398 3679 2453 sacerdotum
3702 2398 3798 2453 Dei

2231 2490 2625 2545 rationabiliter
2663 2491 2894 2556 auditus,
2938 2497 2992 2545 et
3024 2491 3287 2544 veraciter
3315 2491 3610 2555 convictus,
3638 2500 3799 2560 atque

2231 2577 2348 2636 Deo
2384 2581 2519 2635 dans
2556 2579 2779 2647 gloriam
2802 2620 2818 2645 ,
2860 2595 3149 2647 veramque
3189 2578 3463 2656 confessus
3503 2579 3663 2635 ﬁdem
3683 2620 3697 2645 ,
3744 2580 3797 2633 ill

2231 2680 2419 2738 pacem
2452 2669 2730 2723 catholicae
2761 2669 3132 2723 unanimitatis
3155 2654 3421 2723 reversus.
3438 2676 3520 2724 est
3542 2685 3663 2725 cum
3689 2670 3803 2724 suis
3826 2678 3849 2721 ‘.

2232 2758 2524 2825 discipulis,
2572 2759 2663 2828 qui
2700 2758 2771 2813 ibi
2818 2766 2942 2813 tunc
2985 2760 3239 2828 temporis
3279 2768 3433 2814 erant
3470 2766 3798 2829 praesentes:

2232 2850 2385 2920 cujus
2427 2859 2480 2906 te
2521 2862 2641 2905 cum
2681 2852 2790 2906 tuis
2827 2851 3133 2921 discipulis;
3161 2851 3461 2907 venerande
3498 2851 3677 2915 Pater,
3704 2851 3804 2905 hu-

2234 2944 2515 3000 militatem
2544 2944 2739 2998 sectari
2768 2945 2993 2998 suadeo.

2306 3034 2465 3089 XVII.
2502 3034 2743 3104 Aggrega
2766 3034 2999 3100 teipsuni
3021 3048 3141 3085 cum
3167 3032 3356 3085 ovibus
3385 3031 3479 3086 tibi
3503 3031 3807 3086 commissis

2236 3129 2290 3181 in
2319 3126 2459 3181 ovile
2481 3125 2799 3180 Christianae
2828 3124 3125 3189 cbaritatis,
3155 3135 3251 3191 per
3276 3138 3397 3177 eum
3430 3124 3519 3192 qui
3546 3124 3661 3177 ait:
3691 3122 3806 3193 Ego

2234 3232 2349 3270 sum
2376 3216 2585 3279 ostium,
2626 3231 2717 3285 per
2753 3230 2834 3268 me
2872 3215 2917 3268 si
2949 3214 3065 3285 quis
3092 3214 3379 3278 intrauerit,
3410 3214 3711 3277 satiabitur,
3757 3224 3807 3268 et

2233 3306 2553 3376 ingredietur
2579 3316 2629 3359 et
2660 3305 2950 3375 egredietur
2979 3304 3160 3373 (lacn.
3192 3321 3243 3369 χ,
3273 3304 3349 3376 9).
3397 3305 3805 3360 Prievidendunl

2235 3409 2317 3455 est
2348 3398 2443 3453 tibi
2471 3406 2626 3454 cauta
2644 3397 3029 3461 sollicitudine,
3060 3412 3127 3451 ne
3153 3397 3229 3452 sis
3255 3412 3318 3453 ex
3346 3411 3530 3452 eorum
3559 3412 3803 3471 nurnero,

2236 3490 2304 3545 de
2344 3490 2539 3558 quibus
2584 3488 2695 3557 ipsa
2729 3488 2941 3542 Veritas
2985 3487 3038 3541 in
3086 3488 3271 3543 eodem
3323 3486 3605 3555 subiunxit
3645 3487 3803 3540 loco:

2239 3580 2449 3644 Omnes,
2480 3580 2745 3648 inquiens,
2797 3588 3045 3649 quotquot
3090 3586 3356 3641 venerunt,
3405 3577 3548 3646 fares
3592 3584 3713 3629 sunt
3757 3585 3807 3630 et

2235 3668 2465 3721 latrones
2492 3668 2677 3735 (Ibid.,
2707 3667 2795 3736 8);
2846 3668 2940 3735 qui
2965 3652 3247 3729 venerunt,
3277 3667 3372 3728 ait,
3400 3674 3506 3721 Iron
3536 3665 3629 3734 qui
3658 3665 3810 3720 missi

2238 3766 2380 3811 sunt.
2416 3758 2484 3810 Et
2510 3756 2830 3825 Apostolus:
2867 3757 3141 3821 Quomodo
3162 3757 3537 3827 prirdicabunt,
3572 3758 3675 3812 nisi
3696 3760 3812 3813 mit-

2238 3858 2419 3903 tantur
2440 3848 2611 3919 (Rom.
2638 3864 2688 3914 x,
2716 3848 2840 3917 l5)?
2868 3848 2998 3913 Quis
3024 3856 3097 3911 te,
3119 3864 3153 3901 o
3176 3847 3334 3907 Pater
3360 3848 3638 3917 Elipande,
3664 3850 3811 3904 misit

2238 3941 2533 4010 plmdical'e
2562 3940 2902 4008 adoptionem
2932 3940 2985 3993 in
3013 3938 3229 3993 Christo
3258 3939 3349 3994 Dei
3378 3938 3551 3993 Filio?
3588 3940 3730 4009 Ergo
3762 3939 3809 3994 si

2238 4032 2383 4088 nullo
2408 4032 2652 4087 mittente
2676 4040 2774 4103 per
2798 4039 2851 4086 te
2880 4031 3071 4086 venisti
3107 4038 3162 4085 et
3188 4030 3516 4100 pmdiCusti,
3543 4030 3628 4084 fur
3653 4039 3713 4085 et
3735 4030 3813 4085 la-

2239 4135 2325 4183 tro
2351 4126 2685 4181 convinceris
2713 4140 2850 4180 esse.
2906 4122 3019 4177 Fur
3044 4140 3145 4177 non
3172 4124 3335 4185 venit,
3376 4124 3474 4178 nisi
3500 4132 3558 4174 ut
3586 4122 3808 4190 furatur,

2240 4226 2428 4271 mactet
2458 4224 2507 4269 et
2532 4216 2734 4283 perdat.
2764 4214 3001 4267 Caveant
3030 4212 3274 4280 discipuli
3300 4212 3398 4273 tui,
3420 4224 3490 4262 ne
3517 4224 3615 4276 per
3644 4217 3695 4261 te
3720 4224 3813 4264 oc-

564 4306 723 4356 :ctatc
775 4300 1011 4355 nutritus
1050 4292 1149 4352 fuit
1173 4339 1188 4362 ,
1248 4308 1299 4353 ct
1343 4299 1545 4368 optime
1591 4313 1622 4351 a
1662 4296 2138 4351 Cllristianissimis
2167 4338 2215 4395 ο
2242 4307 2491 4361 cidamm
2524 4314 2579 4359 et
2616 4310 2857 4372 pereant.
2912 4302 3098 4356 Melius
3126 4310 3209 4354 est
3240 4301 3342 4354 illis
3378 4299 3591 4354 oculum
3622 4314 3813 4354 eruere

562 4393 878 4463 parentilgus
918 4399 973 4444 et
1012 4388 1285 4460 magistris
1328 4387 1610 4442 catholicis
1648 4386 1888 4440 edoctus.
1936 4386 2138 4454 Impos-

564 4481 720 4541 sihile
762 4491 845 4539 cst
881 4482 1051 4546 enim,
1087 4488 1147 4535 ut
1185 4488 1561 4550 corrumpatur
1604 4497 1633 4532 a
1678 4493 1967 4547 quoquam,
2012 4477 2136 4547 quia

563 4577 863 4633 catholicus
904 4574 987 4630 est
1031 4570 1084 4629 in
1129 4569 1268 4637 (ille,
1315 4581 1409 4627 rex
1453 4574 1505 4626 in
1551 4580 1849 4641 potestate,
1898 4569 2149 4639 pontifex

565 4672 619 4724 ill
652 4669 1052 4741 praedicatione,
1090 4666 1253 4739 judcx
1296 4666 1350 4720 in
1392 4667 1663 4736 :equitatc,
1696 4665 2050 4753 philosophus
2084 4665 2138 4719 in

565 4760 878 4817 liberalibus
918 4758 1113 4815 studiis
1137 4802 1150 4825 ,
1202 4759 1432 4830 inclytus
1475 4760 1529 4815 in
1572 4760 1814 4813 moribus
1840 4800 1853 4821 ,
1900 4766 1957 4811 ct
1992 4759 2138 4815 omni

567 4851 849 4906 honestate
872 4850 1193 4919 pralcipnus.
1237 4850 1539 4921 Antequam
1570 4865 1692 4920 ego,
1715 4850 1903 4903 eodem
1931 4848 2143 4917 sapien-

567 4941 778 4996 tissimo
816 4940 941 5008 rege
973 4936 1173 5002 Carolo,
1193 4937 1439 5005 iubente,
1460 4938 1727 4992 venissem
1755 4939 1807 4990 in
1832 4937 2140 4997 Franciam,
2172 4928 2181 4933 ’

569 5035 687 5089 ιιωο
732 5031 920 5087 eadem
964 5030 1130 5083 vestri
1176 5029 1380 5085 erroris
1425 5036 1612 5092 secta,
1670 5030 1856 5082 eodem
1909 5028 2142 5097 glorioso

568 5124 809 5195 principe
850 5117 1195 5190 priusillente,
1220 5127 1483 5187 prmselltc
1509 5117 1706 5181 Felice,
1734 5133 1891 5186 quem
1920 5119 2142 5173 multum

570 5212 789 5269 laudare
831 5210 1007 5275 soles,
1056 5219 1249 5265 vestra:
1289 5209 1455 5279 partis
1495 5215 1622 5262 tune
1661 5207 1918 5277 temporis
1955 5207 2141 5263 delen-

571 5320 712 5370 sore,
749 5301 1005 5359 ventilata
1047 5309 1129 5355 est
1173 5300 1227 5354 in
1265 5300 1614 5357 celeberrimo
1654 5299 1790 5364 loco,
1826 5300 1917 5369 qui
1952 5298 2149 5353 dicitur

576 5394 1010 5465 Raigiuis-Bln-g,
1060 5402 1114 5448 et
1157 5393 1397 5463 synodali
1442 5393 1763 5448 auctoritate
1805 5391 2141 5447 sacerdotum

575 5510 718 5587 quini
754 5510 822 5587 ad
866 5508 956 5561 Dei
989 5508 1149 5564 Verbi
1193 5506 1585 5580 copulationem
1630 5514 1681 5563 et
1727 5504 2141 5563 dominationem

578 5587 917 5629 net‘llcmans.
954 5597 969 5629 ›

578 5592 917 5649 penlclpaus.
954 5597 969 5629 ι

2243 4397 2343 4451 sibi
2369 4397 2649 4457 dextrum,
2682 4408 2848 4463 quam
2878 4394 3083 4460 integro
3112 4404 3335 4459 corpore.
3362 4389 3497 4444 mitti
3527 4389 3580 4442 in
3610 4389 3812 4457 gehen-

2243 4506 2367 4545 nam
2419 4488 2574 4558 ignis.
2617 4485 2803 4543 Οωρυε
2834 4487 2877 4541 si
2907 4501 3105 4541 caecum
3134 4486 3309 4547 ducit,
3347 4484 3545 4537 cadunt
3569 4483 3726 4535 ambo
3756 4479 3813 4536 in

2242 4579 2452 4634 foveam
2481 4578 2692 4651 (Matth.
2721 4594 2813 4643 xv,
2840 4578 2948 4649 it).
2986 4577 3122 4630 Audi
3154 4577 3316 4631 etiam
3342 4577 3557 4630 beatum
3588 4570 3816 4640 Aposto-

2243 4670 2353 4725 lum
2396 4670 2536 4724 inter
2572 4668 2808 4738 Moysem
2845 4674 2900 4722 et
2934 4666 3207 4720 Christum
3242 4665 3657 4724 discernentem,
3679 4674 3816 4727 quos

2246 4770 2302 4813 tu
2326 4759 2527 4813 similes
2546 4758 2765 4820 asseris,
2789 4756 2878 4811 ubi
2904 4754 3276 4810 excellentiam
3300 4748 3595 4819 majestatis
3616 4746 3814 4803 Christi

2243 4848 2479 4919 praetulit
2512 4846 2714 4903 famulo
2751 4862 2847 4902 suo
2876 4847 3063 4916 Moysi.
3116 4842 3319 4911 Moyses
3348 4849 3521 4893 autem
3543 4878 3557 4903 ,
3604 4840 3812 4908 inquit,

2243 4948 2490 5009 tanquam
2512 4937 2741 5008 famulus
2762 4936 2930 5005 ﬁdelis
2952 4934 3122 5005 fuitin
3143 4942 3247 4985 tota
3269 4932 3422 4983 domo
3444 4931 3815 4996 sua,Cllristus

2246 5041 2414 5084 autem
2449 5040 2701 5101 tanquam
2728 5028 2871 5097 ﬁlius
2907 5026 2959 5078 in
2996 5024 3148 5076 domo
3184 5039 3278 5074 sua
3308 5021 3490 5091 (Hebr.
3520 5040 3601 5086 ιιι,
3635 5023 3684 5087 5,
3717 5019 3811 5092 6):

2246 5115 2461 5192 Moysen
2506 5120 2763 5174 famulum
2810 5116 3133 5178 nominans,
3179 5122 3236 5166 et
3278 5113 3553 5170 Christum
3596 5113 3812 5169 Filium.

2248 5212 2516 5278 Quantum
2544 5217 2627 5263 est
2654 5209 2796 5262 inter
2821 5204 3075 5259 famulum
3103 5204 3503 5272 patrisfamilias
3532 5212 3586 5257 et
3612 5204 3815 5266 lilium,

2248 5310 2453 5357 tantum
2475 5289 2557 5355 est
2580 5299 2719 5353 inter
2742 5297 2957 5365 Moysen
2980 5302 3036 5348 et
3052 5293 3340 5350 Christum.
3366 5294 3649 5363 Nunquam
3672 5290 3815 5346 enim

2249 5394 2312 5447 de
2352 5369 2533 5461 Moyse
2574 5389 2715 5443 idem
2750 5386 3056 5456 Apostolus,
3103 5388 3303 5441 seddc
3338 5387 3556 5441 Chl-isto
3597 5382 3814 5454 inquit?

2319 5517 2344 5547 ι
2369 5504 2500 5561 Vide
2526 5503 2665 5560 hanc
2692 5499 2971 5571 epistolam
2999 5499 3195 5556 Patrol.
3237 5510 3273 5555 t.
3306 5494 3487 5565 XCVI,
3516 5498 3617 5554 col.
3648 5494 3771 5552 88‘0.
