  <div class='ocr_page' id='page_1' title='image "/cluster/home/n/w/nwhite01/storage/ocr_20150623/101/uva.x000834944/135.png"; bbox 0 0 4226 6214; ppageno 0'>
   <div class='ocr_carea' id='block_1_1' title="bbox 598 304 703 363">
    <p class='ocr_par' dir='ltr' id='par_1_1' title="bbox 598 304 703 363">
     <span class='ocr_line' id='line_1_1' title="bbox 598 304 703 363; baseline 0.019 -2"><span class='ocrx_word' id='word_1_1' title='bbox 598 304 703 363; x_wconf 63' lang='grc'><strong>255</strong></span> 
     </span>
    </p>
   </div>
   <div class='ocr_carea' id='block_1_2' title="bbox 600 376 2540 477">
    <p class='ocr_par' dir='ltr' id='par_1_2' title="bbox 600 376 2540 477">
     <span class='ocr_line' id='line_1_2' title="bbox 600 376 2540 477; baseline -0.019 -8"><span class='ocrx_word' id='word_1_2' title='bbox 600 414 743 468; x_wconf 84' lang='lat' dir='ltr'><strong>enim</strong></span> <span class='ocrx_word' id='word_1_3' title='bbox 787 410 1081 466; x_wconf 74' lang='lat' dir='ltr'><strong>dixerimus</strong></span> <span class='ocrx_word' id='word_1_4' title='bbox 1126 406 1251 477; x_wconf 88' lang='lat' dir='ltr'><strong>quia</strong></span> <span class='ocrx_word' id='word_1_5' title='bbox 1295 404 1532 461; x_wconf 89' lang='lat' dir='ltr'><strong>Verbum</strong></span> <span class='ocrx_word' id='word_1_6' title='bbox 1577 400 1674 456; x_wconf 88' lang='lat' dir='ltr'><strong>Dei</strong></span> <span class='ocrx_word' id='word_1_7' title='bbox 1713 398 1892 469; x_wconf 90' lang='lat' dir='ltr'><strong>posuit</strong></span> <span class='ocrx_word' id='word_1_8' title='bbox 1932 391 2165 447; x_wconf 80' lang='lat' dir='ltr'><strong>animam</strong></span> <span class='ocrx_word' id='word_1_9' title='bbox 2197 386 2239 441; x_wconf 80' lang='grc' dir='ltr'><strong>Δ</strong></span> <span class='ocrx_word' id='word_1_10' title='bbox 2270 378 2445 477; x_wconf 74' lang='lat' dir='ltr'><strong>Patris</strong></span> <span class='ocrx_word' id='word_1_11' title='bbox 2472 376 2540 431; x_wconf 83' lang='lat' dir='ltr'><strong>de</strong></span> 
     </span>
    </p>
   </div>
   <div class='ocr_carea' id='block_1_3' title="bbox 1433 260 3001 363">
    <p class='ocr_par' dir='ltr' id='par_1_3' title="bbox 1433 260 3001 363">
     <span class='ocr_line' id='line_1_3' title="bbox 1433 260 3001 363; baseline -0.024 -12"><span class='ocrx_word' id='word_1_12' title='bbox 1433 294 1494 350; x_wconf 79' lang='grc' dir='ltr'><strong>Β.</strong></span> <span class='ocrx_word' id='word_1_13' title='bbox 1536 293 1597 348; x_wconf 77' lang='lat' dir='ltr'><strong>F.</strong></span> <span class='ocrx_word' id='word_1_14' title='bbox 1637 285 1860 347; x_wconf 76' lang='lat' dir='ltr'><strong>ALBINI</strong></span> <span class='ocrx_word' id='word_1_15' title='bbox 1899 281 2029 339; x_wconf 84' lang='lat' dir='ltr'><strong>SEU</strong></span> <span class='ocrx_word' id='word_1_16' title='bbox 2069 272 2343 363; x_wconf 59' lang='lat' dir='ltr'><strong>AbCUlNl</strong></span> <span class='ocrx_word' id='word_1_17' title='bbox 2381 267 2664 326; x_wconf 76' lang='lat' dir='ltr'><strong>OPERUM</strong></span> <span class='ocrx_word' id='word_1_18' title='bbox 2708 263 2886 320; x_wconf 69' lang='lat' dir='ltr'><strong>PARS</strong></span> <span class='ocrx_word' id='word_1_19' title='bbox 2922 260 3001 317; x_wconf 90' lang='grc'><strong>111.</strong></span> 
     </span>
    </p>
   </div>
   <div class='ocr_carea' id='block_1_4' title="bbox 3722 242 3830 304">
    <p class='ocr_par' dir='ltr' id='par_1_4' title="bbox 3722 242 3830 304">
     <span class='ocr_line' id='line_1_4' title="bbox 3722 242 3830 304; baseline 0 0"><span class='ocrx_word' id='word_1_20' title='bbox 3722 242 3830 304; x_wconf 69' lang='grc' dir='ltr'>εδδ</span> 
     </span>
    </p>
   </div>
   <div class='ocr_carea' id='block_1_5' title="bbox 2585 356 3833 433">
    <p class='ocr_par' dir='ltr' id='par_1_5' title="bbox 2585 356 3833 433">
     <span class='ocr_line' id='line_1_5' title="bbox 2585 356 3833 433; baseline -0.016 -4"><span class='ocrx_word' id='word_1_21' title='bbox 2585 372 2721 428; x_wconf 62' lang='lat' dir='ltr'><strong>cutio</strong></span> <span class='ocrx_word' id='word_1_22' title='bbox 2766 370 2989 433; x_wconf 87' lang='lat' dir='ltr'><strong>clamat,</strong></span> <span class='ocrx_word' id='word_1_23' title='bbox 3034 376 3221 419; x_wconf 73' lang='lat' dir='ltr'><strong>meus:</strong></span> <span class='ocrx_word' id='word_1_24' title='bbox 3254 370 3309 417; x_wconf 85' lang='grc' dir='ltr'><strong>ιιι</strong></span> <span class='ocrx_word' id='word_1_25' title='bbox 3333 363 3397 417; x_wconf 87' lang='lat' dir='ltr'><strong>de</strong></span> <span class='ocrx_word' id='word_1_26' title='bbox 3430 372 3573 416; x_wconf 85' lang='lat' dir='ltr'><strong>terra</strong></span> <span class='ocrx_word' id='word_1_27' title='bbox 3608 356 3833 421; x_wconf 86' lang='lat' dir='ltr'><strong>clamas,</strong></span> 
     </span>
    </p>
   </div>
   <div class='ocr_carea' id='block_1_6' title="bbox 602 445 2260 567">
    <p class='ocr_par' dir='ltr' id='par_1_6' title="bbox 602 445 2169 567">
     <span class='ocr_line' id='line_1_6' title="bbox 602 445 1976 477; baseline -0.017 -7"><span class='ocrx_word' id='word_1_28' title='bbox 602 445 743 468; x_wconf 72' lang='grc' dir='ltr'><strong>σιιιιιι</strong></span> <span class='ocrx_word' id='word_1_29' title='bbox 787 445 1081 466; x_wconf 60' lang='grc' dir='ltr'>υιιυιιιυυο</span> <span class='ocrx_word' id='word_1_30' title='bbox 1126 445 1251 477; x_wconf 61' lang='grc' dir='ltr'>ειν-ιιι</span> <span class='ocrx_word' id='word_1_31' title='bbox 1313 445 1532 461; x_wconf 60' lang='grc' dir='ltr'><strong>’νιν-ι..</strong></span> <span class='ocrx_word' id='word_1_32' title='bbox 1579 445 1674 456; x_wconf 68' lang='grc' dir='ltr'><strong>ν...</strong></span> <span class='ocrx_word' id='word_1_33' title='bbox 1715 445 1889 469; x_wconf 70' lang='lat' dir='ltr'><strong>r-___-</strong></span> <span class='ocrx_word' id='word_1_34' title='bbox 1937 445 1976 447; x_wconf 43' lang='grc' dir='ltr'><strong>νη</strong></span> 
     </span>
     <span class='ocr_line' id='line_1_7' title="bbox 602 488 2169 567; baseline -0.015 -8"><span class='ocrx_word' id='word_1_35' title='bbox 602 519 756 560; x_wconf 85' lang='lat' dir='ltr'><strong>suam</strong></span> <span class='ocrx_word' id='word_1_36' title='bbox 798 509 853 556; x_wconf 90' lang='lat' dir='ltr'><strong>et</strong></span> <span class='ocrx_word' id='word_1_37' title='bbox 900 501 1091 556; x_wconf 92' lang='lat' dir='ltr'><strong>iterum</strong></span> <span class='ocrx_word' id='word_1_38' title='bbox 1140 497 1369 567; x_wconf 87' lang='lat' dir='ltr'><strong>sumpsit</strong></span> <span class='ocrx_word' id='word_1_39' title='bbox 1403 490 1545 558; x_wconf 81' lang='lat' dir='ltr'><strong>eam,</strong></span> <span class='ocrx_word' id='word_1_40' title='bbox 1594 488 1937 547; x_wconf 88' lang='lat' dir='ltr'><strong>metuendum</strong></span> <span class='ocrx_word' id='word_1_41' title='bbox 1983 491 2067 541; x_wconf 89' lang='lat' dir='ltr'><strong>est</strong></span> <span class='ocrx_word' id='word_1_42' title='bbox 2102 495 2169 534; x_wconf 87' lang='lat' dir='ltr'><strong>ne</strong></span> 
     </span>
    </p>
   </div>
   <div class='ocr_carea' id='block_1_7' title="bbox 2280 445 3829 567">
    <p class='ocr_par' dir='ltr' id='par_1_7' title="bbox 2280 445 3829 567">
     <span class='ocr_line' id='line_1_8' title="bbox 2280 445 3829 530; baseline -0.015 -7"><span class='ocrx_word' id='word_1_43' title='bbox 2280 483 2375 523; x_wconf 82' lang='lat' dir='ltr'><strong>non</strong></span> <span class='ocrx_word' id='word_1_44' title='bbox 2404 475 2546 521; x_wconf 89' lang='lat' dir='ltr'><strong>tuus.</strong></span> <span class='ocrx_word' id='word_1_45' title='bbox 2575 463 2705 530; x_wconf 66' lang='lat' dir='ltr'><strong>Quae</strong></span> <span class='ocrx_word' id='word_1_46' title='bbox 2734 460 2829 516; x_wconf 89' lang='lat' dir='ltr'><strong>tibi</strong></span> <span class='ocrx_word' id='word_1_47' title='bbox 2856 458 3000 513; x_wconf 83' lang='lat' dir='ltr'><strong>salus</strong></span> <span class='ocrx_word' id='word_1_48' title='bbox 3025 452 3288 526; x_wconf 88' lang='lat' dir='ltr'><strong>speranda</strong></span> <span class='ocrx_word' id='word_1_49' title='bbox 3325 458 3407 506; x_wconf 88' lang='lat' dir='ltr'><strong>est</strong></span> <span class='ocrx_word' id='word_1_50' title='bbox 3429 489 3448 515; x_wconf 87' lang='lat'><strong>,</strong></span> <span class='ocrx_word' id='word_1_51' title='bbox 3484 450 3529 505; x_wconf 98' lang='lat' dir='ltr'><strong>si</strong></span> <span class='ocrx_word' id='word_1_52' title='bbox 3559 447 3653 503; x_wconf 86' lang='lat' dir='ltr'><strong>Dei</strong></span> <span class='ocrx_word' id='word_1_53' title='bbox 3681 445 3829 503; x_wconf 80' lang='lat' dir='ltr'><strong>testi-</strong></span> 
     </span>
     <span class='ocr_line' id='line_1_9' title="bbox 2400 538 3829 567; baseline 0 0"><span class='ocrx_word' id='word_1_54' title='bbox 2400 557 2411 567; x_wconf 84' lang='lat'><strong>.</strong></span> <span class='ocrx_word' id='word_1_55' title='bbox 2682 566 2693 567; x_wconf 34' lang='grc' dir='ltr'><em>γ</em></span> <span class='ocrx_word' id='word_1_56' title='bbox 2720 549 2823 567; x_wconf 52' lang='grc' dir='ltr'><strong>ικο</strong></span> <span class='ocrx_word' id='word_1_57' title='bbox 2853 545 2958 567; x_wconf 69' lang='grc' dir='ltr'><strong>ιι--</strong></span> <span class='ocrx_word' id='word_1_58' title='bbox 2996 544 3086 567; x_wconf 63' lang='grc' dir='ltr'><strong>,ξιξ</strong></span> <span class='ocrx_word' id='word_1_59' title='bbox 3122 542 3293 567; x_wconf 59' lang='grc' dir='ltr'>,ιιι-υ.</span> <span class='ocrx_word' id='word_1_60' title='bbox 3324 540 3410 567; x_wconf 53' lang='lat' dir='ltr'><strong>Li“</strong></span> <span class='ocrx_word' id='word_1_61' title='bbox 3440 538 3586 567; x_wconf 65' lang='grc' dir='ltr'>Ιιυιηη</span> <span class='ocrx_word' id='word_1_62' title='bbox 3622 548 3829 567; x_wconf 65' lang='lat' dir='ltr'><strong>annon-4L</strong></span> 
     </span>
    </p>
   </div>
   <div class='ocr_carea' id='block_1_8' title="bbox 604 570 2171 657">
    <p class='ocr_par' dir='ltr' id='par_1_8' title="bbox 604 570 2171 657">
     <span class='ocr_line' id='line_1_10' title="bbox 604 570 2171 657; baseline -0.017 -11"><span class='ocrx_word' id='word_1_63' title='bbox 604 590 873 646; x_wconf 85' lang='lat' dir='ltr'><strong>subintret</strong></span> <span class='ocrx_word' id='word_1_64' title='bbox 916 602 1080 657; x_wconf 91' lang='lat' dir='ltr'><strong>prava</strong></span> <span class='ocrx_word' id='word_1_65' title='bbox 1131 583 1403 654; x_wconf 73' lang='lat' dir='ltr'><strong>cogitatio,</strong></span> <span class='ocrx_word' id='word_1_66' title='bbox 1454 589 1510 636; x_wconf 92' lang='lat' dir='ltr'><strong>ct</strong></span> <span class='ocrx_word' id='word_1_67' title='bbox 1548 579 1758 634; x_wconf 76' lang='lat' dir='ltr'><strong>dicatur</strong></span> <span class='ocrx_word' id='word_1_68' title='bbox 1802 574 1957 630; x_wconf 85' lang='lat' dir='ltr'><strong>nobis</strong></span> <span class='ocrx_word' id='word_1_69' title='bbox 1986 589 1999 624; x_wconf 91' lang='lat'>:</span> <span class='ocrx_word' id='word_1_70' title='bbox 2032 570 2171 657; x_wconf 59' lang='lat' dir='ltr'><strong>Ergo</strong></span> 
     </span>
    </p>
   </div>
   <div class='ocr_carea' id='block_1_9' title="bbox 608 650 2174 755">
    <p class='ocr_par' dir='ltr' id='par_1_9' title="bbox 608 650 2174 755">
     <span class='ocr_line' id='line_1_11' title="bbox 608 650 2174 755; baseline -0.014 -20"><span class='ocrx_word' id='word_1_71' title='bbox 608 650 941 755; x_wconf 50' lang='lat' dir='ltr'><strong>[aliquando-1</strong></span> <span class='ocrx_word' id='word_1_72' title='bbox 985 678 1163 733; x_wconf 84' lang='lat' dir='ltr'><strong>anima</strong></span> <span class='ocrx_word' id='word_1_73' title='bbox 1194 650 1282 731; x_wconf 79' lang='lat' dir='ltr'><strong>illa</strong></span> <span class='ocrx_word' id='word_1_74' title='bbox 1320 681 1567 743; x_wconf 85' lang='lat' dir='ltr'><strong>separata</strong></span> <span class='ocrx_word' id='word_1_75' title='bbox 1590 677 1675 726; x_wconf 87' lang='lat' dir='ltr'><strong>est</strong></span> <span class='ocrx_word' id='word_1_76' title='bbox 1710 684 1738 722; x_wconf 89' lang='lat' dir='ltr'><strong>a</strong></span> <span class='ocrx_word' id='word_1_77' title='bbox 1774 650 2055 755; x_wconf 52' lang='lat' dir='ltr'><strong>Verbo,_e&#39;t</strong></span> <span class='ocrx_word' id='word_1_78' title='bbox 2079 660 2174 714; x_wconf 81' lang='lat' dir='ltr'><strong>ali-</strong></span> 
     </span>
    </p>
   </div>
   <div class='ocr_carea' id='block_1_10' title="bbox 608 752 2172 841">
    <p class='ocr_par' dir='ltr' id='par_1_10' title="bbox 608 752 2172 841">
     <span class='ocr_line' id='line_1_12' title="bbox 608 752 2172 841; baseline -0.016 -15"><span class='ocrx_word' id='word_1_79' title='bbox 608 752 823 841; x_wconf 75' lang='lat' dir='ltr'><strong>quando</strong></span> <span class='ocrx_word' id='word_1_80' title='bbox 848 769 1079 823; x_wconf 89' lang='lat' dir='ltr'><strong>Verbum</strong></span> <span class='ocrx_word' id='word_1_81' title='bbox 1101 766 1247 828; x_wconf 90' lang='lat' dir='ltr'><strong>illud,</strong></span> <span class='ocrx_word' id='word_1_82' title='bbox 1274 779 1341 818; x_wconf 78' lang='lat' dir='ltr'><strong>ex</strong></span> <span class='ocrx_word' id='word_1_83' title='bbox 1364 776 1471 831; x_wconf 90' lang='lat' dir='ltr'><strong>quo</strong></span> <span class='ocrx_word' id='word_1_84' title='bbox 1497 759 1732 827; x_wconf 82' lang='lat' dir='ltr'><strong>suscepit</strong></span> <span class='ocrx_word' id='word_1_85' title='bbox 1751 754 1896 811; x_wconf 87' lang='lat' dir='ltr'><strong>illam</strong></span> <span class='ocrx_word' id='word_1_86' title='bbox 1919 752 2172 811; x_wconf 86' lang='lat' dir='ltr'><strong>animam,</strong></span> 
     </span>
    </p>
   </div>
   <div class='ocr_carea' id='block_1_11' title="bbox 613 843 2175 915">
    <p class='ocr_par' dir='ltr' id='par_1_11' title="bbox 613 843 2175 915">
     <span class='ocr_line' id='line_1_13' title="bbox 613 843 2175 915; baseline -0.013 0"><span class='ocrx_word' id='word_1_87' title='bbox 613 862 713 915; x_wconf 80' lang='lat' dir='ltr'><strong>fuit</strong></span> <span class='ocrx_word' id='word_1_88' title='bbox 738 862 854 915; x_wconf 89' lang='lat' dir='ltr'><strong>sine</strong></span> <span class='ocrx_word' id='word_1_89' title='bbox 887 859 1086 913; x_wconf 85' lang='lat' dir='ltr'><strong>anima.</strong></span> <span class='ocrx_word' id='word_1_90' title='bbox 1124 856 1294 910; x_wconf 88' lang='lat' dir='ltr'><strong>Video</strong></span> <span class='ocrx_word' id='word_1_91' title='bbox 1334 854 1476 909; x_wconf 88' lang='lat' dir='ltr'><strong>enim</strong></span> <span class='ocrx_word' id='word_1_92' title='bbox 1505 850 1669 904; x_wconf 78' lang='lat' dir='ltr'><strong>fuisse</strong></span> <span class='ocrx_word' id='word_1_93' title='bbox 1711 848 1826 903; x_wconf 86' lang='lat' dir='ltr'><strong>sine</strong></span> <span class='ocrx_word' id='word_1_94' title='bbox 1854 846 2044 901; x_wconf 77' lang='lat' dir='ltr'><strong>,anima</strong></span> <span class='ocrx_word' id='word_1_95' title='bbox 2073 843 2175 896; x_wconf 86' lang='lat' dir='ltr'><strong>hu—</strong></span> 
     </span>
    </p>
   </div>
   <div class='ocr_carea' id='block_1_12' title="bbox 614 938 2179 1015">
    <p class='ocr_par' dir='ltr' id='par_1_12' title="bbox 614 938 2179 1015">
     <span class='ocr_line' id='line_1_14' title="bbox 614 938 2179 1015; baseline -0.012 -8"><span class='ocrx_word' id='word_1_96' title='bbox 614 967 769 1008; x_wconf 88' lang='lat' dir='ltr'><strong>mana</strong></span> <span class='ocrx_word' id='word_1_97' title='bbox 801 952 1065 1013; x_wconf 81' lang='lat' dir='ltr'><strong>Verbum;</strong></span> <span class='ocrx_word' id='word_1_98' title='bbox 1110 946 1205 1003; x_wconf 88' lang='lat' dir='ltr'><strong>sed</strong></span> <span class='ocrx_word' id='word_1_99' title='bbox 1236 961 1357 1000; x_wconf 89' lang='lat' dir='ltr'><strong>cum</strong></span> <span class='ocrx_word' id='word_1_100' title='bbox 1402 947 1453 999; x_wconf 92' lang='lat' dir='ltr'><strong>in</strong></span> <span class='ocrx_word' id='word_1_101' title='bbox 1491 942 1754 1014; x_wconf 80' lang='lat' dir='ltr'><strong>principio</strong></span> <span class='ocrx_word' id='word_1_102' title='bbox 1783 938 2179 1015; x_wconf 43' lang='lat' dir='ltr'><strong>crat\\&#39;erbum,</strong></span> 
     </span>
    </p>
   </div>
   <div class='ocr_carea' id='block_1_13' title="bbox 614 1029 2179 1106">
    <p class='ocr_par' dir='ltr' id='par_1_13' title="bbox 614 1029 2179 1106">
     <span class='ocr_line' id='line_1_15' title="bbox 614 1029 2179 1106; baseline -0.01 -10"><span class='ocrx_word' id='word_1_103' title='bbox 614 1051 669 1095; x_wconf 86' lang='lat' dir='ltr'><strong>et</strong></span> <span class='ocrx_word' id='word_1_104' title='bbox 696 1041 929 1095; x_wconf 91' lang='lat' dir='ltr'><strong>Verbum</strong></span> <span class='ocrx_word' id='word_1_105' title='bbox 957 1033 1076 1093; x_wconf 75' lang='lat' dir='ltr'><strong>erat</strong></span> <span class='ocrx_word' id='word_1_106' title='bbox 1109 1037 1248 1106; x_wconf 88' lang='lat' dir='ltr'><strong>apud</strong></span> <span class='ocrx_word' id='word_1_107' title='bbox 1276 1036 1464 1099; x_wconf 87' lang='lat' dir='ltr'><strong>Deum,</strong></span> <span class='ocrx_word' id='word_1_108' title='bbox 1504 1042 1559 1088; x_wconf 88' lang='lat' dir='ltr'><strong>et</strong></span> <span class='ocrx_word' id='word_1_109' title='bbox 1607 1034 1747 1087; x_wconf 90' lang='lat' dir='ltr'><strong>Deus</strong></span> <span class='ocrx_word' id='word_1_110' title='bbox 1784 1038 1902 1085; x_wconf 88' lang='lat' dir='ltr'><strong>erat</strong></span> <span class='ocrx_word' id='word_1_111' title='bbox 1924 1029 2179 1084; x_wconf 85' lang='lat' dir='ltr'><strong>Verbum.</strong></span> 
     </span>
    </p>
   </div>
   <div class='ocr_carea' id='block_1_14' title="bbox 618 1121 2187 1202">
    <p class='ocr_par' dir='ltr' id='par_1_14' title="bbox 618 1121 2187 1202">
     <span class='ocr_line' id='line_1_16' title="bbox 618 1121 2187 1202; baseline -0.01 -15"><span class='ocrx_word' id='word_1_112' title='bbox 618 1133 695 1187; x_wconf 77' lang='lat' dir='ltr'><strong>Ex</strong></span> <span class='ocrx_word' id='word_1_113' title='bbox 739 1147 845 1202; x_wconf 90' lang='lat' dir='ltr'><strong>quo</strong></span> <span class='ocrx_word' id='word_1_114' title='bbox 891 1137 1067 1185; x_wconf 88' lang='lat' dir='ltr'><strong>autem</strong></span> <span class='ocrx_word' id='word_1_115' title='bbox 1103 1127 1287 1201; x_wconf 79' lang='lat' dir='ltr'><strong>[Aag.,</strong></span> <span class='ocrx_word' id='word_1_116' title='bbox 1334 1140 1397 1179; x_wconf 79' lang='lat' dir='ltr'><strong>ex</strong></span> <span class='ocrx_word' id='word_1_117' title='bbox 1439 1139 1545 1193; x_wconf 89' lang='lat' dir='ltr'><strong>quo</strong></span> <span class='ocrx_word' id='word_1_118' title='bbox 1581 1121 2012 1202; x_wconf 81' lang='lat' dir='ltr'><strong>enim]_Verbum</strong></span> <span class='ocrx_word' id='word_1_119' title='bbox 2056 1132 2187 1173; x_wconf 87' lang='lat' dir='ltr'><strong>caro</strong></span> 
     </span>
    </p>
   </div>
   <div class='ocr_carea' id='block_1_15' title="bbox 617 1216 2212 1285">
    <p class='ocr_par' dir='ltr' id='par_1_15' title="bbox 617 1216 2212 1285">
     <span class='ocr_line' id='line_1_17' title="bbox 617 1216 2212 1285; baseline -0.01 -6"><span class='ocrx_word' id='word_1_120' title='bbox 617 1223 819 1279; x_wconf 81' lang='lat' dir='ltr'><strong>factum</strong></span> <span class='ocrx_word' id='word_1_121' title='bbox 852 1229 953 1285; x_wconf 87' lang='lat' dir='ltr'><strong>est,</strong></span> <span class='ocrx_word' id='word_1_122' title='bbox 984 1230 1044 1276; x_wconf 92' lang='lat' dir='ltr'><strong>ut</strong></span> <span class='ocrx_word' id='word_1_123' title='bbox 1068 1221 1337 1276; x_wconf 82' lang='lat' dir='ltr'><strong>habitaret</strong></span> <span class='ocrx_word' id='word_1_124' title='bbox 1364 1218 1418 1272; x_wconf 92' lang='lat' dir='ltr'><strong>in</strong></span> <span class='ocrx_word' id='word_1_125' title='bbox 1448 1216 1624 1281; x_wconf 90' lang='lat' dir='ltr'><strong>nobis,</strong></span> <span class='ocrx_word' id='word_1_126' title='bbox 1659 1223 1715 1269; x_wconf 91' lang='lat' dir='ltr'><strong>et</strong></span> <span class='ocrx_word' id='word_1_127' title='bbox 1737 1219 2016 1282; x_wconf 88' lang='lat' dir='ltr'><strong>susceptus</strong></span> <span class='ocrx_word' id='word_1_128' title='bbox 2045 1220 2129 1265; x_wconf 89' lang='lat' dir='ltr'><strong>est</strong></span> <span class='ocrx_word' id='word_1_129' title='bbox 2155 1227 2212 1263; x_wconf 59' lang='lat' dir='ltr'><strong>a»</strong></span> 
     </span>
    </p>
   </div>
   <div class='ocr_carea' id='block_1_16' title="bbox 618 1302 2189 1377">
    <p class='ocr_par' dir='ltr' id='par_1_16' title="bbox 618 1302 2189 1377">
     <span class='ocr_line' id='line_1_18' title="bbox 618 1302 2189 1377; baseline -0.01 -8"><span class='ocrx_word' id='word_1_130' title='bbox 618 1314 793 1369; x_wconf 88' lang='lat' dir='ltr'><strong>Verbo</strong></span> <span class='ocrx_word' id='word_1_131' title='bbox 814 1315 996 1377; x_wconf 84' lang='lat' dir='ltr'><strong>homo,</strong></span> <span class='ocrx_word' id='word_1_132' title='bbox 1023 1312 1075 1367; x_wconf 91' lang='lat' dir='ltr'><strong>id</strong></span> <span class='ocrx_word' id='word_1_133' title='bbox 1103 1319 1187 1367; x_wconf 90' lang='lat' dir='ltr'><strong>est</strong></span> <span class='ocrx_word' id='word_1_134' title='bbox 1216 1319 1359 1365; x_wconf 90' lang='lat' dir='ltr'><strong>totus</strong></span> <span class='ocrx_word' id='word_1_135' title='bbox 1384 1310 1564 1373; x_wconf 90' lang='lat' dir='ltr'><strong>homo,</strong></span> <span class='ocrx_word' id='word_1_136' title='bbox 1592 1306 1769 1361; x_wconf 88' lang='lat' dir='ltr'><strong>anima</strong></span> <span class='ocrx_word' id='word_1_137' title='bbox 1794 1313 1849 1359; x_wconf 91' lang='lat' dir='ltr'><strong>et</strong></span> <span class='ocrx_word' id='word_1_138' title='bbox 1870 1318 2029 1366; x_wconf 88' lang='lat' dir='ltr'><strong>caro;</strong></span> <span class='ocrx_word' id='word_1_139' title='bbox 2061 1302 2189 1371; x_wconf 87' lang='lat' dir='ltr'><strong>quid</strong></span> 
     </span>
    </p>
   </div>
   <div class='ocr_carea' id='block_1_17' title="bbox 620 1394 2188 1475">
    <p class='ocr_par' dir='ltr' id='par_1_17' title="bbox 620 1394 2188 1475">
     <span class='ocr_line' id='line_1_19' title="bbox 620 1394 2188 1475; baseline -0.008 -17"><span class='ocrx_word' id='word_1_140' title='bbox 620 1402 746 1459; x_wconf 77' lang='lat' dir='ltr'><strong>fecit</strong></span> <span class='ocrx_word' id='word_1_141' title='bbox 770 1405 971 1475; x_wconf 85' lang='lat' dir='ltr'><strong>passio,</strong></span> <span class='ocrx_word' id='word_1_142' title='bbox 1012 1403 1143 1473; x_wconf 91' lang='lat' dir='ltr'><strong>quid</strong></span> <span class='ocrx_word' id='word_1_143' title='bbox 1184 1400 1313 1456; x_wconf 78' lang='lat' dir='ltr'><strong>fecit</strong></span> <span class='ocrx_word' id='word_1_144' title='bbox 1342 1415 1509 1463; x_wconf 87' lang='lat' dir='ltr'><strong>mors,</strong></span> <span class='ocrx_word' id='word_1_145' title='bbox 1546 1397 1650 1452; x_wconf 85' lang='lat' dir='ltr'><strong>nisi</strong></span> <span class='ocrx_word' id='word_1_146' title='bbox 1682 1411 1877 1465; x_wconf 85' lang='lat' dir='ltr'><strong>corpus</strong></span> <span class='ocrx_word' id='word_1_147' title='bbox 1916 1394 1985 1448; x_wconf 87' lang='lat' dir='ltr'><strong>ab</strong></span> <span class='ocrx_word' id='word_1_148' title='bbox 2010 1394 2188 1448; x_wconf 84' lang='lat' dir='ltr'><strong>anima</strong></span> 
     </span>
    </p>
   </div>
   <div class='ocr_carea' id='block_1_18' title="bbox 620 1481 2189 1566">
    <p class='ocr_par' dir='ltr' id='par_1_18' title="bbox 620 1481 2189 1566">
     <span class='ocr_line' id='line_1_20' title="bbox 620 1481 2189 1566; baseline -0.01 -15"><span class='ocrx_word' id='word_1_149' title='bbox 620 1496 908 1566; x_wconf 75' lang='lat' dir='ltr'><strong>separavit,</strong></span> <span class='ocrx_word' id='word_1_150' title='bbox 950 1494 1184 1549; x_wconf 88' lang='lat' dir='ltr'><strong>animam</strong></span> <span class='ocrx_word' id='word_1_151' title='bbox 1216 1506 1347 1545; x_wconf 88' lang='lat' dir='ltr'><strong>vero</strong></span> <span class='ocrx_word' id='word_1_152' title='bbox 1387 1505 1420 1543; x_wconf 88' lang='lat' dir='ltr'><strong>a</strong></span> <span class='ocrx_word' id='word_1_153' title='bbox 1443 1487 1622 1543; x_wconf 88' lang='lat' dir='ltr'><strong>Verbo</strong></span> <span class='ocrx_word' id='word_1_154' title='bbox 1653 1501 1758 1542; x_wconf 92' lang='lat' dir='ltr'><strong>non</strong></span> <span class='ocrx_word' id='word_1_155' title='bbox 1784 1483 2089 1554; x_wconf 82' lang='lat' dir='ltr'><strong>separavit?</strong></span> <span class='ocrx_word' id='word_1_156' title='bbox 2132 1481 2189 1535; x_wconf 89' lang='lat' dir='ltr'><strong>Si</strong></span> 
     </span>
    </p>
   </div>
   <div class='ocr_carea' id='block_1_19' title="bbox 621 1570 2193 1645">
    <p class='ocr_par' dir='ltr' id='par_1_19' title="bbox 621 1570 2193 1645">
     <span class='ocr_line' id='line_1_21' title="bbox 621 1570 2193 1645; baseline -0.01 -5"><span class='ocrx_word' id='word_1_157' title='bbox 621 1585 766 1640; x_wconf 88' lang='lat' dir='ltr'><strong>enim</strong></span> <span class='ocrx_word' id='word_1_158' title='bbox 798 1592 1039 1639; x_wconf 87' lang='lat' dir='ltr'><strong>mortuus</strong></span> <span class='ocrx_word' id='word_1_159' title='bbox 1073 1590 1156 1636; x_wconf 90' lang='lat' dir='ltr'><strong>est</strong></span> <span class='ocrx_word' id='word_1_160' title='bbox 1184 1580 1469 1641; x_wconf 86' lang='lat' dir='ltr'><strong>Dominus,</strong></span> <span class='ocrx_word' id='word_1_161' title='bbox 1513 1576 1622 1630; x_wconf 89' lang='lat' dir='ltr'><strong>imo</strong></span> <span class='ocrx_word' id='word_1_162' title='bbox 1647 1576 1773 1645; x_wconf 84' lang='lat' dir='ltr'><strong>quia</strong></span> <span class='ocrx_word' id='word_1_163' title='bbox 1818 1581 2061 1627; x_wconf 88' lang='lat' dir='ltr'><strong>mortuus</strong></span> <span class='ocrx_word' id='word_1_164' title='bbox 2092 1570 2193 1624; x_wconf 88' lang='lat' dir='ltr'><strong>Do-</strong></span> 
     </span>
    </p>
   </div>
   <div class='ocr_carea' id='block_1_20' title="bbox 623 1661 2191 1740">
    <p class='ocr_par' dir='ltr' id='par_1_20' title="bbox 623 1661 2191 1740">
     <span class='ocr_line' id='line_1_22' title="bbox 623 1661 2191 1740; baseline -0.01 -11"><span class='ocrx_word' id='word_1_165' title='bbox 623 1673 801 1729; x_wconf 84' lang='lat' dir='ltr'><strong>minus</strong></span> <span class='ocrx_word' id='word_1_166' title='bbox 832 1673 1099 1740; x_wconf 89' lang='lat' dir='ltr'><strong>(mortuus</strong></span> <span class='ocrx_word' id='word_1_167' title='bbox 1123 1678 1207 1726; x_wconf 87' lang='lat' dir='ltr'><strong>est</strong></span> <span class='ocrx_word' id='word_1_168' title='bbox 1244 1669 1386 1728; x_wconf 89' lang='lat' dir='ltr'><strong>enim</strong></span> <span class='ocrx_word' id='word_1_169' title='bbox 1412 1668 1511 1739; x_wconf 88' lang='lat' dir='ltr'><strong>pro</strong></span> <span class='ocrx_word' id='word_1_170' title='bbox 1541 1668 1696 1722; x_wconf 88' lang='lat' dir='ltr'><strong>nobis</strong></span> <span class='ocrx_word' id='word_1_171' title='bbox 1740 1665 1795 1720; x_wconf 89' lang='lat' dir='ltr'><strong>in</strong></span> <span class='ocrx_word' id='word_1_172' title='bbox 1834 1661 2039 1734; x_wconf 88' lang='lat' dir='ltr'><strong>cruce),</strong></span> <span class='ocrx_word' id='word_1_173' title='bbox 2073 1662 2191 1716; x_wconf 89' lang='lat' dir='ltr'><strong>sine</strong></span> 
     </span>
    </p>
   </div>
   <div class='ocr_carea' id='block_1_21' title="bbox 623 1750 2190 1833">
    <p class='ocr_par' dir='ltr' id='par_1_21' title="bbox 623 1750 2190 1833">
     <span class='ocr_line' id='line_1_23' title="bbox 623 1750 2190 1833; baseline -0.008 -17"><span class='ocrx_word' id='word_1_174' title='bbox 623 1765 786 1819; x_wconf 90' lang='lat' dir='ltr'><strong>dubio</strong></span> <span class='ocrx_word' id='word_1_175' title='bbox 810 1779 937 1819; x_wconf 90' lang='lat' dir='ltr'><strong>caro</strong></span> <span class='ocrx_word' id='word_1_176' title='bbox 961 1763 1125 1833; x_wconf 86' lang='lat' dir='ltr'><strong>ipsius</strong></span> <span class='ocrx_word' id='word_1_177' title='bbox 1150 1761 1443 1832; x_wconf 78' lang='lat' dir='ltr'><strong>exspiravit</strong></span> <span class='ocrx_word' id='word_1_178' title='bbox 1467 1757 1731 1820; x_wconf 86' lang='lat' dir='ltr'><strong>animam;</strong></span> <span class='ocrx_word' id='word_1_179' title='bbox 1755 1754 1823 1809; x_wconf 89' lang='lat' dir='ltr'><strong>ad</strong></span> <span class='ocrx_word' id='word_1_180' title='bbox 1841 1762 2050 1821; x_wconf 85' lang='lat' dir='ltr'><strong>tempus</strong></span> <span class='ocrx_word' id='word_1_181' title='bbox 2071 1750 2190 1805; x_wconf 77' lang='lat' dir='ltr'><strong>exi-</strong></span> 
     </span>
    </p>
   </div>
   <div class='ocr_carea' id='block_1_22' title="bbox 625 1842 2197 1922">
    <p class='ocr_par' dir='ltr' id='par_1_22' title="bbox 625 1842 2197 1922">
     <span class='ocr_line' id='line_1_24' title="bbox 625 1842 2197 1922; baseline -0.009 -16"><span class='ocrx_word' id='word_1_182' title='bbox 625 1868 787 1922; x_wconf 77' lang='lat' dir='ltr'><strong>guum</strong></span> <span class='ocrx_word' id='word_1_183' title='bbox 813 1852 990 1906; x_wconf 88' lang='lat' dir='ltr'><strong>anima</strong></span> <span class='ocrx_word' id='word_1_184' title='bbox 1013 1850 1251 1906; x_wconf 88' lang='lat' dir='ltr'><strong>deseruit</strong></span> <span class='ocrx_word' id='word_1_185' title='bbox 1272 1864 1509 1909; x_wconf 87' lang='lat' dir='ltr'><strong>carnem,</strong></span> <span class='ocrx_word' id='word_1_186' title='bbox 1537 1855 1593 1900; x_wconf 90' lang='lat' dir='ltr'><strong>et</strong></span> <span class='ocrx_word' id='word_1_187' title='bbox 1620 1846 1875 1899; x_wconf 82' lang='lat' dir='ltr'><strong>redeunte</strong></span> <span class='ocrx_word' id='word_1_188' title='bbox 1904 1842 2080 1895; x_wconf 87' lang='lat' dir='ltr'><strong>anima</strong></span> <span class='ocrx_word' id='word_1_189' title='bbox 2110 1853 2197 1893; x_wconf 91' lang='lat' dir='ltr'><strong>re-</strong></span> 
     </span>
    </p>
   </div>
   <div class='ocr_carea' id='block_1_23' title="bbox 626 1931 2198 2011">
    <p class='ocr_par' dir='ltr' id='par_1_23' title="bbox 626 1931 2198 2011">
     <span class='ocr_line' id='line_1_25' title="bbox 626 1931 2198 2011; baseline -0.007 -17"><span class='ocrx_word' id='word_1_190' title='bbox 626 1942 864 1997; x_wconf 74' lang='lat' dir='ltr'><strong>surrexit</strong></span> <span class='ocrx_word' id='word_1_191' title='bbox 888 1938 1068 2011; x_wconf 78' lang='lat' dir='ltr'><strong>[Aug.,</strong></span> <span class='ocrx_word' id='word_1_192' title='bbox 1102 1935 1575 2008; x_wconf 81' lang='lat' dir='ltr'><strong>resurrecturam].</strong></span> <span class='ocrx_word' id='word_1_193' title='bbox 1608 1936 1651 1988; x_wconf 80' lang='grc' dir='ltr'>Α</span> <span class='ocrx_word' id='word_1_194' title='bbox 1678 1936 1853 1990; x_wconf 90' lang='lat' dir='ltr'><strong>Verbo</strong></span> <span class='ocrx_word' id='word_1_195' title='bbox 1878 1942 2059 1987; x_wconf 90' lang='lat' dir='ltr'><strong>autem</strong></span> <span class='ocrx_word' id='word_1_196' title='bbox 2082 1931 2198 1985; x_wconf 87' lang='lat' dir='ltr'><strong>ani-</strong></span> 
     </span>
    </p>
   </div>
   <div class='ocr_carea' id='block_1_24' title="bbox 627 2023 2200 2105">
    <p class='ocr_par' dir='ltr' id='par_1_24' title="bbox 627 2023 2200 2105">
     <span class='ocr_line' id='line_1_26' title="bbox 627 2023 2200 2105; baseline -0.006 -21"><span class='ocrx_word' id='word_1_197' title='bbox 627 2045 771 2084; x_wconf 90' lang='lat' dir='ltr'><strong>mam</strong></span> <span class='ocrx_word' id='word_1_198' title='bbox 798 2038 1101 2105; x_wconf 78' lang='lat' dir='ltr'><strong>separatam</strong></span> <span class='ocrx_word' id='word_1_199' title='bbox 1139 2044 1260 2083; x_wconf 91' lang='lat' dir='ltr'><strong>esse</strong></span> <span class='ocrx_word' id='word_1_200' title='bbox 1284 2043 1388 2082; x_wconf 92' lang='lat' dir='ltr'><strong>non</strong></span> <span class='ocrx_word' id='word_1_201' title='bbox 1704 2025 1905 2079; x_wconf 85' lang='lat' dir='ltr'><strong>Omnes</strong></span> <span class='ocrx_word' id='word_1_202' title='bbox 1934 2023 2079 2077; x_wconf 88' lang='lat' dir='ltr'><strong>enim</strong></span> <span class='ocrx_word' id='word_1_203' title='bbox 2104 2023 2200 2076; x_wconf 87' lang='lat' dir='ltr'><strong>ho-</strong></span> 
     </span>
    </p>
   </div>
   <div class='ocr_carea' id='block_1_25' title="bbox 628 2114 2199 2189">
    <p class='ocr_par' dir='ltr' id='par_1_25' title="bbox 628 2114 2199 2189">
     <span class='ocr_line' id='line_1_27' title="bbox 628 2114 2199 2189; baseline -0.005 -16"><span class='ocrx_word' id='word_1_204' title='bbox 628 2120 821 2183; x_wconf 88' lang='lat' dir='ltr'><strong>mines,</strong></span> <span class='ocrx_word' id='word_1_205' title='bbox 849 2118 1063 2189; x_wconf 81' lang='lat' dir='ltr'><strong>quando</strong></span> <span class='ocrx_word' id='word_1_206' title='bbox 1089 2118 1411 2181; x_wconf 86' lang='lat' dir='ltr'><strong>moriuntur,</strong></span> <span class='ocrx_word' id='word_1_207' title='bbox 1439 2124 1646 2187; x_wconf 86' lang='lat' dir='ltr'><strong>ponunt</strong></span> <span class='ocrx_word' id='word_1_208' title='bbox 1673 2116 1945 2179; x_wconf 87' lang='lat' dir='ltr'><strong>animam;</strong></span> <span class='ocrx_word' id='word_1_209' title='bbox 1975 2114 2067 2167; x_wconf 91' lang='lat' dir='ltr'><strong>sed</strong></span> <span class='ocrx_word' id='word_1_210' title='bbox 2092 2128 2199 2167; x_wconf 89' lang='lat' dir='ltr'><strong>non</strong></span> 
     </span>
    </p>
   </div>
   <div class='ocr_carea' id='block_1_26' title="bbox 627 2194 2203 2278">
    <p class='ocr_par' dir='ltr' id='par_1_26' title="bbox 627 2194 2203 2278">
     <span class='ocr_line' id='line_1_28' title="bbox 627 2194 2203 2278; baseline -0.004 -16"><span class='ocrx_word' id='word_1_211' title='bbox 627 2224 817 2265; x_wconf 90' lang='lat' dir='ltr'><strong>omnes</strong></span> <span class='ocrx_word' id='word_1_212' title='bbox 844 2224 942 2278; x_wconf 91' lang='lat' dir='ltr'><strong>pro</strong></span> <span class='ocrx_word' id='word_1_213' title='bbox 968 2209 1181 2263; x_wconf 78' lang='lat' dir='ltr'><strong>Christo</strong></span> <span class='ocrx_word' id='word_1_214' title='bbox 1216 2214 1444 2276; x_wconf 90' lang='lat' dir='ltr'><strong>ponunt.</strong></span> <span class='ocrx_word' id='word_1_215' title='bbox 1485 2206 1553 2261; x_wconf 87' lang='lat' dir='ltr'><strong>Et</strong></span> <span class='ocrx_word' id='word_1_216' title='bbox 1582 2221 1740 2261; x_wconf 86' lang='lat' dir='ltr'><strong>nemo</strong></span> <span class='ocrx_word' id='word_1_217' title='bbox 1768 2206 1933 2259; x_wconf 82' lang='lat' dir='ltr'><strong>habet</strong></span> <span class='ocrx_word' id='word_1_218' title='bbox 1964 2194 2203 2273; x_wconf 86' lang='lat' dir='ltr'><strong>potesta-</strong></span> 
     </span>
    </p>
   </div>
   <div class='ocr_carea' id='block_1_27' title="bbox 629 2295 2205 2367">
    <p class='ocr_par' dir='ltr' id='par_1_27' title="bbox 629 2295 2205 2367">
     <span class='ocr_line' id='line_1_29' title="bbox 629 2295 2205 2367; baseline -0.003 -16"><span class='ocrx_word' id='word_1_219' title='bbox 629 2306 742 2353; x_wconf 89' lang='lat' dir='ltr'><strong>tem</strong></span> <span class='ocrx_word' id='word_1_220' title='bbox 809 2313 1062 2361; x_wconf 87' lang='lat' dir='ltr'><strong>sumere.</strong></span> <span class='ocrx_word' id='word_1_221' title='bbox 1120 2298 1263 2367; x_wconf 83' lang='lat' dir='ltr'><strong>quod</strong></span> <span class='ocrx_word' id='word_1_222' title='bbox 1316 2298 1573 2367; x_wconf 85' lang='lat' dir='ltr'><strong>posuerit.</strong></span> <span class='ocrx_word' id='word_1_223' title='bbox 1605 2295 1855 2351; x_wconf 89' lang='lat' dir='ltr'><strong>Christus</strong></span> <span class='ocrx_word' id='word_1_224' title='bbox 1913 2304 2091 2349; x_wconf 88' lang='lat' dir='ltr'><strong>autem</strong></span> <span class='ocrx_word' id='word_1_225' title='bbox 2151 2303 2205 2349; x_wconf 90' lang='lat' dir='ltr'><strong>ct</strong></span> 
     </span>
    </p>
   </div>
   <div class='ocr_carea' id='block_1_28' title="bbox 630 2380 2206 2464">
    <p class='ocr_par' dir='ltr' id='par_1_28' title="bbox 630 2380 2206 2464">
     <span class='ocr_line' id='line_1_30' title="bbox 630 2380 2206 2464; baseline -0.006 -15"><span class='ocrx_word' id='word_1_226' title='bbox 630 2407 731 2464; x_wconf 87' lang='lat' dir='ltr'><strong>pro</strong></span> <span class='ocrx_word' id='word_1_227' title='bbox 776 2392 933 2449; x_wconf 89' lang='lat' dir='ltr'><strong>nobis</strong></span> <span class='ocrx_word' id='word_1_228' title='bbox 986 2393 1197 2463; x_wconf 87' lang='lat' dir='ltr'><strong>posuit,</strong></span> <span class='ocrx_word' id='word_1_229' title='bbox 1248 2400 1305 2447; x_wconf 88' lang='lat' dir='ltr'><strong>et</strong></span> <span class='ocrx_word' id='word_1_230' title='bbox 1357 2392 1571 2462; x_wconf 79' lang='lat' dir='ltr'><strong>quando</strong></span> <span class='ocrx_word' id='word_1_231' title='bbox 1626 2389 1829 2453; x_wconf 90' lang='lat' dir='ltr'><strong>voluit,</strong></span> <span class='ocrx_word' id='word_1_232' title='bbox 1880 2380 2097 2457; x_wconf 83' lang='lat' dir='ltr'><strong>posuit,</strong></span> <span class='ocrx_word' id='word_1_233' title='bbox 2151 2395 2206 2441; x_wconf 88' lang='lat' dir='ltr'><strong>et</strong></span> 
     </span>
    </p>
   </div>
   <div class='ocr_carea' id='block_1_29' title="bbox 631 2479 2207 2557">
    <p class='ocr_par' dir='ltr' id='par_1_29' title="bbox 631 2479 2207 2557">
     <span class='ocr_line' id='line_1_31' title="bbox 631 2479 2207 2557; baseline -0.004 -17"><span class='ocrx_word' id='word_1_234' title='bbox 631 2486 849 2557; x_wconf 85' lang='lat' dir='ltr'><strong>quando</strong></span> <span class='ocrx_word' id='word_1_235' title='bbox 882 2485 1081 2548; x_wconf 88' lang='lat' dir='ltr'><strong>voluit,</strong></span> <span class='ocrx_word' id='word_1_236' title='bbox 1119 2486 1367 2553; x_wconf 88' lang='lat' dir='ltr'><strong>sumpsit.</strong></span> <span class='ocrx_word' id='word_1_237' title='bbox 1400 2483 1607 2539; x_wconf 87' lang='lat' dir='ltr'><strong>Ponere</strong></span> <span class='ocrx_word' id='word_1_238' title='bbox 1631 2496 1761 2553; x_wconf 76' lang='lat' dir='ltr'><strong>ergo</strong></span> <span class='ocrx_word' id='word_1_239' title='bbox 1799 2482 2034 2536; x_wconf 87' lang='lat' dir='ltr'><strong>animam</strong></span> <span class='ocrx_word' id='word_1_240' title='bbox 2071 2479 2207 2533; x_wconf 91' lang='lat' dir='ltr'><strong>mori</strong></span> 
     </span>
    </p>
   </div>
   <div class='ocr_carea' id='block_1_30' title="bbox 631 2574 2210 2643">
    <p class='ocr_par' dir='ltr' id='par_1_30' title="bbox 631 2574 2210 2643">
     <span class='ocr_line' id='line_1_32' title="bbox 631 2574 2210 2643; baseline -0.006 -11"><span class='ocrx_word' id='word_1_241' title='bbox 631 2584 736 2632; x_wconf 89' lang='lat' dir='ltr'><strong>est.</strong></span> <span class='ocrx_word' id='word_1_242' title='bbox 788 2575 881 2631; x_wconf 85' lang='lat' dir='ltr'><strong>Sic</strong></span> <span class='ocrx_word' id='word_1_243' title='bbox 922 2574 1114 2630; x_wconf 80' lang='lat' dir='ltr'><strong>Petrus</strong></span> <span class='ocrx_word' id='word_1_244' title='bbox 1160 2574 1389 2630; x_wconf 88' lang='lat' dir='ltr'><strong>Domino</strong></span> <span class='ocrx_word' id='word_1_245' title='bbox 1426 2575 1563 2629; x_wconf 78' lang='lat' dir='ltr'><strong>dixit</strong></span> <span class='ocrx_word' id='word_1_246' title='bbox 1593 2593 1605 2627; x_wconf 92' lang='lat'>:</span> <span class='ocrx_word' id='word_1_247' title='bbox 1636 2574 1879 2629; x_wconf 79' lang='lat' dir='ltr'><strong>Animam</strong></span> <span class='ocrx_word' id='word_1_248' title='bbox 1916 2582 2124 2643; x_wconf 79' lang='lat' dir='ltr'><strong>propter</strong></span> <span class='ocrx_word' id='word_1_249' title='bbox 2162 2581 2210 2624; x_wconf 82' lang='lat' dir='ltr'><strong>te</strong></span> 
     </span>
    </p>
   </div>
   <div class='ocr_carea' id='block_1_31' title="bbox 636 2662 2212 2737">
    <p class='ocr_par' dir='ltr' id='par_1_31' title="bbox 636 2662 2212 2737">
     <span class='ocr_line' id='line_1_33' title="bbox 636 2662 2212 2737; baseline -0.004 -17"><span class='ocrx_word' id='word_1_250' title='bbox 636 2682 827 2737; x_wconf 79' lang='lat' dir='ltr'><strong>ponam</strong></span> <span class='ocrx_word' id='word_1_251' title='bbox 856 2662 1037 2736; x_wconf 83' lang='lat' dir='ltr'><strong>(Joan.</strong></span> <span class='ocrx_word' id='word_1_252' title='bbox 1070 2678 1169 2718; x_wconf 78' lang='lat' dir='ltr'><strong>xm</strong></span> <span class='ocrx_word' id='word_1_253' title='bbox 1193 2704 1206 2727; x_wconf 95' lang='lat'><strong>,</strong></span> <span class='ocrx_word' id='word_1_254' title='bbox 1231 2662 1343 2733; x_wconf 79' lang='lat'><strong>‘57),</strong></span> <span class='ocrx_word' id='word_1_255' title='bbox 1368 2663 1424 2717; x_wconf 88' lang='lat' dir='ltr'><strong>id</strong></span> <span class='ocrx_word' id='word_1_256' title='bbox 1450 2670 1535 2717; x_wconf 84' lang='lat' dir='ltr'><strong>est</strong></span> <span class='ocrx_word' id='word_1_257' title='bbox 1558 2702 1572 2726; x_wconf 95' lang='lat'><strong>,</strong></span> <span class='ocrx_word' id='word_1_258' title='bbox 1606 2677 1707 2732; x_wconf 89' lang='lat' dir='ltr'><strong>pro</strong></span> <span class='ocrx_word' id='word_1_259' title='bbox 1736 2669 1790 2716; x_wconf 87' lang='lat' dir='ltr'><strong>te.</strong></span> <span class='ocrx_word' id='word_1_260' title='bbox 1814 2662 2016 2715; x_wconf 82' lang='lat' dir='ltr'><strong>moriar</strong></span> <span class='ocrx_word' id='word_1_261' title='bbox 2046 2673 2212 2714; x_wconf 88' lang='lat' dir='ltr'><strong>carne</strong></span> 
     </span>
    </p>
   </div>
   <div class='ocr_carea' id='block_1_32' title="bbox 640 2747 2213 2829">
    <p class='ocr_par' dir='ltr' id='par_1_32' title="bbox 640 2747 2213 2829">
     <span class='ocr_line' id='line_1_34' title="bbox 640 2747 2213 2829; baseline -0.007 -17"><span class='ocrx_word' id='word_1_262' title='bbox 640 2757 787 2829; x_wconf 71' lang='lat' dir='ltr'><strong>[Vox</strong></span> <span class='ocrx_word' id='word_1_263' title='bbox 810 2749 974 2811; x_wconf 74' lang='lat' dir='ltr'><strong>carne</strong></span> <span class='ocrx_word' id='word_1_264' title='bbox 995 2756 1134 2809; x_wconf 75' lang='lat' dir='ltr'><strong>deest</strong></span> <span class='ocrx_word' id='word_1_265' title='bbox 1156 2752 1295 2825; x_wconf 81' lang='lat' dir='ltr'><strong>apud</strong></span> <span class='ocrx_word' id='word_1_266' title='bbox 1317 2753 1499 2825; x_wconf 80' lang='lat' dir='ltr'><strong>Aug.].</strong></span> <span class='ocrx_word' id='word_1_267' title='bbox 1514 2773 1532 2806; x_wconf 75' lang='grc' dir='ltr'><strong>ι</strong></span> <span class='ocrx_word' id='word_1_268' title='bbox 1565 2753 1633 2807; x_wconf 86' lang='grc' dir='ltr'>Ει</span> <span class='ocrx_word' id='word_1_269' title='bbox 1659 2750 1817 2822; x_wconf 88' lang='lat' dir='ltr'><strong>paulo</strong></span> <span class='ocrx_word' id='word_1_270' title='bbox 1842 2758 1963 2822; x_wconf 90' lang='lat' dir='ltr'><strong>post</strong></span> <span class='ocrx_word' id='word_1_271' title='bbox 1988 2769 2000 2803; x_wconf 90' lang='lat'>:</span> <span class='ocrx_word' id='word_1_272' title='bbox 2025 2766 2043 2799; x_wconf 74' lang='grc' dir='ltr'><strong>ι</strong></span> <span class='ocrx_word' id='word_1_273' title='bbox 2065 2747 2213 2814; x_wconf 84' lang='lat' dir='ltr'><strong>Quo-</strong></span> 
     </span>
    </p>
   </div>
   <div class='ocr_carea' id='block_1_33' title="bbox 638 2839 2215 2915">
    <p class='ocr_par' dir='ltr' id='par_1_33' title="bbox 638 2839 2215 2915">
     <span class='ocr_line' id='line_1_35' title="bbox 638 2839 2215 2915; baseline -0.006 -12"><span class='ocrx_word' id='word_1_274' title='bbox 638 2847 799 2903; x_wconf 87' lang='lat' dir='ltr'><strong>modo</strong></span> <span class='ocrx_word' id='word_1_275' title='bbox 827 2847 1076 2901; x_wconf 87' lang='lat' dir='ltr'><strong>Christus</strong></span> <span class='ocrx_word' id='word_1_276' title='bbox 1099 2846 1331 2899; x_wconf 84' lang='lat' dir='ltr'><strong>animam</strong></span> <span class='ocrx_word' id='word_1_277' title='bbox 1359 2844 1576 2915; x_wconf 86' lang='lat' dir='ltr'><strong>posuit?</strong></span> <span class='ocrx_word' id='word_1_278' title='bbox 1601 2842 1717 2899; x_wconf 78' lang='lat' dir='ltr'><strong>Non</strong></span> <span class='ocrx_word' id='word_1_279' title='bbox 1737 2841 1881 2897; x_wconf 89' lang='lat' dir='ltr'><strong>enim</strong></span> <span class='ocrx_word' id='word_1_280' title='bbox 1908 2856 2037 2895; x_wconf 90' lang='lat' dir='ltr'><strong>caro</strong></span> <span class='ocrx_word' id='word_1_281' title='bbox 2061 2839 2215 2894; x_wconf 82' lang='lat' dir='ltr'><strong>Chri-</strong></span> 
     </span>
    </p>
   </div>
   <div class='ocr_carea' id='block_1_34' title="bbox 639 2931 2216 3005">
    <p class='ocr_par' dir='ltr' id='par_1_34' title="bbox 639 2931 2216 3005">
     <span class='ocr_line' id='line_1_36' title="bbox 639 2931 2216 3005; baseline -0.007 -12"><span class='ocrx_word' id='word_1_282' title='bbox 639 2937 791 2993; x_wconf 80' lang='lat' dir='ltr'><strong>stus?</strong></span> <span class='ocrx_word' id='word_1_283' title='bbox 838 2935 913 2991; x_wconf 86' lang='lat' dir='ltr'><strong>lta</strong></span> <span class='ocrx_word' id='word_1_284' title='bbox 960 2935 1119 3005; x_wconf 88' lang='lat' dir='ltr'><strong>plane</strong></span> <span class='ocrx_word' id='word_1_285' title='bbox 1166 2949 1293 2988; x_wconf 90' lang='lat' dir='ltr'><strong>caro</strong></span> <span class='ocrx_word' id='word_1_286' title='bbox 1335 2934 1518 3004; x_wconf 63' lang='grc' dir='ltr'>μίση</span> <span class='ocrx_word' id='word_1_287' title='bbox 1561 2940 1618 2989; x_wconf 89' lang='grc' dir='ltr'><strong>ει</strong></span> <span class='ocrx_word' id='word_1_288' title='bbox 1661 2931 1815 3003; x_wconf 81' lang='lat' dir='ltr'><strong>caro]</strong></span> <span class='ocrx_word' id='word_1_289' title='bbox 1854 2932 2119 2992; x_wconf 86' lang='lat' dir='ltr'><strong>Christus.</strong></span> <span class='ocrx_word' id='word_1_290' title='bbox 2162 2936 2216 2983; x_wconf 91' lang='lat' dir='ltr'><strong>et</strong></span> 
     </span>
    </p>
   </div>
   <div class='ocr_carea' id='block_1_35' title="bbox 643 3025 2214 3091">
    <p class='ocr_par' dir='ltr' id='par_1_35' title="bbox 643 3025 2214 3091">
     <span class='ocr_line' id='line_1_37' title="bbox 643 3025 2214 3091; baseline -0.008 -6"><span class='ocrx_word' id='word_1_291' title='bbox 643 3030 822 3085; x_wconf 76' lang='lat' dir='ltr'><strong>anima</strong></span> <span class='ocrx_word' id='word_1_292' title='bbox 861 3028 1127 3091; x_wconf 83' lang='lat' dir='ltr'><strong>Christus,</strong></span> <span class='ocrx_word' id='word_1_293' title='bbox 1176 3036 1231 3080; x_wconf 90' lang='lat' dir='ltr'><strong>ct</strong></span> <span class='ocrx_word' id='word_1_294' title='bbox 1278 3027 1512 3081; x_wconf 82' lang='lat' dir='ltr'><strong>Verbum</strong></span> <span class='ocrx_word' id='word_1_295' title='bbox 1540 3025 1789 3080; x_wconf 88' lang='lat' dir='ltr'><strong>Christus</strong></span> <span class='ocrx_word' id='word_1_296' title='bbox 1834 3043 1847 3077; x_wconf 91' lang='lat'><strong>:</strong></span> <span class='ocrx_word' id='word_1_297' title='bbox 1894 3039 1995 3077; x_wconf 86' lang='lat' dir='ltr'><strong>nec</strong></span> <span class='ocrx_word' id='word_1_298' title='bbox 2035 3031 2214 3075; x_wconf 88' lang='lat' dir='ltr'><strong>tamen</strong></span> 
     </span>
    </p>
   </div>
   <div class='ocr_carea' id='block_1_36' title="bbox 644 3117 2219 3184">
    <p class='ocr_par' dir='ltr' id='par_1_36' title="bbox 644 3117 2219 3184">
     <span class='ocr_line' id='line_1_38' title="bbox 644 3117 2219 3184; baseline -0.009 -5"><span class='ocrx_word' id='word_1_299' title='bbox 644 3126 748 3179; x_wconf 87' lang='lat' dir='ltr'><strong>tria</strong></span> <span class='ocrx_word' id='word_1_300' title='bbox 778 3125 895 3181; x_wconf 77' lang='lat' dir='ltr'><strong>haec</strong></span> <span class='ocrx_word' id='word_1_301' title='bbox 933 3132 1044 3177; x_wconf 86' lang='lat' dir='ltr'><strong>tres</strong></span> <span class='ocrx_word' id='word_1_302' title='bbox 1071 3121 1294 3184; x_wconf 82' lang='lat' dir='ltr'><strong>Christi,</strong></span> <span class='ocrx_word' id='word_1_303' title='bbox 1333 3121 1426 3173; x_wconf 88' lang='lat' dir='ltr'><strong>sed</strong></span> <span class='ocrx_word' id='word_1_304' title='bbox 1455 3134 1595 3173; x_wconf 91' lang='lat' dir='ltr'><strong>unus</strong></span> <span class='ocrx_word' id='word_1_305' title='bbox 1638 3117 1905 3181; x_wconf 85' lang='lat' dir='ltr'><strong>Christus,</strong></span> <span class='ocrx_word' id='word_1_306' title='bbox 1946 3134 1965 3166; x_wconf 72' lang='grc' dir='ltr'>δ</span> <span class='ocrx_word' id='word_1_307' title='bbox 2000 3122 2057 3167; x_wconf 85' lang='lat' dir='ltr'><strong>et</strong></span> <span class='ocrx_word' id='word_1_308' title='bbox 2081 3128 2219 3167; x_wconf 89' lang='lat' dir='ltr'><strong>unus</strong></span> 
     </span>
    </p>
   </div>
   <div class='ocr_carea' id='block_1_37' title="bbox 644 3211 2220 3287">
    <p class='ocr_par' dir='ltr' id='par_1_37' title="bbox 644 3211 2220 3287">
     <span class='ocr_line' id='line_1_39' title="bbox 644 3211 2220 3287; baseline -0.008 -17"><span class='ocrx_word' id='word_1_309' title='bbox 644 3217 950 3287; x_wconf 76' lang='lat' dir='ltr'><strong>unigenitus</strong></span> <span class='ocrx_word' id='word_1_310' title='bbox 977 3215 1116 3269; x_wconf 84' lang='lat' dir='ltr'><strong>Deus</strong></span> <span class='ocrx_word' id='word_1_311' title='bbox 1140 3221 1196 3267; x_wconf 89' lang='lat' dir='ltr'><strong>et</strong></span> <span class='ocrx_word' id='word_1_312' title='bbox 1236 3213 1416 3267; x_wconf 90' lang='lat' dir='ltr'><strong>homo.</strong></span> <span class='ocrx_word' id='word_1_313' title='bbox 1454 3211 1639 3265; x_wconf 89' lang='lat' dir='ltr'><strong>Nonne</strong></span> <span class='ocrx_word' id='word_1_314' title='bbox 1664 3211 1782 3275; x_wconf 88' lang='lat' dir='ltr'><strong>tibi,</strong></span> <span class='ocrx_word' id='word_1_315' title='bbox 1809 3225 1843 3264; x_wconf 90' lang='grc' dir='ltr'><strong>ο</strong></span> <span class='ocrx_word' id='word_1_316' title='bbox 1884 3224 2055 3263; x_wconf 90' lang='lat' dir='ltr'><strong>novus</strong></span> <span class='ocrx_word' id='word_1_317' title='bbox 2091 3222 2220 3261; x_wconf 86' lang='lat' dir='ltr'><strong>san-</strong></span> 
     </span>
    </p>
   </div>
   <div class='ocr_carea' id='block_1_38' title="bbox 646 3295 2223 3373">
    <p class='ocr_par' dir='ltr' id='par_1_38' title="bbox 646 3295 2223 3373">
     <span class='ocr_line' id='line_1_40' title="bbox 646 3295 2223 3373; baseline -0.009 -13"><span class='ocrx_word' id='word_1_318' title='bbox 646 3314 857 3360; x_wconf 86' lang='lat' dir='ltr'><strong>ctarum</strong></span> <span class='ocrx_word' id='word_1_319' title='bbox 904 3306 1170 3373; x_wconf 83' lang='lat' dir='ltr'><strong>interpres</strong></span> <span class='ocrx_word' id='word_1_320' title='bbox 1220 3302 1641 3371; x_wconf 89' lang='lat' dir='ltr'><strong>Scripturarum,</strong></span> <span class='ocrx_word' id='word_1_321' title='bbox 1681 3315 1845 3370; x_wconf 87' lang='lat' dir='ltr'><strong>prava</strong></span> <span class='ocrx_word' id='word_1_322' title='bbox 1900 3295 2223 3353; x_wconf 88' lang='lat' dir='ltr'><strong>subintravit</strong></span> 
     </span>
    </p>
   </div>
   <div class='ocr_carea' id='block_1_39' title="bbox 646 3385 2221 3469">
    <p class='ocr_par' dir='ltr' id='par_1_39' title="bbox 646 3385 2221 3469">
     <span class='ocr_line' id='line_1_41' title="bbox 646 3385 2221 3469; baseline -0.006 -20"><span class='ocrx_word' id='word_1_323' title='bbox 646 3394 922 3465; x_wconf 76' lang='lat' dir='ltr'><strong>cogitatio,</strong></span> <span class='ocrx_word' id='word_1_324' title='bbox 944 3394 1084 3462; x_wconf 87' lang='lat' dir='ltr'><strong>quod</strong></span> <span class='ocrx_word' id='word_1_325' title='bbox 1104 3395 1282 3449; x_wconf 89' lang='lat' dir='ltr'><strong>anima</strong></span> <span class='ocrx_word' id='word_1_326' title='bbox 1307 3393 1506 3448; x_wconf 87' lang='lat' dir='ltr'><strong>Christi</strong></span> <span class='ocrx_word' id='word_1_327' title='bbox 1533 3399 1785 3469; x_wconf 79' lang='lat' dir='ltr'><strong>separata</strong></span> <span class='ocrx_word' id='word_1_328' title='bbox 1804 3397 1948 3446; x_wconf 85' lang='lat' dir='ltr'><strong>esset</strong></span> <span class='ocrx_word' id='word_1_329' title='bbox 1976 3405 2006 3443; x_wconf 89' lang='lat' dir='ltr'><strong>a</strong></span> <span class='ocrx_word' id='word_1_330' title='bbox 2023 3385 2221 3450; x_wconf 88' lang='lat' dir='ltr'><strong>Verbo,</strong></span> 
     </span>
    </p>
   </div>
   <div class='ocr_carea' id='block_1_40' title="bbox 648 3478 2224 3547">
    <p class='ocr_par' dir='ltr' id='par_1_40' title="bbox 648 3478 2224 3547">
     <span class='ocr_line' id='line_1_42' title="bbox 648 3478 2224 3547; baseline -0.004 -7"><span class='ocrx_word' id='word_1_331' title='bbox 648 3487 776 3540; x_wconf 90' lang='lat' dir='ltr'><strong>dum</strong></span> <span class='ocrx_word' id='word_1_332' title='bbox 800 3484 935 3539; x_wconf 90' lang='lat' dir='ltr'><strong>dicis</strong></span> <span class='ocrx_word' id='word_1_333' title='bbox 953 3525 967 3547; x_wconf 88' lang='lat'><strong>,</strong></span> <span class='ocrx_word' id='word_1_334' title='bbox 1012 3485 1302 3539; x_wconf 88' lang='lat' dir='ltr'><strong>secundum</strong></span> <span class='ocrx_word' id='word_1_335' title='bbox 1330 3483 1665 3539; x_wconf 81' lang='lat' dir='ltr'><strong>divinitatem</strong></span> <span class='ocrx_word' id='word_1_336' title='bbox 1694 3483 1808 3537; x_wconf 79' lang='lat' dir='ltr'><strong>haec</strong></span> <span class='ocrx_word' id='word_1_337' title='bbox 1846 3481 2036 3536; x_wconf 88' lang='lat' dir='ltr'><strong>eadem</strong></span> <span class='ocrx_word' id='word_1_338' title='bbox 2062 3478 2224 3533; x_wconf 85' lang='lat' dir='ltr'><strong>verba</strong></span> 
     </span>
    </p>
   </div>
   <div class='ocr_carea' id='block_1_41' title="bbox 649 3570 2224 3645">
    <p class='ocr_par' dir='ltr' id='par_1_41' title="bbox 649 3570 2224 3645">
     <span class='ocr_line' id='line_1_43' title="bbox 649 3570 2224 3645; baseline -0.006 -13"><span class='ocrx_word' id='word_1_339' title='bbox 649 3572 935 3632; x_wconf 86' lang='lat' dir='ltr'><strong>Dominum</strong></span> <span class='ocrx_word' id='word_1_340' title='bbox 970 3574 1290 3645; x_wconf 84' lang='lat' dir='ltr'><strong>protulisse?</strong></span> <span class='ocrx_word' id='word_1_341' title='bbox 1326 3576 1469 3643; x_wconf 87' lang='lat' dir='ltr'><strong>quod</strong></span> <span class='ocrx_word' id='word_1_342' title='bbox 1511 3574 1670 3628; x_wconf 84' lang='lat' dir='ltr'><strong>valde</strong></span> <span class='ocrx_word' id='word_1_343' title='bbox 1715 3570 2059 3626; x_wconf 86' lang='lat' dir='ltr'><strong>metuendum</strong></span> <span class='ocrx_word' id='word_1_344' title='bbox 2104 3582 2224 3623; x_wconf 85' lang='lat' dir='ltr'><strong>esse</strong></span> 
     </span>
    </p>
   </div>
   <div class='ocr_carea' id='block_1_42' title="bbox 653 3653 2227 3737">
    <p class='ocr_par' dir='ltr' id='par_1_42' title="bbox 653 3653 2227 3737">
     <span class='ocr_line' id='line_1_44' title="bbox 653 3653 2227 3737; baseline -0.006 -16"><span class='ocrx_word' id='word_1_345' title='bbox 653 3668 749 3721; x_wconf 83' lang='lat' dir='ltr'><strong>tibi</strong></span> <span class='ocrx_word' id='word_1_346' title='bbox 789 3667 893 3721; x_wconf 89' lang='lat' dir='ltr'><strong>iste</strong></span> <span class='ocrx_word' id='word_1_347' title='bbox 920 3653 1222 3737; x_wconf 67' lang='lat' dir='ltr'><strong>praecipuus</strong></span> <span class='ocrx_word' id='word_1_348' title='bbox 1252 3663 1442 3718; x_wconf 89' lang='lat' dir='ltr'><strong>doctor</strong></span> <span class='ocrx_word' id='word_1_349' title='bbox 1470 3663 1777 3717; x_wconf 85' lang='lat' dir='ltr'><strong>rationabili</strong></span> <span class='ocrx_word' id='word_1_350' title='bbox 1813 3663 2014 3733; x_wconf 87' lang='lat' dir='ltr'><strong>pietate</strong></span> <span class='ocrx_word' id='word_1_351' title='bbox 2042 3662 2227 3716; x_wconf 88' lang='lat' dir='ltr'><strong>admo-</strong></span> 
     </span>
    </p>
   </div>
   <div class='ocr_carea' id='block_1_43' title="bbox 656 3757 1967 3810">
    <p class='ocr_par' dir='ltr' id='par_1_43' title="bbox 656 3757 1967 3810">
     <span class='ocr_line' id='line_1_45' title="bbox 656 3757 1967 3810; baseline -0.005 -1"><span class='ocrx_word' id='word_1_352' title='bbox 656 3757 789 3810; x_wconf 90' lang='lat' dir='ltr'><strong>nuit.</strong></span> <span class='ocrx_word' id='word_1_353' title='bbox 1954 3794 1967 3803; x_wconf 43' lang='grc' dir='ltr'><strong>ι</strong></span> 
     </span>
    </p>
   </div>
   <div class='ocr_carea' id='block_1_44' title="bbox 724 3839 2232 3915">
    <p class='ocr_par' dir='ltr' id='par_1_44' title="bbox 724 3839 2232 3915">
     <span class='ocr_line' id='line_1_46' title="bbox 724 3839 2232 3915; baseline -0.004 -17"><span class='ocrx_word' id='word_1_354' title='bbox 724 3844 842 3898; x_wconf 77' lang='lat' dir='ltr'><strong>XX.</strong></span> <span class='ocrx_word' id='word_1_355' title='bbox 885 3843 1057 3899; x_wconf 85' lang='lat' dir='ltr'><strong>Simili</strong></span> <span class='ocrx_word' id='word_1_356' title='bbox 1085 3860 1300 3915; x_wconf 88' lang='lat' dir='ltr'><strong>quoque</strong></span> <span class='ocrx_word' id='word_1_357' title='bbox 1323 3842 1678 3912; x_wconf 79' lang='lat' dir='ltr'><strong>perversitate</strong></span> <span class='ocrx_word' id='word_1_358' title='bbox 1706 3842 1947 3897; x_wconf 86' lang='lat' dir='ltr'><strong>dividere</strong></span> <span class='ocrx_word' id='word_1_359' title='bbox 1977 3841 2057 3895; x_wconf 86' lang='lat' dir='ltr'><strong>vis</strong></span> <span class='ocrx_word' id='word_1_360' title='bbox 2078 3839 2232 3895; x_wconf 85' lang='lat' dir='ltr'><strong>Chri-</strong></span> 
     </span>
    </p>
   </div>
   <div class='ocr_carea' id='block_1_45' title="bbox 656 3931 2231 4012">
    <p class='ocr_par' dir='ltr' id='par_1_45' title="bbox 656 3931 2231 4012">
     <span class='ocr_line' id='line_1_47' title="bbox 656 3931 2231 4012; baseline -0.003 -24"><span class='ocrx_word' id='word_1_361' title='bbox 656 3944 797 3989; x_wconf 88' lang='lat' dir='ltr'><strong>stum</strong></span> <span class='ocrx_word' id='word_1_362' title='bbox 826 3934 881 3987; x_wconf 90' lang='lat' dir='ltr'><strong>in</strong></span> <span class='ocrx_word' id='word_1_363' title='bbox 911 3950 974 3987; x_wconf 87' lang='lat' dir='ltr'><strong>ea</strong></span> <span class='ocrx_word' id='word_1_364' title='bbox 1002 3950 1155 3999; x_wconf 87' lang='lat' dir='ltr'><strong>voce,</strong></span> <span class='ocrx_word' id='word_1_365' title='bbox 1193 3950 1352 4003; x_wconf 82' lang='lat' dir='ltr'><strong>quant</strong></span> <span class='ocrx_word' id='word_1_366' title='bbox 1386 3934 1543 4012; x_wconf 83' lang='lat' dir='ltr'><strong>Pater</strong></span> <span class='ocrx_word' id='word_1_367' title='bbox 1572 3934 1626 3987; x_wconf 93' lang='lat' dir='ltr'><strong>in</strong></span> <span class='ocrx_word' id='word_1_368' title='bbox 1649 3941 1829 3989; x_wconf 87' lang='lat' dir='ltr'><strong>monte</strong></span> <span class='ocrx_word' id='word_1_369' title='bbox 1856 3942 2046 3989; x_wconf 86' lang='lat' dir='ltr'><strong>sancto</strong></span> <span class='ocrx_word' id='word_1_370' title='bbox 2072 3931 2231 3987; x_wconf 83' lang='lat' dir='ltr'><strong>disci-</strong></span> 
     </span>
    </p>
   </div>
   <div class='ocr_carea' id='block_1_46' title="bbox 656 4025 2231 4096">
    <p class='ocr_par' dir='ltr' id='par_1_46' title="bbox 656 4025 2231 4096">
     <span class='ocr_line' id='line_1_48' title="bbox 656 4025 2231 4096; baseline -0.001 -16"><span class='ocrx_word' id='word_1_371' title='bbox 656 4026 799 4096; x_wconf 86' lang='lat' dir='ltr'><strong>pulis</strong></span> <span class='ocrx_word' id='word_1_372' title='bbox 851 4026 1193 4080; x_wconf 86' lang='lat' dir='ltr'><strong>audientibus</strong></span> <span class='ocrx_word' id='word_1_373' title='bbox 1242 4028 1464 4095; x_wconf 88' lang='lat' dir='ltr'><strong>protulit</strong></span> <span class='ocrx_word' id='word_1_374' title='bbox 1514 4028 1739 4084; x_wconf 87' lang='lat' dir='ltr'><strong>dicens:</strong></span> <span class='ocrx_word' id='word_1_375' title='bbox 1783 4027 1885 4082; x_wconf 74' lang='grc' dir='ltr'><strong>Ηὶι·</strong></span> <span class='ocrx_word' id='word_1_376' title='bbox 1930 4037 2005 4082; x_wconf 76' lang='lat' dir='ltr'><strong>est</strong></span> <span class='ocrx_word' id='word_1_377' title='bbox 2062 4025 2231 4079; x_wconf 77' lang='lat' dir='ltr'><strong>Filius</strong></span> 
     </span>
    </p>
   </div>
   <div class='ocr_carea' id='block_1_47' title="bbox 656 4115 2233 4189">
    <p class='ocr_par' dir='ltr' id='par_1_47' title="bbox 656 4115 2233 4189">
     <span class='ocr_line' id='line_1_49' title="bbox 656 4115 2233 4189; baseline -0.001 -18"><span class='ocrx_word' id='word_1_378' title='bbox 656 4132 802 4171; x_wconf 78' lang='lat' dir='ltr'><strong>meus</strong></span> <span class='ocrx_word' id='word_1_379' title='bbox 852 4115 1093 4180; x_wconf 79' lang='lat' dir='ltr'><strong>dilectus,</strong></span> <span class='ocrx_word' id='word_1_380' title='bbox 1136 4115 1193 4169; x_wconf 81' lang='lat' dir='ltr'><strong>in</strong></span> <span class='ocrx_word' id='word_1_381' title='bbox 1227 4131 1330 4185; x_wconf 83' lang='lat' dir='ltr'><strong>quo</strong></span> <span class='ocrx_word' id='word_1_382' title='bbox 1358 4116 1488 4169; x_wconf 81' lang='lat' dir='ltr'><strong>mihi</strong></span> <span class='ocrx_word' id='word_1_383' title='bbox 1526 4118 1651 4172; x_wconf 83' lang='lat' dir='ltr'><strong>bene</strong></span> <span class='ocrx_word' id='word_1_384' title='bbox 1676 4119 1989 4187; x_wconf 74' lang='lat' dir='ltr'><strong>complacuit</strong></span> <span class='ocrx_word' id='word_1_385' title='bbox 2016 4132 2036 4171; x_wconf 89' lang='lat'><strong><em>:</em></strong></span> <span class='ocrx_word' id='word_1_386' title='bbox 2062 4118 2233 4189; x_wconf 46' lang='lat' dir='ltr'><strong>ipsum</strong></span> 
     </span>
    </p>
   </div>
   <div class='ocr_carea' id='block_1_48' title="bbox 658 4204 2236 4277">
    <p class='ocr_par' dir='ltr' id='par_1_48' title="bbox 658 4204 2236 4277">
     <span class='ocr_line' id='line_1_50' title="bbox 658 4204 2236 4277; baseline 0 -17"><span class='ocrx_word' id='word_1_387' title='bbox 658 4208 837 4260; x_wconf 84' lang='lat' dir='ltr'><strong>audite</strong></span> <span class='ocrx_word' id='word_1_388' title='bbox 865 4204 1077 4277; x_wconf 77' lang='lat' dir='ltr'><strong>(Matth.</strong></span> <span class='ocrx_word' id='word_1_389' title='bbox 1107 4221 1245 4267; x_wconf 81' lang='lat' dir='ltr'><strong>xvn,</strong></span> <span class='ocrx_word' id='word_1_390' title='bbox 1277 4204 1367 4277; x_wconf 81' lang='lat'><strong>5);</strong></span> <span class='ocrx_word' id='word_1_391' title='bbox 1402 4206 1557 4275; x_wconf 86' lang='lat' dir='ltr'><strong>quasi</strong></span> <span class='ocrx_word' id='word_1_392' title='bbox 1588 4207 1691 4261; x_wconf 90' lang='lat' dir='ltr'><strong>hoc</strong></span> <span class='ocrx_word' id='word_1_393' title='bbox 1718 4207 1784 4261; x_wconf 88' lang='lat' dir='ltr'><strong>de</strong></span> <span class='ocrx_word' id='word_1_394' title='bbox 1809 4207 2089 4261; x_wconf 82' lang='lat' dir='ltr'><strong>divinitate</strong></span> <span class='ocrx_word' id='word_1_395' title='bbox 2117 4216 2236 4260; x_wconf 86' lang='lat' dir='ltr'><strong>tan-</strong></span> 
     </span>
    </p>
   </div>
   <div class='ocr_carea' id='block_1_49' title="bbox 661 4298 2232 4368">
    <p class='ocr_par' dir='ltr' id='par_1_49' title="bbox 661 4298 2232 4368">
     <span class='ocr_line' id='line_1_51' title="bbox 661 4298 2232 4368; baseline -0.001 -17"><span class='ocrx_word' id='word_1_396' title='bbox 661 4299 936 4354; x_wconf 87' lang='lat' dir='ltr'><strong>tummodo</strong></span> <span class='ocrx_word' id='word_1_397' title='bbox 983 4299 1182 4355; x_wconf 86' lang='lat' dir='ltr'><strong>dietum</strong></span> <span class='ocrx_word' id='word_1_398' title='bbox 1212 4298 1304 4362; x_wconf 89' lang='lat' dir='ltr'><strong>sit,</strong></span> <span class='ocrx_word' id='word_1_399' title='bbox 1336 4306 1391 4351; x_wconf 91' lang='lat' dir='ltr'><strong>ct</strong></span> <span class='ocrx_word' id='word_1_400' title='bbox 1427 4314 1533 4352; x_wconf 89' lang='lat' dir='ltr'><strong>non</strong></span> <span class='ocrx_word' id='word_1_401' title='bbox 1566 4298 1736 4368; x_wconf 77' lang='lat' dir='ltr'><strong>magis</strong></span> <span class='ocrx_word' id='word_1_402' title='bbox 1773 4298 1840 4351; x_wconf 82' lang='lat' dir='ltr'><strong>de</strong></span> <span class='ocrx_word' id='word_1_403' title='bbox 1879 4298 2232 4351; x_wconf 86' lang='lat' dir='ltr'><strong>humanitate.</strong></span> 
     </span>
    </p>
   </div>
   <div class='ocr_carea' id='block_1_50' title="bbox 2273 538 3839 611">
    <p class='ocr_par' dir='ltr' id='par_1_50' title="bbox 2273 538 3839 611">
     <span class='ocr_line' id='line_1_52' title="bbox 2273 538 3839 611; baseline -0.015 0"><span class='ocrx_word' id='word_1_404' title='bbox 2273 557 2451 611; x_wconf 86' lang='lat' dir='ltr'><strong>monio</strong></span> <span class='ocrx_word' id='word_1_405' title='bbox 2478 569 2582 608; x_wconf 89' lang='lat' dir='ltr'><strong>non</strong></span> <span class='ocrx_word' id='word_1_406' title='bbox 2612 549 2823 607; x_wconf 89' lang='lat' dir='ltr'><strong>credis?</strong></span> <span class='ocrx_word' id='word_1_407' title='bbox 2852 545 2961 601; x_wconf 85' lang='lat' dir='ltr'><strong>Nec</strong></span> <span class='ocrx_word' id='word_1_408' title='bbox 2996 544 3091 601; x_wconf 87' lang='lat' dir='ltr'><strong>tibi</strong></span> <span class='ocrx_word' id='word_1_409' title='bbox 3119 542 3296 597; x_wconf 87' lang='lat' dir='ltr'><strong>adhuc</strong></span> <span class='ocrx_word' id='word_1_410' title='bbox 3324 540 3412 595; x_wconf 87' lang='lat' dir='ltr'><strong>hic</strong></span> <span class='ocrx_word' id='word_1_411' title='bbox 3440 538 3589 593; x_wconf 85' lang='lat' dir='ltr'><strong>locus</strong></span> <span class='ocrx_word' id='word_1_412' title='bbox 3622 548 3839 607; x_wconf 82' lang='lat' dir='ltr'><strong>separa-</strong></span> 
     </span>
    </p>
   </div>
   <div class='ocr_carea' id='block_1_51' title="bbox 2274 625 3837 706">
    <p class='ocr_par' dir='ltr' id='par_1_51' title="bbox 2274 625 3837 706">
     <span class='ocr_line' id='line_1_53' title="bbox 2274 625 3837 706; baseline -0.015 -5"><span class='ocrx_word' id='word_1_413' title='bbox 2274 646 2436 701; x_wconf 91' lang='lat' dir='ltr'><strong>tionis</strong></span> <span class='ocrx_word' id='word_1_414' title='bbox 2474 643 2665 706; x_wconf 87' lang='lat' dir='ltr'><strong>datur;</strong></span> <span class='ocrx_word' id='word_1_415' title='bbox 2722 640 2789 694; x_wconf 89' lang='lat' dir='ltr'><strong>de</strong></span> <span class='ocrx_word' id='word_1_416' title='bbox 2839 651 2942 691; x_wconf 91' lang='lat' dir='ltr'><strong>uno</strong></span> <span class='ocrx_word' id='word_1_417' title='bbox 2987 634 3125 689; x_wconf 81' lang='lat' dir='ltr'><strong>Filio</strong></span> <span class='ocrx_word' id='word_1_418' title='bbox 3169 630 3328 693; x_wconf 71' lang='lat' dir='ltr'><strong>dixit,</strong></span> <span class='ocrx_word' id='word_1_419' title='bbox 3374 642 3539 682; x_wconf 87' lang='lat' dir='ltr'><strong>unum</strong></span> <span class='ocrx_word' id='word_1_420' title='bbox 3581 625 3837 691; x_wconf 85' lang='lat' dir='ltr'><strong>ostendit,</strong></span> 
     </span>
    </p>
   </div>
   <div class='ocr_carea' id='block_1_52' title="bbox 2275 717 3841 804">
    <p class='ocr_par' dir='ltr' id='par_1_52' title="bbox 2275 717 3841 804">
     <span class='ocr_line' id='line_1_54' title="bbox 2275 717 3841 804; baseline -0.013 -16"><span class='ocrx_word' id='word_1_421' title='bbox 2275 735 2427 804; x_wconf 84' lang='lat' dir='ltr'><strong>quasi</strong></span> <span class='ocrx_word' id='word_1_422' title='bbox 2440 722 2671 788; x_wconf 76' lang='lat' dir='ltr'><strong>dixisset</strong></span> <span class='ocrx_word' id='word_1_423' title='bbox 2695 743 2709 781; x_wconf 91' lang='lat'>:</span> <span class='ocrx_word' id='word_1_424' title='bbox 2736 725 2847 781; x_wconf 84' lang='lat' dir='ltr'><strong>Nec</strong></span> <span class='ocrx_word' id='word_1_425' title='bbox 2866 719 3027 780; x_wconf 82' lang='lat' dir='ltr'><strong>alium</strong></span> <span class='ocrx_word' id='word_1_426' title='bbox 3052 734 3291 792; x_wconf 75' lang='lat' dir='ltr'><strong>quteras;</strong></span> <span class='ocrx_word' id='word_1_427' title='bbox 3318 732 3415 772; x_wconf 91' lang='lat' dir='ltr'><strong>nec</strong></span> <span class='ocrx_word' id='word_1_428' title='bbox 3436 717 3578 790; x_wconf 87' lang='lat' dir='ltr'><strong>hunc</strong></span> <span class='ocrx_word' id='word_1_429' title='bbox 3596 729 3704 771; x_wconf 86' lang='lat' dir='ltr'><strong>non</strong></span> <span class='ocrx_word' id='word_1_430' title='bbox 3722 727 3841 769; x_wconf 83' lang='lat' dir='ltr'><strong>esse</strong></span> 
     </span>
    </p>
   </div>
   <div class='ocr_carea' id='block_1_53' title="bbox 2277 796 3838 878">
    <p class='ocr_par' dir='ltr' id='par_1_53' title="bbox 2277 796 3838 878">
     <span class='ocr_line' id='line_1_55' title="bbox 2277 796 3838 878; baseline -0.014 0"><span class='ocrx_word' id='word_1_431' title='bbox 2277 796 2486 878; x_wconf 69' lang='lat' dir='ltr'><strong>eredas.</strong></span> <span class='ocrx_word' id='word_1_432' title='bbox 2536 820 2643 873; x_wconf 77' lang='lat' dir='ltr'><strong>Aut</strong></span> <span class='ocrx_word' id='word_1_433' title='bbox 2674 818 2718 872; x_wconf 93' lang='lat' dir='ltr'><strong>si</strong></span> <span class='ocrx_word' id='word_1_434' title='bbox 2748 816 2885 870; x_wconf 74' lang='lat' dir='ltr'><strong>forte</strong></span> <span class='ocrx_word' id='word_1_435' title='bbox 2914 813 3011 868; x_wconf 88' lang='lat' dir='ltr'><strong>tibi</strong></span> <span class='ocrx_word' id='word_1_436' title='bbox 3038 809 3298 865; x_wconf 83' lang='lat' dir='ltr'><strong>dubitatio</strong></span> <span class='ocrx_word' id='word_1_437' title='bbox 3326 808 3417 871; x_wconf 91' lang='lat' dir='ltr'><strong>sit,</strong></span> <span class='ocrx_word' id='word_1_438' title='bbox 3444 806 3487 861; x_wconf 90' lang='lat' dir='ltr'><strong>si</strong></span> <span class='ocrx_word' id='word_1_439' title='bbox 3509 806 3573 861; x_wconf 89' lang='lat' dir='ltr'><strong>de</strong></span> <span class='ocrx_word' id='word_1_440' title='bbox 3604 796 3838 861; x_wconf 86' lang='lat' dir='ltr'><strong>humana</strong></span> 
     </span>
    </p>
   </div>
   <div class='ocr_carea' id='block_1_54' title="bbox 2279 894 3842 968">
    <p class='ocr_par' dir='ltr' id='par_1_54' title="bbox 2279 894 3842 968">
     <span class='ocr_line' id='line_1_56' title="bbox 2279 894 3842 968; baseline -0.011 -1"><span class='ocrx_word' id='word_1_441' title='bbox 2279 910 2484 967; x_wconf 88' lang='lat' dir='ltr'><strong>Christi</strong></span> <span class='ocrx_word' id='word_1_442' title='bbox 2526 917 2719 963; x_wconf 83' lang='lat' dir='ltr'><strong>natura</strong></span> <span class='ocrx_word' id='word_1_443' title='bbox 2763 907 2877 960; x_wconf 73' lang='lat' dir='ltr'><strong>luce</strong></span> <span class='ocrx_word' id='word_1_444' title='bbox 2920 903 3061 957; x_wconf 88' lang='lat' dir='ltr'><strong>dicta</strong></span> <span class='ocrx_word' id='word_1_445' title='bbox 3099 900 3226 962; x_wconf 88' lang='lat' dir='ltr'><strong>sint,</strong></span> <span class='ocrx_word' id='word_1_446' title='bbox 3258 898 3375 968; x_wconf 77' lang='lat' dir='ltr'><strong>lege</strong></span> <span class='ocrx_word' id='word_1_447' title='bbox 3419 896 3561 953; x_wconf 88' lang='lat' dir='ltr'><strong>beati</strong></span> <span class='ocrx_word' id='word_1_448' title='bbox 3594 894 3842 966; x_wconf 78' lang='lat' dir='ltr'><strong>Gregorii</strong></span> 
     </span>
    </p>
   </div>
   <div class='ocr_carea' id='block_1_55' title="bbox 2282 972 3845 1073">
    <p class='ocr_par' dir='ltr' id='par_1_55' title="bbox 2282 972 3845 1073">
     <span class='ocr_line' id='line_1_57' title="bbox 2282 972 3845 1073; baseline -0.01 -17"><span class='ocrx_word' id='word_1_449' title='bbox 2282 1000 2491 1073; x_wconf 71' lang='lat' dir='ltr'><strong>prmfati</strong></span> <span class='ocrx_word' id='word_1_450' title='bbox 2522 998 2700 1053; x_wconf 82' lang='lat' dir='ltr'><strong>Patris</strong></span> <span class='ocrx_word' id='word_1_451' title='bbox 2727 997 2779 1051; x_wconf 89' lang='lat' dir='ltr'><strong>in</strong></span> <span class='ocrx_word' id='word_1_452' title='bbox 2810 992 3045 1049; x_wconf 86' lang='lat' dir='ltr'><strong>homiliis</strong></span> <span class='ocrx_word' id='word_1_453' title='bbox 3071 989 3370 1044; x_wconf 77' lang='lat' dir='ltr'><strong>Ezechielis</strong></span> <span class='ocrx_word' id='word_1_454' title='bbox 3400 972 3464 1042; x_wconf 84' lang='lat' dir='ltr'><strong>de</strong></span> <span class='ocrx_word' id='word_1_455' title='bbox 3496 988 3597 1041; x_wconf 88' lang='lat' dir='ltr'><strong>hac</strong></span> <span class='ocrx_word' id='word_1_456' title='bbox 3620 994 3845 1057; x_wconf 86' lang='lat' dir='ltr'><strong>paterna</strong></span> 
     </span>
    </p>
   </div>
   <div class='ocr_carea' id='block_1_56' title="bbox 2284 1076 3849 1156">
    <p class='ocr_par' dir='ltr' id='par_1_56' title="bbox 2284 1076 3849 1156">
     <span class='ocr_line' id='line_1_58' title="bbox 2284 1076 3849 1156; baseline -0.01 -11"><span class='ocrx_word' id='word_1_457' title='bbox 2284 1105 2417 1145; x_wconf 87' lang='lat' dir='ltr'><strong>voce</strong></span> <span class='ocrx_word' id='word_1_458' title='bbox 2453 1102 2666 1150; x_wconf 90' lang='lat' dir='ltr'><strong>sensus,</strong></span> <span class='ocrx_word' id='word_1_459' title='bbox 2696 1085 2787 1156; x_wconf 89' lang='lat' dir='ltr'><strong>qui</strong></span> <span class='ocrx_word' id='word_1_460' title='bbox 2825 1091 2946 1153; x_wconf 89' lang='lat' dir='ltr'><strong>post</strong></span> <span class='ocrx_word' id='word_1_461' title='bbox 2984 1081 3211 1152; x_wconf 85' lang='lat' dir='ltr'><strong>plurima</strong></span> <span class='ocrx_word' id='word_1_462' title='bbox 3259 1076 3611 1132; x_wconf 87' lang='lat' dir='ltr'><strong>humanitatis</strong></span> <span class='ocrx_word' id='word_1_463' title='bbox 3648 1076 3849 1132; x_wconf 82' lang='lat' dir='ltr'><strong>Christi</strong></span> 
     </span>
    </p>
   </div>
   <div class='ocr_carea' id='block_1_57' title="bbox 2288 1162 3853 1244">
    <p class='ocr_par' dir='ltr' id='par_1_57' title="bbox 2288 1162 3853 1244">
     <span class='ocr_line' id='line_1_59' title="bbox 2288 1162 3853 1244; baseline -0.012 -9"><span class='ocrx_word' id='word_1_464' title='bbox 2288 1186 2624 1235; x_wconf 88' lang='lat' dir='ltr'><strong>sacramenta</strong></span> <span class='ocrx_word' id='word_1_465' title='bbox 2655 1186 2709 1229; x_wconf 89' lang='lat' dir='ltr'><strong>et</strong></span> <span class='ocrx_word' id='word_1_466' title='bbox 2754 1172 3078 1244; x_wconf 79' lang='lat' dir='ltr'><strong>prophetica:</strong></span> <span class='ocrx_word' id='word_1_467' title='bbox 3106 1169 3327 1224; x_wconf 86' lang='lat' dir='ltr'><strong>visionis</strong></span> <span class='ocrx_word' id='word_1_468' title='bbox 3368 1167 3626 1244; x_wconf 80' lang='lat' dir='ltr'><strong>mysteria</strong></span> <span class='ocrx_word' id='word_1_469' title='bbox 3646 1207 3661 1232; x_wconf 92' lang='lat'><strong>,</strong></span> <span class='ocrx_word' id='word_1_470' title='bbox 3694 1162 3853 1233; x_wconf 82' lang='lat' dir='ltr'><strong>hujus</strong></span> 
     </span>
    </p>
   </div>
   <div class='ocr_carea' id='block_1_58' title="bbox 2288 1189 3851 1339">
    <p class='ocr_par' dir='ltr' id='par_1_58' title="bbox 2288 1189 3851 1339">
     <span class='ocr_line' id='line_1_60' title="bbox 2288 1189 3851 1244; baseline -0.012 -9"><span class='ocrx_word' id='word_1_471' title='bbox 2288 1189 2624 1235; x_wconf 89' lang='lat' dir='ltr'><strong>sacramenta</strong></span> <span class='ocrx_word' id='word_1_472' title='bbox 2655 1189 2709 1229; x_wconf 88' lang='lat' dir='ltr'><strong>et</strong></span> <span class='ocrx_word' id='word_1_473' title='bbox 2754 1190 2849 1244; x_wconf 89' lang='lat' dir='ltr'><strong>pro</strong></span> <span class='ocrx_word' id='word_1_474' title='bbox 2891 1189 3078 1226; x_wconf 79' lang='lat' dir='ltr'><strong>ueuca:</strong></span> <span class='ocrx_word' id='word_1_475' title='bbox 3106 1189 3327 1224; x_wconf 78' lang='lat' dir='ltr'><strong>VlSles</strong></span> <span class='ocrx_word' id='word_1_476' title='bbox 3368 1189 3661 1241; x_wconf 75' lang='lat' dir='ltr'><strong>mysteria,</strong></span> <span class='ocrx_word' id='word_1_477' title='bbox 3695 1189 3851 1233; x_wconf 65' lang='grc' dir='ltr'>ιιυιιιδ</span> 
     </span>
     <span class='ocr_line' id='line_1_61' title="bbox 2288 1189 3851 1339; baseline -0.012 -16"><span class='ocrx_word' id='word_1_478' title='bbox 2288 1277 2527 1339; x_wconf 77' lang='lat' dir='ltr'><strong>paterna:</strong></span> <span class='ocrx_word' id='word_1_479' title='bbox 2584 1263 2730 1318; x_wconf 88' lang='lat' dir='ltr'><strong>vocis</strong></span> <span class='ocrx_word' id='word_1_480' title='bbox 2788 1189 3155 1317; x_wconf 49' lang='lat' dir='ltr'><strong>exgellcntiam</strong></span> <span class='ocrx_word' id='word_1_481' title='bbox 3204 1243 3467 1310; x_wconf 80' lang='lat' dir='ltr'><strong>subinfert</strong></span> <span class='ocrx_word' id='word_1_482' title='bbox 3523 1253 3709 1309; x_wconf 74' lang='lat' dir='ltr'><strong>dicens</strong></span> <span class='ocrx_word' id='word_1_483' title='bbox 3756 1263 3782 1294; x_wconf 75' lang='grc' dir='ltr'>ι</span> <span class='ocrx_word' id='word_1_484' title='bbox 3837 1268 3851 1305; x_wconf 91' lang='lat'><strong>:</strong></span> 
     </span>
    </p>
   </div>
   <div class='ocr_carea' id='block_1_59' title="bbox 2298 1345 3858 1425">
    <p class='ocr_par' dir='ltr' id='par_1_59' title="bbox 2298 1345 3858 1425">
     <span class='ocr_line' id='line_1_62' title="bbox 2298 1345 3858 1425; baseline -0.01 -14"><span class='ocrx_word' id='word_1_485' title='bbox 2298 1379 2314 1411; x_wconf 77' lang='grc' dir='ltr'><strong>ι</strong></span> <span class='ocrx_word' id='word_1_486' title='bbox 2352 1361 2497 1423; x_wconf 76' lang='lat' dir='ltr'><strong>Vox,</strong></span> <span class='ocrx_word' id='word_1_487' title='bbox 2529 1357 2735 1425; x_wconf 88' lang='lat' dir='ltr'><strong>inquit,</strong></span> <span class='ocrx_word' id='word_1_488' title='bbox 2767 1368 2925 1423; x_wconf 87' lang='lat' dir='ltr'><strong>super</strong></span> <span class='ocrx_word' id='word_1_489' title='bbox 2964 1350 3356 1404; x_wconf 85' lang='lat' dir='ltr'><strong>ﬁrmamentum</strong></span> <span class='ocrx_word' id='word_1_490' title='bbox 3408 1345 3547 1401; x_wconf 79' lang='lat' dir='ltr'><strong>facta</strong></span> <span class='ocrx_word' id='word_1_491' title='bbox 3586 1352 3697 1407; x_wconf 84' lang='lat' dir='ltr'><strong>est,</strong></span> <span class='ocrx_word' id='word_1_492' title='bbox 3736 1356 3858 1413; x_wconf 57' lang='lat' dir='ltr'><strong>qua</strong></span> 
     </span>
    </p>
   </div>
   <div class='ocr_carea' id='block_1_60' title="bbox 2292 1430 3885 1519">
    <p class='ocr_par' dir='ltr' id='par_1_60' title="bbox 2292 1430 3885 1519">
     <span class='ocr_line' id='line_1_63' title="bbox 2292 1430 3885 1519; baseline -0.016 -15"><span class='ocrx_word' id='word_1_493' title='bbox 2292 1436 2453 1519; x_wconf 85' lang='lat' dir='ltr'><strong>super</strong></span> <span class='ocrx_word' id='word_1_494' title='bbox 2474 1446 2804 1514; x_wconf 84' lang='lat' dir='ltr'><strong>baptizatum</strong></span> <span class='ocrx_word' id='word_1_495' title='bbox 2829 1439 3111 1513; x_wconf 84' lang='lat' dir='ltr'><strong>Dominum</strong></span> <span class='ocrx_word' id='word_1_496' title='bbox 3140 1437 3206 1491; x_wconf 91' lang='lat' dir='ltr'><strong>de</strong></span> <span class='ocrx_word' id='word_1_497' title='bbox 3242 1435 3377 1491; x_wconf 74' lang='lat' dir='ltr'><strong>cmlo</strong></span> <span class='ocrx_word' id='word_1_498' title='bbox 3415 1433 3595 1489; x_wconf 87' lang='lat' dir='ltr'><strong>sonuit</strong></span> <span class='ocrx_word' id='word_1_499' title='bbox 3629 1430 3812 1517; x_wconf 83' lang='lat' dir='ltr'><strong>dicens</strong></span> <span class='ocrx_word' id='word_1_500' title='bbox 3842 1447 3885 1483; x_wconf 76' lang='grc' dir='ltr'>ε.</span> 
     </span>
    </p>
   </div>
   <div class='ocr_carea' id='block_1_61' title="bbox 2298 1513 3858 1594">
    <p class='ocr_par' dir='ltr' id='par_1_61' title="bbox 2298 1513 3858 1594">
     <span class='ocr_line' id='line_1_64' title="bbox 2298 1513 3858 1594; baseline -0.011 -3"><span class='ocrx_word' id='word_1_501' title='bbox 2298 1513 2373 1591; x_wconf 70' lang='lat' dir='ltr'><strong>Tu</strong></span> <span class='ocrx_word' id='word_1_502' title='bbox 2393 1554 2446 1591; x_wconf 76' lang='lat' dir='ltr'><strong>es</strong></span> <span class='ocrx_word' id='word_1_503' title='bbox 2470 1513 2641 1589; x_wconf 78' lang='lat' dir='ltr'><strong>Filius</strong></span> <span class='ocrx_word' id='word_1_504' title='bbox 2668 1548 2807 1587; x_wconf 79' lang='lat' dir='ltr'><strong>meus</strong></span> <span class='ocrx_word' id='word_1_505' title='bbox 2836 1528 3074 1591; x_wconf 83' lang='lat' dir='ltr'><strong>dilectus,</strong></span> <span class='ocrx_word' id='word_1_506' title='bbox 3106 1528 3159 1580; x_wconf 80' lang='lat' dir='ltr'><strong>in</strong></span> <span class='ocrx_word' id='word_1_507' title='bbox 3188 1536 3233 1579; x_wconf 87' lang='lat' dir='ltr'><strong>te</strong></span> <span class='ocrx_word' id='word_1_508' title='bbox 3266 1522 3557 1594; x_wconf 83' lang='lat' dir='ltr'><strong>complacui</strong></span> <span class='ocrx_word' id='word_1_509' title='bbox 3587 1513 3737 1592; x_wconf 81' lang='lat' dir='ltr'><strong>(Luc.</strong></span> <span class='ocrx_word' id='word_1_510' title='bbox 3768 1536 3858 1583; x_wconf 87' lang='lat' dir='ltr'><strong>In,</strong></span> 
     </span>
    </p>
   </div>
   <div class='ocr_carea' id='block_1_62' title="bbox 2295 1606 3864 1697">
    <p class='ocr_par' dir='ltr' id='par_1_62' title="bbox 2295 1606 3864 1697">
     <span class='ocr_line' id='line_1_65' title="bbox 2295 1606 3864 1697; baseline -0.011 -16"><span class='ocrx_word' id='word_1_511' title='bbox 2295 1626 2418 1697; x_wconf 72' lang='lat'><strong>22);</strong></span> <span class='ocrx_word' id='word_1_512' title='bbox 2446 1625 2532 1682; x_wconf 84' lang='lat' dir='ltr'><strong>vel</strong></span> <span class='ocrx_word' id='word_1_513' title='bbox 2560 1625 2699 1679; x_wconf 90' lang='lat' dir='ltr'><strong>sicut</strong></span> <span class='ocrx_word' id='word_1_514' title='bbox 2726 1637 2821 1692; x_wconf 90' lang='lat' dir='ltr'><strong>per</strong></span> <span class='ocrx_word' id='word_1_515' title='bbox 2848 1619 3239 1688; x_wconf 78' lang='lat' dir='ltr'><strong>Evangelistam</strong></span> <span class='ocrx_word' id='word_1_516' title='bbox 3276 1614 3437 1669; x_wconf 88' lang='lat' dir='ltr'><strong>alium</strong></span> <span class='ocrx_word' id='word_1_517' title='bbox 3476 1612 3675 1667; x_wconf 85' lang='lat' dir='ltr'><strong>dicitur</strong></span> <span class='ocrx_word' id='word_1_518' title='bbox 3704 1625 3720 1667; x_wconf 86' lang='lat'><strong>:</strong></span> <span class='ocrx_word' id='word_1_519' title='bbox 3760 1606 3864 1664; x_wconf 82' lang='lat' dir='ltr'><strong>Hic</strong></span> 
     </span>
    </p>
   </div>
   <div class='ocr_carea' id='block_1_63' title="bbox 2223 1700 3858 1786">
    <p class='ocr_par' dir='ltr' id='par_1_63' title="bbox 2223 1700 3858 1786">
     <span class='ocr_line' id='line_1_66' title="bbox 2223 1700 3858 1786; baseline -0.013 -12"><span class='ocrx_word' id='word_1_520' title='bbox 2223 1729 2267 1786; x_wconf 69' lang='grc' dir='ltr'><strong>ιι</strong></span> <span class='ocrx_word' id='word_1_521' title='bbox 2295 1707 2367 1773; x_wconf 63' lang='grc' dir='ltr'>ἀι</span> <span class='ocrx_word' id='word_1_522' title='bbox 2392 1717 2566 1771; x_wconf 74' lang='lat' dir='ltr'><strong>Filius</strong></span> <span class='ocrx_word' id='word_1_523' title='bbox 2588 1732 2731 1769; x_wconf 80' lang='lat' dir='ltr'><strong>meus</strong></span> <span class='ocrx_word' id='word_1_524' title='bbox 2753 1714 2991 1779; x_wconf 69' lang='lat' dir='ltr'><strong>dilectus,</strong></span> <span class='ocrx_word' id='word_1_525' title='bbox 3016 1711 3071 1763; x_wconf 85' lang='lat' dir='ltr'><strong>in</strong></span> <span class='ocrx_word' id='word_1_526' title='bbox 3086 1724 3185 1779; x_wconf 89' lang='lat' dir='ltr'><strong>quo</strong></span> <span class='ocrx_word' id='word_1_527' title='bbox 3202 1706 3327 1760; x_wconf 82' lang='lat' dir='ltr'><strong>mihi</strong></span> <span class='ocrx_word' id='word_1_528' title='bbox 3355 1704 3480 1759; x_wconf 75' lang='lat' dir='ltr'><strong>bene</strong></span> <span class='ocrx_word' id='word_1_529' title='bbox 3499 1700 3810 1783; x_wconf 70' lang='lat' dir='ltr'><strong>complacuit</strong></span> <span class='ocrx_word' id='word_1_530' title='bbox 3836 1718 3858 1753; x_wconf 71' lang='grc' dir='ltr'><strong>ι</strong></span> 
     </span>
    </p>
   </div>
   <div class='ocr_carea' id='block_1_64' title="bbox 2299 1780 3866 1879">
    <p class='ocr_par' dir='ltr' id='par_1_64' title="bbox 2299 1780 3866 1879">
     <span class='ocr_line' id='line_1_67' title="bbox 2299 1780 3866 1879; baseline -0.011 -17"><span class='ocrx_word' id='word_1_531' title='bbox 2299 1806 2514 1879; x_wconf 77' lang='lat' dir='ltr'><strong>(Matth.</strong></span> <span class='ocrx_word' id='word_1_532' title='bbox 2562 1822 2647 1870; x_wconf 88' lang='grc' dir='ltr'>ιιι,</span> <span class='ocrx_word' id='word_1_533' title='bbox 2678 1802 2788 1872; x_wconf 85' lang='lat' dir='ltr'><strong>l7).</strong></span> <span class='ocrx_word' id='word_1_534' title='bbox 2857 1801 2923 1855; x_wconf 87' lang='lat' dir='ltr'><strong>Et</strong></span> <span class='ocrx_word' id='word_1_535' title='bbox 2974 1809 3096 1871; x_wconf 89' lang='lat' dir='ltr'><strong>post</strong></span> <span class='ocrx_word' id='word_1_536' title='bbox 3148 1812 3316 1869; x_wconf 88' lang='lat' dir='ltr'><strong>pauca</strong></span> <span class='ocrx_word' id='word_1_537' title='bbox 3347 1811 3361 1849; x_wconf 91' lang='lat'><strong>:</strong></span> <span class='ocrx_word' id='word_1_538' title='bbox 3398 1813 3416 1846; x_wconf 78' lang='grc' dir='ltr'><strong>ι</strong></span> <span class='ocrx_word' id='word_1_539' title='bbox 3452 1794 3511 1849; x_wconf 86' lang='lat' dir='ltr'><strong>In</strong></span> <span class='ocrx_word' id='word_1_540' title='bbox 3540 1793 3655 1848; x_wconf 91' lang='lat' dir='ltr'><strong>solo</strong></span> <span class='ocrx_word' id='word_1_541' title='bbox 3682 1780 3866 1846; x_wconf 87' lang='lat' dir='ltr'><strong>autem</strong></span> 
     </span>
    </p>
   </div>
   <div class='ocr_carea' id='block_1_65' title="bbox 2299 1887 3867 1969">
    <p class='ocr_par' dir='ltr' id='par_1_65' title="bbox 2299 1887 3867 1969">
     <span class='ocr_line' id='line_1_68' title="bbox 2299 1887 3867 1969; baseline -0.009 -16"><span class='ocrx_word' id='word_1_542' title='bbox 2299 1899 2401 1953; x_wconf 91' lang='lat' dir='ltr'><strong>sibi</strong></span> <span class='ocrx_word' id='word_1_543' title='bbox 2431 1898 2704 1969; x_wconf 81' lang='lat' dir='ltr'><strong>unigenito</strong></span> <span class='ocrx_word' id='word_1_544' title='bbox 2729 1896 2955 1949; x_wconf 90' lang='lat' dir='ltr'><strong>Domino</strong></span> <span class='ocrx_word' id='word_1_545' title='bbox 2993 1894 3103 1947; x_wconf 86' lang='lat' dir='ltr'><strong>Deo</strong></span> <span class='ocrx_word' id='word_1_546' title='bbox 3128 1899 3313 1945; x_wconf 86' lang='lat' dir='ltr'><strong>nostro</strong></span> <span class='ocrx_word' id='word_1_547' title='bbox 3340 1889 3465 1945; x_wconf 85' lang='lat' dir='ltr'><strong>.lesu</strong></span> <span class='ocrx_word' id='word_1_548' title='bbox 3490 1887 3701 1942; x_wconf 90' lang='lat' dir='ltr'><strong>Christo</strong></span> <span class='ocrx_word' id='word_1_549' title='bbox 3724 1897 3867 1940; x_wconf 87' lang='lat' dir='ltr'><strong>com-</strong></span> 
     </span>
    </p>
   </div>
   <div class='ocr_carea' id='block_1_66' title="bbox 2301 1978 3982 2060">
    <p class='ocr_par' dir='ltr' id='par_1_66' title="bbox 2301 1978 3982 2060">
     <span class='ocr_line' id='line_1_69' title="bbox 2301 1978 3982 2060; baseline -0.01 -17"><span class='ocrx_word' id='word_1_550' title='bbox 2301 1989 2529 2060; x_wconf 85' lang='lat' dir='ltr'><strong>p‘acuit,</strong></span> <span class='ocrx_word' id='word_1_551' title='bbox 2561 1987 2686 2056; x_wconf 89' lang='lat' dir='ltr'><strong>quia</strong></span> <span class='ocrx_word' id='word_1_552' title='bbox 2712 1986 2857 2039; x_wconf 89' lang='lat' dir='ltr'><strong>hunc</strong></span> <span class='ocrx_word' id='word_1_553' title='bbox 2888 1984 3029 2037; x_wconf 90' lang='lat' dir='ltr'><strong>inter</strong></span> <span class='ocrx_word' id='word_1_554' title='bbox 3071 1982 3314 2036; x_wconf 91' lang='lat' dir='ltr'><strong>homines</strong></span> <span class='ocrx_word' id='word_1_555' title='bbox 3357 1978 3629 2032; x_wconf 86' lang='lat' dir='ltr'><strong>hominem</strong></span> <span class='ocrx_word' id='word_1_556' title='bbox 3656 1988 3870 2029; x_wconf 85' lang='lat' dir='ltr'><strong>creasse</strong></span> <span class='ocrx_word' id='word_1_557' title='bbox 3965 2017 3982 2026; x_wconf 41' lang='grc' dir='ltr'>κ</span> 
     </span>
    </p>
   </div>
   <div class='ocr_carea' id='block_1_67' title="bbox 2302 2065 3874 2151">
    <p class='ocr_par' dir='ltr' id='par_1_67' title="bbox 2302 2065 3874 2151">
     <span class='ocr_line' id='line_1_70' title="bbox 2302 2065 3874 2151; baseline -0.011 -14"><span class='ocrx_word' id='word_1_558' title='bbox 2302 2098 2425 2137; x_wconf 89' lang='lat' dir='ltr'><strong>cum</strong></span> <span class='ocrx_word' id='word_1_559' title='bbox 2454 2096 2559 2134; x_wconf 91' lang='lat' dir='ltr'><strong>non</strong></span> <span class='ocrx_word' id='word_1_560' title='bbox 2601 2077 2851 2151; x_wconf 76' lang='lat' dir='ltr'><strong>pmnituit</strong></span> <span class='ocrx_word' id='word_1_561' title='bbox 2874 2117 2888 2139; x_wconf 93' lang='lat'><strong>,</strong></span> <span class='ocrx_word' id='word_1_562' title='bbox 2938 2075 2992 2129; x_wconf 91' lang='lat' dir='ltr'><strong>in</strong></span> <span class='ocrx_word' id='word_1_563' title='bbox 3026 2089 3133 2144; x_wconf 88' lang='lat' dir='ltr'><strong>quo</strong></span> <span class='ocrx_word' id='word_1_564' title='bbox 3161 2079 3441 2143; x_wconf 87' lang='lat' dir='ltr'><strong>peccatum</strong></span> <span class='ocrx_word' id='word_1_565' title='bbox 3472 2067 3674 2123; x_wconf 88' lang='lat' dir='ltr'><strong>nullum</strong></span> <span class='ocrx_word' id='word_1_566' title='bbox 3703 2065 3874 2121; x_wconf 88' lang='lat' dir='ltr'><strong>omni-</strong></span> 
     </span>
    </p>
   </div>
   <div class='ocr_carea' id='block_1_68' title="bbox 2305 2158 3872 2233">
    <p class='ocr_par' dir='ltr' id='par_1_68' title="bbox 2305 2158 3872 2233">
     <span class='ocr_line' id='line_1_71' title="bbox 2305 2158 3872 2233; baseline -0.011 -7"><span class='ocrx_word' id='word_1_567' title='bbox 2305 2171 2462 2227; x_wconf 87' lang='lat' dir='ltr'><strong>modo</strong></span> <span class='ocrx_word' id='word_1_568' title='bbox 2488 2169 2691 2224; x_wconf 84' lang='lat' dir='ltr'><strong>invenit</strong></span> <span class='ocrx_word' id='word_1_569' title='bbox 2714 2208 2726 2232; x_wconf 83' lang='lat'><strong>,</strong></span> <span class='ocrx_word' id='word_1_570' title='bbox 2761 2167 2901 2223; x_wconf 68' lang='lat' dir='ltr'><strong>situt</strong></span> <span class='ocrx_word' id='word_1_571' title='bbox 2927 2165 2993 2219; x_wconf 88' lang='lat' dir='ltr'><strong>de</strong></span> <span class='ocrx_word' id='word_1_572' title='bbox 3023 2163 3111 2217; x_wconf 82' lang='lat' dir='ltr'><strong>illo</strong></span> <span class='ocrx_word' id='word_1_573' title='bbox 3138 2178 3235 2233; x_wconf 90' lang='lat' dir='ltr'><strong>per</strong></span> <span class='ocrx_word' id='word_1_574' title='bbox 3259 2160 3596 2214; x_wconf 85' lang='lat' dir='ltr'><strong>Psalmistam</strong></span> <span class='ocrx_word' id='word_1_575' title='bbox 3628 2158 3825 2212; x_wconf 87' lang='lat' dir='ltr'><strong>dicitur</strong></span> <span class='ocrx_word' id='word_1_576' title='bbox 3855 2169 3872 2209; x_wconf 91' lang='lat'><strong>:</strong></span> 
     </span>
    </p>
   </div>
   <div class='ocr_carea' id='block_1_69' title="bbox 2304 2248 3878 2323">
    <p class='ocr_par' dir='ltr' id='par_1_69' title="bbox 2304 2248 3878 2323">
     <span class='ocr_line' id='line_1_72' title="bbox 2304 2248 3878 2323; baseline -0.011 -9"><span class='ocrx_word' id='word_1_577' title='bbox 2304 2260 2512 2314; x_wconf 81' lang='lat' dir='ltr'><strong>Jurarit</strong></span> <span class='ocrx_word' id='word_1_578' title='bbox 2542 2258 2815 2317; x_wconf 81' lang='lat' dir='ltr'><strong>Dominus,</strong></span> <span class='ocrx_word' id='word_1_579' title='bbox 2848 2263 2895 2308; x_wconf 88' lang='lat' dir='ltr'><strong>et</strong></span> <span class='ocrx_word' id='word_1_580' title='bbox 2927 2270 3029 2307; x_wconf 81' lang='lat' dir='ltr'><strong>non</strong></span> <span class='ocrx_word' id='word_1_581' title='bbox 3051 2253 3310 2323; x_wconf 64' lang='lat' dir='ltr'><strong>paenitebit</strong></span> <span class='ocrx_word' id='word_1_582' title='bbox 3337 2267 3453 2303; x_wconf 85' lang='lat' dir='ltr'><strong>eum</strong></span> <span class='ocrx_word' id='word_1_583' title='bbox 3478 2266 3492 2302; x_wconf 91' lang='lat'><em>:</em></span> <span class='ocrx_word' id='word_1_584' title='bbox 3522 2248 3597 2301; x_wconf 83' lang='lat' dir='ltr'><strong>Tu</strong></span> <span class='ocrx_word' id='word_1_585' title='bbox 3624 2265 3675 2302; x_wconf 79' lang='lat' dir='ltr'><strong>es</strong></span> <span class='ocrx_word' id='word_1_586' title='bbox 3704 2261 3878 2301; x_wconf 75' lang='lat' dir='ltr'><strong>sacer-</strong></span> 
     </span>
    </p>
   </div>
   <div class='ocr_carea' id='block_1_70' title="bbox 2306 2333 3876 2410">
    <p class='ocr_par' dir='ltr' id='par_1_70' title="bbox 2306 2333 3876 2410">
     <span class='ocr_line' id='line_1_73' title="bbox 2306 2333 3876 2410; baseline -0.008 -10"><span class='ocrx_word' id='word_1_587' title='bbox 2306 2346 2401 2400; x_wconf 79' lang='lat' dir='ltr'><strong>dos</strong></span> <span class='ocrx_word' id='word_1_588' title='bbox 2448 2348 2503 2400; x_wconf 84' lang='lat' dir='ltr'><strong>in</strong></span> <span class='ocrx_word' id='word_1_589' title='bbox 2568 2356 2820 2400; x_wconf 63' lang='lat' dir='ltr'><strong>a’ternum</strong></span> <span class='ocrx_word' id='word_1_590' title='bbox 2853 2343 3150 2410; x_wconf 55' lang='lat' dir='ltr'><strong>secundum</strong></span> <span class='ocrx_word' id='word_1_591' title='bbox 3211 2341 3442 2394; x_wconf 80' lang='lat' dir='ltr'><strong>ordinem</strong></span> <span class='ocrx_word' id='word_1_592' title='bbox 3502 2333 3876 2393; x_wconf 74' lang='lat' dir='ltr'><strong>Melchisedech</strong></span> 
     </span>
    </p>
   </div>
   <div class='ocr_carea' id='block_1_71' title="bbox 2310 2432 3881 2510">
    <p class='ocr_par' dir='ltr' id='par_1_71' title="bbox 2310 2432 3881 2510">
     <span class='ocr_line' id='line_1_74' title="bbox 2310 2432 3881 2510; baseline -0.005 -19"><span class='ocrx_word' id='word_1_593' title='bbox 2310 2437 2487 2510; x_wconf 75' lang='lat' dir='ltr'><strong>(Psal.</strong></span> <span class='ocrx_word' id='word_1_594' title='bbox 2513 2455 2623 2501; x_wconf 66' lang='lat' dir='ltr'><strong>cxx,</strong></span> <span class='ocrx_word' id='word_1_595' title='bbox 2653 2437 2730 2508; x_wconf 74' lang='grc' dir='ltr'><strong>ι).</strong></span> <span class='ocrx_word' id='word_1_596' title='bbox 2773 2436 2830 2491; x_wconf 87' lang='lat' dir='ltr'><strong>In</strong></span> <span class='ocrx_word' id='word_1_597' title='bbox 2870 2436 2982 2491; x_wconf 90' lang='lat' dir='ltr'><strong>solo</strong></span> <span class='ocrx_word' id='word_1_598' title='bbox 3008 2449 3137 2506; x_wconf 76' lang='lat' dir='ltr'><strong>ergo</strong></span> <span class='ocrx_word' id='word_1_599' title='bbox 3170 2432 3272 2488; x_wconf 90' lang='lat' dir='ltr'><strong>sibi</strong></span> <span class='ocrx_word' id='word_1_600' title='bbox 3309 2432 3668 2501; x_wconf 82' lang='lat' dir='ltr'><strong>Rcdcmptorc</strong></span> <span class='ocrx_word' id='word_1_601' title='bbox 3696 2434 3881 2483; x_wconf 85' lang='lat' dir='ltr'><strong>nostro</strong></span> 
     </span>
    </p>
   </div>
   <div class='ocr_carea' id='block_1_72' title="bbox 2309 2519 3874 2601">
    <p class='ocr_par' dir='ltr' id='par_1_72' title="bbox 2309 2519 3874 2601">
     <span class='ocr_line' id='line_1_75' title="bbox 2309 2519 3874 2601; baseline -0.01 -14"><span class='ocrx_word' id='word_1_602' title='bbox 2309 2529 2605 2601; x_wconf 82' lang='lat' dir='ltr'><strong>cumplacet</strong></span> <span class='ocrx_word' id='word_1_603' title='bbox 2630 2527 2809 2593; x_wconf 85' lang='lat' dir='ltr'><strong>Pater,</strong></span> <span class='ocrx_word' id='word_1_604' title='bbox 2841 2528 2967 2598; x_wconf 88' lang='lat' dir='ltr'><strong>quia</strong></span> <span class='ocrx_word' id='word_1_605' title='bbox 2994 2526 3051 2580; x_wconf 88' lang='lat' dir='ltr'><strong>in</strong></span> <span class='ocrx_word' id='word_1_606' title='bbox 3078 2524 3193 2580; x_wconf 89' lang='lat' dir='ltr'><strong>solo</strong></span> <span class='ocrx_word' id='word_1_607' title='bbox 3214 2539 3322 2578; x_wconf 89' lang='lat' dir='ltr'><strong>non</strong></span> <span class='ocrx_word' id='word_1_608' title='bbox 3347 2524 3554 2581; x_wconf 89' lang='lat' dir='ltr'><strong>invenit</strong></span> <span class='ocrx_word' id='word_1_609' title='bbox 3584 2519 3815 2589; x_wconf 88' lang='lat' dir='ltr'><strong>culpam.</strong></span> <span class='ocrx_word' id='word_1_610' title='bbox 3854 2537 3874 2572; x_wconf 75' lang='grc' dir='ltr'><strong>ι</strong></span> 
     </span>
    </p>
   </div>
   <div class='ocr_carea' id='block_1_73' title="bbox 2310 2611 3885 2681">
    <p class='ocr_par' dir='ltr' id='par_1_73' title="bbox 2310 2611 3885 2681">
     <span class='ocr_line' id='line_1_76' title="bbox 2310 2611 3885 2681; baseline -0.008 -6"><span class='ocrx_word' id='word_1_611' title='bbox 2310 2620 2445 2675; x_wconf 79' lang='lat' dir='ltr'><strong>ltem</strong></span> <span class='ocrx_word' id='word_1_612' title='bbox 2474 2621 2527 2674; x_wconf 89' lang='lat' dir='ltr'><strong>in</strong></span> <span class='ocrx_word' id='word_1_613' title='bbox 2555 2620 2743 2675; x_wconf 86' lang='lat' dir='ltr'><strong>eadem</strong></span> <span class='ocrx_word' id='word_1_614' title='bbox 2784 2616 3000 2673; x_wconf 86' lang='lat' dir='ltr'><strong>homilia</strong></span> <span class='ocrx_word' id='word_1_615' title='bbox 3044 2633 3059 2669; x_wconf 92' lang='lat'><strong>:</strong></span> <span class='ocrx_word' id='word_1_616' title='bbox 3117 2632 3135 2666; x_wconf 86' lang='grc' dir='ltr'><strong>ι</strong></span> <span class='ocrx_word' id='word_1_617' title='bbox 3166 2613 3300 2669; x_wconf 91' lang='lat' dir='ltr'><strong>Cum</strong></span> <span class='ocrx_word' id='word_1_618' title='bbox 3344 2628 3471 2676; x_wconf 78' lang='lat' dir='ltr'><strong>vox,</strong></span> <span class='ocrx_word' id='word_1_619' title='bbox 3495 2611 3690 2681; x_wconf 84' lang='lat' dir='ltr'><strong>inquit,</strong></span> <span class='ocrx_word' id='word_1_620' title='bbox 3721 2625 3885 2681; x_wconf 88' lang='lat' dir='ltr'><strong>super</strong></span> 
     </span>
    </p>
   </div>
   <div class='ocr_carea' id='block_1_74' title="bbox 2314 2699 3887 2771">
    <p class='ocr_par' dir='ltr' id='par_1_74' title="bbox 2314 2699 3887 2771">
     <span class='ocr_line' id='line_1_77' title="bbox 2314 2699 3887 2771; baseline -0.006 -6"><span class='ocrx_word' id='word_1_621' title='bbox 2314 2710 2709 2767; x_wconf 77' lang='lat' dir='ltr'><strong>ﬁrmamentum</strong></span> <span class='ocrx_word' id='word_1_622' title='bbox 2737 2709 2827 2771; x_wconf 90' lang='lat' dir='ltr'><strong>sit,</strong></span> <span class='ocrx_word' id='word_1_623' title='bbox 2857 2714 3003 2762; x_wconf 90' lang='lat' dir='ltr'><strong>stant</strong></span> <span class='ocrx_word' id='word_1_624' title='bbox 3031 2702 3314 2769; x_wconf 89' lang='lat' dir='ltr'><strong>animalia,</strong></span> <span class='ocrx_word' id='word_1_625' title='bbox 3348 2712 3403 2757; x_wconf 90' lang='lat' dir='ltr'><strong>et</strong></span> <span class='ocrx_word' id='word_1_626' title='bbox 3427 2701 3751 2757; x_wconf 88' lang='lat' dir='ltr'><strong>submittunt</strong></span> <span class='ocrx_word' id='word_1_627' title='bbox 3772 2699 3887 2755; x_wconf 81' lang='lat' dir='ltr'><strong>alas</strong></span> 
     </span>
    </p>
   </div>
   <div class='ocr_carea' id='block_1_75' title="bbox 2317 2791 3888 2870">
    <p class='ocr_par' dir='ltr' id='par_1_75' title="bbox 2317 2791 3888 2870">
     <span class='ocr_line' id='line_1_78' title="bbox 2317 2791 3888 2870; baseline -0.009 -12"><span class='ocrx_word' id='word_1_628' title='bbox 2317 2816 2464 2865; x_wconf 88' lang='lat' dir='ltr'><strong>suas,</strong></span> <span class='ocrx_word' id='word_1_629' title='bbox 2499 2800 2625 2870; x_wconf 90' lang='lat' dir='ltr'><strong>quia</strong></span> <span class='ocrx_word' id='word_1_630' title='bbox 2656 2800 2824 2854; x_wconf 88' lang='lat' dir='ltr'><strong>sancti</strong></span> <span class='ocrx_word' id='word_1_631' title='bbox 2854 2798 3051 2868; x_wconf 86' lang='lat' dir='ltr'><strong>quique</strong></span> <span class='ocrx_word' id='word_1_632' title='bbox 3092 2810 3213 2850; x_wconf 88' lang='lat' dir='ltr'><strong>cum</strong></span> <span class='ocrx_word' id='word_1_633' title='bbox 3249 2794 3420 2865; x_wconf 88' lang='lat' dir='ltr'><strong>ipsum</strong></span> <span class='ocrx_word' id='word_1_634' title='bbox 3460 2807 3673 2864; x_wconf 91' lang='lat' dir='ltr'><strong>quoque</strong></span> <span class='ocrx_word' id='word_1_635' title='bbox 3704 2791 3888 2861; x_wconf 74' lang='lat' dir='ltr'><strong>unige-</strong></span> 
     </span>
    </p>
   </div>
   <div class='ocr_carea' id='block_1_76' title="bbox 2317 2878 3891 2961">
    <p class='ocr_par' dir='ltr' id='par_1_76' title="bbox 2317 2878 3891 2961">
     <span class='ocr_line' id='line_1_79' title="bbox 2317 2878 3891 2961; baseline -0.008 -16"><span class='ocrx_word' id='word_1_636' title='bbox 2317 2892 2490 2945; x_wconf 88' lang='lat' dir='ltr'><strong>nitum</strong></span> <span class='ocrx_word' id='word_1_637' title='bbox 2517 2888 2837 2961; x_wconf 82' lang='lat' dir='ltr'><strong>ﬂagellatum</strong></span> <span class='ocrx_word' id='word_1_638' title='bbox 2866 2888 2920 2941; x_wconf 91' lang='lat' dir='ltr'><strong>in</strong></span> <span class='ocrx_word' id='word_1_639' title='bbox 2948 2888 3051 2941; x_wconf 82' lang='lat' dir='ltr'><strong>hoc</strong></span> <span class='ocrx_word' id='word_1_640' title='bbox 3076 2884 3277 2940; x_wconf 88' lang='lat' dir='ltr'><strong>mundo</strong></span> <span class='ocrx_word' id='word_1_641' title='bbox 3315 2881 3688 2953; x_wconf 87' lang='lat' dir='ltr'><strong>conspiciunt,</strong></span> <span class='ocrx_word' id='word_1_642' title='bbox 3729 2878 3891 2948; x_wconf 86' lang='lat' dir='ltr'><strong>depo-</strong></span> 
     </span>
    </p>
   </div>
   <div class='ocr_carea' id='block_1_77' title="bbox 2319 2965 3892 3049">
    <p class='ocr_par' dir='ltr' id='par_1_77' title="bbox 2319 2965 3892 3049">
     <span class='ocr_line' id='line_1_80' title="bbox 2319 2965 3892 3049; baseline -0.008 -15"><span class='ocrx_word' id='word_1_643' title='bbox 2319 2988 2475 3045; x_wconf 87' lang='lat' dir='ltr'><strong>nunt,</strong></span> <span class='ocrx_word' id='word_1_644' title='bbox 2504 2978 2549 3033; x_wconf 90' lang='lat' dir='ltr'><strong>si</strong></span> <span class='ocrx_word' id='word_1_645' title='bbox 2579 2976 2706 3049; x_wconf 72' lang='lat' dir='ltr'><strong>quid</strong></span> <span class='ocrx_word' id='word_1_646' title='bbox 2732 2979 2795 3032; x_wconf 86' lang='lat' dir='ltr'><strong>de</strong></span> <span class='ocrx_word' id='word_1_647' title='bbox 2832 2976 2944 3030; x_wconf 90' lang='lat' dir='ltr'><strong>suis</strong></span> <span class='ocrx_word' id='word_1_648' title='bbox 2985 2973 3195 3029; x_wconf 85' lang='lat' dir='ltr'><strong>meritis</strong></span> <span class='ocrx_word' id='word_1_649' title='bbox 3240 2979 3591 3042; x_wconf 68' lang='lat' dir='ltr'><strong>praesumunt.</strong></span> <span class='ocrx_word' id='word_1_650' title='bbox 3629 2987 3647 3020; x_wconf 78' lang='grc' dir='ltr'><strong>ι</strong></span> <span class='ocrx_word' id='word_1_651' title='bbox 3691 2965 3892 3021; x_wconf 75' lang='lat' dir='ltr'><strong>Certis-</strong></span> 
     </span>
    </p>
   </div>
   <div class='ocr_carea' id='block_1_78' title="bbox 2242 3055 3896 3132">
    <p class='ocr_par' dir='ltr' id='par_1_78' title="bbox 2242 3055 3896 3132">
     <span class='ocr_line' id='line_1_81' title="bbox 2242 3055 3896 3132; baseline -0.007 -8"><span class='ocrx_word' id='word_1_652' title='bbox 2242 3071 2290 3132; x_wconf 83' lang='lat' dir='ltr'><strong>C</strong></span> <span class='ocrx_word' id='word_1_653' title='bbox 2320 3069 2458 3123; x_wconf 86' lang='lat' dir='ltr'><strong>sime</strong></span> <span class='ocrx_word' id='word_1_654' title='bbox 2487 3069 2627 3122; x_wconf 89' lang='lat' dir='ltr'><strong>hanc</strong></span> <span class='ocrx_word' id='word_1_655' title='bbox 2655 3080 2841 3119; x_wconf 90' lang='lat' dir='ltr'><strong>vocem</strong></span> <span class='ocrx_word' id='word_1_656' title='bbox 2870 3077 3030 3132; x_wconf 87' lang='lat' dir='ltr'><strong>super</strong></span> <span class='ocrx_word' id='word_1_657' title='bbox 3057 3062 3391 3130; x_wconf 77' lang='lat' dir='ltr'><strong>baptizatum</strong></span> <span class='ocrx_word' id='word_1_658' title='bbox 3420 3056 3703 3113; x_wconf 89' lang='lat' dir='ltr'><strong>Dominum</strong></span> <span class='ocrx_word' id='word_1_659' title='bbox 3733 3055 3896 3112; x_wconf 72' lang='lat' dir='ltr'><strong>emis-</strong></span> 
     </span>
    </p>
   </div>
   <div class='ocr_carea' id='block_1_79' title="bbox 2322 3147 3897 3214">
    <p class='ocr_par' dir='ltr' id='par_1_79' title="bbox 2322 3147 3897 3214">
     <span class='ocr_line' id='line_1_82' title="bbox 2322 3147 3897 3214; baseline -0.006 0"><span class='ocrx_word' id='word_1_660' title='bbox 2322 3173 2438 3214; x_wconf 88' lang='lat' dir='ltr'><strong>sam</strong></span> <span class='ocrx_word' id='word_1_661' title='bbox 2477 3172 2594 3212; x_wconf 89' lang='lat' dir='ltr'><strong>csse</strong></span> <span class='ocrx_word' id='word_1_662' title='bbox 2620 3156 2720 3211; x_wconf 89' lang='lat' dir='ltr'><strong>iste</strong></span> <span class='ocrx_word' id='word_1_663' title='bbox 2752 3153 2982 3209; x_wconf 78' lang='lat' dir='ltr'><strong>eximius</strong></span> <span class='ocrx_word' id='word_1_664' title='bbox 3003 3153 3190 3208; x_wconf 76' lang='lat' dir='ltr'><strong>doctor</strong></span> <span class='ocrx_word' id='word_1_665' title='bbox 3214 3150 3494 3206; x_wconf 76' lang='lat' dir='ltr'><strong>intellexit.</strong></span> <span class='ocrx_word' id='word_1_666' title='bbox 3519 3147 3713 3205; x_wconf 88' lang='lat' dir='ltr'><strong>Procul</strong></span> <span class='ocrx_word' id='word_1_667' title='bbox 3735 3148 3897 3209; x_wconf 89' lang='lat' dir='ltr'><strong>dubio</strong></span> 
     </span>
    </p>
   </div>
   <div class='ocr_carea' id='block_1_80' title="bbox 2322 3238 3901 3315">
    <p class='ocr_par' dir='ltr' id='par_1_80' title="bbox 2322 3238 3901 3315">
     <span class='ocr_line' id='line_1_83' title="bbox 2322 3238 3901 3315; baseline -0.006 -11"><span class='ocrx_word' id='word_1_668' title='bbox 2322 3248 2631 3304; x_wconf 87' lang='lat' dir='ltr'><strong>humanitas</strong></span> <span class='ocrx_word' id='word_1_669' title='bbox 2658 3245 2918 3315; x_wconf 85' lang='lat' dir='ltr'><strong>baptizari</strong></span> <span class='ocrx_word' id='word_1_670' title='bbox 2958 3243 3132 3314; x_wconf 90' lang='lat' dir='ltr'><strong>potuit</strong></span> <span class='ocrx_word' id='word_1_671' title='bbox 3158 3282 3171 3307; x_wconf 93' lang='lat'><strong>,</strong></span> <span class='ocrx_word' id='word_1_672' title='bbox 3200 3256 3308 3295; x_wconf 84' lang='lat' dir='ltr'><strong>non</strong></span> <span class='ocrx_word' id='word_1_673' title='bbox 3346 3238 3636 3294; x_wconf 80' lang='lat' dir='ltr'><strong>divinitas:</strong></span> <span class='ocrx_word' id='word_1_674' title='bbox 3665 3250 3901 3310; x_wconf 82' lang='lat' dir='ltr'><strong>eumque</strong></span> 
     </span>
    </p>
   </div>
   <div class='ocr_carea' id='block_1_81' title="bbox 2323 3328 3903 3410">
    <p class='ocr_par' dir='ltr' id='par_1_81' title="bbox 2323 3328 3903 3410">
     <span class='ocr_line' id='line_1_84' title="bbox 2323 3328 3903 3410; baseline -0.007 -17"><span class='ocrx_word' id='word_1_675' title='bbox 2323 3340 2413 3410; x_wconf 86' lang='lat' dir='ltr'><strong>qui</strong></span> <span class='ocrx_word' id='word_1_676' title='bbox 2464 3339 2578 3395; x_wconf 91' lang='lat' dir='ltr'><strong>sine</strong></span> <span class='ocrx_word' id='word_1_677' title='bbox 2620 3344 2840 3407; x_wconf 85' lang='lat' dir='ltr'><strong>peccato</strong></span> <span class='ocrx_word' id='word_1_678' title='bbox 2866 3334 3031 3399; x_wconf 83' lang='lat' dir='ltr'><strong>venit,</strong></span> <span class='ocrx_word' id='word_1_679' title='bbox 3054 3341 3109 3387; x_wconf 90' lang='lat' dir='ltr'><strong>et</strong></span> <span class='ocrx_word' id='word_1_680' title='bbox 3133 3329 3338 3403; x_wconf 76' lang='lat' dir='ltr'><strong>ﬂagella</strong></span> <span class='ocrx_word' id='word_1_681' title='bbox 3376 3343 3474 3400; x_wconf 90' lang='lat' dir='ltr'><strong>pro</strong></span> <span class='ocrx_word' id='word_1_682' title='bbox 3513 3329 3713 3384; x_wconf 86' lang='lat' dir='ltr'><strong>nostris</strong></span> <span class='ocrx_word' id='word_1_683' title='bbox 3738 3328 3903 3385; x_wconf 88' lang='lat' dir='ltr'><strong>susti-</strong></span> 
     </span>
    </p>
   </div>
   <div class='ocr_carea' id='block_1_82' title="bbox 2324 3416 3897 3499">
    <p class='ocr_par' dir='ltr' id='par_1_82' title="bbox 2324 3416 3897 3499">
     <span class='ocr_line' id='line_1_85' title="bbox 2324 3416 3897 3499; baseline -0.008 -14"><span class='ocrx_word' id='word_1_684' title='bbox 2324 3429 2441 3485; x_wconf 92' lang='lat' dir='ltr'><strong>nuit</strong></span> <span class='ocrx_word' id='word_1_685' title='bbox 2480 3426 2747 3499; x_wconf 89' lang='lat' dir='ltr'><strong>peccatis,</strong></span> <span class='ocrx_word' id='word_1_686' title='bbox 2780 3425 3111 3497; x_wconf 83' lang='lat' dir='ltr'><strong>unigenitum</strong></span> <span class='ocrx_word' id='word_1_687' title='bbox 3155 3422 3435 3479; x_wconf 89' lang='lat' dir='ltr'><strong>nominare</strong></span> <span class='ocrx_word' id='word_1_688' title='bbox 3462 3436 3567 3475; x_wconf 92' lang='lat' dir='ltr'><strong>non</strong></span> <span class='ocrx_word' id='word_1_689' title='bbox 3603 3419 3800 3475; x_wconf 88' lang='lat' dir='ltr'><strong>timuit.</strong></span> <span class='ocrx_word' id='word_1_690' title='bbox 3835 3416 3897 3474; x_wconf 89' lang='lat' dir='ltr'><strong>Si</strong></span> 
     </span>
    </p>
   </div>
   <div class='ocr_carea' id='block_1_83' title="bbox 2324 3512 3562 3587">
    <p class='ocr_par' dir='ltr' id='par_1_83' title="bbox 2324 3512 3562 3587">
     <span class='ocr_line' id='line_1_86' title="bbox 2324 3512 3562 3587; baseline -0.009 -15"><span class='ocrx_word' id='word_1_691' title='bbox 2324 3518 2632 3587; x_wconf 67' lang='lat' dir='ltr'><strong>unigenitus</strong></span> <span class='ocrx_word' id='word_1_692' title='bbox 2653 3525 2756 3581; x_wconf 90' lang='lat' dir='ltr'><strong>est,</strong></span> <span class='ocrx_word' id='word_1_693' title='bbox 2789 3530 3125 3585; x_wconf 86' lang='lat' dir='ltr'><strong>nequaquam</strong></span> <span class='ocrx_word' id='word_1_694' title='bbox 3152 3512 3434 3583; x_wconf 83' lang='lat' dir='ltr'><strong>adoptivus</strong></span> <span class='ocrx_word' id='word_1_695' title='bbox 3459 3518 3562 3566; x_wconf 88' lang='lat' dir='ltr'><strong>est.</strong></span> 
     </span>
    </p>
   </div>
   <div class='ocr_carea' id='block_1_84' title="bbox 2395 3639 3900 3706">
    <p class='ocr_par' dir='ltr' id='par_1_84' title="bbox 2395 3639 3900 3706">
     <span class='ocr_line' id='line_1_87' title="bbox 2395 3639 3900 3706; baseline -0.01 0"><span class='ocrx_word' id='word_1_696' title='bbox 2395 3650 2535 3706; x_wconf 75' lang='lat' dir='ltr'><strong>XXI.</strong></span> <span class='ocrx_word' id='word_1_697' title='bbox 2560 3650 2773 3705; x_wconf 84' lang='lat' dir='ltr'><strong>Scimus</strong></span> <span class='ocrx_word' id='word_1_698' title='bbox 2797 3651 3013 3704; x_wconf 87' lang='lat' dir='ltr'><strong>beatum</strong></span> <span class='ocrx_word' id='word_1_699' title='bbox 3030 3647 3294 3701; x_wconf 83' lang='lat' dir='ltr'><strong>lsidorum</strong></span> <span class='ocrx_word' id='word_1_700' title='bbox 3316 3645 3496 3699; x_wconf 87' lang='lat' dir='ltr'><strong>dicere</strong></span> <span class='ocrx_word' id='word_1_701' title='bbox 3518 3642 3583 3695; x_wconf 88' lang='lat' dir='ltr'><strong>de</strong></span> <span class='ocrx_word' id='word_1_702' title='bbox 3601 3639 3815 3695; x_wconf 85' lang='lat' dir='ltr'><strong>Christo</strong></span> <span class='ocrx_word' id='word_1_703' title='bbox 3832 3639 3858 3678; x_wconf 79' lang='grc' dir='ltr'><strong>ιι</strong></span> <span class='ocrx_word' id='word_1_704' title='bbox 3887 3656 3900 3693; x_wconf 86' lang='grc'><strong>;</strong></span> 
     </span>
    </p>
   </div>
   <div class='ocr_carea' id='block_1_85' title="bbox 2333 3729 3905 3809">
    <p class='ocr_par' dir='ltr' id='par_1_85' title="bbox 2333 3729 3905 3809">
     <span class='ocr_line' id='line_1_88' title="bbox 2333 3729 3905 3809; baseline -0.006 -17"><span class='ocrx_word' id='word_1_705' title='bbox 2333 3758 2352 3792; x_wconf 78' lang='grc' dir='ltr'><strong>ι</strong></span> <span class='ocrx_word' id='word_1_706' title='bbox 2390 3740 2710 3809; x_wconf 81' lang='lat' dir='ltr'><strong>Unigenitus</strong></span> <span class='ocrx_word' id='word_1_707' title='bbox 2737 3740 2791 3792; x_wconf 89' lang='lat' dir='ltr'><strong>in</strong></span> <span class='ocrx_word' id='word_1_708' title='bbox 2822 3737 3122 3800; x_wconf 87' lang='lat' dir='ltr'><strong>divinitate,</strong></span> <span class='ocrx_word' id='word_1_709' title='bbox 3154 3733 3544 3803; x_wconf 76' lang='lat' dir='ltr'><strong>primogenitus</strong></span> <span class='ocrx_word' id='word_1_710' title='bbox 3574 3731 3627 3785; x_wconf 91' lang='lat' dir='ltr'><strong>in</strong></span> <span class='ocrx_word' id='word_1_711' title='bbox 3656 3729 3905 3783; x_wconf 87' lang='lat' dir='ltr'><strong>humani-</strong></span> 
     </span>
    </p>
   </div>
   <div class='ocr_carea' id='block_1_86' title="bbox 2332 3821 3903 3897">
    <p class='ocr_par' dir='ltr' id='par_1_86' title="bbox 2332 3821 3903 3897">
     <span class='ocr_line' id='line_1_89' title="bbox 2332 3821 3903 3897; baseline -0.006 -10"><span class='ocrx_word' id='word_1_712' title='bbox 2332 3841 2441 3887; x_wconf 82' lang='lat' dir='ltr'><strong>tate</strong></span> <span class='ocrx_word' id='word_1_713' title='bbox 2480 3848 2494 3884; x_wconf 87' lang='lat'><strong>:</strong></span> <span class='ocrx_word' id='word_1_714' title='bbox 2539 3845 2645 3884; x_wconf 89' lang='lat' dir='ltr'><strong>non</strong></span> <span class='ocrx_word' id='word_1_715' title='bbox 2692 3838 2870 3882; x_wconf 88' lang='lat' dir='ltr'><strong>tamen</strong></span> <span class='ocrx_word' id='word_1_716' title='bbox 2918 3826 3143 3897; x_wconf 76' lang='lat' dir='ltr'><strong>legimus</strong></span> <span class='ocrx_word' id='word_1_717' title='bbox 3184 3839 3306 3887; x_wconf 84' lang='lat' dir='ltr'><strong>eum</strong></span> <span class='ocrx_word' id='word_1_718' title='bbox 3348 3822 3721 3878; x_wconf 86' lang='lat' dir='ltr'><strong>contradicere</strong></span> <span class='ocrx_word' id='word_1_719' title='bbox 3760 3821 3903 3890; x_wconf 85' lang='lat' dir='ltr'><strong>quod</strong></span> 
     </span>
    </p>
   </div>
   <div class='ocr_carea' id='block_1_87' title="bbox 2310 3910 3903 3995">
    <p class='ocr_par' dir='ltr' id='par_1_87' title="bbox 2310 3910 3903 3995">
     <span class='ocr_line' id='line_1_90' title="bbox 2310 3910 3903 3995; baseline -0.008 -18"><span class='ocrx_word' id='word_1_720' title='bbox 2310 3920 2722 3995; x_wconf 79' lang='lat' dir='ltr'><strong>.primogenitus</strong></span> <span class='ocrx_word' id='word_1_721' title='bbox 2763 3930 2975 3988; x_wconf 86' lang='lat' dir='ltr'><strong>quoque</strong></span> <span class='ocrx_word' id='word_1_722' title='bbox 2999 3922 3143 3975; x_wconf 89' lang='lat' dir='ltr'><strong>esset</strong></span> <span class='ocrx_word' id='word_1_723' title='bbox 3168 3914 3222 3968; x_wconf 92' lang='lat' dir='ltr'><strong>in</strong></span> <span class='ocrx_word' id='word_1_724' title='bbox 3245 3913 3547 3975; x_wconf 86' lang='lat' dir='ltr'><strong>divinitate,</strong></span> <span class='ocrx_word' id='word_1_725' title='bbox 3576 3919 3633 3965; x_wconf 90' lang='lat' dir='ltr'><strong>et</strong></span> <span class='ocrx_word' id='word_1_726' title='bbox 3659 3910 3903 3981; x_wconf 78' lang='lat' dir='ltr'><strong>unigeni-</strong></span> 
     </span>
    </p>
   </div>
   <div class='ocr_carea' id='block_1_88' title="bbox 2334 3992 3911 4078">
    <p class='ocr_par' dir='ltr' id='par_1_88' title="bbox 2334 3992 3911 4078">
     <span class='ocr_line' id='line_1_91' title="bbox 2334 3992 3911 4078; baseline -0.008 -9"><span class='ocrx_word' id='word_1_727' title='bbox 2334 3992 2419 4071; x_wconf 79' lang='lat' dir='ltr'><strong>tus</strong></span> <span class='ocrx_word' id='word_1_728' title='bbox 2445 4015 2497 4069; x_wconf 90' lang='lat' dir='ltr'><strong>in</strong></span> <span class='ocrx_word' id='word_1_729' title='bbox 2529 4012 2881 4076; x_wconf 81' lang='lat' dir='ltr'><strong>humanitate,</strong></span> <span class='ocrx_word' id='word_1_730' title='bbox 2905 4025 2973 4064; x_wconf 87' lang='lat' dir='ltr'><strong>ne</strong></span> <span class='ocrx_word' id='word_1_731' title='bbox 3000 4008 3114 4078; x_wconf 87' lang='lat' dir='ltr'><strong>ipse</strong></span> <span class='ocrx_word' id='word_1_732' title='bbox 3139 4006 3341 4075; x_wconf 86' lang='lat' dir='ltr'><strong>aliquid</strong></span> <span class='ocrx_word' id='word_1_733' title='bbox 3373 4015 3562 4060; x_wconf 81' lang='lat' dir='ltr'><strong>contra</strong></span> <span class='ocrx_word' id='word_1_734' title='bbox 3590 3992 3911 4073; x_wconf 84' lang='lat' dir='ltr'><strong>Scripturas</strong></span> 
     </span>
    </p>
   </div>
   <div class='ocr_carea' id='block_1_89' title="bbox 2333 4094 3912 4172">
    <p class='ocr_par' dir='ltr' id='par_1_89' title="bbox 2333 4094 3912 4172">
     <span class='ocr_line' id='line_1_92' title="bbox 2333 4094 3912 4172; baseline -0.009 -12"><span class='ocrx_word' id='word_1_735' title='bbox 2333 4114 2553 4160; x_wconf 79' lang='lat' dir='ltr'><strong>sanctas</strong></span> <span class='ocrx_word' id='word_1_736' title='bbox 2577 4104 2847 4158; x_wconf 70' lang='lat' dir='ltr'><strong>allii-mare</strong></span> <span class='ocrx_word' id='word_1_737' title='bbox 2882 4101 3182 4172; x_wconf 67' lang='lat' dir='ltr'><strong>videretur.</strong></span> <span class='ocrx_word' id='word_1_738' title='bbox 3211 4097 3507 4165; x_wconf 84' lang='lat' dir='ltr'><strong>Utrumque</strong></span> <span class='ocrx_word' id='word_1_739' title='bbox 3533 4094 3792 4149; x_wconf 84' lang='lat' dir='ltr'><strong>Dominus</strong></span> <span class='ocrx_word' id='word_1_740' title='bbox 3815 4107 3912 4147; x_wconf 88' lang='lat' dir='ltr'><strong>no-</strong></span> 
     </span>
    </p>
   </div>
   <div class='ocr_carea' id='block_1_90' title="bbox 2334 4180 3911 4257">
    <p class='ocr_par' dir='ltr' id='par_1_90' title="bbox 2334 4180 3911 4257">
     <span class='ocr_line' id='line_1_93' title="bbox 2334 4180 3911 4257; baseline -0.011 -8"><span class='ocrx_word' id='word_1_741' title='bbox 2334 4204 2447 4249; x_wconf 88' lang='lat' dir='ltr'><strong>ster</strong></span> <span class='ocrx_word' id='word_1_742' title='bbox 2472 4193 2629 4248; x_wconf 69' lang='lat' dir='ltr'><strong>Iesus</strong></span> <span class='ocrx_word' id='word_1_743' title='bbox 2652 4191 2900 4247; x_wconf 89' lang='lat' dir='ltr'><strong>Christus</strong></span> <span class='ocrx_word' id='word_1_744' title='bbox 2927 4190 2981 4244; x_wconf 91' lang='lat' dir='ltr'><strong>in</strong></span> <span class='ocrx_word' id='word_1_745' title='bbox 3007 4197 3231 4257; x_wconf 83' lang='lat' dir='ltr'><strong>utraque</strong></span> <span class='ocrx_word' id='word_1_746' title='bbox 3261 4194 3457 4238; x_wconf 90' lang='lat' dir='ltr'><strong>natura</strong></span> <span class='ocrx_word' id='word_1_747' title='bbox 3486 4182 3607 4247; x_wconf 76' lang='lat' dir='ltr'><strong>fuit,</strong></span> <span class='ocrx_word' id='word_1_748' title='bbox 3639 4189 3696 4235; x_wconf 91' lang='lat' dir='ltr'><strong>et</strong></span> <span class='ocrx_word' id='word_1_749' title='bbox 3722 4180 3911 4250; x_wconf 76' lang='lat' dir='ltr'><strong>unige-</strong></span> 
     </span>
    </p>
   </div>
   <div class='ocr_carea' id='block_1_91' title="bbox 2314 4270 3915 4354">
    <p class='ocr_par' dir='ltr' id='par_1_91' title="bbox 2314 4270 3915 4354">
     <span class='ocr_line' id='line_1_94' title="bbox 2314 4270 3915 4354; baseline -0.011 -13"><span class='ocrx_word' id='word_1_750' title='bbox 2314 4290 2503 4353; x_wconf 79' lang='lat' dir='ltr'><strong>nitus,</strong></span> <span class='ocrx_word' id='word_1_751' title='bbox 2527 4294 2584 4341; x_wconf 87' lang='lat' dir='ltr'><strong>et</strong></span> <span class='ocrx_word' id='word_1_752' title='bbox 2609 4282 3015 4354; x_wconf 79' lang='lat' dir='ltr'><strong>primogenitus.</strong></span> <span class='ocrx_word' id='word_1_753' title='bbox 3046 4276 3365 4347; x_wconf 79' lang='lat' dir='ltr'><strong>Unigenitus</strong></span> <span class='ocrx_word' id='word_1_754' title='bbox 3387 4275 3443 4327; x_wconf 93' lang='lat' dir='ltr'><strong>in</strong></span> <span class='ocrx_word' id='word_1_755' title='bbox 3462 4272 3764 4337; x_wconf 84' lang='lat' dir='ltr'><strong>divinitate,</strong></span> <span class='ocrx_word' id='word_1_756' title='bbox 3786 4270 3915 4339; x_wconf 88' lang='lat' dir='ltr'><strong>quia</strong></span> 
     </span>
    </p>
   </div>
   <div class='ocr_carea' id='block_1_92' title="bbox 660 4367 3915 4473">
    <p class='ocr_par' dir='ltr' id='par_1_92' title="bbox 660 4367 3915 4473">
     <span class='ocr_line' id='line_1_95' title="bbox 660 4367 3915 4473; baseline -0.006 -33"><span class='ocrx_word' id='word_1_757' title='bbox 660 4385 718 4440; x_wconf 83' lang='lat' dir='ltr'><strong>Si</strong></span> <span class='ocrx_word' id='word_1_758' title='bbox 740 4400 870 4457; x_wconf 74' lang='lat' dir='ltr'><strong>ergo</strong></span> <span class='ocrx_word' id='word_1_759' title='bbox 898 4388 963 4441; x_wconf 90' lang='lat' dir='ltr'><strong>de</strong></span> <span class='ocrx_word' id='word_1_760' title='bbox 993 4388 1271 4443; x_wconf 84' lang='lat' dir='ltr'><strong>divinitate</strong></span> <span class='ocrx_word' id='word_1_761' title='bbox 1298 4367 1672 4455; x_wconf 68' lang='lat' dir='ltr'><strong>mutunmiodo</strong></span> <span class='ocrx_word' id='word_1_762' title='bbox 1698 4388 1800 4441; x_wconf 90' lang='lat' dir='ltr'><strong>hoc</strong></span> <span class='ocrx_word' id='word_1_763' title='bbox 1824 4386 2092 4454; x_wconf 85' lang='lat' dir='ltr'><strong>prolatum</strong></span> <span class='ocrx_word' id='word_1_764' title='bbox 2115 4398 2232 4437; x_wconf 87' lang='lat' dir='ltr'><strong>esse</strong></span> <span class='ocrx_word' id='word_1_765' title='bbox 2261 4416 2309 4473; x_wconf 67' lang='grc' dir='ltr'>ι)</span> <span class='ocrx_word' id='word_1_766' title='bbox 2339 4380 2485 4433; x_wconf 89' lang='lat' dir='ltr'><strong>solus</strong></span> <span class='ocrx_word' id='word_1_767' title='bbox 2516 4379 2729 4448; x_wconf 82' lang='lat' dir='ltr'><strong>genitus</strong></span> <span class='ocrx_word' id='word_1_768' title='bbox 2755 4390 2820 4427; x_wconf 71' lang='lat' dir='ltr'><strong>ex</strong></span> <span class='ocrx_word' id='word_1_769' title='bbox 2848 4372 3085 4443; x_wconf 78' lang='lat' dir='ltr'><strong>ingenito</strong></span> <span class='ocrx_word' id='word_1_770' title='bbox 3112 4370 3269 4424; x_wconf 88' lang='lat' dir='ltr'><strong>Patre</strong></span> <span class='ocrx_word' id='word_1_771' title='bbox 3306 4376 3319 4423; x_wconf 68' lang='grc' dir='ltr'>ξ</span> <span class='ocrx_word' id='word_1_772' title='bbox 3366 4370 3498 4423; x_wconf 85' lang='lat' dir='ltr'><strong>item</strong></span> <span class='ocrx_word' id='word_1_773' title='bbox 3522 4368 3577 4421; x_wconf 92' lang='lat' dir='ltr'><strong>in</strong></span> <span class='ocrx_word' id='word_1_774' title='bbox 3606 4367 3793 4423; x_wconf 88' lang='lat' dir='ltr'><strong>eadem</strong></span> <span class='ocrx_word' id='word_1_775' title='bbox 3820 4384 3915 4421; x_wconf 86' lang='lat' dir='ltr'><strong>na-</strong></span> 
     </span>
    </p>
   </div>
   <div class='ocr_carea' id='block_1_93' title="bbox 660 4476 2231 4543">
    <p class='ocr_par' dir='ltr' id='par_1_93' title="bbox 660 4476 2231 4543">
     <span class='ocr_line' id='line_1_96' title="bbox 660 4476 2231 4543; baseline -0.001 -13"><span class='ocrx_word' id='word_1_776' title='bbox 660 4476 917 4539; x_wconf 71' lang='lat' dir='ltr'><strong>testimas,</strong></span> <span class='ocrx_word' id='word_1_777' title='bbox 949 4479 1186 4533; x_wconf 87' lang='lat' dir='ltr'><strong>dividere</strong></span> <span class='ocrx_word' id='word_1_778' title='bbox 1213 4480 1296 4534; x_wconf 89' lang='lat' dir='ltr'><strong>vis</strong></span> <span class='ocrx_word' id='word_1_779' title='bbox 1323 4480 1618 4543; x_wconf 72' lang='lat' dir='ltr'><strong>Christum,</strong></span> <span class='ocrx_word' id='word_1_780' title='bbox 1662 4487 1718 4532; x_wconf 91' lang='lat' dir='ltr'><strong>et</strong></span> <span class='ocrx_word' id='word_1_781' title='bbox 1760 4486 2007 4532; x_wconf 87' lang='lat' dir='ltr'><strong>naturam</strong></span> <span class='ocrx_word' id='word_1_782' title='bbox 2035 4476 2231 4530; x_wconf 83' lang='lat' dir='ltr'><strong>divini—</strong></span> 
     </span>
    </p>
   </div>
   <div class='ocr_carea' id='block_1_94' title="bbox 663 4566 2240 4639">
    <p class='ocr_par' dir='ltr' id='par_1_94' title="bbox 663 4566 2240 4639">
     <span class='ocr_line' id='line_1_97' title="bbox 663 4566 2240 4639; baseline -0.001 -16"><span class='ocrx_word' id='word_1_783' title='bbox 663 4566 790 4623; x_wconf 79' lang='lat' dir='ltr'><strong>tatis</strong></span> <span class='ocrx_word' id='word_1_784' title='bbox 828 4568 1196 4622; x_wconf 87' lang='lat' dir='ltr'><strong>tantummodo</strong></span> <span class='ocrx_word' id='word_1_785' title='bbox 1232 4583 1351 4624; x_wconf 82' lang='lat' dir='ltr'><strong>esse</strong></span> <span class='ocrx_word' id='word_1_786' title='bbox 1386 4570 1613 4637; x_wconf 79' lang='lat' dir='ltr'><strong>Filium;</strong></span> <span class='ocrx_word' id='word_1_787' title='bbox 1661 4569 1803 4639; x_wconf 86' lang='lat' dir='ltr'><strong>quod</strong></span> <span class='ocrx_word' id='word_1_788' title='bbox 1831 4584 1992 4638; x_wconf 88' lang='lat' dir='ltr'><strong>quam</strong></span> <span class='ocrx_word' id='word_1_789' title='bbox 2022 4582 2240 4638; x_wconf 85' lang='lat' dir='ltr'><strong>perver-</strong></span> 
     </span>
    </p>
   </div>
   <div class='ocr_carea' id='block_1_95' title="bbox 662 4658 2238 4733">
    <p class='ocr_par' dir='ltr' id='par_1_95' title="bbox 662 4658 2238 4733">
     <span class='ocr_line' id='line_1_98' title="bbox 662 4658 2238 4733; baseline -0.002 -18"><span class='ocrx_word' id='word_1_790' title='bbox 662 4674 782 4715; x_wconf 83' lang='lat' dir='ltr'><strong>sum</strong></span> <span class='ocrx_word' id='word_1_791' title='bbox 806 4660 898 4724; x_wconf 89' lang='lat' dir='ltr'><strong>sit,</strong></span> <span class='ocrx_word' id='word_1_792' title='bbox 925 4658 1098 4714; x_wconf 89' lang='lat' dir='ltr'><strong>nullus</strong></span> <span class='ocrx_word' id='word_1_793' title='bbox 1124 4658 1336 4728; x_wconf 85' lang='lat' dir='ltr'><strong>ignorat</strong></span> <span class='ocrx_word' id='word_1_794' title='bbox 1356 4660 1859 4733; x_wconf 56' lang='lat' dir='ltr'><strong>catholicusﬁss</strong></span> <span class='ocrx_word' id='word_1_795' title='bbox 1881 4661 2055 4730; x_wconf 86' lang='lat' dir='ltr'><strong>Super</strong></span> <span class='ocrx_word' id='word_1_796' title='bbox 2075 4674 2238 4713; x_wconf 88' lang='lat' dir='ltr'><strong>unum</strong></span> 
     </span>
    </p>
   </div>
   <div class='ocr_carea' id='block_1_96' title="bbox 662 4746 2243 4811">
    <p class='ocr_par' dir='ltr' id='par_1_96' title="bbox 662 4746 2243 4811">
     <span class='ocr_line' id='line_1_99' title="bbox 662 4746 2243 4811; baseline -0.003 -6"><span class='ocrx_word' id='word_1_797' title='bbox 662 4746 858 4805; x_wconf 87' lang='lat' dir='ltr'><strong>Filium</strong></span> <span class='ocrx_word' id='word_1_798' title='bbox 891 4746 1029 4803; x_wconf 78' lang='lat' dir='ltr'><strong>facta</strong></span> <span class='ocrx_word' id='word_1_799' title='bbox 1057 4756 1141 4803; x_wconf 89' lang='lat' dir='ltr'><strong>est</strong></span> <span class='ocrx_word' id='word_1_800' title='bbox 1180 4748 1295 4801; x_wconf 70' lang='lat' dir='ltr'><strong>hanc</strong></span> <span class='ocrx_word' id='word_1_801' title='bbox 1321 4762 1422 4801; x_wconf 80' lang='lat' dir='ltr'><strong>vox</strong></span> <span class='ocrx_word' id='word_1_802' title='bbox 1461 4746 1726 4803; x_wconf 79' lang='lat' dir='ltr'><strong>Patrisde</strong></span> <span class='ocrx_word' id='word_1_803' title='bbox 1751 4748 1919 4811; x_wconf 85' lang='lat' dir='ltr'><strong>coelo,</strong></span> <span class='ocrx_word' id='word_1_804' title='bbox 1953 4757 2011 4802; x_wconf 86' lang='lat' dir='ltr'><strong>et</strong></span> <span class='ocrx_word' id='word_1_805' title='bbox 2047 4748 2113 4801; x_wconf 84' lang='lat' dir='ltr'><strong>de</strong></span> <span class='ocrx_word' id='word_1_806' title='bbox 2152 4746 2243 4800; x_wconf 91' lang='lat' dir='ltr'><strong>illo</strong></span> 
     </span>
    </p>
   </div>
   <div class='ocr_carea' id='block_1_97' title="bbox 666 4835 2247 4908">
    <p class='ocr_par' dir='ltr' id='par_1_97' title="bbox 666 4835 2247 4908">
     <span class='ocr_line' id='line_1_100' title="bbox 666 4835 2247 4908; baseline -0.003 -14"><span class='ocrx_word' id='word_1_807' title='bbox 666 4857 774 4896; x_wconf 92' lang='lat' dir='ltr'><strong>uno</strong></span> <span class='ocrx_word' id='word_1_808' title='bbox 798 4840 933 4895; x_wconf 84' lang='lat' dir='ltr'><strong>Filio</strong></span> <span class='ocrx_word' id='word_1_809' title='bbox 957 4840 1156 4894; x_wconf 89' lang='lat' dir='ltr'><strong>dicitur</strong></span> <span class='ocrx_word' id='word_1_810' title='bbox 1182 4857 1197 4893; x_wconf 89' lang='lat'><strong>:</strong></span> <span class='ocrx_word' id='word_1_811' title='bbox 1232 4836 1335 4891; x_wconf 76' lang='lat' dir='ltr'><strong>Hic</strong></span> <span class='ocrx_word' id='word_1_812' title='bbox 1355 4848 1430 4891; x_wconf 76' lang='lat' dir='ltr'><strong>est</strong></span> <span class='ocrx_word' id='word_1_813' title='bbox 1451 4835 1625 4891; x_wconf 80' lang='lat' dir='ltr'><strong>Filius</strong></span> <span class='ocrx_word' id='word_1_814' title='bbox 1646 4853 1793 4891; x_wconf 74' lang='lat' dir='ltr'><strong>meus</strong></span> <span class='ocrx_word' id='word_1_815' title='bbox 1814 4836 2054 4890; x_wconf 72' lang='lat' dir='ltr'><strong>dilectus.</strong></span> <span class='ocrx_word' id='word_1_816' title='bbox 2080 4836 2247 4908; x_wconf 70' lang='lat' dir='ltr'><strong>Quid-</strong></span> 
     </span>
    </p>
   </div>
   <div class='ocr_carea' id='block_1_98' title="bbox 665 4926 2246 5000">
    <p class='ocr_par' dir='ltr' id='par_1_98' title="bbox 665 4926 2246 5000">
     <span class='ocr_line' id='line_1_101' title="bbox 665 4926 2246 5000; baseline -0.003 -14"><span class='ocrx_word' id='word_1_817' title='bbox 665 4932 795 5000; x_wconf 82' lang='lat' dir='ltr'><strong>quid</strong></span> <span class='ocrx_word' id='word_1_818' title='bbox 826 4932 880 4985; x_wconf 90' lang='lat' dir='ltr'><strong>in</strong></span> <span class='ocrx_word' id='word_1_819' title='bbox 910 4931 1124 4987; x_wconf 87' lang='lat' dir='ltr'><strong>Christo</strong></span> <span class='ocrx_word' id='word_1_820' title='bbox 1149 4939 1249 4995; x_wconf 91' lang='lat' dir='ltr'><strong>est,</strong></span> <span class='ocrx_word' id='word_1_821' title='bbox 1282 4938 1337 4985; x_wconf 89' lang='lat' dir='ltr'><strong>et</strong></span> <span class='ocrx_word' id='word_1_822' title='bbox 1366 4929 1487 4984; x_wconf 84' lang='lat' dir='ltr'><strong>Filii</strong></span> <span class='ocrx_word' id='word_1_823' title='bbox 1516 4944 1710 4983; x_wconf 88' lang='lat' dir='ltr'><strong>nomen</strong></span> <span class='ocrx_word' id='word_1_824' title='bbox 1734 4928 1916 4990; x_wconf 83' lang='lat' dir='ltr'><strong>habet,</strong></span> <span class='ocrx_word' id='word_1_825' title='bbox 1952 4926 2047 4999; x_wconf 83' lang='lat' dir='ltr'><strong>[et]</strong></span> <span class='ocrx_word' id='word_1_826' title='bbox 2076 4928 2246 4997; x_wconf 89' lang='lat' dir='ltr'><strong>ipsius</strong></span> 
     </span>
    </p>
   </div>
   <div class='ocr_carea' id='block_1_99' title="bbox 667 5017 2244 5087">
    <p class='ocr_par' dir='ltr' id='par_1_99' title="bbox 667 5017 2244 5087">
     <span class='ocr_line' id='line_1_102' title="bbox 667 5017 2244 5087; baseline -0.002 -12"><span class='ocrx_word' id='word_1_827' title='bbox 667 5022 847 5076; x_wconf 84' lang='lat' dir='ltr'><strong>Patris</strong></span> <span class='ocrx_word' id='word_1_828' title='bbox 873 5022 1211 5087; x_wconf 83' lang='lat' dir='ltr'><strong>testimonio,</strong></span> <span class='ocrx_word' id='word_1_829' title='bbox 1240 5019 1414 5075; x_wconf 79' lang='lat' dir='ltr'><strong>Filius</strong></span> <span class='ocrx_word' id='word_1_830' title='bbox 1447 5036 1589 5073; x_wconf 74' lang='lat' dir='ltr'><strong>meus</strong></span> <span class='ocrx_word' id='word_1_831' title='bbox 1618 5017 1838 5073; x_wconf 81' lang='lat' dir='ltr'><strong>dilectus</strong></span> <span class='ocrx_word' id='word_1_832' title='bbox 1868 5020 2086 5083; x_wconf 88' lang='lat' dir='ltr'><strong>dicitur,</strong></span> <span class='ocrx_word' id='word_1_833' title='bbox 2115 5034 2244 5084; x_wconf 91' lang='lat' dir='ltr'><strong>non,</strong></span> 
     </span>
    </p>
   </div>
   <div class='ocr_carea' id='block_1_100' title="bbox 670 5110 2247 5182">
    <p class='ocr_par' dir='ltr' id='par_1_100' title="bbox 670 5110 2247 5182">
     <span class='ocr_line' id='line_1_103' title="bbox 670 5110 2247 5182; baseline -0.001 -17"><span class='ocrx_word' id='word_1_834' title='bbox 670 5120 729 5166; x_wconf 91' lang='lat' dir='ltr'><strong>ut</strong></span> <span class='ocrx_word' id='word_1_835' title='bbox 768 5120 825 5166; x_wconf 94' lang='lat' dir='ltr'><strong>tu</strong></span> <span class='ocrx_word' id='word_1_836' title='bbox 864 5113 1085 5177; x_wconf 84' lang='lat' dir='ltr'><strong>asseris,</strong></span> <span class='ocrx_word' id='word_1_837' title='bbox 1120 5113 1423 5182; x_wconf 88' lang='lat' dir='ltr'><strong>adoptivus.</strong></span> <span class='ocrx_word' id='word_1_838' title='bbox 1468 5112 1594 5165; x_wconf 87' lang='lat' dir='ltr'><strong>Tria</strong></span> <span class='ocrx_word' id='word_1_839' title='bbox 1627 5124 1757 5165; x_wconf 91' lang='lat' dir='ltr'><strong>vero</strong></span> <span class='ocrx_word' id='word_1_840' title='bbox 1786 5110 1840 5164; x_wconf 93' lang='lat' dir='ltr'><strong>in</strong></span> <span class='ocrx_word' id='word_1_841' title='bbox 1868 5125 1999 5164; x_wconf 89' lang='lat' dir='ltr'><strong>voce</strong></span> <span class='ocrx_word' id='word_1_842' title='bbox 2022 5118 2247 5179; x_wconf 83' lang='lat' dir='ltr'><strong>paterna</strong></span> 
     </span>
    </p>
   </div>
   <div class='ocr_carea' id='block_1_101' title="bbox 670 5198 2250 5265">
    <p class='ocr_par' dir='ltr' id='par_1_101' title="bbox 670 5198 2250 5265">
     <span class='ocr_line' id='line_1_104' title="bbox 670 5198 2250 5265; baseline 0 -14"><span class='ocrx_word' id='word_1_843' title='bbox 670 5201 851 5255; x_wconf 83' lang='lat' dir='ltr'><strong>audita</strong></span> <span class='ocrx_word' id='word_1_844' title='bbox 877 5208 1003 5256; x_wconf 91' lang='lat' dir='ltr'><strong>sunt</strong></span> <span class='ocrx_word' id='word_1_845' title='bbox 1028 5219 1040 5253; x_wconf 89' lang='lat'><strong>:</strong></span> <span class='ocrx_word' id='word_1_846' title='bbox 1072 5199 1267 5265; x_wconf 74' lang='lat' dir='ltr'><strong>Filius,</strong></span> <span class='ocrx_word' id='word_1_847' title='bbox 1297 5211 1354 5256; x_wconf 89' lang='lat' dir='ltr'><strong>et</strong></span> <span class='ocrx_word' id='word_1_848' title='bbox 1384 5220 1547 5265; x_wconf 79' lang='lat' dir='ltr'><strong>meus,</strong></span> <span class='ocrx_word' id='word_1_849' title='bbox 1579 5207 1635 5255; x_wconf 80' lang='lat' dir='ltr'><strong>et</strong></span> <span class='ocrx_word' id='word_1_850' title='bbox 1670 5198 1890 5255; x_wconf 78' lang='lat' dir='ltr'><strong>dilectus</strong></span> <span class='ocrx_word' id='word_1_851' title='bbox 1917 5199 2135 5255; x_wconf 86' lang='lat' dir='ltr'><strong>dicitur.</strong></span> <span class='ocrx_word' id='word_1_852' title='bbox 2181 5200 2250 5253; x_wconf 76' lang='lat' dir='ltr'><strong>Et</strong></span> 
     </span>
    </p>
   </div>
   <div class='ocr_carea' id='block_1_102' title="bbox 669 5290 2247 5363">
    <p class='ocr_par' dir='ltr' id='par_1_102' title="bbox 669 5290 2247 5363">
     <span class='ocr_line' id='line_1_105' title="bbox 669 5290 2247 5363; baseline 0.001 -21"><span class='ocrx_word' id='word_1_853' title='bbox 669 5291 846 5348; x_wconf 90' lang='lat' dir='ltr'><strong>adhuc</strong></span> <span class='ocrx_word' id='word_1_854' title='bbox 889 5290 1139 5348; x_wconf 86' lang='lat' dir='ltr'><strong>addidit:</strong></span> <span class='ocrx_word' id='word_1_855' title='bbox 1188 5292 1254 5346; x_wconf 80' lang='lat' dir='ltr'><strong>In</strong></span> <span class='ocrx_word' id='word_1_856' title='bbox 1296 5310 1397 5363; x_wconf 73' lang='lat' dir='ltr'><strong>qto</strong></span> <span class='ocrx_word' id='word_1_857' title='bbox 1428 5295 1554 5349; x_wconf 84' lang='lat' dir='ltr'><strong>mihi</strong></span> <span class='ocrx_word' id='word_1_858' title='bbox 1590 5294 1715 5351; x_wconf 83' lang='lat' dir='ltr'><strong>bene</strong></span> <span class='ocrx_word' id='word_1_859' title='bbox 1757 5291 2089 5358; x_wconf 82' lang='lat' dir='ltr'><strong>complacuit.</strong></span> <span class='ocrx_word' id='word_1_860' title='bbox 2132 5291 2247 5346; x_wconf 84' lang='lat' dir='ltr'><strong>Vox</strong></span> 
     </span>
    </p>
   </div>
   <div class='ocr_carea' id='block_1_103' title="bbox 674 5425 2246 5498">
    <p class='ocr_par' dir='ltr' id='par_1_103' title="bbox 674 5425 2246 5498">
     <span class='ocr_line' id='line_1_106' title="bbox 674 5425 2246 5498; baseline 0 -17"><span class='ocrx_word' id='word_1_861' title='bbox 674 5425 867 5482; x_wconf 87' lang='lat' dir='ltr'><strong>iterum</strong></span> <span class='ocrx_word' id='word_1_862' title='bbox 911 5430 1075 5483; x_wconf 90' lang='lat' dir='ltr'><strong>sumit</strong></span> <span class='ocrx_word' id='word_1_863' title='bbox 1119 5428 1279 5484; x_wconf 84' lang='lat' dir='ltr'><strong>eam?</strong></span> <span class='ocrx_word' id='word_1_864' title='bbox 1317 5429 1563 5482; x_wconf 81' lang='lat' dir='ltr'><strong>Christus</strong></span> <span class='ocrx_word' id='word_1_865' title='bbox 1592 5444 1657 5483; x_wconf 73' lang='lat' dir='ltr'><strong>ex</strong></span> <span class='ocrx_word' id='word_1_866' title='bbox 1700 5444 1785 5491; x_wconf 86' lang='lat' dir='ltr'><strong>eo.</strong></span> <span class='ocrx_word' id='word_1_867' title='bbox 1825 5428 1966 5498; x_wconf 88' lang='lat' dir='ltr'><strong>quod</strong></span> <span class='ocrx_word' id='word_1_868' title='bbox 2010 5427 2246 5482; x_wconf 79' lang='lat' dir='ltr'><strong>Verbum</strong></span> 
     </span>
    </p>
   </div>
   <div class='ocr_carea' id='block_1_104' title="bbox 676 5498 2245 5565">
    <p class='ocr_par' dir='ltr' id='par_1_104' title="bbox 676 5498 2245 5565">
     <span class='ocr_line' id='line_1_107' title="bbox 676 5498 2245 5565; baseline 0 -14"><span class='ocrx_word' id='word_1_869' title='bbox 676 5504 777 5560; x_wconf 90' lang='lat' dir='ltr'><strong>est,</strong></span> <span class='ocrx_word' id='word_1_870' title='bbox 804 5500 955 5565; x_wconf 91' lang='lat' dir='ltr'><strong>ponit</strong></span> <span class='ocrx_word' id='word_1_871' title='bbox 986 5500 1243 5565; x_wconf 86' lang='lat' dir='ltr'><strong>animam,</strong></span> <span class='ocrx_word' id='word_1_872' title='bbox 1270 5507 1323 5554; x_wconf 88' lang='lat' dir='ltr'><strong>et</strong></span> <span class='ocrx_word' id='word_1_873' title='bbox 1350 5499 1515 5554; x_wconf 79' lang='lat' dir='ltr'><strong>sumit</strong></span> <span class='ocrx_word' id='word_1_874' title='bbox 1542 5512 1663 5552; x_wconf 86' lang='lat' dir='ltr'><strong>eam</strong></span> <span class='ocrx_word' id='word_1_875' title='bbox 1689 5500 1917 5554; x_wconf 85' lang='lat' dir='ltr'><strong>iterum?</strong></span> <span class='ocrx_word' id='word_1_876' title='bbox 1941 5498 2021 5551; x_wconf 79' lang='lat' dir='ltr'><strong>An</strong></span> <span class='ocrx_word' id='word_1_877' title='bbox 2057 5512 2119 5551; x_wconf 72' lang='lat' dir='ltr'><strong>ex</strong></span> <span class='ocrx_word' id='word_1_878' title='bbox 2160 5510 2245 5557; x_wconf 83' lang='lat' dir='ltr'><strong>eo,</strong></span> 
     </span>
    </p>
   </div>
   <div class='ocr_carea' id='block_1_105' title="bbox 675 5567 2309 5637">
    <p class='ocr_par' dir='ltr' id='par_1_105' title="bbox 675 5567 2309 5637">
     <span class='ocr_line' id='line_1_108' title="bbox 675 5567 2309 5637; baseline -0.001 -16"><span class='ocrx_word' id='word_1_879' title='bbox 675 5567 821 5635; x_wconf 85' lang='lat' dir='ltr'><strong>quod</strong></span> <span class='ocrx_word' id='word_1_880' title='bbox 868 5568 1043 5621; x_wconf 87' lang='lat' dir='ltr'><strong>anima</strong></span> <span class='ocrx_word' id='word_1_881' title='bbox 1089 5571 1321 5625; x_wconf 86' lang='lat' dir='ltr'><strong>humana</strong></span> <span class='ocrx_word' id='word_1_882' title='bbox 1361 5578 1462 5633; x_wconf 89' lang='lat' dir='ltr'><strong>cst,</strong></span> <span class='ocrx_word' id='word_1_883' title='bbox 1511 5568 1624 5636; x_wconf 87' lang='lat' dir='ltr'><strong>ipsa</strong></span> <span class='ocrx_word' id='word_1_884' title='bbox 1669 5584 1725 5623; x_wconf 85' lang='lat' dir='ltr'><strong>se</strong></span> <span class='ocrx_word' id='word_1_885' title='bbox 1769 5570 1937 5637; x_wconf 89' lang='lat' dir='ltr'><strong>ponit,</strong></span> <span class='ocrx_word' id='word_1_886' title='bbox 1966 5576 2022 5621; x_wconf 90' lang='lat' dir='ltr'><strong>et</strong></span> <span class='ocrx_word' id='word_1_887' title='bbox 2053 5567 2247 5637; x_wconf 85' lang='lat' dir='ltr'><strong>iterum</strong></span> <span class='ocrx_word' id='word_1_888' title='bbox 2308 5582 2309 5585; x_wconf 68' lang='lat'>‘</span> 
     </span>
    </p>
   </div>
   <div class='ocr_carea' id='block_1_106' title="bbox 681 5635 2249 5708">
    <p class='ocr_par' dir='ltr' id='par_1_106' title="bbox 681 5635 2249 5708">
     <span class='ocr_line' id='line_1_109' title="bbox 681 5635 2249 5708; baseline -0.001 -17"><span class='ocrx_word' id='word_1_889' title='bbox 681 5639 801 5708; x_wconf 71' lang='lat' dir='ltr'><strong>ipsa</strong></span> <span class='ocrx_word' id='word_1_890' title='bbox 824 5648 883 5693; x_wconf 81' lang='lat' dir='ltr'><strong>se</strong></span> <span class='ocrx_word' id='word_1_891' title='bbox 910 5638 1117 5694; x_wconf 72' lang='lat' dir='ltr'><strong>sumit?</strong></span> <span class='ocrx_word' id='word_1_892' title='bbox 1160 5639 1240 5696; x_wconf 81' lang='lat' dir='ltr'><strong>An</strong></span> <span class='ocrx_word' id='word_1_893' title='bbox 1266 5654 1329 5697; x_wconf 83' lang='lat' dir='ltr'><strong>ex</strong></span> <span class='ocrx_word' id='word_1_894' title='bbox 1376 5654 1462 5706; x_wconf 87' lang='lat' dir='ltr'><strong>eo,</strong></span> <span class='ocrx_word' id='word_1_895' title='bbox 1506 5635 1657 5708; x_wconf 82' lang='lat' dir='ltr'><strong>quod-</strong></span> <span class='ocrx_word' id='word_1_896' title='bbox 1676 5635 1799 5693; x_wconf 81' lang='lat' dir='ltr'><strong>caro</strong></span> <span class='ocrx_word' id='word_1_897' title='bbox 1828 5646 1931 5705; x_wconf 84' lang='lat' dir='ltr'><strong>est,</strong></span> <span class='ocrx_word' id='word_1_898' title='bbox 1976 5652 2104 5694; x_wconf 90' lang='lat' dir='ltr'><strong>caro</strong></span> <span class='ocrx_word' id='word_1_899' title='bbox 2136 5635 2249 5691; x_wconf 89' lang='lat' dir='ltr'><strong>ani-</strong></span> 
     </span>
    </p>
   </div>
   <div class='ocr_carea' id='block_1_107' title="bbox 2339 4456 3917 4537">
    <p class='ocr_par' dir='ltr' id='par_1_107' title="bbox 2339 4456 3917 4537">
     <span class='ocr_line' id='line_1_110' title="bbox 2339 4456 3917 4537; baseline -0.007 -14"><span class='ocrx_word' id='word_1_900' title='bbox 2339 4478 2456 4523; x_wconf 89' lang='lat' dir='ltr'><strong>tura</strong></span> <span class='ocrx_word' id='word_1_901' title='bbox 2479 4464 2886 4537; x_wconf 82' lang='lat' dir='ltr'><strong>primugenitus,</strong></span> <span class='ocrx_word' id='word_1_902' title='bbox 2916 4464 3053 4517; x_wconf 89' lang='lat' dir='ltr'><strong>sicut</strong></span> <span class='ocrx_word' id='word_1_903' title='bbox 3075 4460 3357 4532; x_wconf 81' lang='lat' dir='ltr'><strong>Apostolus</strong></span> <span class='ocrx_word' id='word_1_904' title='bbox 3383 4461 3460 4514; x_wconf 90' lang='lat' dir='ltr'><strong>ait</strong></span> <span class='ocrx_word' id='word_1_905' title='bbox 3483 4477 3495 4513; x_wconf 91' lang='lat'><strong>:</strong></span> <span class='ocrx_word' id='word_1_906' title='bbox 3529 4456 3917 4529; x_wconf 80' lang='lat' dir='ltr'><strong>Primogenitm</strong></span> 
     </span>
    </p>
   </div>
   <div class='ocr_carea' id='block_1_108' title="bbox 2339 4550 3919 4628">
    <p class='ocr_par' dir='ltr' id='par_1_108' title="bbox 2339 4550 3919 4628">
     <span class='ocr_line' id='line_1_111' title="bbox 2339 4550 3919 4628; baseline -0.008 -12"><span class='ocrx_word' id='word_1_907' title='bbox 2339 4562 2506 4616; x_wconf 76' lang='lat' dir='ltr'><strong>onmis</strong></span> <span class='ocrx_word' id='word_1_908' title='bbox 2549 4567 2804 4613; x_wconf 76' lang='lat' dir='ltr'><strong>creatura:</strong></span> <span class='ocrx_word' id='word_1_909' title='bbox 2837 4554 2972 4628; x_wconf 88' lang='lat' dir='ltr'><strong>(Col.</strong></span> <span class='ocrx_word' id='word_1_910' title='bbox 3000 4570 3041 4620; x_wconf 91' lang='grc' dir='ltr'><strong>ι,</strong></span> <span class='ocrx_word' id='word_1_911' title='bbox 3070 4553 3178 4626; x_wconf 79' lang='lat' dir='ltr'><strong>l5).</strong></span> <span class='ocrx_word' id='word_1_912' title='bbox 3232 4552 3363 4607; x_wconf 83' lang='lat' dir='ltr'><strong>item</strong></span> <span class='ocrx_word' id='word_1_913' title='bbox 3394 4568 3461 4607; x_wconf 74' lang='lat' dir='ltr'><strong>ex</strong></span> <span class='ocrx_word' id='word_1_914' title='bbox 3492 4561 3665 4605; x_wconf 87' lang='lat' dir='ltr'><strong>matre</strong></span> <span class='ocrx_word' id='word_1_915' title='bbox 3701 4550 3919 4621; x_wconf 72' lang='lat' dir='ltr'><strong>Virgine</strong></span> 
     </span>
    </p>
   </div>
   <div class='ocr_carea' id='block_1_109' title="bbox 2342 4632 3922 4725">
    <p class='ocr_par' dir='ltr' id='par_1_109' title="bbox 2342 4632 3922 4725">
     <span class='ocr_line' id='line_1_112' title="bbox 2342 4632 3922 4725; baseline -0.011 -18"><span class='ocrx_word' id='word_1_916' title='bbox 2342 4650 2729 4725; x_wconf 75' lang='lat' dir='ltr'><strong>primogenitus</strong></span> <span class='ocrx_word' id='word_1_917' title='bbox 2754 4657 2915 4717; x_wconf 88' lang='lat' dir='ltr'><strong>atque</strong></span> <span class='ocrx_word' id='word_1_918' title='bbox 2964 4646 3273 4715; x_wconf 76' lang='lat' dir='ltr'><strong>unigenitus</strong></span> <span class='ocrx_word' id='word_1_919' title='bbox 3304 4663 3317 4698; x_wconf 88' lang='lat'><strong>:</strong></span> <span class='ocrx_word' id='word_1_920' title='bbox 3350 4632 3760 4714; x_wconf 73' lang='lat' dir='ltr'><strong>primogenitus,</strong></span> <span class='ocrx_word' id='word_1_921' title='bbox 3792 4640 3922 4708; x_wconf 86' lang='lat' dir='ltr'><strong>quia</strong></span> 
     </span>
    </p>
   </div>
   <div class='ocr_carea' id='block_1_110' title="bbox 2344 4731 3924 4810">
    <p class='ocr_par' dir='ltr' id='par_1_110' title="bbox 2344 4731 3924 4810">
     <span class='ocr_line' id='line_1_113' title="bbox 2344 4731 3924 4810; baseline -0.009 -12"><span class='ocrx_word' id='word_1_922' title='bbox 2344 4746 2505 4799; x_wconf 87' lang='lat' dir='ltr'><strong>beata</strong></span> <span class='ocrx_word' id='word_1_923' title='bbox 2529 4742 2690 4810; x_wconf 72' lang='lat' dir='ltr'><strong>Virgo</strong></span> <span class='ocrx_word' id='word_1_924' title='bbox 2715 4739 2921 4793; x_wconf 92' lang='lat' dir='ltr'><strong>nullum</strong></span> <span class='ocrx_word' id='word_1_925' title='bbox 2939 4746 3064 4793; x_wconf 88' lang='lat' dir='ltr'><strong>ante</strong></span> <span class='ocrx_word' id='word_1_926' title='bbox 3087 4753 3211 4792; x_wconf 89' lang='lat' dir='ltr'><strong>eum</strong></span> <span class='ocrx_word' id='word_1_927' title='bbox 3236 4734 3657 4796; x_wconf 84' lang='lat' dir='ltr'><strong>habuitFilium;</strong></span> <span class='ocrx_word' id='word_1_928' title='bbox 3683 4731 3924 4802; x_wconf 75' lang='lat' dir='ltr'><strong>unigeni-</strong></span> 
     </span>
    </p>
   </div>
   <div class='ocr_carea' id='block_1_111' title="bbox 2348 4824 3923 4904">
    <p class='ocr_par' dir='ltr' id='par_1_111' title="bbox 2348 4824 3923 4904">
     <span class='ocr_line' id='line_1_114' title="bbox 2348 4824 3923 4904; baseline -0.006 -16"><span class='ocrx_word' id='word_1_929' title='bbox 2348 4846 2451 4899; x_wconf 87' lang='lat' dir='ltr'><strong>tns,</strong></span> <span class='ocrx_word' id='word_1_930' title='bbox 2469 4834 2594 4904; x_wconf 87' lang='lat' dir='ltr'><strong>quia</strong></span> <span class='ocrx_word' id='word_1_931' title='bbox 2616 4832 2819 4887; x_wconf 86' lang='lat' dir='ltr'><strong>nullum</strong></span> <span class='ocrx_word' id='word_1_932' title='bbox 2836 4839 2960 4901; x_wconf 90' lang='lat' dir='ltr'><strong>post</strong></span> <span class='ocrx_word' id='word_1_933' title='bbox 2978 4845 3099 4885; x_wconf 89' lang='lat' dir='ltr'><strong>eum</strong></span> <span class='ocrx_word' id='word_1_934' title='bbox 3114 4830 3299 4901; x_wconf 75' lang='lat' dir='ltr'><strong>genuit</strong></span> <span class='ocrx_word' id='word_1_935' title='bbox 3317 4827 3529 4882; x_wconf 81' lang='lat' dir='ltr'><strong>Filium.</strong></span> <span class='ocrx_word' id='word_1_936' title='bbox 3558 4824 3809 4895; x_wconf 85' lang='lat' dir='ltr'><strong>Idemque</strong></span> <span class='ocrx_word' id='word_1_937' title='bbox 3830 4826 3923 4895; x_wconf 90' lang='lat' dir='ltr'><strong>qui</strong></span> 
     </span>
    </p>
   </div>
   <div class='ocr_carea' id='block_1_112' title="bbox 2347 4912 3922 4995">
    <p class='ocr_par' dir='ltr' id='par_1_112' title="bbox 2347 4912 3922 4995">
     <span class='ocr_line' id='line_1_115' title="bbox 2347 4912 3922 4995; baseline -0.008 -15"><span class='ocrx_word' id='word_1_938' title='bbox 2347 4939 2415 4981; x_wconf 79' lang='lat' dir='ltr'><strong>ex</strong></span> <span class='ocrx_word' id='word_1_939' title='bbox 2431 4923 2652 4995; x_wconf 78' lang='lat' dir='ltr'><strong>Virgine</strong></span> <span class='ocrx_word' id='word_1_940' title='bbox 2668 4929 2827 4977; x_wconf 89' lang='lat' dir='ltr'><strong>natus</strong></span> <span class='ocrx_word' id='word_1_941' title='bbox 2847 4929 2951 4986; x_wconf 91' lang='lat' dir='ltr'><strong>est,</strong></span> <span class='ocrx_word' id='word_1_942' title='bbox 2976 4918 3285 4989; x_wconf 76' lang='lat' dir='ltr'><strong>unigenitus</strong></span> <span class='ocrx_word' id='word_1_943' title='bbox 3306 4924 3391 4969; x_wconf 91' lang='lat' dir='ltr'><strong>est</strong></span> <span class='ocrx_word' id='word_1_944' title='bbox 3412 4913 3508 4968; x_wconf 92' lang='lat' dir='ltr'><strong>Dei</strong></span> <span class='ocrx_word' id='word_1_945' title='bbox 3536 4912 3713 4970; x_wconf 88' lang='lat' dir='ltr'><strong>Patris</strong></span> <span class='ocrx_word' id='word_1_946' title='bbox 3733 4913 3922 4980; x_wconf 82' lang='lat' dir='ltr'><strong>Filius,</strong></span> 
     </span>
    </p>
   </div>
   <div class='ocr_carea' id='block_1_113' title="bbox 2348 5004 3922 5083">
    <p class='ocr_par' dir='ltr' id='par_1_113' title="bbox 2348 5004 3922 5083">
     <span class='ocr_line' id='line_1_116' title="bbox 2348 5004 3922 5083; baseline -0.006 -14"><span class='ocrx_word' id='word_1_947' title='bbox 2348 5004 2486 5069; x_wconf 59' lang='lat' dir='ltr'><strong>ut&#39;iu</strong></span> <span class='ocrx_word' id='word_1_948' title='bbox 2518 5012 2809 5083; x_wconf 76' lang='lat' dir='ltr'><strong>Evangelio</strong></span> <span class='ocrx_word' id='word_1_949' title='bbox 2837 5012 2951 5081; x_wconf 90' lang='lat' dir='ltr'><strong>ipse</strong></span> <span class='ocrx_word' id='word_1_950' title='bbox 2979 5008 3239 5064; x_wconf 90' lang='lat' dir='ltr'><strong>Dominus</strong></span> <span class='ocrx_word' id='word_1_951' title='bbox 3266 5006 3333 5059; x_wconf 89' lang='lat' dir='ltr'><strong>de</strong></span> <span class='ocrx_word' id='word_1_952' title='bbox 3359 5020 3418 5058; x_wconf 87' lang='lat' dir='ltr'><strong>se</strong></span> <span class='ocrx_word' id='word_1_953' title='bbox 3446 5004 3563 5073; x_wconf 89' lang='lat' dir='ltr'><strong>ipso</strong></span> <span class='ocrx_word' id='word_1_954' title='bbox 3588 5005 3726 5062; x_wconf 81' lang='lat' dir='ltr'><strong>dixit</strong></span> <span class='ocrx_word' id='word_1_955' title='bbox 3768 5023 3782 5058; x_wconf 90' lang='lat'><strong>:</strong></span> <span class='ocrx_word' id='word_1_956' title='bbox 3831 5006 3922 5061; x_wconf 78' lang='lat' dir='ltr'><strong>Sic</strong></span> 
     </span>
    </p>
   </div>
   <div class='ocr_carea' id='block_1_114' title="bbox 2348 5094 3925 5169">
    <p class='ocr_par' dir='ltr' id='par_1_114' title="bbox 2348 5094 3925 5169">
     <span class='ocr_line' id='line_1_117' title="bbox 2348 5094 3925 5169; baseline -0.004 -11"><span class='ocrx_word' id='word_1_957' title='bbox 2348 5108 2485 5160; x_wconf 79' lang='lat' dir='ltr'><strong>enim</strong></span> <span class='ocrx_word' id='word_1_958' title='bbox 2512 5105 2694 5160; x_wconf 77' lang='lat' dir='ltr'><strong>dilexit</strong></span> <span class='ocrx_word' id='word_1_959' title='bbox 2716 5104 2860 5158; x_wconf 76' lang='lat' dir='ltr'><strong>Deus</strong></span> <span class='ocrx_word' id='word_1_960' title='bbox 2890 5099 3164 5162; x_wconf 72' lang='lat' dir='ltr'><strong>mundum,</strong></span> <span class='ocrx_word' id='word_1_961' title='bbox 3191 5106 3245 5149; x_wconf 86' lang='lat' dir='ltr'><strong>ut</strong></span> <span class='ocrx_word' id='word_1_962' title='bbox 3278 5095 3477 5149; x_wconf 79' lang='lat' dir='ltr'><strong>Filium</strong></span> <span class='ocrx_word' id='word_1_963' title='bbox 3506 5113 3659 5152; x_wconf 77' lang='lat' dir='ltr'><strong>suum</strong></span> <span class='ocrx_word' id='word_1_964' title='bbox 3684 5094 3925 5169; x_wconf 61' lang='lat' dir='ltr'><strong>unigeni-</strong></span> 
     </span>
    </p>
   </div>
   <div class='ocr_carea' id='block_1_115' title="bbox 2350 5185 3919 5264">
    <p class='ocr_par' dir='ltr' id='par_1_115' title="bbox 2350 5185 3919 5264">
     <span class='ocr_line' id='line_1_118' title="bbox 2350 5185 3919 5264; baseline -0.005 -15"><span class='ocrx_word' id='word_1_965' title='bbox 2350 5205 2459 5250; x_wconf 86' lang='lat' dir='ltr'><strong>tum</strong></span> <span class='ocrx_word' id='word_1_966' title='bbox 2482 5196 2630 5249; x_wconf 89' lang='lat' dir='ltr'><strong>daret</strong></span> <span class='ocrx_word' id='word_1_967' title='bbox 2642 5191 2713 5264; x_wconf 63' lang='grc'><strong>,(1</strong></span> <span class='ocrx_word' id='word_1_968' title='bbox 2716 5208 2838 5247; x_wconf 84' lang='lat' dir='ltr'><strong>oan.</strong></span> <span class='ocrx_word' id='word_1_969' title='bbox 2861 5206 2945 5256; x_wconf 86' lang='grc' dir='ltr'>ιιι,</span> <span class='ocrx_word' id='word_1_970' title='bbox 2971 5188 3079 5258; x_wconf 82' lang='lat' dir='ltr'><strong>l6).</strong></span> <span class='ocrx_word' id='word_1_971' title='bbox 3104 5185 3205 5252; x_wconf 85' lang='lat' dir='ltr'><strong>Qui</strong></span> <span class='ocrx_word' id='word_1_972' title='bbox 3226 5186 3382 5241; x_wconf 91' lang='lat' dir='ltr'><strong>datus</strong></span> <span class='ocrx_word' id='word_1_973' title='bbox 3401 5194 3485 5241; x_wconf 91' lang='lat' dir='ltr'><strong>est</strong></span> <span class='ocrx_word' id='word_1_974' title='bbox 3504 5188 3573 5242; x_wconf 89' lang='lat' dir='ltr'><strong>ad</strong></span> <span class='ocrx_word' id='word_1_975' title='bbox 3594 5187 3919 5259; x_wconf 84' lang='lat' dir='ltr'><strong>passionem,</strong></span> 
     </span>
    </p>
   </div>
   <div class='ocr_carea' id='block_1_116' title="bbox 2352 5276 3919 5359">
    <p class='ocr_par' dir='ltr' id='par_1_116' title="bbox 2352 5276 3919 5359">
     <span class='ocr_line' id='line_1_119' title="bbox 2352 5276 3919 5359; baseline -0.006 -17"><span class='ocrx_word' id='word_1_976' title='bbox 2352 5286 2659 5359; x_wconf 78' lang='lat' dir='ltr'><strong>unigenitus</strong></span> <span class='ocrx_word' id='word_1_977' title='bbox 2695 5282 2915 5347; x_wconf 90' lang='lat' dir='ltr'><strong>dicitur,</strong></span> <span class='ocrx_word' id='word_1_978' title='bbox 2957 5278 3096 5335; x_wconf 90' lang='lat' dir='ltr'><strong>sicut</strong></span> <span class='ocrx_word' id='word_1_979' title='bbox 3135 5276 3263 5332; x_wconf 88' lang='lat' dir='ltr'><strong>olim</strong></span> <span class='ocrx_word' id='word_1_980' title='bbox 3311 5278 3572 5349; x_wconf 88' lang='lat' dir='ltr'><strong>propheta</strong></span> <span class='ocrx_word' id='word_1_981' title='bbox 3623 5277 3919 5336; x_wconf 80' lang='lat' dir='ltr'><strong>Zacharias</strong></span> 
     </span>
    </p>
   </div>
   <div class='ocr_carea' id='block_1_117' title="bbox 2354 5418 3851 5543">
    <p class='ocr_par' dir='ltr' id='par_1_117' title="bbox 2354 5418 3851 5543">
     <span class='ocr_line' id='line_1_120' title="bbox 2354 5418 3851 5511; baseline -0.005 -30"><span class='ocrx_word' id='word_1_982' title='bbox 2354 5441 2493 5481; x_wconf 91' lang='lat' dir='ltr'><strong>mam</strong></span> <span class='ocrx_word' id='word_1_983' title='bbox 2511 5424 2684 5511; x_wconf 81' lang='lat' dir='ltr'><strong>ponit,</strong></span> <span class='ocrx_word' id='word_1_984' title='bbox 2709 5431 2764 5477; x_wconf 81' lang='lat' dir='ltr'><strong>et</strong></span> <span class='ocrx_word' id='word_1_985' title='bbox 2786 5422 2977 5501; x_wconf 81' lang='lat' dir='ltr'><strong>iterum</strong></span> <span class='ocrx_word' id='word_1_986' title='bbox 3003 5418 3205 5473; x_wconf 87' lang='lat' dir='ltr'><strong>sumit?</strong></span> <span class='ocrx_word' id='word_1_987' title='bbox 3234 5418 3357 5473; x_wconf 88' lang='lat' dir='ltr'><strong>Tria</strong></span> <span class='ocrx_word' id='word_1_988' title='bbox 3380 5418 3654 5489; x_wconf 86' lang='lat' dir='ltr'><strong>proposui,</strong></span> <span class='ocrx_word' id='word_1_989' title='bbox 3686 5423 3792 5475; x_wconf 85' lang='lat' dir='ltr'><strong>etc.</strong></span> <span class='ocrx_word' id='word_1_990' title='bbox 3825 5433 3851 5473; x_wconf 76' lang='grc' dir='ltr'><strong>ι</strong></span> 
     </span>
     <span class='ocr_line' id='line_1_121' title="bbox 2424 5488 3503 5543; baseline -0.002 0"><span class='ocrx_word' id='word_1_991' title='bbox 2424 5509 2449 5535; x_wconf 80' lang='grc' dir='ltr'>ει</span> <span class='ocrx_word' id='word_1_992' title='bbox 2492 5498 2548 5543; x_wconf 62' lang='grc' dir='ltr'><strong>δ.</strong></span> <span class='ocrx_word' id='word_1_993' title='bbox 2573 5494 2736 5543; x_wconf 73' lang='lat' dir='ltr'><strong>Grca.</strong></span> <span class='ocrx_word' id='word_1_994' title='bbox 2766 5488 2960 5543; x_wconf 81' lang='lat' dir='ltr'><strong>llomil.</strong></span> <span class='ocrx_word' id='word_1_995' title='bbox 2989 5489 3044 5543; x_wconf 88' lang='lat'><strong>8.</strong></span> <span class='ocrx_word' id='word_1_996' title='bbox 3074 5504 3219 5543; x_wconf 89' lang='lat' dir='ltr'><strong>num.</strong></span> <span class='ocrx_word' id='word_1_997' title='bbox 3252 5489 3315 5542; x_wconf 75' lang='grc'><strong>21</strong></span> <span class='ocrx_word' id='word_1_998' title='bbox 3340 5497 3393 5542; x_wconf 87' lang='lat' dir='ltr'><strong>et</strong></span> <span class='ocrx_word' id='word_1_999' title='bbox 3413 5489 3503 5542; x_wconf 70' lang='lat'><strong>22.</strong></span> 
     </span>
    </p>
   </div>
   <div class='ocr_carea' id='block_1_118' title="bbox 2424 5489 3656 5641">
    <p class='ocr_par' dir='ltr' id='par_1_118' title="bbox 2424 5489 3656 5641">
     <span class='ocr_line' id='line_1_122' title="bbox 2424 5489 3503 5563; baseline -0.009 -13"><span class='ocrx_word' id='word_1_1000' title='bbox 2424 5509 2449 5535; x_wconf 77' lang='grc' dir='ltr'>ει</span> <span class='ocrx_word' id='word_1_1001' title='bbox 2492 5489 2548 5549; x_wconf 67' lang='grc' dir='ltr'><strong>δ’.</strong></span> <span class='ocrx_word' id='word_1_1002' title='bbox 2573 5494 2736 5563; x_wconf 76' lang='lat' dir='ltr'><strong>Greg.</strong></span> <span class='ocrx_word' id='word_1_1003' title='bbox 2766 5489 2960 5544; x_wconf 85' lang='lat' dir='ltr'><strong>llomil.</strong></span> <span class='ocrx_word' id='word_1_1004' title='bbox 2989 5489 3044 5552; x_wconf 87' lang='grc'><strong>8,</strong></span> <span class='ocrx_word' id='word_1_1005' title='bbox 3074 5504 3219 5543; x_wconf 88' lang='lat' dir='ltr'><strong>num.</strong></span> <span class='ocrx_word' id='word_1_1006' title='bbox 3252 5489 3315 5542; x_wconf 75' lang='grc'><strong>21</strong></span> <span class='ocrx_word' id='word_1_1007' title='bbox 3340 5497 3393 5542; x_wconf 86' lang='lat' dir='ltr'><strong>et</strong></span> <span class='ocrx_word' id='word_1_1008' title='bbox 3413 5489 3503 5542; x_wconf 68' lang='lat'><strong>22.</strong></span> 
     </span>
     <span class='ocr_line' id='line_1_123' title="bbox 2425 5555 3656 5641; baseline -0.007 -19"><span class='ocrx_word' id='word_1_1009' title='bbox 2425 5566 2450 5606; x_wconf 72' lang='grc' dir='ltr'>ι’</span> <span class='ocrx_word' id='word_1_1010' title='bbox 2491 5565 2548 5623; x_wconf 83' lang='lat' dir='ltr'><strong>S.</strong></span> <span class='ocrx_word' id='word_1_1011' title='bbox 2578 5563 2827 5629; x_wconf 86' lang='lat' dir='ltr'><strong>Isidorus,</strong></span> <span class='ocrx_word' id='word_1_1012' title='bbox 2854 5557 2976 5615; x_wconf 84' lang='lat' dir='ltr'><strong>libr.</strong></span> <span class='ocrx_word' id='word_1_1013' title='bbox 3007 5574 3044 5617; x_wconf 88' lang='grc' dir='ltr'><strong>ιι</strong></span> <span class='ocrx_word' id='word_1_1014' title='bbox 3078 5558 3372 5627; x_wconf 75' lang='grc' dir='ltr'>ῡίΠειειιι.,</span> <span class='ocrx_word' id='word_1_1015' title='bbox 3397 5556 3568 5641; x_wconf 70' lang='grc' dir='ltr'>(ἥσει.</span> <span class='ocrx_word' id='word_1_1016' title='bbox 3600 5555 3656 5613; x_wconf 83' lang='lat'><strong>5.</strong></span> 
     </span>
    </p>
   </div>
  </div>
