4226 6176
355 277 454 333 257

1016 275 1426 353 DOGMATICA.
1465 244 1726 332 —'on.
1769 274 2164 332 eumueuu
2204 276 2379 333 unm
2417 278 2506 332 Iv.
2542 272 2620 319 —’
2649 276 2776 332 us.
2817 277 2881 332 ιι.

3469 281 3596 340 258'

358 375 598 463 pmdixit
630 409 643 444 :
690 391 952 460 Aspii-icut
999 390 1067 443 ad
1111 406 1214 452 me,
1258 405 1407 457 quem
1451 388 1774 455 con/irerunt
1803 403 1820 441 :
1857 395 1904 439 et
1935 389 1982 448 Α
2007 387 2121 440 Non
2152 394 2326 456 potest
2349 385 2595 456 proprius
2615 399 2734 440 esse
2760 395 2816 439 et
2844 385 3143 455 adoptivus.
3180 386 3285 440 Aut
3315 395 3460 443 totus
3488 401 3574 445 est
3644 421 3654 430 ι

358 483 594 551 plangant
623 496 738 534 eum
769 480 978 551 planctu
1005 481 1153 548 quasi
1180 494 1333 547 super
1361 478 1721 551 unigenitum:
1747 486 1796 534 et
1818 476 1911 529 do-

358 494 594 551 plangcnt
623 496 738 534 eum
769 494 978 551 planctu
1005 495 1153 548 quasi
1180 494 1333 547 super
1361 494 1721 620 umgenuunj;
1747 494 1796 534 et
1818 494 1911 529 ao-

335 573 524 626 .lrbunt
572 587 690 624 eum
716 611 732 635 ,
797 582 851 624 ut
901 569 1066 623 doleri
1105 569 1229 622 solet
1269 570 1323 621 in
1378 579 1537 621 morte
1585 570 1666 637 pr'
1688 567 1914 636 nogem'ti

335 657 539 716 -tZacIi.
572 675 668 721 xu,
706 659 812 727 l0).
863 658 1032 726 Quem
1079 658 1335 727 pr0pheta
1383 669 1543 726 atque
1589 657 1912 725 evangelista

363 751 685 820 unigenitum
741 751 1169 810 nominaverunt,
1222 750 1362 803 hunc
1406 748 1689 819 Apostolus
1725 749 1914 802 doctor

363 841 592 909 gentium
623 841 896 910 proprium
936 839 1126 896 Filium
1152 841 1351 908 absque
1376 837 1705 893 dubitatione
1741 838 1916 898 nomi-

363 946 488 986 nare
515 932 680 986 voluit
708 932 891 986 dicens
923 949 935 983 :
967 928 1068 994 Qui
1088 931 1294 1000 proprio
1325 928 1464 981 Filio
1493 945 1588 982 sua
1609 946 1711 983 non
1735 943 1915 998 peper-

363 1021 448 1085 cit,
478 1021 568 1074 sed
609 1037 703 1090 pro
748 1021 893 1073 nobis
934 1019 1149 1072 tradidit
1179 1034 1293 1072 euut
1321 1018 1554 1070 omnibus
1583 1016 1758 1086 (Rom.
1792 1031 1911 1080 vm,

363 1113 469 1182 52).
515 1112 680 1166 Datus
716 1120 771 1166 et
809 1111 1035 1165 traditus
1063 1123 1224 1162 unum
1273 1107 1554 1178 signiﬁcat.
1601 1106 1916 1176 Unigenitus

364 1205 518 1259 datus
541 1211 622 1258 est
647 1217 746 1271 pro
781 1202 960 1255 mundi
990 1199 1180 1264 salute,
1207 1208 1260 1253 et
1288 1198 1536 1268 preprius
1558 1196 1723 1251 Filius
1753 1196 1917 1249 tradi-

363 1293 537 1347 tusad
570 1300 813 1346 mortem.
845 1291 988 1344 ldem
1030 1289 1364 1359 unigenitus,
1415 1288 1507 1358 qui
1547 1295 1600 1341 et
1642 1287 1912 1355 proprius,

363 1382 499 1437 idem
528 1381 798 1450 passibilis
821 1392 875 1434 et
902 1378 1258 1447 impassibilis,
1288 1378 1426 1432 idem
1469 1377 1608 1431 Deus
1643 1385 1698 1430 et
1733 1377 1910 1440 homo,

364 1487 497 1527 unus
524 1470 688 1524 Filius
715 1478 769 1524 et
793 1485 930 1523 unus
954 1468 1196 1523 Christus
1222 1468 1278 1521 in
1308 1484 1411 1528 una
1438 1481 1684 1536 persona.
1712 1485 1730 1517 ι

432 1559 591 1614 XXII.
633 1559 747 1623 Dic,
795 1559 882 1612 dic
921 1557 1132 1628 auditor
1172 1572 1476 1611 sermonum
1519 1556 1636 1619 Dei,
1662 1555 1756 1625 qui
1795 1571 1915 1610 cum

365 1648 574 1702 Baalam
605 1648 793 1703 oculos
819 1647 983 1701 habes
1011 1655 1247 1716 apertos,
1274 1655 1328 1700 et
1356 1662 1458 1699 non
1489 1647 1635 1701 vides
1659 1663 1673 1709 ;
1705 1661 1798 1700 cor
1824 1661 1914 1699 ra-

366 1735 642 1799 tionabile,
673 1744 727 1790 et
754 1751 857 1790 non
888 1735 1157 1804 intelligis,
1187 1749 1304 1804 qua:
1325 1735 1398 1788 sit
1420 1751 1645 1803 persona
1670 1734 1760 1788 Dei
1794 1733 1911 1788 Filii
1947 1720 1985 1777 Β

363 1824 684 1879 :eternaliter
707 1841 773 1879 ex
818 1824 928 1879 Deo
955 1824 1112 1879 Patre
1150 1827 1282 1890 nati,
1311 1841 1379 1879 an
1406 1827 1621 1895 prepria
1646 1825 1726 1878 vel
1753 1826 1916 1894 adop-

363 1915 488 1968 tiva.
523 1913 636 1968 Non
659 1915 866 1969 aestimo
894 1916 967 1970 ita
993 1922 1044 1969 te
1078 1929 1108 1968 a
1160 1915 1260 1969 ﬁde
1287 1929 1534 1970 aversum
1564 1929 1702 1979 esse,
1732 1923 1791 1968 ut
1817 1929 1914 1968 au-

363 2003 490 2058 deas
526 2001 704 2058 dicere
738 2003 1038 2073 adoptivam
1071 2017 1188 2057 esse
1213 2017 1495 2071 personam
1521 2011 1734 2056 aeterna:
1772 2002 1913 2055 nati-

361 2095 541 2150 vitatis
563 2093 729 2164 886
766 2092 884 2146 Filii
917 2094 1006 2146 Dei
1037 2093 1310 2162 unigeniti,
1344 2109 1409 2148 ne
1438 2102 1491 2146 te
1517 2099 1660 2147 totus
1687 2092 1916 2147 mundus

362 2171 576 2239 damnet
623 2199 743 2238 eum
792 2184 940 2238 Ario.
985 2182 1294 2239 Certissime
1333 2185 1499 2249 scito,
1551 2192 1606 2238 et
1637 2183 1914 2238 verissime

363 2271 538 2334 crede,
566 2272 708 2342 quod
732 2273 786 2326 in
814 2272 956 2326 illam
980 2286 1260 2342 personam
1285 2272 1518 2333 omnino,
1549 2285 1708 2340 quam
1732 2269 1916 2323 habuit

363 2367 487 2414 ante
519 2360 713 2414 saecula
733 2400 748 2425 ,
791 2361 1078 2430 assumpsit
1110 2369 1357 2414 naturam
1397 2361 1682 2414 humanam
1710 2359 1801 2413 Dei
1827 2359 1915 2411 Fi-

363 2446 485 2511 lius,
517 2457 576 2501 ut
618 2456 760 2503 esset
807 2457 948 2503 totus
972 2464 1078 2503 una
1123 2463 1348 2518 persona
1383 2457 1437 2506 et
1464 2449 1676 2518 propria
1705 2457 1758 2503 et
1796 2463 1915 2517 per-

364 2531 501 2591 fecta
549 2535 604 2589 in
638 2535 757 2589 Filii
787 2537 1074 2606 dignitate,
1109 2535 1240 2589 nihil
1283 2536 1586 2603 adoptionis
1622 2536 1825 2590 habens
1862 2536 1917 2587 in

364 2629 642 2684 divinitate
667 2630 750 2684 vel
791 2629 1140 2693 humanitate,
1175 2644 1310 2683 unus
1346 2627 1510 2682 Filius
1533 2627 1690 2681 unius
1716 2627 1914 2702 Patris.

2013 479 2276 547 proprius,
2325 485 2418 532 aut
2462 485 2604 531 totus
2639 485 2723 532 est
2766 477 3063 546 adoptivus.
3111 478 3218 532 Aut
3263 479 3396 535 duos
3436 481 3578 537 ﬁlius

2011 568 2281 622 Christum
2308 583 2425 622 esse
2456 581 2675 622 necesse
2700 576 2783 622 est
2809 566 3026 622 fatearis
3063 569 3115 622 in
3143 554 3350 625 duabus
3393 586 3580 641 perso-

2011 658 2116 722 nis,
2158 657 2504 726 proprietatis
2543 667 2598 713 et
2642 657 2965 726 adoptionis,
3005 660 3295 714 secundum
3343 659 3577 716 Nestorii

2012 750 2338 819 impietatem
2373 763 2387 802 :
2419 758 2511 803 aut
2536 749 2582 804 si
2625 749 2900 804 Christum
2929 766 3094 803 unum
3124 753 3426 817 censentis,
3453 768 3578 822 prn-

2011 839 2186 908 prium
2229 838 2420 892 Filium
2449 844 2568 892 eSSe
2611 839 2662 891 in
2693 854 2797 890 una
2846 853 3074 907 persona
3122 855 3242 893 cum
3273 841 3577 904 catholicis,

2011 942 2230 982 necesse
2254 927 2450 981 esttibi
2475 935 2644 980 totum
2684 929 2958 996 proprium
2983 927 3225 982 conﬁteri
3260 928 3451 982 Filium
3479 929 3574 983 Dei
3621 913 3626 918 ’
3660 996 3665 1001 _

2014 1019 2064 1072 iu
2095 1035 2199 1073 una
2226 1034 2452 1088 persona
2478 1034 2700 1073 summa:
2726 1021 2987 1085 veritatis,
3017 1021 3138 1090 quia
3169 1023 3345 1076 onmis
3372 1023 3578 1078 veritas

2012 1109 2065 1162 in
2092 1124 2156 1162 eo
2183 1117 2284 1172 est,
2312 1119 2366 1163 et
2393 1110 2523 1164 nihil
2553 1111 2970 1180 imaginationis,
2998 1115 3138 1167 sicut
3162 1114 3216 1166 in
3249 1113 3373 1169 ﬁliis
3409 1114 3576 1184 adop-

2014 1197 2176 1252 tionis
2216 1199 2350 1252 solet
2386 1214 2523 1253 esse.
2580 1199 2794 1255 Naturze
2834 1209 3030 1255 nostra:
3061 1205 3347 1271 assumpsit
3384 1206 3581 1258 verita-

2014 1296 2139 1348 tem,
2186 1303 2290 1341 non
2319 1288 2623 1358 adoptionis
2654 1299 2848 1344 nostrm
2869 1306 3158 1359 personam
3191 1311 3202 1344 :
3234 1308 3338 1346 non
3368 1303 3580 1347 mutans

2013 1384 2260 1429 naturam
2300 1379 2647 1432 humanitatis
2699 1388 2891 1433 nostrze
2921 1381 2972 1434 in
3011 1390 3254 1435 naturam
3285 1383 3579 1437 divinitatis

2011 1481 2142 1529 sum,
2187 1467 2279 1520 sed
2327 1468 2551 1522 mutavit
2594 1484 2877 1537 personam
2924 1471 3226 1539 adoptionis
3275 1481 3473 1527 nostrze
3519 1475 3572 1526 in

2013 1571 2294 1624 personam
2324 1557 2664 1626 proprietatis
2703 1575 2811 1614 sua:
2837 1599 2851 1623 ,
2903 1575 2996 1614 sua
3035 1576 3141 1614 non
3170 1563 3446 1626 minuens,
3485 1563 3578 1616 sed

2017 1657 2196 1702 nostra
2226 1663 2444 1717 augens.
2479 1648 2781 1705 Permansit
2813 1651 2954 1720 quod
2982 1661 3116 1713 erat.
3145 1653 3268 1706 dum
3294 1655 3583 1724 assumpsit

2013 1737 2155 1807 quod
2184 1753 2288 1790 non
2314 1746 2447 1790 erat.
2477 1737 2532 1791 Si
2555 1749 2772 1807 propter
2799 1743 3237 1810 assumptionem,
3270 1743 3575 1812 adolitivam

2014 1827 2215 1896 putatis
2240 1827 2644 1891 humanitatem,
2679 1837 2738 1882 ut
2761 1831 3060 1885 audivimus
3083 1847 3111 1884 a
3142 1831 3339 1893 Felice,
3370 1833 3495 1886 dum
3526 1833 3578 1887 in

2016 1916 2326 1973 defensione
2354 1927 2546 1974 vestras
2578 1920 2908 1976 inﬁdelitatis
2929 1923 3184 1992 perstitit,
3215 1937 3343 1992 ergo
3369 1925 3580 1992 adopti-

2016 2021 2115 2060 vus
2141 2012 2226 2061 est
2257 2006 2399 2086 illius
2429 2022 2691 2076 personas,
2726 2010 2815 2077 qui
2848 2011 3234 2064 humanitatem
3273 2013 3580 2082 assumpsit,

2017 2103 2072 2150 et
2123 2105 2206 2150 est
2253 2112 2418 2166 nepos
2465 2097 2638 2152 Patris
2682 2112 2779 2167 per
2829 2101 3167 2168 adoptionem
3218 2101 3336 2154 Filii
3376 2119 3389 2155 :
3439 2104 3580 2172 quod

2017 2199 2178 2253 quam
2222 2184 2510 2240 nefandum
2539 2186 2610 2240 sit
2647 2189 2931 2252 :estimare,
2965 2205 3124 2243 nemo
3149 2200 3405 2255 vestrum,
3440 2207 3578 2251 reor.

2015 2276 2245 2344 ignorat.
2293 2275 2398 2331 Sed
2440 2291 2507 2331 ne
2537 2277 2814 2346 prolixitas
2863 2281 3128 2335 sermonis
3174 2282 3278 2335 mei
3311 2280 3581 2336 fastidium

2016 2373 2232 2434 generet
2261 2364 2477 2434 legenti.
2521 2366 2609 2419 hic
2637 2365 2794 2432 hujus
2833 2365 2996 2421 libelli
3027 2367 3288 2422 faciamus
3317 2369 3498 2432 ﬁnem,
3526 2381 3581 2423 ct

2016 2455 2301 2522 resumptis
2323 2469 2420 2524 per
2445 2454 2537 2508 Dei
2564 2457 2788 2525 gratiam
2819 2457 3022 2512 viribus
3040 2499 3054 2521 ,
3100 2459 3167 2512 ab
3195 2460 3301 2512 alio
3338 2461 3578 2520 exordio.

2020 2558 2137 2614 qua:
2165 2545 2385 2599 dicenda
2413 2553 2557 2608 sunt,
2589 2545 2810 2602 liberius
2836 2541 3172 2620 incipiamus.

1615 2806 1846 2866 LIBER
1899 2803 2296 2863 SECUNDUS

1867 2931 2058 2944 —

438 2999 477 3053 l.
503 2999 639 3054 Olim
670 2998 848 3064 itaque
870 2993 922 3048 in
946 2991 1138 3064 pepulo
1156 2992 1247 3046 Dei
1271 2989 1486 3044 fuerunt
1504 2989 1674 3042 sancti
1700 2990 1920 3058 prophe-
1945 2992 1991 3054 C
2022 2988 2230 3044 tholica:
2289 2989 2435 3050 ﬁdei,
2467 3001 2770 3046 sanctarum
2840 2998 3134 3051 sententias
3187 2998 3582 3066 Scripturarum

369 3099 456 3155 tae,
470 3090 521 3143 iu
540 3088 733 3157 quibus
748 3096 799 3140 et
817 3101 912 3155 per
924 3100 1057 3154 quos
1077 3083 1306 3154 Spiritus
1327 3082 1419 3136 Dei
1439 3082 1768 3150 loquebatur.
1788 3080 1919 3134 Fue-

372 3187 493 3232 runt
515 3187 569 3233 et
602 3175 1090 3247 pseudoprophetm,
1127 3172 1218 3242 qui
1250 3171 1523 3239 arreptitio
1562 3170 1752 3240 spiritu
1785 3168 1917 3223 falsa

371 3268 826 3329 vaticiuaveruut;
862 3277 1085 3332 quorum
1114 3258 1515 3314 similitudinem
1541 3265 1732 3326 gerunt
1762 3257 1920 3311 modo

372 3337 629 3410 novarum
656 3352 892 3422 magistri
919 3358 1205 3411 sectarum,
1234 3347 1322 3415 qui
1352 3347 1579 3414 speciem
1601 3345 1816 3412 pietatis
1846 3345 1920 3397 in-

373 3444 561 3508 duunt,
577 3442 669 3497 sed
698 3441 948 3500 virtutem
975 3437 1091 3506 ejus
1117 3425 1401 3505 abnegant,
1434 3435 1736 3489 scindentes
1760 3434 1917 3488 desu-

372 3549 467 3604 per
477 3539 780 3588 contextam
792 3530 988 3586 Christi
1005 3530 1366 3592 tunicam,uec
1378 3525 1804 3595 cruciﬁgentium
1822 3524 1918 3579 Dei

372 3621 563 3676 Filium
578 3635 723 3681 more
739 3619 1188 3682 militum,norunt
1199 3624 1393 3671 sortem
1408 3614 1529 3669 ﬁdei
1543 3614 1750 3669 mittere
1763 3629 1922 3685 super

374 3727 516 3777 eam,
540 3709 693 3780 cujus
721 3712 821 3776 sit;
853 3711 943 3766 sed
976 3708 1133 3779 impia
1161 3707 1458 3762 temeritate
1483 3720 1688 3760 sacram
1724 3703 1919 3760 Christi

375 3802 614 3872 corporis
640 3802 894 3855 unitatem
921 3798 1240 3854 schismatici
1270 3797 1468 3851 erroris
1496 3793 1705 3865 ungulis
1727 3792 1920 3848 discin-

376 3890 501 3945 dere
529 3891 871 3953 contendunt,
901 3898 1059 3958 atque
1089 3889 1140 3940 in
1167 3902 1230 3941 eo
1259 3888 1398 3955 quod
1424 3894 1693 3940 auctorem
1716 3886 1838 3938 vita:
1866 3885 1920 3937 in

377 3977 526 4039 duas,
552 3977 896 4045 proprietatis
922 3975 1162 4029 videlicet
1189 3983 1347 4043 atque
1385 3972 1698 4040 adOptionis,
1737 3985 1919 4041 perso-

379 4081 475 4121 nas
519 4053 751 4118 dividere
782 4061 985 4126 volunt,
1018 4061 1217 4131 scipsos
1252 4076 1280 4113 a
1324 4061 1584 4114 catholica
1615 4072 1762 4128 pace.
1808 4058 1922 4112 sine

371 4172 482 4226 qua
508 4153 638 4209 nihil
668 4153 775 4207 Deo
811 4152 1059 4222 placitum
1088 4166 1202 4206 esse
1237 4151 1448 4219 poterit,
1481 4150 1811 4218 disrumpere
1838 4148 1922 4201 ni-

382 4253 566 4299 tuntur
601 4260 615 4296 :
648 4258 753 4297 non
783 4230 1154 4312 intelligentes,
1185 4256 1283 4296 nec
1310 4255 1426 4309 quae
1452 4239 1650 4309 legunt,
1683 4252 1780 4292 nec
1806 4254 1923 4307 qu:e

2019 3089 2262 3134 avertere
2303 3091 2610 3149 praesumat.
2644 3085 2932 3142 Videamus
2970 3089 3259 3157 siquidem,
3293 3092 3390 3144 iste
3417 3107 3586 3145 novus

2020 3173 2285 3242 interpres
2319 3174 2553 3242 qualiter
2591 3177 2934 3244 propheticos
2965 3178 3030 3232 de
3059 3178 3273 3234 Christo
3308 3195 3582 3236 sermones

2020 3262 2420 3330 interpretetur.
2578 3319 2587 3326 ,

2087 3351 2149 3403 ll.
2188 3351 2321 3404 Dum
2348 3353 2512 3408 multa
2551 3354 2788 3407 cucurrit
2825 3357 3128 3423 quaerendo,
3164 3361 3340 3414 subito
3366 3361 3586 3416 offendit

2020 3439 2071 3492 in
2105 3438 2424 3492 versiculum
2477 3441 2668 3509 psalmi
2722 3458 2886 3506 nxvu,
2930 3445 2983 3498 in
3033 3460 3138 3514 quo
3171 3446 3433 3517 Propheta
3469 3451 3582 3519 glo-

2019 3529 2151 3582 riam
2180 3529 2510 3583 ascensionis
2549 3530 2758 3586 Domini
2794 3535 2964 3588 nostri
3002 3534 3129 3590 Jesu
3159 3537 3356 3592 Christi
3387 3540 3582 3593 decan-
3650 3585 3652 3592 .

2021 3628 2139 3672 tans
2164 3620 2293 3673 dicit
2321 3637 2334 3672 :
2361 3619 2654 3676 Ascendens
2682 3623 2735 3676 in
2763 3622 2925 3677 altum
2956 3628 3211 3694 captivam
3239 3628 3388 3679 duxit
3417 3630 3584 3695 capti-

2019 3708 2221 3760 vitatem
2264 3705 2434 3776 (Psal.
2482 3725 2644 3772 vau,
2684 3710 2792 3777 19).
2839 3711 3092 3779 Adiungit
3125 3726 3333 3780 quoque
3379 3728 3445 3766 ex
3484 3730 3581 3768 suo

2020 3811 2176 3850 sensu
2208 3813 2222 3848 :
2259 3813 2278 3846 ι
2318 3796 2455 3850 Ecce
2483 3797 2727 3862 captivus
2765 3798 2962 3855 dicitur
2990 3815 3138 3861 esse,
3182 3810 3235 3854 et
3274 3817 3440 3870 quare
3476 3821 3581 3858 non

2019 3885 2227 3937 dicatur
2255 3898 2415 3936 carne
2456 3883 2773 3951 adoptivus?
2811 3906 2829 3938 υ
2880 3885 3044 3956 Cujus
3075 3890 3320 3944 versiculi
3362 3908 3578 3947 sensqu

2017 3973 2172 4042 longe
2214 3973 2369 4028 aliter
2395 3974 2565 4029 sancti
2608 3975 2793 4031 Patres
2823 3979 3158 4048 interpretati
3203 3988 3344 4034 sunt.
3385 3981 3582 4036 Beatus

2018 4060 2344 4129 Augustinus
2389 4060 2460 4113 ita
2521 4061 2664 4115 hunc
2707 4063 2872 4132 887
2928 4079 3141 4118 versum
3200 4069 3447 4133 exposuit
3498 4082 3520 4107 ο
3567 4086 3580 4122 :

2026 4167 2042 4200 ι
2074 4149 2210 4215 Quid
2238 4157 2343 4212 est,
2361 4149 2552 4217 inquit,
2577 4151 2720 4218 quod
2747 4151 2896 4215 dicit,
2929 4154 3197 4221 captivasti
3216 4157 3582 4224 captivitatem,

2022 4239 2123 4292 nisi
2148 4238 2272 4307 quia
2305 4239 2496 4307 captivi
2525 4281 2539 4301 ,
2573 4240 2662 4309 qui
2690 4241 2790 4294 sub
2816 4241 3030 4296 diabolo
3059 4245 3392 4306 tenebantur,
3427 4247 3584 4300 abso—

379 4335 628 4405 leguntur
655 4331 808 4405 [Cod.
852 4330 1050 4395 Paris.,
1078 4346 1250 4400 neque
1293 4330 1571 4412 locuntur;
1619 4329 1750 4397 forte
1795 4328 1918 4398 leg.,
1955 4315 2002 4374 ί)
2019 4329 2115 4406 luti
2143 4337 2267 4382 sunt
2285 4329 2351 4381 ab
2380 4329 2476 4381 co?
2502 4348 2520 4380 ι
2559 4329 2687 4382 Item
2718 4329 2909 4383 beatus
2940 4327 3296 4400 Hieronymus
3322 4333 3348 4371 δ
3377 4349 3390 4386 :
3437 4352 3454 4383 ι
3486 4334 3585 4387 As-

380 4440 481 4480 nec
512 4422 982 4494 quatioquuntur].
1013 4421 1213 4487 Quibus
1233 4421 1417 4475 melius
1445 4431 1586 4476 esset
1605 4420 1753 4489 juxta
1783 4422 1926 4476 beati

379 4516 526 4573 Petri
547 4512 1164 4585 principisapostolorum
1184 4526 1385 4573 vocem,
1402 4513 1542 4565 viam
1563 4512 1803 4565 veritatis
1823 4526 1926 4564 non

382 4617 694 4679 agnoscere,
737 4617 894 4671 quam
941 4608 1059 4670 post
1107 4600 1427 4668 agnitionem
1469 4607 1761 4652 retrorsum
1801 4613 1929 4652 con-

381 4696 539 4751 verti.
581 4691 766 4748 Melius
791 4699 932 4746 esset
958 4688 1104 4745 Juda:
1137 4686 1393 4756 proditori
1422 4702 1688 4755 nunquam
1713 4695 1927 4757 aposto—

382 4785 543 4840 licum
572 4797 764 4837 nomen
794 4779 1063 4842 habuisse,
1091 4791 1247 4846 quam
1291 4772 1385 4828 Dei
1413 4774 1603 4827 Filium
1634 4776 1810 4843 impiis
1832 4774 1926 4830 Ju-

383 4873 619 4928 daaorum
649 4873 892 4927 manibus
919 4869 1231 4925 vendidisse.
1277 4865 1368 4920 Sic
1402 4867 1580 4935 pravis
1626 4865 1932 4922 ductoribus

383 4960 556 5015 satius
580 4969 721 5014 esset
747 4974 1016 5029 nunquam
1041 4957 1254 5011 honoris
1283 4970 1494 5019 nomen,
1525 4955 1606 5009 vel
1635 4957 1812 5010 sedem
1834 4956 1928 5010 do-

385 5047 553 5102 ctoris
569 5045 840 5114 possidere
855 5045 916 5098 'in
942 5045 1195 5109 Ecclesia,
1211 5060 1366 5113 quam
1391 5030 1566 5113 prava:
1584 5043 1701 5097 ﬁdei
1722 5044 1933 5112 dogma-

388 5135 533 5189 tibus
557 5133 762 5201 scipsos
803 5146 924 5186 eum
970 5133 1163 5201 populo
1201 5132 1301 5187 sibi
1348 5132 1583 5200 subjecto
1620 5130 1930 5201 perdidisse.

390 5223 545 5278 Patet
567 5222 747 5291 itaque
769 5231 981 5275 nostras
1000 5221 1084 5276 vel
1107 5222 1312 5276 illorum
1332 5221 1638 5293 legentibus
1655 5219 1933 5286 litterulas,

388 5313 513 5383 quis
537 5319 779 5366 nostrum
807 5309 1097 5366 catholicos
1125 5320 1426 5366 sanctorum
1457 5311 1673 5365 Patrum
1702 5311 1754 5364 in
1794 5308 1937 5363 Scri-

388 5403 566 5477 ptui-is
595 5401 791 5457 divinis
815 5401 1054 5470 sequitur
1076 5413 1279 5468 sensus,
1303 5400 1385 5456 vel
1411 5401 1531 5470 quis
1551 5416 1581 5454 a
1609 5399 1822 5453 tramite
1847 5412 1936 5452 ca-

460 5527 489 5557 ι
533 5512 592 5583 S.
622 5508 757 5583 Aug.
788 5509 1013 5567 Euarrat
1057 5513 1108 5583 in
1133 5509 1273 5583 Psal.
1303 5529 1464 5573 LXVII,
1494 5529 1545 5564 v.
1578 5512 1662 5583 l9.
1691 5511 1788 5583 llic
1812 5526 1939 5565 vero

389 5581 652 5643 “minus
694 5578 906 5635 s'ensum
951 5582 1119 5649 magis
1163 5578 1324 5636 refert
1360 5595 1516 5649 quam
1543 5580 1702 5634 verba
1731 5579 1863 5649 Aug.

2021 4417 2267 4480 cendisti,
2294 4417 2486 4486 inquit,
2516 4417 2567 4470 in
2603 4416 2787 4480 caelos,
2818 4419 3098 4485 captivasti
3121 4435 3236 4482 nos,
3275 4421 3363 4489 qui
3389 4423 3584 4490 captvi

2027 4506 2338 4558 tenebamur
2361 4520 2391 4556 a
2417 4504 2646 4558 diabolo.
2691 4505 2792 4570 Qui
2815 4507 3083 4573 quondam
3113 4509 3165 4562 in
3192 4509 3338 4564 Sina:
3369 4512 3589 4566 descen-

2027 4591 2156 4644 dens
2185 4592 2352 4661 legem
2380 4590 2574 4660 populo
2600 4589 2891 4657 distribuit,
2916 4596 3029 4665 ipse
3050 4613 3190 4654 nunc
3221 4600 3274 4654 in
3303 4611 3504 4664 saneto,
3526 4602 3590 4657 'id

2027 4687 2128 4743 est,
2165 4679 2218 4732 in
2267 4690 2537 4749 assumpto
2587 4682 2824 4749 homine,
2857 4685 2922 4739 de
2967 4702 3075 4756 quo
3121 4690 3340 4760 angelus
3383 4690 3451 4743 ad
3482 4690 3591 4745 Ma-

2030 4770 2162 4822 riam
2195 4787 2206 4819 :
2241 4770 2392 4835 Quod
2423 4782 2659 4826 nascetur
2681 4790 2743 4827 ea:
2768 4784 2817 4828 te
2845 4765 3101 4840 sanctum,
3130 4779 3391 4833 vocabitur
3419 4776 3469 4830 F
3472 4779 3592 4834 ilius

2032 4860 2124 4914 Dei
2153 4860 2301 4932 (Luc.
2333 4879 2372 4926 ι.
2400 4863 2510 4932 35),
2539 4879 2654 4928 eos,
2683 4867 2772 4934 qui
2803 4866 2855 4920 in
2881 4870 3189 4936 captivitate
3217 4868 3411 4922 diaboli
3447 4879 3593 4930 tene.-

2029 4952 2243 5015 bantur,
2286 4953 2529 5015 absolvit,
2558 4968 2620 5008 ac
2654 4965 2770 5024 post
2801 4972 2859 5010 se
2885 4965 3136 5032 tanquam
3161 4958 3399 5024 captivos
3429 4959 3592 5014 dedu-

2029 5050 2144 5096 ctos
2187 5050 2399 5097 teterna:
2451 5044 2574 5098 vita:
2628 5046 2880 5100 restituit.
2925 5065 2943 5096 ι
2995 5045 3348 5099 Cassiodorus
3397 5045 3527 5101 dicit
3577 5067 3590 5100 :

2038 5149 2054 5180 ι
2083 5129 2237 5185 Iesus
2280 5131 2424 5185 enim
2472 5133 2728 5187 Dominus
2763 5133 2903 5206 Deus
2944 5142 3125 5188 noster
3163 5134 3452 5194 cruciﬁxus
3503 5136 3595 5190 de-

2034 5216 2238 5272 scendit
2267 5217 2332 5270 ad
2362 5217 2585 5285 inferos,
2612 5228 2670 5273 et
2694 5219 2947 5273 liberatas
2974 5233 3004 5273 a
3047 5221 3356 5296 captivitate
3396 5221 3595 5280 diaboli

2034 5308 2244 5363 animas
2288 5310 2538 5387 perduxit
2577 5311 2652 5387 ad
2699 5307 2881 5363 eteius.
2929 5328 2959 5368 ,ι
3013 5309 3182 5375 Quem
3238 5321 3293 5363 tu
3345 5320 3595 5378 perversa

2039 5409 2234 5459 mente,
2273 5397 2437 5454 frater
2477 5385 2763 5475 Elipaudc,
2802 5399 3071 5468 captivum
3103 5398 3268 5455 audes
3294 5400 3594 5466 nominare,

2107 5510 2230 5564 b-S.
2259 5509 2401 5565 Hier.
2435 5510 2708 5566 Breviario
2735 5510 2790 5564 in
2806 5509 3147 5565 Psalterium.
