4238 6204
568 332 673 389 959

1414 328 1474 384 Β.
1515 327 1575 381 F.
1617 326 1840 382 ,λωιδῖ
1879 325 2008 382 SEU
2043 321 2316 393 ALCUlNl
2353 318 2632 378 OPERUM
2669 318 2846 373 PARS
2880 317 2966 372 ω.

3700 315 3804 372 260

512 506 515 509 _
570 448 715 503 hunc
739 445 1022 501 Psalmista
1047 458 1113 498 ex
1133 442 1215 497 sui
1241 431 1406 511 ipsius
1430 456 1673 511 persona:
1700 440 1878 494 verbis
1914 438 2141 493 liberum
2172 440 2217 496 Α
2243 451 2350 490 non
2380 436 2649 506 intelligis,
2678 435 2732 489 in
2754 434 2967 490 Christo
2998 448 3250 502 personas
3279 442 3329 488 te
3357 432 3647 497 atlirmare,
3677 432 3802 486 dum

572 551 693 594 esse
715 542 963 598 testatur,
976 534 1067 589 ubi
1082 533 1158 587 ait
1183 549 1197 585 :
1225 529 1423 585 Factus
1446 544 1565 586 sum
1591 530 1893 585 sicutliomo
1912 529 2023 582 sine
2048 527 2145 581 ad—

563 627 767 697 jutorio
796 626 933 680 inter
956 632 1186 680 mortuos
1211 620 1528 694 liber(Psal.
1562 619 1895 693 Lxxxvn,6).
1919 620 2145 673 lterum-

572 731 680 789 que
707 718 762 774 in
782 716 885 771 alio
908 714 1144 787 psalmo:
1164 712 1305 767 Deus
1324 712 1580 766 ultionum
1604 711 1879 775 Dominus,
1906 710 2045 765 Deus
2068 709 2148 763 ul-

572 810 774 863 tionum
801 806 959 861 libere
982 806 1083 876 egit
1114 802 1458 872 (PsaLxcut,
1479 803 1552 873 l).
1579 804 1645 857 Et
1673 805 1785 873 ipse
1804 803 2062 857 Dominus
2092 801 2145 855 in

573 897 864 969 Evangelia
887 914 902 928 ο
939 893 998 950 Si
1030 892 1201 948 Filius
1247 910 1351 957 eos,
1385 894 1481 958 ait,
1522 893 1837 957 liberaverit,
1880 902 2003 945 tunc
2032 908 2148 945 vere

573 987 725 1044 liberi
745 988 891 1041 eritis
913 986 1219 1057 (Joan.vut,
1239 982 1352 1054 ‘56).
1373 982 1506 1050 Qua:
1525 992 1609 1037 est
1636 982 1858 1036 libertas
1878 992 2083 1063 nostra,
2100 982 2146 1036 si

574 1077 834 1135 liberator
862 1085 1048 1131 noster
1076 1074 1320 1145 captivus
1345 1088 1466 1129 esse
1492 1074 1743 1143 putatur?
1767 1073 1860 1127 Ille
1884 1071 2147 1141 siquidem

573 1170 807 1242 pessima
830 1167 1142 1236 captivitate
1163 1166 1408 1234 captivus
1429 1172 1532 1227 est,
1564 1165 1655 1233 qui
1684 1164 1853 1218 credit
1876 1162 2149 1218 Christum

575 1259 850 1328 captivum
880 1272 1018 1320 esse,
1063 1257 1116 1311 in
1148 1254 1300 1323 cujus
1324 1255 1659 1309 vestimentis
1704 1254 1965 1323 scriptum
1992 1251 2150 1305 'vide-

575 1348 672 1407 bat
694 1349 980 1418 Apostolus
1011 1366 1025 1400 :
1058 1347 1169 1400 Rea:
1196 1364 1395 1417 regum,
1411 1354 1459 1398 et
1482 1344 1741 1397 Dominus
1768 1344 2147 1395 dominantium

579 1437 634 1510 (1
667 1440 801 1496 Tim.
833 1455 904 1503 vt,
938 1438 1045 1509 15).
1082 1437 1191 1491 Nec
1239 1438 1353 1505 ipse
1386 1436 1555 1489 Adam
1584 1421 1948 1503 protoplastus
1975 1433 2147 1501 capti-

568 1548 676 1589 .vus
725 1542 937 1587 creatus
980 1539 1084 1595 est,
1123 1528 1217 1584 sed
1260 1528 1397 1582 liber
1429 1539 1484 1582 et
1533 1528 1814 1597 ingenuus,
1838 1534 2043 1594 utpote
2081 1520 2172 1578 ad'

580 1621 867 1690 imaginem
896 1629 949 1673 et
972 1618 1376 1673 similitudinem
1407 1617 1501 1670 Dei
1548 1634 1560 1670 :
1606 1633 1705 1672 nec
1748 1626 1872 1670 ante
1906 1616 2149 1686 captivus

580 1710 878 1764 credendus
906 1717 987 1763 est
1008 1747 1023 1772 ,
1069 1720 1228 1777 quam
1256 1723 1287 1761 a
1324 1707 1535 1761 diabolo
1566 1707 1821 1773 deceptus
1849 1719 1967 1759 esse
2004 1704 2149 1773 lega-

2246 527 2399 592 dicis,
2427 529 2474 582 ei
2501 537 2548 582 et
2581 527 2661 599 illi
2676 529 2702 581 Ρ
2736 527 2900 595 Quasi
2927 527 3064 582 alius
3088 528 3160 581 sit
3184 527 3275 597 qui
3302 541 3368 581 ex
3394 525 3507 581 Deo
3532 523 3691 581 Patre
3714 539 3808 593 που

2245 617 2388 671 nitus
2413 626 2517 683 est,
2566 602 2785 672 etalius
2809 618 2900 687 qui
2937 633 3003 673 ex
3029 618 3246 687 Virgine
3276 626 3450 673 matre
3494 616 3667 673 factus
3699 626 3802 681 est,

2244 707 2369 762 dum
2406 709 2729 778 evangelista
2757 710 2886 764 dicit
2916 725 2929 761 :
2969 707 3191 763 Verbum
3215 725 3337 762 caro
3363 710 3560 780 factum
3585 719 3681 765 est.
3712 709 3805 764 [lla

2244 811 2376 851 vero
2417 800 2579 852 verba
2624 798 2773 853 Isaiae
2818 800 3118 869 prophetat,
3173 814 3293 869 qua:
3343 808 3398 853 tu
3452 800 3691 854 :rstimas
3740 796 3809 853 de

2245 885 2458 940 Christo
2501 901 2620 941 esse
2664 887 2993 953 vaticinata,
3049 886 3114 940 de
3160 885 3302 957 Cyro
3352 902 3475 958 rege
3521 890 3808 947 Persarum

2245 978 2499 1046 pnedicta
2539 985 2683 1041 sunt,
2731 978 2823 1047 qui
2867 976 3117 1048 populum
3147 976 3241 1033 Dei
3278 979 3344 1033 de
3366 972 3687 1049 Babylonica
3718 976 3809 1037 ca-

2245 1069 2490 1137 ptivitate
2538 1068 2592 1121 in
2627 1069 2855 1138 patriam
2898 1069 3120 1133 remisit,
3166 1085 3274 1124 non
3303 1070 3370 1123 de
3394 1068 3632 1134 Christo,
3658 1081 3723 1126 ut
3749 1081 3807 1126 tu

2248 1160 2404 1213 reris.
2454 1158 2605 1225 Quod
2635 1162 2700 1213 ex
2737 1160 3211 1215 circumstantibus
3253 1158 3492 1228 ejusdem
3536 1163 3811 1231 propheta:

2247 1252 2425 1308 verbis
2452 1252 2702 1308 facillime
2744 1253 2962 1323 intelligi
2999 1260 3191 1321 potest,
3223 1253 3312 1307 ubi
3340 1254 3416 1307 ait
3446 1268 3461 1306 :
3490 1254 3707 1307 Accinxi
3735 1264 3808 1319 te,

2247 1351 2294 1397 et
2323 1359 2426 1397 non
2463 1344 2632 1413 888
2668 1342 2947 1413 cognovisti
2964 1357 3053 1399 me
3094 1339 3275 1413 (Isaia:
3300 1357 3424 1406 ην,
3449 1342 3525 1411 5).
3564 1341 3717 1409 Quod
3745 1344 3813 1399 de

2250 1433 2465 1489 Christo
2512 1436 2711 1503 absque
2755 1435 2917 1489 dubio
2958 1435 3061 1489 dici
3084 1428 3200 1489 non
3235 1443 3433 1504 potest.
3485 1433 3814 1507 Hieronymo

2250 1537 2463 1593 quoque
2510 1532 2643 1577 teste
2684 1525 2899 1593 probari
2942 1524 3102 1589 valet,
3145 1525 3288 1594 quod
3334 1525 3663 1581 omnimodis
3700 1527 3816 1582 hzec

2250 1615 2528 1684 prophetia
2571 1615 2639 1669 ad
2684 1614 2955 1669 Christum
2998 1630 3102 1669 non
3146 1618 3400 1684 pertinet.
3448 1616 3590 1671 Dicit
3633 1618 3813 1672 enim:

2260 1726 2288 1758 ολ
2313 1707 2436 1762 Scio
2468 1709 2521 1762 in
2548 1710 2651 1762 hoc
2680 1709 2913 1787 capitulo
2942 1725 3048 1763 non
3080 1710 3247 1764 solum
3276 1709 3607 1788 Latinoruml
3644 1710 3737 1765 sed
3764 1720 3819 1766 et

581 1810 685 1853 tur.
715 1800 782 1852 Et
806 1800 1070 1869 quomodo
1094 1799 1340 1853 Christus
1361 1799 1608 1867 captivus
1636 1797 1739 1851 dici
1777 1804 1983 1865 potest,
2022 1795 2148 1848 dum
2182 1781 2226 1838 Β
2250 1797 2559 1853 Graecorum
2603 1781 2860 1869 plurimos
2898 1804 3243 1869 vehementer
3286 1818 3493 1868 errare,
3533 1781 3849 1860 aestimam'

582 1889 668 1944 ille
719 1891 835 1958 ipse
886 1890 939 1943 in
989 1890 1277 1959 Evangelio
1327 1890 1405 1943 ait
1451 1907 1464 1942 :
1525 1888 1675 1942 Venit
1715 1888 1951 1957 princeps
1988 1886 2147 1954 Imjus

580 1981 782 2043 mumii,
806 1990 854 2033 et
882 1981 936 2033 in
966 1997 1045 2034 nte
1076 1997 1178 2033 non
1206 1981 1354 2034 habet
1378 1980 1664 2050 quidquam
1688 1980 1867 2050 (Joan.
1901 1993 2013 2042 xrv,
2031 1977 2144 2047 50).

581 2072 640 2125 Si
670 2073 727 2127 in
747 2073 968 2127 Christo
983 2072 1270 2141 quidquam
1300 2072 1540 2126 invenire
1563 2086 1668 2125 non
1700 2070 1870 2138 potuit
1897 2069 2153 2137 antiquus

583 2162 770 2226 hostis,
801 2163 943 2231 quod
972 2178 1126 2216 suum
1155 2171 1320 2227 esset,
1350 2162 1491 2219 unde
1512 2178 1634 2217 eum
1667 2162 1937 2232 captivum
1966 2169 2152 2214 tenere

583 2254 792 2320 potuit?
842 2253 948 2307 Sed
993 2254 1081 2307 ille
1123 2254 1295 2323 magis
1338 2260 1622 2322 superatus
1666 2262 1722 2306 et
1764 2252 1960 2321 ligatus
2002 2260 2085 2305 est
2121 2266 2151 2305 a

580 2342 817 2409 Christo,
848 2344 937 2411 qui
976 2353 1031 2399 et
1058 2343 1424 2398 fortitudinem
1455 2357 1631 2407 suam,
1661 2358 1778 2410 qua:
1805 2341 1956 2414 [qua]
1979 2343 2150 2410 ipsum

580 2431 807 2496 vicerat,
848 2432 899 2485 in
935 2432 1241 2501 evangelica
1283 2431 1538 2501 parabola
1567 2432 1855 2487 ostendens
1878 2432 1990 2485 ait:
2020 2428 2151 2483 Cum

581 2522 735 2592 fortis
760 2531 993 2575 armatus
1022 2522 1245 2575 custodit
1274 2524 1470 2574 atrium
1493 2538 1669 2584 suum,
1708 2521 1763 2575 in
1785 2538 1912 2591 pace
1941 2530 2060 2575 sunt
2092 2538 2152 2573 ea

578 2631 698 2684 qua:
732 2613 975 2682 possidet.
1002 2610 1059 2665 Si
1081 2622 1253 2664 autem
1280 2612 1470 2679 fortior
1498 2610 1591 2665 illo
1634 2612 1992 2680 superveniens
2023 2610 2156 2663 vice-

586 2706 651 2757 rit
678 2720 824 2767 eum,
855 2702 1093 2755 uniuersa
1136 2701 1247 2769 ejus
1277 2716 1423 2752 arma
1464 2699 1670 2766 aufert,
1704 2700 1757 2751 in
1783 2700 1967 2768 quibus
1993 2699 2157 2765 conﬁ-

584 2796 772 2859 debat,
819 2806 867 2848 et
896 2793 1060 2862 spolia
1091 2794 1204 2862 ejus
1235 2793 1499 2845 distribuit
1541 2792 1688 2862 (Luc.
1728 2808 1815 2855 XI,
1856 2792 1969 2862 21).
2004 2790 2159 2846 Chri-

588 2893 703 2939 stus
723 2900 851 2940 vero
872 2886 1045 2939 victor
1066 2900 1185 2937 cum
1210 2884 1375 2953 gloria
1401 2884 1656 2951 triumphi
1678 2884 1843 2938 oculos
1865 2882 2157 2941 ascendens

526 2996 531 3000 ·
587 2984 897 3030 sanctorum
922 2975 1127 3028 animas
1154 2974 1327 3043 longo.
1350 2973 1537 3027 exsilio
1566 2974 1824 3053 captivas,
1863 2981 1917 3028 et
1945 2990 1975 3029 a
2000 2989 2159 3044 para-

588 3068 687 3121 disi
716 3067 923 3143 gaudiis
960 3075 1241 3143 extraneas
1272 3082 1364 3121 sua
1395 3064 1707 3120 fortitudine
1748 3066 2056 3135 captivavit,
2102 3073 2155 3119 et

590 3163 643 3213 in
672 3141 906 3213 caelestis
935 3159 1083 3229 regni
1101 3141 1299 3225 ‘gaudia
1329 3171 1513 3209 secum
1534 3157 1768 3210 advexit.

657 3248 741 3303 ΠΙ.
780 3249 959 3302 Alium
979 3262 1192 3315 quoque
1212 3245 1600 3315 Psalmigraphi
1626 3246 1949 3315 proposuisti
1980 3247 2154 3301 versi-

588 3338 790 3403 culum,
814 3352 973 3407 quem
1000 3336 1301 3405 hujusmodi
1328 3338 1671 3407 perstruxisti
1700 3339 1898 3401 verbis,
1934 3340 2149 3393 dicens:

589 3428 670 3481 Ad
697 3430 885 3499 ipsum,
913 3428 1109 3497 inquis,
1132 3428 1227 3482 Dei
1246 3427 1291 3480 F
1295 3428 1443 3481 ilium
1466 3444 1564 3481 uox
1586 3427 1766 3481 Patris
1786 3427 1948 3484 dicit:
1978 3426 2101 3482 Pete
2124 3448 2156 3483 a

588 3530 690 3582 tne,
715 3528 761 3572 et
783 3520 915 3571 dabo
937 3519 1026 3572 tibi
1049 3529 1221 3588 gentes
1243 3520 1597 3572 Iiwreditatem
1620 3527 1785 3583 tuam,
1810 3528 1858 3571 et
1877 3520 2157 3589 possessio‘

592 3626 711 3661 nent
732 3602 875 3661 tuam
908 3610 1149 3663 terminos
1190 3621 1342 3662 terra:
1366 3608 1536 3679 (Psal.
1562 3625 1625 3673 ιι,
1646 3612 1733 3680 8):
1770 3619 1826 3665 et
1849 3618 1966 3681 post
1986 3625 2155 3681 pauca

590 3700 907 3772 subjungis:
941 3717 959 3750 ι
990 3699 1106 3754 Non
1147 3708 1230 3753 est
1269 3700 1409 3751 idem
1448 3709 1645 3767 petere,
1691 3708 1747 3754 et
1782 3702 1909 3754 dare
1934 3718 1948 3753 :
1975 3712 2157 3769 petere

589 3801 680 3846 est
717 3793 880 3855 servi,
927 3792 1055 3845 dare
1103 3790 1325 3844 domini.
1362 3810 1380 3841 ι
1436 3790 1620 3844 Nonne
1666 3791 1862 3844 oblitus
1891 3806 1949 3845 es
1976 3792 2027 3844 in
2057 3793 2159 3845 hoc

592 3882 713 3934 loco
755 3878 1057 3950 adoptionis
1098 3896 1313 3944 nomen,
1358 3882 1485 3935 dum
1526 3883 1687 3952 plane
1734 3897 1854 3936 eum
1886 3883 2158 3938 conﬁteris

500 3957 508 3961 ’
596 3971 693 4025 Dei
722 3971 935 4034 Filium,
969 3972 1035 4024 ad
1076 3988 1235 4040 quem
1281 3974 1397 4025 haec
1433 3988 1536 4027 vox
1582 3985 1807 4043 paterna
1854 3976 1994 4029 facta
2041 3985 2153 4029 est:

600 4062 725 4117 Pete
749 4072 797 4116 et
823 4063 957 4116 dabo
986 4062 1075 4115 tibi
1096 4072 1266 4132 gentes
1286 4064 1312 4114 .’
1331 4064 1516 4131 utique
1543 4068 1833 4119 secundum
1863 4076 2004 4119 tuam
2039 4083 2159 4120 sen-

597 4156 836 4217 tentiam,
865 4154 955 4223 qui
986 4156 1136 4223 petit,
1169 4156 1280 4224 ipse
1308 4164 1391 4209 est
1417 4155 1510 4210 Dei
1544 4156 1727 4211 Filius.
1764 4157 1860 4211 Hic
1890 4158 2075 4213 nolens
2106 4160 2157 4212 in

600 4244 741 4296 viam
765 4244 1009 4297 veritatis
1043 4245 1352 4311 pervenisti,
1387 4247 1451 4299 de
1479 4262 1580 4313 qua
1619 4250 1797 4301 statim
1829 4251 2161 4304 errabundus

600 4331 884 4393 divertisti,
928 4338 983 4383 et
1010 4330 1282 4385 salebrosa
1315 4335 1534 4387 tramite
1562 4350 1680 4387 mox
1730 4336 1784 4390 in
1830 4339 1907 4390 tui
1960 4340 2161 4393 erroris

2250 1890 2383 1942 tium
2427 1890 2686 1959 scriptum
2734 1906 2852 1945 esse
2895 1892 2959 1945 de
2984 1892 3209 1947 Domino
3238 1892 3463 1948 Christo.
3500 1896 3625 1949 dum
3656 1905 3818 1971 ιυριῷ

2249 1978 2535 2033 Dominum
2565 1988 2743 2044 sonat,
2772 1997 2877 2034 non
2905 1982 2969 2035 de
2999 1982 3159 2052 Cyro.
3197 2002 3215 2034 ι
3259 1983 3434 2052 Atque
3472 1984 3667 2039 iterum
3696 1995 3818 2055 post

2248 2083 2417 2136 pauca
2443 2086 2455 2119 :
2492 2086 2512 2118 ο
2546 2068 2761 2123 Acciuxi
2797 2080 2863 2133 te,
2893 2079 2939 2123 et
2964 2088 3068 2124 non
3100 2074 3379 2141 cognovisti
3403 2090 3502 2127 me.
3535 2073 3613 2127 Tu
3643 2087 3818 2130 autem

2252 2175 2355 2211 non
2398 2160 2677 2228 cognovisti
2710 2176 2809 2223 me,
2859 2162 2912 2213 id
2938 2168 3043 2224 est,
3093 2162 3379 2217 simulacra
3430 2164 3664 2229 coluisti,
3712 2177 3821 2221 non

2252 2248 2451 2300 Deum.»
2489 2248 2707 2301 Accinxi
2742 2258 2790 2301 te
2818 2249 3140 2317 fortitudine,
3174 2251 3225 2305 id
3248 2260 3348 2317 est,
3377 2254 3665 2308 multarum
3690 2269 3822 2327 geti-

2256 2337 2386 2408 tium
2414 2336 2517 2391 feci
2562 2346 2614 2391 te
2642 2353 2762 2393 esse
2791 2340 3070 2402 victorem,
3099 2350 3154 2395 et
3186 2357 3290 2396 non
3320 2345 3617 2415 cognovisti
3667 2347 3823 2402 auxi-

2253 2434 2497 2488 liatorem
2543 2442 2708 2488 tuum.
2760 2436 2812 2488 In
2861 2450 2965 2505 quo
3012 2437 3129 2491 loco
3174 2438 3532 2494 satismirari
3586 2436 3818 2511 nequeo,

2253 2538 2372 2592 quae
2414 2525 2640 2579 stultitia
2688 2526 2758 2579 sit
2814 2527 3118 2596 legentium,
3168 2536 3227 2583 ut
3274 2529 3389 2585 haec
3439 2532 3505 2587 ad
3548 2529 3821 2590 Christum

2254 2613 2510 2680 referant,
2540 2632 2637 2685 per
2673 2632 2833 2686 quem
2864 2619 3093 2674 mundus
3119 2622 3497 2677 reconciliatus
3523 2633 3605 2678 est
3631 2621 3762 2680 Deo.
3796 2645 3815 2679 ι

2257 2704 2314 2756 Si
2339 2704 2650 2759 doctissimo
2688 2706 2995 2761 Graecarum
3025 2709 3447 2779 Latinarumque
3496 2712 3821 2780 litterarum,

2259 2791 2366 2844 imo
2403 2801 2457 2846 et
2486 2793 2870 2848 Hebraicarum
2916 2798 3174 2866 magistro
3201 2796 3529 2871 Hieronymo
3577 2803 3820 2861 miranda

2257 2880 2483 2935 stultitia
2528 2881 2841 2949 videbatur,
2894 2885 3027 2939 haec
3059 2887 3123 2941 de
3167 2886 3383 2947 Christo
3440 2890 3820 2960 interpretari,

2255 2974 2522 3039 quomodo
2585 2982 2639 3026 tu
2693 2974 2807 3043 ipse
2866 2985 3009 3030 tuam
3057 2992 3163 3031 non
3209 2974 3465 3050 intelligis
3518 2984 3820 3049 stultitiam,

2256 3060 2347 3126 qui
2396 3062 2465 3114 ab
2513 3062 2655 3115 illius
2709 3064 2971 3118 catholico
3020 3080 3183 3120 sensu
3230 3068 3456 3123 multum
3514 3072 3834 3143 discrepare

2257 3150 2503 3217 probaris
2522 3151 2557 3203 ?-
2824 3168 2829 3173 ’

2325 3259 2411 3315 IV.
2450 3261 2622 3315 Aliam
2662 3277 2874 3332 quoque
2912 3264 3145 3333 ejusdem
3185 3269 3458 3338 prophetae
3494 3270 3833 3343 subsecutus.

2260 3350 2483 3418 posuisti
2509 3354 2848 3415 sententiam,
2872 3368 3032 3421 quam
3056 3371 3121 3408 ex
3150 3359 3612 3425 tuopraescribens
3640 3376 3824 3428 sensu,

2258 3436 2438 3491 dixisti
2472 3456 2485 3490 :
2524 3456 2543 3489 ‹
2577 3439 2693 3507 Ipse
2737 3456 2952 3510 quoque
2992 3442 3129 3498 Deus
3172 3445 3267 3499 Dei
3315 3446 3482 3503 Filius
3529 3452 3825 3510 secundum

2258 3526 2606 3595 divinitatem,
2646 3531 2696 3584 in
2723 3545 2825 3600 qua
2857 3534 2967 3601 ipse
2996 3543 3046 3588 et
3077 3534 3237 3591 Pater
3279 3555 3442 3593 unum
3486 3551 3632 3607 sunt,
3658 3542 3821 3597 dicit:

2258 3620 2491 3674 Gloriam
2546 3636 2711 3675 nteant
2763 3624 2911 3677 alteri
2967 3644 3067 3679 non
3116 3629 3307 3683 dabo's
3368 3628 3522 3706 (lsai.
3580 3652 3714 3700 mi,
3746 3634 3822 3704 8).

2257 3710 2497 3766 Alterum
2526 3713 2731 3779 volens,
2784 3724 2841 3768 ut
2888 3716 3059 3781 video,
3095 3718 3337 3788 intelligi,
3382 3724 3477 3792 qui
3505 3725 3619 3780 haec
3662 3727 3821 3794 dicit;

2260 3808 2312 3853 et
2351 3802 2596 3863 alterum,
2641 3802 2707 3857 de
2743 3819 2847 3872 quo
2892 3806 3003 3861 ἢπερ
3047 3807 3186 3861 dicta
3220 3818 3342 3863 sunt
3371 3829 3381 3862 ε
3412 3813 3466 3867 id
3494 3815 3699 3879 est,,de
3729 3817 3830 3871 hu-

2259 3892 2517 3945 manitate
2546 3893 2764 3945 Christi.
2816 3895 3161 3964 Nequaquam
3189 3898 3329 3953 hanc
3375 3907 3696 3959 sententiam
3727 3919 3827 3975 po-

2260 3994 2448 4043 neres,
2483 3983 2584 4034 nisi
2626 3999 2741 4036 eam
2787 3986 2858 4039 ita
2890 3986 2983 4039 tibi
3026 3988 3313 4056 placuisset
3360 3993 3603 4064 intelligi.
3639 3997 3825 4063 Erras,

2260 4068 2426 4122 frater
2448 4070 2720 4139 Elipande,
2753 4092 2921 4137 erras,
2958 4087 3010 4130 et
3055 4080 3191 4131 male
3237 4096 3385 4134 erras
3418 4084 3470 4135 in
3516 4083 3676 4151 hujus
3705 4102 3829 4141 seu-

2262 4160 2441 4213 tentizn
2476 4160 2937 4229 interpretatione,
2989 4167 3040 4219 in
3088 4182 3190 4236 qua
3237 4170 3398 4223 etiam
3446 4178 3500 4225 et
3524 4173 3686 4229 Arius
3728 4176 3828 4230 ali-

2262 4250 2473 4316 quando
2517 4251 2735 4317 erravit,
2786 4254 3081 4325 intelligens
3124 4259 3255 4312 duas
3294 4276 3411 4315 esse
3452 4277 3738 4329 personas,
3772 4266 3827 4321 id

2262 4345 2366 4399 est,
2395 4336 2529 4404 ejus,
2562 4341 2651 4406 qui
2686 4343 2799 4393 haec
2844 4344 3005 4395 verba
3054 4344 3205 4407 dixit,
3250 4356 3305 4399 et
3350 4346 3511 4414 illius,
3560 4353 3627 4404 ad
3666 4369 3824 4421 quem

598 4426 807 4478 foveam
854 4422 1046 4474 iterum
1084 4424 1350 4486 corruisti,
1390 4427 1776 4495 arreptitioque
1810 4428 1997 4494 spiritu
2028 4428 2162 4483 duas
2193 4460 2239 4519 Β
2266 4426 2405 4478 dicta
2432 4437 2584 4491 sum;
2625 4430 2779 4498 quasi
2806 4428 2942 4484 Deus
2972 4432 3127 4487 Pater
3159 4436 3220 4489 de
3247 4435 3383 4492 Filio
3414 4440 3639 4496 dixisset
3665 4460 3677 4496 :
3702 4443 3828 4500 Glo-

603 4514 751 4566 Isaia}
796 4513 1065 4581 prophetas
1108 4514 1398 4567 sententias
1442 4514 1507 4567 de
1557 4513 1773 4568 Christo
1823 4515 2160 4585 interpretari

598 4604 836 4673 (cupisti,
880 4619 1011 4672 quas
1058 4606 1305 4658 catholici
1358 4612 1677 4661 traetatorcs
1729 4609 1944 4663 omnino
1987 4611 2051 4664 de
2098 4627 2161 4665 eo

606 4698 920 4751 vaticinatus
952 4711 1069 4748 esse
1116 4700 1374 4759 renuunt,
1404 4697 1596 4766 quibus
1642 4698 1768 4752 talia
1799 4702 1961 4755 verba
2006 4710 2159 4756 ante-

604 4789 825 4857 posuisti
852 4804 881 4840 :‘
903 4806 921 4837 ε
945 4786 1035 4839 .De
1070 4786 1200 4854 ipSo.
1235 4788 1430 4855 inquis,
1476 4804 1575 4842 vox
1602 4788 1777 4842 Patris
1823 4791 1954 4844 dicit
1987 4810 2000 4844 :
2031 4789 2161 4844 Ecce

604 4896 699 4947 ego
727 4889 843 4933 ante
874 4889 924 4931 te
946 4877 1048 4939 ibo,
1082 4887 1126 4931 et
1156 4876 1404 4944 gloriosos
1441 4890 1595 4933 teme
1632 4880 1933 4935 humiliabo.
1976 4882 2042 4937 Et
2067 4882 2165 4937 ite-

608 4982 760 5021 rum:
790 4967 925 5021 Ecce
959 4983 1051 5035 ego
1087 4977 1207 5019 ante
1236 4975 1287 5019 te
1322 4968 1614 5033 ambulabo,
1656 4980 1704 5025 et
1745 4980 1940 5025 montes
1983 4973 2163 5042 planos

610 5057 820 5120 faciam,
843 5066 893 5109 et
922 5073 1063 5109 seras
1096 5058 1297 5125 ferreas
1317 5056 1664 5125 confrinyam,
1692 5070 1741 5114 et
1768 5062 1901 5114 dabo
1931 5064 2020 5116 tibi
2052 5065 2165 5116 tfze-

610 5162 799 5199 sauros
818 5147 1039 5199 occultos
1056 5187 1070 5209 ,
1104 5155 1165 5199 ut
1181 5148 1316 5200 scias
1336 5148 1581 5215 quoniam
1604 5148 1855 5209 Dominus
1878 5152 2019 5205 Deus
2049 5162 2166 5205 tuus

610 5252 702 5306 ego
726 5252 843 5291 sum
872 5254 891 5287 ι
943 5236 1128 5303 (Isaite
1158 5253 1275 5297 xcv,
1303 5239 1356 5301 9.,
1383 5238 1459 5307 ‘5).
1513 5238 1798 5309 Suhjungis
1844 5240 2055 5312 quoque
2086 5243 2169 5298 his

609 5326 791 5378 verbis
838 5333 981 5377 tuam
1029 5325 1521 5392 interpretationem
1557 5346 1568 5379 ;
1604 5346 1627 5375 τ
1660 5328 1819 5392 Ecce,
1858 5332 2048 5401 inquis,
2078 5332 2165 5386 cui

609 5414 743 5470 dicit
785 5414 1147 5469 Pater:Deus
1202 5424 1321 5467 tuus
1375 5431 1465 5484 ego
1521 5419 1677 5471 sum?
1720 5418 1847 5473 Non
1885 5422 1955 5483 ei,
1986 5421 2036 5476 id
2064 5429 2163 5485 est,

613 5506 811 5567 Verbo,
838 5508 927 5575 qui
966 5514 1091 5560 ante
1123 5503 1318 5559 saecula
1362 5521 1437 5559 ex
1456 5506 1614 5562 Patre
1656 5511 1896 5579 genitus;
1939 5514 2031 5567 sed
2072 5511 2165 5575 illi,

613 5597 704 5665 qui
735 5597 791 5649 in
821 5595 972 5650 finem
1003 5598 1259 5665 temporis
1290 5598 1359 5651 de
1386 5596 1553 5651 Maria
1576 5602 1782 5671 virgine
1810 5602 2168 5658 homorfaetus

613 5695 717 5751 est,
766 5686 912 5741 dicit.
960 5707 975 5737 ›
1048 5686 1319 5753 Quomodo
1378 5688 1427 5742 in
1474 5690 1616 5744 hisce
1667 5693 1772 5746 tuis
1819 5692 1995 5749 verbis
2038 5693 2168 5747 duas

2270 4518 2403 4569 riam
2450 4530 2615 4571 meant
2660 4520 2810 4573 alteri
2852 4540 2950 4575 non
2995 4526 3125 4579 dabo
3156 4542 3173 4577 .'
3208 4529 3370 4583 voluit
3418 4547 3483 4587 ex
3528 4550 3593 4590 eo
3638 4538 3822 4604 verbo,

2268 4607 2408 4675 quod
2436 4609 2585 4671 dixit,
2620 4610 2785 4673 atteri,
2823 4612 2986 4665 filium
3024 4615 3282 4671 minorem
3319 4619 3477 4675 Patre
3506 4624 3821 4697 intelligere.

2204 4757 2209 4762 _
2269 4699 2347 4751 Tu
2391 4713 2518 4752 vero
2566 4701 2691 4753 dum
2742 4701 2896 4768 hujus
2959 4702 3163 4758 foveam
3212 4708 3503 4788 impietatis
3556 4716 3828 4771 transilire

2268 4791 2607 4853 contendisti,
2638 4792 2689 4844 in
2720 4794 3021 4863 voraginem
3051 4796 3278 4853 Nestorii
3308 4801 3519 4859 incauto
3546 4807 3679 4872 pede
3705 4822 3827 4863 cor-

2272 4881 2448 4943 rulsti,
2480 4888 2673 4949 putans
2697 4880 2889 4937 Filium
2920 4876 3011 4939 Dei
3052 4889 3164 4944 licet:
3207 4889 3367 4944 verba
3418 4908 3481 4949 ex
3528 4896 3823 4954 divinitatis

2271 4970 2563 5025 substantia
2610 4974 2901 5040 prmdicere
2943 4976 3007 5029 de
3032 4976 3377 5035 humanitatis
3420 4994 3630 5052 natura,
3663 5005 3825 5059 quam

2272 5063 2503 5129 suscepit
2533 5074 2597 5114 ex
2628 5066 2778 5116 beata
2804 5062 3037 5133 Virgine.
3082 5062 3187 5121 Sed
3228 5079 3441 5127 sanctus
3469 5060 3824 5149 Hieronymus

2273 5152 2633 5205 nobilissimus
2696 5154 2746 5206 in
2802 5154 3035 5209 Ecclesia
3088 5156 3281 5213 Christi
3332 5164 3554 5232 doctor,
3610 5172 3825 5239 utrique

2272 5249 2508 5296 vestrum
2560 5245 2821 5299 catholica
2868 5248 3299 5317 interpretatione
3342 5254 3501 5328 hujus
3543 5263 3825 5317 sententia

2271 5335 2612 5387 vehementer
2656 5334 2875 5391 resistit.
2921 5336 3011 5392 Sic
3048 5342 3189 5395 enim
3227 5345 3279 5397 in
3319 5354 3555 5403 tractatu
3585 5348 3823 5417 ejusdem

2271 5426 2557 5494 prophetaz,
2584 5441 2682 5495 per
2708 5442 2869 5496 quem.
2900 5426 3015 5484 haec
3036 5433 3194 5487 verita
3238 5438 3436 5491 nostris
3468 5438 3823 5500 insonuerunt

2272 5514 2512 5577 auribus,
2562 5515 2895 5595 intelligenda
2945 5522 3226 5579 aestimavit
3273 5543 3285 5577 :
3333 5541 3353 5576 ‹
3390 5528 3504 5600 Ego
3544 5533 3821 5601 Dominus,

2269 5604 2463 5673 inquit,
2507 5607 2603 5658 hoc
2622 5617 2695 5659 est
2746 5623 2929 5661 nomen
2967 5624 3154 5677 meum,
3198 5614 3419 5684 gloriam
3466 5640 3637 5677 meum
3672 5625 3825 5681 altari

2274 5708 2373 5747 non
2399 5694 2550 5747 dabo.
2606 5694 2717 5750 Non
2755 5698 3000 5763 excludit,
3036 5701 3224 5770 inquit,
3254 5703 3467 5776 Filium,
3501 5714 3584 5765 cui
3625 5714 3821 5772 dicenti
