4238 6204
568 251 672 305 ἓ(ῑὸ

1367 245 1425 299 B.
1464 244 1526 297 F.
1567 239 1789 296 ALBINI
1823 236 1954 293 SEU
1990 234 2265 291 ALCUINI
2305 229 2591 289 OPERUM
2623 227 2801 286 PARS
2838 228 2923 285 Ill.

3665 223 3769 279 ξω

570 378 674 417 una
713 372 933 430 persona
964 357 1053 419 sit,
1082 370 1199 425 qnce
1238 351 1658 421 inseparabiliter
1686 356 1844 415 atque
1888 346 2111 400 indivise
2140 347 2183 403 Α
2211 343 2314 412 ipsi
2344 354 2468 399 sunt
2494 359 2561 399 ιι
2583 341 2749 397 fortes
2776 357 2839 395 ex
2866 338 3169 395 fortissimis
3197 337 3379 402 israel,
3403 338 3494 408 qui
3530 339 3774 430 ambiunt

572 426 878 508 communes
926 448 1117 500 habeat
1172 443 1430 505 actiones,
1489 450 1593 494 etc.
1641 458 1659 488 ι
1720 437 1903 490 Nonne
1952 449 2117 488 unum
2216 431 2467 486 lectulum
2513 434 2625 485 veri
2668 430 2987 492 Salomonis,
3031 442 3221 482 omnes
3260 434 3503 481 tenentes
3542 426 3774 496 gladium

573 542 921 609 eamdemque
964 550 1148 591 verum
1173 535 1267 587 Dei
1306 530 1518 593 Filium,
1567 538 1621 583 et
1662 528 1845 581 verum
1892 524 2121 579 hominis
2218 516 2373 574 verbi
2395 518 2509 581 Dei,
2540 529 2596 574 et
2621 520 2688 573 ad
2716 518 2852 571 bella
2898 515 3279 585 promptissimi
3313 533 3327 568 :
3357 514 3777 584 uniuscujusque

573 633 767 687 Filium
793 638 977 684 contra
1006 627 1081 681 tui
1115 624 1317 680 erroris
1345 623 1671 690 impietatem
1699 620 1783 672 his
1808 617 1982 669 verbis
2023 615 2123 667 iste

574 722 868 778 catholicus
885 720 1091 781 doctor,
1112 729 1269 785 quem
1294 721 1348 767 tu
1375 712 1560 782 ipsein
1582 709 1812 764 medium
1836 704 2123 766 deduxisti,

576 811 835 866 aflirmat?
863 810 929 864 Et
955 817 1074 877 post
1098 819 1267 875 pauca
1296 803 1487 857 iterum
1513 819 1525 853 :
1549 799 1713 869 890
1739 816 1757 846 ε
1785 795 1917 849 Cum
1945 795 2126 849 catho-

577 904 699 965 lica,
752 876 969 969 inquit,
1000 897 1131 950 fides
1173 903 1458 959 utrumque
1501 876 1786 956 suscipiat,
1846 892 2128 949 utrumque

583 991 852 1053 defendat,
878 1003 995 1057 qua:
1042 985 1332 1040 secundum
1378 970 1765 1036 confessionem
1806 975 1947 1029 beati
1982 970 2126 1025 Petri

579 1081 801 1153 apostoli
831 1093 992 1143 unum
1015 1074 1285 1130 Christum
1308 1071 1403 1125 Dei
1428 1070 1533 1123 vivi
1558 1068 1751 1122 Filium
1781 1072 1835 1118 et
1860 1062 2130 1153 hominem

581 1150 750 1229 credit
782 1179 837 1225 et
858 1164 1110 1222 Verbum.
1148 1184 1168 1216 ι
1218 1162 1506 1217 Considera
1553 1166 1607 1211 te
1647 1157 1837 1225 ipsum.
1870 1162 1923 1206 et
1951 1168 2014 1205 ex
2050 1150 2133 1204 his

582 1264 759 1320 verbis
783 1272 902 1316 tuos
930 1272 1116 1314 sensus
1142 1255 1365 1321 corrige,
1393 1260 1449 1305 et
1472 1249 1580 1303 noli
1602 1246 1871 1301 Christum
1920 1242 1971 1295 in
2002 1242 2134 1293 duos

584 1354 819 1408 dividere
867 1350 1021 1410 filios,
1054 1359 1232 1403 unum
1278 1340 1606 1407 adoptivum,
1652 1342 1705 1388 et
1751 1332 1973 1385 alterum
2006 1342 2135 1396 pro-

584 1445 759 1513 prium
788 1459 801 1493 :
830 1440 922 1494 sed
970 1452 1089 1491 cum
1116 1436 1274 1489 beato
1301 1431 1462 1484 Petro
1490 1425 1727 1495 principe
1754 1420 2133 1490 apostolorum,

585 1537 876 1597 secundum
922 1545 1135 1587 sensum
1184 1528 1337 1582 istius
1387 1515 1709 1577 sanctissimi
1739 1516 1932 1576 Patris,
1973 1524 2137 1567 unum

585 1629 857 1684 Christum
889 1624 1045 1678 crede
1071 1630 1122 1675 et
1149 1632 1313 1671 unum
1335 1616 1427 1669 Dei
1458 1612 1561 1666 vivi
1590 1609 1802 1667 Filium,
1822 1604 2054 1658 Verbum
2085 1608 2141 1652 et

590 1718 857 1774 hominem
880 1713 1131 1784 prmdica.
1160 1710 1292 1763 item
1328 1706 1469 1759 inter
1490 1710 1685 1756 cetera
1718 1695 1995 1751 catholica:
2018 1689 2138 1744 fidei

588 1809 926 1871 hortamenta
944 1805 1045 1857 hoc
1059 1812 1271 1869 quoque
1289 1794 1529 1862 adiunxit
1550 1791 1688 1860 (cap.
1706 1788 1764 1879 8i
1778 1805 1791 1839 :
1804 1807 1819 1835 ι
1841 1786 2143 1879 Formaauo

592 1906 701 1952 tem
720 1892 880 1955 servi,
900 1906 996 1960 per
1017 1903 1176 1960 quam
1198 1882 1537 1954 impassibilis
1555 1880 1731 1933 Deitas
1753 1878 2144 1960 sacramentum

592 1982 795 2057 magna
807 1958 1021 2053 pietatis
1030 1958 1288 2049 implevit,
1302 1975 1531 2029 humana
1552 1967 1822 2025 humilitas
1836 1971 1937 2025 est,
1950 1975 2071 2057 qua:
2093 1958 2145 2012 in

592 2052 817 2149 gloriam
844 2073 1036 2128 divinae
1060 2067 1341 2140 potestatis
1371 2069 1553 2118 evecta
1577 2067 1677 2122 est,
1703 2059 1755 2113 in
1779 2052 2150 2149 tanta—unitate

596 2140 680 2239 is.
692 2164 817 2228 Leo.
834 2164 891 2217 in
906 2167 1109 2215 tantam
1128 2152 1408 2224 unitatem]
1431 2153 1498 2206 ab
1514 2152 1629 2221 ipso
1643 2154 1902 2239 conceptu
1918 2140 2152 2239 Virginis

596 2230 793 2313 deitatc
812 2259 869 2307 et
882 2250 1087 2305 unitate
1107 2252 1372 2306 conserta.
1391 2248 1453 2298 ut
1472 2255 1572 2295 nec
1589 2239 1704 2293 sine
1722 2234 1932 2291 homine
1952 2230 2149 2291 divina,

600 2317 702 2401 nec
721 2328 838 2399 sine
853 2342 961 2397 Deo
981 2344 1264 2409 agerentur
1283 2335 1536 2388 humana.
1562 2350 1581 2381 ι
1615 2328 1738 2384 Haec
1756 2339 1975 2395 prorsus
1992 2320 2155 2375 verba

599 2442 654 2489 te
693 2448 801 2488 non
828 2430 1172 2490 intellexisse,
1202 2425 1282 2479 vel
1313 2440 1441 2479 vera
1473 2437 1579 2475 non
1606 2417 1915 2480 credidisse,
1953 2414 2156 2479 absque

600 2519 930 2578 dubitatione
957 2518 1010 2570 in
1040 2514 1146 2570 tuis
1170 2512 1364 2567 litteris
1388 2510 1625 2579 reperire
1648 2516 1749 2561 est.
1778 2501 2027 2571 Nunquid
2049 2513 2155 2555 non

604 2612 890 2674 humanam
934 2604 1290 2659 humilitatem
1330 2600 1385 2653 in
1420 2597 1649 2651 divinam
1691 2608 1809 2648 esse
1841 2595 2158 2660 potestatem

610 2705 839 2761 testatur
876 2702 1139 2757 evectam,
1168 2705 1328 2760 quam
1367 2698 1421 2743 tu
1459 2680 1720 2756 captivam
1755 2683 2029 2737 nominare
2054 2694 2159 2733 non

613 2783 909 2840 horruisti?
953 2781 1022 2835 Et
1060 2779 1220 2849 paulo
1242 2784 1362 2847 post
1389 2794 1404 2829 :
1433 2794 1450 2825 ι
1483 2771 1926 2843 Inseparabiliter,
1966 2767 2158 2835 inquit,

614 2877 865 2934 manente
896 2868 1099 2923 unitate
1137 2880 1393 2936 personae,
1434 2878 1569 2917 unus
1612 2870 1771 2929 atque
1811 2858 1950 2913 idem
1992 2864 2075 2914 est
2110 2864 2167 2910 ct

615 2967 759 3016 totus
783 2955 1014 3014 hominis
1054 2954 1217 3009 Filius
1258 2961 1473 3025 propter
1508 2966 1742 3013 carnem,
1786 2956 1841 3003 et
1888 2956 2041 3031 totus.
2065 2946 2163 3001 Dei
2190 2976 2235 3042 α

618 3050 783 3105 Filius
817 3055 1037 3117 propter
1084 3058 1243 3101 unam
1293 3059 1413 3099 cum
1459 3041 1617 3096 Patre
1644 3040 1927 3095 Deitatem.
1962 3060 1980 3090 ι
2022 3026 2163 3091 Nihil

614 3136 758 3193 enim
782 3136 885 3191 hoc
908 3135 1027 3190 loco
1055 3134 1357 3189 formidavit
1396 3133 1677 3187 ostendere
1714 3132 1900 3185 beatus
1935 3129 2044 3183 Leo
2067 3130 2163 3181 do-

617 3238 734 3285 ctor
767 3226 1082 3288 catholicus,
1124 3223 1391 3278 Christum
1424 3229 1595 3276 totum
1620 3221 1711 3275 Dei
1732 3210 1925 3277 Filium
1960 3233 2078 3273 esse
2113 3225 2167 3271 et

621 3326 787 3373 totum
802 3314 993 3371 Filium
1016 3312 1277 3377 hominis;
1311 3326 1468 3381 quem
1486 3317 1543 3374 tu
1558 3322 1805 3377 separare
1826 3322 1933 3362 non
1956 3308 2165 3369 metuis,

624 3398 894 3459 aliirmans
916 3410 1121 3472 partem
1151 3399 1264 3468 ejus
1295 3415 1412 3455 esse
1448 3400 1499 3454 in
1529 3398 1782 3469 dignitate
1807 3397 2005 3464 proprii
2028 3396 2168 3458 Filii.

620 3478 829 3563 partem
872 3490 943 3544 in.
970 3490 1252 3558 adoptione
1298 3504 1417 3557 qua:
1460 3489 1592 3543 solet
1638 3489 1708 3543 ab
1752 3496 2007 3541 extranea
2054 3484 2171 3540 fieri

622 3568 867 3650 persona.
926 3577 1075 3646 Quod
1124 3579 1470 3646 incongruum
1514 3578 1668 3631 valde
1717 3584 1800 3631 est
1849 3576 1917 3629 de
1960 3576 2189 3633 Christo.

624 3668 865 3735 credere,
896 3676 956 3732 ut
995 3681 1230 3736 unquam
1271 3674 1557 3719 extraneus
1600 3672 1744 3717 esset
1785 3664 1889 3717 Deo
1927 3662 2095 3725 Patri,
2120 3670 2178 3715 et

633 3758 755 3811 inde
798 3756 1139 3825 adoptaretur
1178 3755 1233 3808 in
1282 3754 1469 3807 tilium.
1525 3752 1673 3807 Hanc
1722 3768 1849 3806 vero
1896 3754 2051 3807 talem
2098 3753 2173 3808 tui

568 3882 573 3886 -
628 3838 835 3919 erroris
870 3842 1208 3913 partitionem
1237 3841 1319 3895 vel
1356 3842 1666 3899 divisionem
1710 3843 1776 3896 de
1810 3842 2085 3898 divinitate
2122 3851 2177 3896 et

632 3931 960 3985 humanitate
992 3928 1359 3998 Redemptoris
1403 3932 1569 3986 nostri
1623 3932 1919 3991 certissime
1964 3932 2179 3988 univer-

632 4018 761 4073 salis
790 4025 972 4072 sancta
1000 4017 1094 4071 Dei
1128 4018 1363 4073 Ecclesia
1392 4020 1587 4088 ubique
1628 4020 1830 4089 respuit
1854 4029 1910 4074 et
1936 4021 2174 4087 damnat,

635 4108 930 4176 praedicans
980 4106 1299 4163 ﬁducialiter
1361 4122 1484 4163 cum
1534 4109 1690 4162 beato
1740 4108 1916 4163 Leone
1966 4109 2181 4165 doctore

633 4194 867 4267 egregio,
891 4192 1161 4249 Christum
1189 4202 1358 4249 totum
1385 4195 1477 4250 Dei
1500 4194 1711 4259 Filium,
1735 4205 1788 4267 et
1816 4192 1981 4251 totum
2011 4198 2179 4251 homi-

2221 611 2363 663 ensis
2391 623 2550 677 super
2584 605 2757 659 femur
2795 621 2949 659 suum
2976 612 3193 672 propter
3229 605 3448 658 timores
3487 612 3778 658 nocturnos

2223 698 2397 769 (Cant.
2438 714 2519 757 ni,
2554 697 2584 740 7
2620 708 2668 748 et
2708 685 2860 765 seq.)'.
2907 694 2985 748 Ad
3030 695 3128 748 hos
3178 692 3418 762 Sponsus
3463 694 3528 748 de
3573 692 3780 747 cmlestl

2226 788 2457 840 thalamo
2483 786 2681 839 clamat
2710 802 2721 835 :
2750 783 2928 853 Capite
2951 784 3095 836 nobis
3119 783 3291 853 vulpes
3310 782 3550 853 pusillas,
3573 785 3663 855 qui
3691 784 3782 837 de-

2225 875 2511 928 metiuntur
2536 875 2727 927 tineas.
2763 872 2903 925 Nam
2928 872 3075 925 vinea
3105 881 3284 925 nostra
3311 872 3688 945 ﬂoruit.(Cant.
3719 889 3781 937 II.

2228 964 2336 1034 i5).
2371 964 2473 1018 Per
2499 963 2599 1017 hos
2626 963 2958 1016 obstructum
2986 960 3088 1013 erit
3111 974 3172 1013 os
3192 961 3429 1014 omnium
3455 960 3783 1030 loquentium

2230 1054 2410 1121 iniqua
2438 1051 2609 1123 (Psal.
2641 1068 2773 1115 un,
2799 1050 2884 1122 12)
2922 1070 2934 1103 :
2978 1051 3033 1104 hi
3063 1052 3223 1105 unius
3256 1052 3405 1106 vocis
3431 1061 3485 1106 et
3512 1051 3634 1108 fidei
3661 1069 3789 1108 con-

2231 1144 2410 1199 cordia
2450 1142 2682 1195 clamant
2705 1157 2825 1219 cum
2854 1140 3117 1210 Propheta
3151 1155 3165 1193 :
3196 1140 3503 1195 Benedictus
3532 1142 3788 1197 Dominus

2233 1236 2371 1289 Deus
2399 1253 2561 1299 meus,
2584 1235 2672 1304 qui
2698 1234 2840 1286 docet
2872 1250 3057 1286 manus
3088 1231 3227 1287 meas
3255 1234 3323 1286 ad
3343 1234 3598 1303 pra’lium,
3632 1247 3678 1289 et
3708 1235 3791 1289 di-

2234 1330 2366 1396 gitos
2404 1344 2540 1379 meos
2578 1327 2644 1378 ad
2680 1324 2864 1379 bellum
2908 1322 3077 1394 (Psal.
3132 1341 3321 1389 CXLIII,
3378 1324 3450 1393 i).
3503 1326 3792 1396 Persequar

2236 1418 2469 1470 inimicos
2498 1432 2652 1479 meos,
2684 1425 2729 1468 et
2758 1413 3185 1483 comprehendam
3215 1414 3351 1477 illos,
3381 1424 3429 1467 et
3458 1432 3559 1468 non
3586 1432 3793 1469 conver-

2238 1509 2535 1573 tar,.donec
2578 1505 2844 1573 deﬁciant.
2887 1503 3224 1573 Confringam
3256 1504 3402 1568 illos,
3438 1522 3529 1558 nec
3554 1515 3793 1575 poterant

2239 1605 2375 1649 stare
2405 1592 2573 1663 (Psal.
2604 1608 2735 1656 xv",
2762 1590 2873 1661 38).
2907 1586 3056 1645 Μαῖα
3096 1580 3384 1660 efﬁciuntur
3420 1592 3560 1646 labia
3589 1592 3791 1655 dolosa,

2240 1698 2355 1753 qua:
2389 1682 2668 1750 loquuntur
2702 1680 2944 1757 adversus
2960 1680 3165 1748 justum
3197 1680 3517 1749 iniquitatem
3545 1691 3593 1735 et
3617 1698 3795 1752 super-

2245 1773 2381 1825 biam
2421 1769 2588 1842 (Psal.
2626 1785 2757 1834 xxx,
2790 1770 2899 1841 l9).
2968 1790 2981 1801 ί

2316 1860 2400 1915 Vl.
2429 1860 2641 1914 Miraris
2653 1860 2999 1917 vehementer
3018 1860 3282 1931 quomodo
3297 1857 3364 1913 de
3373 1860 3540 1915 David
3553 1860 3803 1931 adoptivo

2245 1952 2395 2006 nasci
2438 1950 2699 2019 potuisset
2723 1949 2988 2017 Christus,
3014 1960 3070 2007 et
3110 1953 3389 2021 adoptivus
3416 1967 3521 2007 non
3551 1966 3672 2008 esse
3701 1968 3715 2006 :
3746 1962 3805 2008 et

2247 2052 2354 2091 non
2378 2036 2607 2098 miraris,
2635 2036 2897 2107 quomodo
2933 2038 3001 2093 de
3027 2039 3191 2094 David
3233 2049 3510 2109 peccatore
3538 2042 3686 2097 nasci
3710 2056 3806 2112 po-

2252 2126 2440 2181 tuisset
2481 2124 2725 2180 Christus
2767 2126 2883 2180 sine
2928 2128 3191 2199 peccato?
3236 2128 3312 2182 Ea
3352 2135 3652 2200 potestate,
3698 2142 3805 2199 qua

2250 2218 2424 2287 potuit
2450 2218 2567 2272 sine
2586 2224 2806 2285 peccato
2826 2218 3034 2286 concipi
3057 2226 3111 2271 et
3129 2218 3299 2279 nasci,
3318 2231 3383 2271 ea
3408 2218 3602 2273 divina:
3622 2217 3809 2272 volun-

2253 2308 2378 2362 tatis
2431 2306 2648 2370 virtute,
2703 2305 2902 2375 Spiritu
2945 2313 3130 2360 sancto
3189 2314 3464 2373 operante,
3517 2306 3691 2377 potuit
3735 2306 3810 2361 de

2254 2394 2500 2464 adeptivo
2529 2395 2642 2449 sine
2670 2393 2954 2462 adoptione
2980 2393 3187 2462 concipi
3214 2401 3268 2447 et
3294 2392 3459 2448 nasci.
3490 2393 3641 2448 Sicut
3665 2385 3809 2449 enim

2256 2484 2320 2537 de
2348 2483 2509 2545 debili
2535 2490 2709 2553 patre,
2735 2482 2821 2537 vel
2853 2475 3143 2552 cujuslibet
3168 2484 3395 2537 membri
3424 2485 3634 2553 privato
3676 2483 3813 2537 intc-

2257 2571 2469 2641 gritate,
2487 2580 2659 2641 potest
2687 2573 2891 2642 integra
2924 2574 3281 2626 membrorum
3310 2572 3639 2641 perfectidne
3671 2572 3814 2628 filius

2259 2664 2427 2725 nasci,
2452 2663 2524 2715 ita
2546 2661 2791 2718 Christus
2815 2678 2880 2717 ex
2905 2664 3210 2733 integritate
3242 2673 3445 2730 natura:
3462 2665 3710 2722 humanas
3729 2664 3813 2719 fa-

2262 2758 2378 2806 ctus
2392 2761 2473 2805 est
2488 2748 2649 2806 verus
2672 2752 2851 2813 homo,
2870 2760 2921 2805 et
2942 2738 3098 2806 verus
3118 2752 3283 2806 Filius
3309 2753 3423 2819 Dei,
3442 2754 3516 2807 nil
3536 2755 3815 2809 vetustatis

2261 2842 2345 2895 vel
2366 2842 2481 2896 vitii
2510 2842 2733 2908 habens,
2763 2844 2978 2897 trahens
2995 2842 3445 2911 pulchritudinem
3469 2852 3691 2909 natura,
3712 2858 3815 2898 non

2265 2927 2512 2985 vitiorum
2536 2933 2944 2986 deformitatem.
2975 2932 3124 2998 Quod
3148 2936 3347 2987 creavit
3381 2933 3435 2985 in
3456 2934 3691 2997 homine,
3715 2935 3811 2988 hoc

2267 3022 2499 3091 accepit;
2530 3036 2636 3077 non
2662 3023 2801 3091 quod
2829 3023 2986 3076 homo
3015 3023 3217 3077 addidit
3243 3038 3306 3077 ex
3330 3023 3605 3078 diabolicae
3631 3025 3821 3093 sugge-

2267 3114 2454 3167 stionis
2496 3113 2824 3181 deceptione.
2874 3113 3151 3179 Quomodo
3192 3114 3257 3167 de
3301 3114 3484 3169 herbis
3526 3113 3823 3167 virentibus

2268 3203 2425 3262 liores
2446 3202 2643 3263 diversi
2662 3203 2860 3257 coloris
2880 3211 3201 3267 nascuntur;
3222 3204 3362 3257 sicut
3386 3204 3451 3257 de.
3472 3203 3641 3271 spinis
3662 3206 3819 3267 reatu,

2268 3302 2323 3347 et
2353 3295 2417 3349 de
2434 3294 2596 3363 891
2621 3292 2825 3349 calamo
2852 3294 3009 3349 viridi
3034 3295 3440 3349 candidissimus
3464 3294 3556 3347 lilii
3581 3293 3676 3348 llos
3699 3311 3712 3347 :
3745 3294 3824 3348 sic

2270 3383 2477 3437 fructus
2516 3384 2757 3437 omnium
2788 3384 3037 3436 arborum
3065 3382 3217 3436 aliud
3234 3382 3514 3450 proferunt
3541 3383 3596 3436 in
3622 3382 3823 3447 fructu,

2272 3471 2411 3524 aliud
2439 3473 2491 3524 in
2536 3471 2712 3526 radice
2739 3472 3044 3525 o'stendunt.
3074 3471 3240 3524 Totus
3277 3472 3506 3525 mundus
3551 3456 3827 3527 miraculis

2273 3567 2354 3614 est
2365 3561 2548 3629 plenus
2566 3560 2703 3628 eius,
2734 3563 2821 3629 qui
2842 3561 2967 3629 facit
2996 3559 3255 3613 mirabilia
3281 3576 3467 3629 magna
3487 3560 3629 3613 solus
3653 3557 3825 3630 (Psal.

2272 3662 2462 3709 cnxv,
2486 3647 2571 3716 4),
2596 3656 2651 3701 et
2677 3649 2848 3700 adhuc
2876 3647 3147 3699 incredula
3167 3661 3320 3700 mens
3350 3648 3580 3711 dubitat,
3617 3648 3660 3701 si
3703 3663 3831 3716 pro-

2274 3736 2447 3804 prium
2486 3736 2587 3792 sibi
2616 3736 2807 3793 Filium
2848 3751 3133 3804 procreare
3177 3738 3434 3805 potuisset
3467 3752 3531 3791 es
3579 3737 3826 3807 virginali

2276 3835 2451 3890 utero,
2474 3824 2625 3893 cujus
2646 3827 2814 3881 virtus
2836 3828 3188 3897 omnipotens,
3216 3825 3367 3894 cuius
3392 3829 3637 3882 voluntas
3654 3830 3830 3883 omnis

2274 3914 2509 3972 bonitas.
2539 3914 2638 3981 Qui
2664 3916 2821 3971 etiam
2849 3923 3026 3983 potest
3051 3931 3117 3969 ex
3138 3929 3275 3982 aqua
3308 3925 3362 3969 et
3387 3916 3576 3983 spiritu
3614 3917 3681 3969 de
3706 3911 3830 3969 filiis

2278 4001 2472 4055 diaboli
2494 4003 2595 4055 sibi
2621 3998 2721 4071 ipsi
2752 4002 2961 4055 edicere
2988 4002 3124 4055 filios
3148 4002 3441 4071 adoptivos,
3474 4003 3639 4057 multo
3663 4005 3831 4074 magis

2278 4090 2449 4157 potuit
2466 4104 2529 4143 ex
2551 4098 2703 4143 utero
2725 4091 2987 4160 virginali,
3012 4107 3121 4145 sua:
3140 4093 3491 4148 sanctissima:
3515 4092 3831 4148 Patet-Intuli

2280 4178 2561 4244 ineo‘ahilis
2587 4182 2822 4249 potentia
2860 4181 3112 4235 bonitatis
3134 4160 3409 4249 proprium
3436 4194 3722 4249 procreare
3745 4180 3833 4236 Π-

635 4265 719 4338 nis
761 4265 990 4347 pinum;
1029 4291 1302 4353 quue
1347 4287 1616 4356 proprium
1645 4265 1857 4353 “nam
1905 4297 2177 4359 wmmque
2207 4294 2256 4353 η
2279 4265 2431 4359 lium,
2456 4276 2519 4319 ut
2536 4278 2679 4322 esset
2701 4268 2837 4359 Deus
2876 4276 2931 4321 et
2961 4268 3118 4323 homo
3155 4269 3207 4323 in
3238 4284 3341 4322 una
3369 4284 3619 4338 persona,
3645 4269 3732 4322 illa
3760 4270 3833 4323 si-

638 4369 933 4439 perfectum
978 4370 1165 4425 Deum.
1215 4372 1409 4437 lterum
1454 4382 1613 4443 atque
1662 4376 1855 4437 iterum
1902 4357 2209 4443 amba—cer
2282 4357 2495 4424 quidem
2524 4364 2634 4411 tota
2654 4357 2889 4425 propria,
2918 4374 3021 4416 non
3048 4359 3313 4428 adoptiva.
3839 4358 3843 4363 ’

640 4458 911 4531 Elipande,
930 4469 987 4515 et
1009 4460 1220 4517 tandem
1248 4462 1679 4541 aliquandotnos
1701 4481 1924 4536 agnosce
1951 4482 2180 4529 errores.

641 4550 731 4616 qni
777 4565 874 4607 nec
916 4564 1101 4605 eorum
1146 4552 1703 4615 testimoniiseredis,
1737 4571 1868 4625 quos
1903 4557 1954 4609 in
1994 4556 2183 4611 suifra-

644 4640 788 4705 gium
815 4646 920 4693 tute
946 4648 1105 4697 secta
1130 4642 1389 4707 advocare
1426 4645 1654 4700 voluisti.
1690 4646 2033 4715 Perspicuum
2061 4663 2185 4717 ρτοδ

646 4725 733 4813 cui
763 4726 923 4781 dubio
963 4736 1064 4791 est,
1100 4737 1162 4813 Ite
1210 4747 1316 4787 non
1358 4733 1655 4805 intelligere
1696 4751 1815 4805 qua:
1850 4737 2001 4803 legis.
2030 4745 2189 4805 nume

648 4809 769 4869 ideo
800 4829 903 4869 non
949 4806 1196 4882 credere,
1227 4820 1366 4873 sicut
1406 4820 1584 4878 debes.
1616 4822 2002 4894 Sed’qnamvis
2045 4830 2192 4875 tene-

648 4903 805 4958 brosa
849 4903 1036 4977 caligo,
1068 4905 1158 4960 ubi
1200 4906 1397 4960 occidit
1432 4907 1512 4960 sol
1555 4907 1779 4965 visibilis
1806 4917 1966 4977 atque
2008 4908 2192 4962 invisi-

654 4992 793 5054 bilis,
820 4999 1023 5047 vestras
1050 4995 1289 5051 obtineat
1319 5004 1559 5060 mentes;
1598 5003 1772 5050 tamen
1805 4998 1979 5053 adhuc
2011 5006 2193 5053 sancta

656 5078 746 5132 Dei
763 5078 1009 5161 (Ecclesia
1050 5080 1209 5136 habet
1249 5078 1541 5161 catholicas
1567 5084 1880 5141 eruditionis
1916 5084 2070 5149 ﬁlios,
2102 5102 2196 5156 per

656 5182 789 5233 quos
825 5165 1065 5223 veritatis
1108 5168 1221 5233 ius,
1249 5166 1423 5233 divina
1459 5172 1751 5243 opitulante
1778 5174 1971 5242 gratia,
2009 5175 2195 5237 claris-

658 5257 790 5311 sinie
814 5256 1030 5329 fulgeat,
1064 5268 1197 5327 quas
1224 5270 1576 5327 expavescunt
1618 5263 1960 5318 tabernacula
1982 5264 2197 5321 Ethio-

661 5360 786 5413 pum
807 5354 861 5399 et
883 5347 1224 5401 tabernacula
1246 5349 1402 5400 terra
1697 5349 1799 5418 Qui
1826 5352 1879 5406 in
1900 5347 2017 5407 iube
2040 5355 2200 5424 sagit-

665 5443 837 5485 tarum
862 5424 1150 5497 Deiibunt,
1182 5416 1499 5511 fulgur-antis
1522 5431 1689 5509 hasta
1708 5416 2004 5497 iibramine
2029 5416 2227 5511 parati.

664 5522 825 5575 ferire
850 5522 1178 5576 adversarios
1204 5502 1322 5577 fidei
1354 5502 1626 5580 catholica:
1648 5518 1871 5599 (Babae.
1895 5522 1981 5593 III,
2007 5502 2063 5599 7-,
2091 5532 2198 5585 ili.

2358 4464 2461 4517 νη.
2508 4464 2640 4517 Dum
2675 4476 2776 4519 tua:
2815 4464 3131 4530 infidelitati,
3160 4480 3194 4520 o
3236 4461 3534 4523 venerande
3558 4457 3743 4534 frater,
3768 4485 3834 4525 ex

2286 4552 2405 4609 aliis
2415 4550 2770 4607 Εεοίεεὶπὶιω
2784 4553 2984 4609 Christi
3005 4556 3310 4613 doctoribus
3330 4567 3493 4614 testes
3511 4552 3835 4623 defecerunt,

2288 4640 2467 4697 subito
2485 4638 2781 4702 Toletanos,
2804 4650 2863 4695 ut
2881 4644 2981 4708 ais,
3003 4647 3334 4713 venerabiles
3347 4647 3534 4701 Patres
3545 4640 3836 4715 pratulisti,

2289 4738 2345 4783 et
2369 4729 2576 4783 illorum
2606 4730 2671 4783 in
2701 4733 2982 4787 missarum
3008 4734 3278 4796 columnis
3302 4732 3569 4790 orationes
3608 4734 3861 4810 iuxiuxif

2288 4818 2419 4872 lium
2460 4826 2561 4874 tum
2589 4810 3135 4889 sectai‘admmpsisti.
3167 4823 3326 4887 Dicis,
3346 4818 3411 4877 in
3440 4818 3601 4879 Cana
3631 4826 3838 4883 Domini

2291 4906 2588 4975 huiusmodi
2623 4911 2804 4965 haberi
2831 4913 3126 4966 cntionem
3156 4915 3209 4966 in
3237 4929 3420 4969 eorum
3449 4916 3836 4973 sacramentis:

2296 4996 2397 5060 Qui
2416 5015 2504 5065 per
2528 4998 2752 5067 adoptiui
2778 5000 2998 5055 hominis
3025 5004 3334 5070 passionem,
3364 5005 3486 5059 dum
3510 5010 3604 5059 suo
3634 5021 3738 5059 non
3762 5005 3842 5059 iu-

2294 5088 2466 5172 dulget
2489 5091 2711 5159 corpori,
2738 5102 2910 5145 nostro
2931 5092 3154 5157 demum,
3184 5096 3237 5147 id
3265 5105 3359 5161 est,
3383 5097 3590 5158 lterum,
3622 5111 3723 5148 non
3749 5110 3839 5164 pe-

2295 5182 2469 5247 percit.
2505 5180 2669 5253 Chius
2687 5183 2978 5250 petitionis
2988 5184 3151 5244 verba
3176 5186 3277 5239 sibi
3296 5172 3515 5239 omnino
3538 5196 3643 5237 non
3672 5184 3846 5239 eoae.

2298 5275 2451 5331 rent,
2507 5266 2562 5321 e't
2608 5268 2816 5325 videtur
2862 5284 2893 5323 a
2938 5273 3249 5339 quibusdam
3303 5273 3700 5341 corruptoribus
3749 5288 3848 5344 pro

2298 5358 2547 5433 συμπινιί
2590 5354 2831 5421 hominis,
2874 5360 3097 5429 adoptivi
3139 5361 3370 5429 positum
3411 5374 3579 5430 esse;
3602 5361 3849 5430 quodque

2300 5442 2539 5512 sequitur
2570 5454 2784 5502 :ruostro
2806 5450 3028 5513 densum,
3050 5449 3103 5503 id
3126 5458 3221 5513 est,
3250 5436 3451 5515 iterum,
3479 5467 3579 5504 non
3604 5451 3847 5520 pepercit.

2302 5548 2455 5588 sensu
2481 5534 2729 5591 videlicet
2746 5545 2913 5600 caret,
2939 5550 3039 5591 nec
3067 5537 3196 5591 satis
3220 5536 3375 5601 lucet,
3411 5526 3539 5608 quid
3564 5540 3649 5592 his
3669 5538 3848 5595 verbis
