4226 6218
375 250 479 305 9.65

1044 240 1455 298 DOGMATICA.
1498 270 1565 280 -—-
1602 238 1761 293 ADV.
1809 233 2199 291 ΕῌΡΑΝΟΕΜ
2235 231 2414 287 LIBRI
2456 230 2546 285 ΙΥ.
2584 258 2652 268 --
2692 229 2815 281 LIB.
2861 227 2922 280 ll.

3515 225 3617 279 266

376 354 668 430 signiﬁcari
710 352 893 415 voluit,
939 351 1028 420 qui
1076 354 1189 405 haec
1232 350 1397 404 verba
1443 350 1510 403 ad
1550 348 1943 418 deprecandum
1972 349 2017 403 Α
2046 360 2141 398 eos
2169 359 2305 398 esse.
2330 342 2475 397 Beati
2510 345 2686 411 itaque
2714 339 2903 394 lsiuori
2935 336 3219 392 clarissimi
3251 339 3486 393 doctoris
3515 356 3618 391 non

384 448 548 503 Dequ
586 441 900 513 composuit.
932 440 1105 494 Aliam
1151 440 1305 510 ponis
1344 439 1635 493 orationem
1669 453 1683 490 :
1714 437 1947 509 Respice,

388 537 625 599 Domine,
656 532 853 603 inquis,
877 528 1108 599 fidelium
1134 539 1340 583 tuorum
1366 528 1768 590 multitudinem,
1795 545 1951 598 quam

389 646 479 700 per
502 625 793 695 adoptionis
840 624 1063 693 gratiam
1111 620 1250 675 Filio
1286 630 1376 675 tuo
1421 622 1592 691 facere
1629 622 1872 689 dignatus
1900 638 1952 673 es

393 715 726 771 coheredem.
766 712 832 766 Et
869 712 957 765 hic
992 711 1275 780 perspicue
1317 710 1617 779 adeptionis
1664 723 1855 762 nomen
1888 708 1954 761 ad

395 804 782 861 multitudinem
814 801 1069 865 ﬁdelium,
1092 816 1253 870 quam
1292 798 1425 853 Filio
1452 814 1547 853 suo
1579 814 1673 869 per
1715 799 1957 867 adoptio-

398 909 516 949 nem
552 891 733 963 gratia:
778 891 919 944 Deus
956 888 1082 943 fecit
1120 888 1471 948 cohaeredem,
1502 902 1604 940 non
1645 886 1711 940 ad
1756 885 1955 940 Christi

400 983 517 1040 Filii
553 982 643 1035 Dei
685 994 968 1050 personam
1003 978 1252 1048 pertinet.
1301 975 1559 1030 Similiter
1601 976 1742 1043 quod
1785 975 1866 1027 ais
1902 975 1957 1028 iu

399 1073 501 1126 alia
534 1072 774 1134 oratione
804 1088 818 1124 :
852 1067 1123 1125 Praecessit
1169 1067 1223 1134 in
1270 1066 1546 1135 adaptioue
1595 1066 1821 1126 donum,
1870 1065 1959 1117 sed

400 1162 567 1214 adhuc
592 1168 747 1213 restat
774 1161 829 1211 in
854 1158 1235 1211 conversatione
1250 1156 1532 1225 judicium,
1557 1163 1611 1207 ct
1633 1155 1719 1207 hic
1744 1152 1961 1207 omnino

401 1250 612 1321 adoptio
642 1249 707 1303 ad
749 1248 932 1308 ﬁdeles
957 1248 1210 1318 pertinet,
1247 1248 1336 1315 qui
1362 1246 1635 1315 judicaudi
1674 1248 1826 1306 sunt;
1857 1258 1960 1296 non

338 1364 339 1367 η
402 1332 473 1396 ad
510 1356 630 1395 cum
663 1340 752 1409 qui
782 1338 1116 1408 iudicaturus
1144 1347 1243 1392 est.
1291 1337 1348 1391 lu
1381 1335 1689 1406 przefatione
1722 1350 1847 1388 vero
1873 1334 1963 1387 υιά

402 1431 533 1487 dicis
565 1448 577 1483 :
608 1430 674 1483 Et
701 1430 827 1484 Iesu
852 1426 1060 1482 Christo
1099 1425 1240 1481 Filio
1280 1438 1370 1480 tuo
1411 1425 1631 1479 Domino
1659 1436 1854 1486 nostra.
1877 1425 1964 1491 qui

400 1522 578 1591 pietati
604 1531 707 1573 tua:
749 1536 841 1589 per
881 1500 1109 1587 adoptivi
1138 1517 1361 1570 hominis
1401 1516 1716 1585 passionem,
1745 1522 1799 1568 et
1830 1512 1966 1567 forte

371 1640 374 1643 -
404 1611 475 1665 ibi
521 1611 572 1664 in
612 1609 1002 1679 antiquioribus
1047 1606 1405 1675 cxcmplariis,
1436 1605 1687 1673 assumpti
1720 1603 1964 1665 hominis,

403 1701 631 1769 positum
663 1674 790 1763 fuil;
822 1698 915 1752 sed
955 1674 1264 1766 corruptum
1311 1705 1519 1765 postea.
1564 1695 1699 1763 Quid
1734 1703 1818 1749 est
1841 1709 1968 1749 vero
2005 1674 2046 1733 Β

406 1790 543 1858 quod
576 1789 815 1858 sequitur
847 1806 860 1841 :
892 1786 1022 1841 Cum
1061 1803 1163 1840 non
1192 1787 1375 1839 exierit
1397 1802 1423 1838 e
1448 1784 1593 1848 caelo,
1622 1784 1906 1838 exhibuerit
1945 1799 1972 1836 e

404 1879 703 1949 triumpho?
736 1879 972 1933 Obscure
1012 1878 1209 1932 dictum
1250 1885 1354 1939 est,
1384 1876 1429 1929 si
1465 1885 1641 1929 tamen
1684 1888 1877 1951 sensus
1919 1874 1971 1926 in

408 1971 491 2023 bis
537 1969 712 2024 verbis
755 1970 944 2039 dignus
982 1967 1206 2021 inveniri
1250 1966 1464 2034 poterit.
1491 1978 1514 2006 ο
1543 1965 1671 2019 ltem
1702 1964 1758 2017 in
1794 1978 1858 2018 eo
1884 1964 1971 2017 ubi

407 2058 488 2111 ais
518 2075 530 2109 :
563 2056 733 2110 Hodie
763 2056 1007 2123 Salvator
1052 2065 1225 2127 noster
1263 2063 1376 2124 post
1422 2054 1749 2123 adeptionem
1800 2052 1974 2105 carnis

408 2146 578 2201 sedem
620 2148 816 2216 repetiit
860 2145 1112 2208 Deitatis,
1154 2144 1344 2200 melius
1384 2144 1551 2198 multo
1586 2144 1837 2198 convenit
1888 2142 1975 2196 hic

410 2236 513 2290 dici
552 2236 953 2305 assumptionent
1000 2235 1206 2298 carnis,
1252 2249 1411 2304 quam
1463 2234 1811 2302 adeptionem,
1851 2232 1973 2300 quia

410 2326 572 2380 Filius
598 2326 684 2378 Dei
707 2326 997 2393 assumpsit
1022 2338 1395 2387 caruem,’non
1423 2322 1713 2390 adoptavit.
1741 2322 1805 2375 Et
1834 2320 1976 2389 quod

413 2412 654 2482 sequitur
684 2431 696 2465 :
730 2412 781 2465 11
788 2428 885 2465 unc
910 2411 1153 2465 exultavit
1174 2413 1229 2463 in
1253 2410 1414 2474 caelis,
1445 2428 1594 2479 quem
1616 2410 1977 2464 humi/iaceret

413 2503 466 2555 in
499 2501 737 2569 infernis,
759 2514 879 2568 qua:
902 2508 984 2554 est
1014 2492 1312 2552 humiliatio
1336 2497 1533 2554 Christi
1574 2498 1710 2566 apud
1741 2496 1977 2551 inferos?

412 2589 659 2661 Nunquid
684 2606 787 2643 non
814 2589 1011 2643 fortem
1034 2588 1366 2659 alligaverat,
1390 2596 1443 2642 et
1470 2588 1637 2659 spolia
1662 2589 1777 2659 ejus
1801 2587 1976 2641 distri-

414 2681 622 2745 buerat,
652 2688 706 2735 et
730 2687 977 2749 potenter
999 2678 1264 2748 captivam
1286 2679 1575 2748 captivavit
1590 2678 1977 2748 captivitatem,

415 2778 469 2824 et
487 2785 669 2825 secum
696 2769 749 2822 in
774 2769 1043 2837 triumpho
1067 2766 1250 2837 glorise
1279 2768 1485 2822 revexit
1514 2768 1567 2822 in
1598 2767 1796 2822 cmlos?
1823 2766 1981 2820 Vide-

418 2866 504 2911 tur
528 2856 670 2910 enim
699 2856 800 2909 hoc
827 2856 997 2923 magis
1029 2869 1148 2909 esse
1174 2854 1512 2923 glorificatio,
1539 2870 1699 2923 quam
1732 2853 1982 2907 humilia-

416 2945 490 2999 tio
510 2945 632 2999 dum
662 2943 906 2998 Christus
930 2944 983 2997 in
1008 2942 1231 2998 victoria
1254 2942 1519 2999 exaltatus
1533 2953 1634 3006 est,
1661 2952 1715 2998 et
1736 2944 1978 2999 diabolus

418 3035 471 3090 in
497 3034 709 3090 miseria
740 3036 1042 3091 damnatus.
1072 3035 1223 3103 Quod
1248 3037 1350 3102 ais,
1382 3037 1436 3090 in
1464 3038 1625 3091 missa
1653 3038 1826 3091 sancti
1849 3037 1983 3108 Spe-

418 3127 520 3181 rati
548 3125 797 3196 martyris
823 3126 1121 3196 :Adoptiui,
1146 3128 1341 3197 inquit,
1361 3126 1583 3181 hominis
1607 3143 1709 3179 non
1734 3128 1983 3180 horruisti

416 3216 771 3271 uestimentum
811 3231 1010 3269 sumere
1049 3218 1245 3281 carnis,
1268 3217 1654 3300 inconveniens
1692 3216 1853 3270 dictio
1878 3224 1981 3281 est,

420 3306 646 3376 adaptivi
680 3306 904 3359 hominis
949 3306 1301 3358 uestimentum
1334 3305 1526 3357 carnis.
1559 3304 1761 3358 Tamen
1784 3304 1986 3359 melius

421 3393 641 3462 intelligi
664 3401 858 3461 potest,
882 3396 1020 3463 quod
1051 3390 1287 3463 Christus
1307 3403 1498 3446 nostra:
1515 3393 1810 3463 adoptionis
1836 3393 1986 3446 resti-

424 3487 646 3532 mentum
664 3489 965 3543 assumeret,
990 3478 1043 3532 id
1062 3486 1165 3540 est,
1189 3493 1405 3532 carnem
1423 3486 1684 3541 nostram,
1712 3494 1815 3532 non
1843 3483 1984 3546 quod

424 3569 511 3624 ille
558 3568 861 3637 adoptivum
912 3570 1284 3622 vestimentum
1322 3568 1618 3622 habuisset.
1676 3568 1732 3621 lu
1781 3578 1985 3623 tantum

425 3659 565 3713 enim
608 3658 758 3713 vobis
801 3658 974 3727 placet
1021 3659 1320 3727 adoptionis
1346 3675 1560 3725 nomen,
1592 3670 1649 3713 ut
1685 3661 1987 3730 ubicunque

425 3747 553 3803 illud
580 3749 865 3803 inveniatis
910 3750 1190 3818 scriptum,
1227 3749 1343 3805 sine
1370 3751 1516 3804 omni
1556 3752 1873 3815 reverentia,
1905 3753 1989 3805 vel

427 3838 851 3893 consideratione
904 3840 971 3893 ad
1026 3840 1435 3910 Redemptorem
1488 3852 1730 3896 nostrum
1787 3841 1990 3897 referre
2036 3862 2039 3864 ·

428 3927 766 3991 contenditis,
799 3944 902 3999 non
940 3929 1294 3999 iutelligentes
1336 3945 1454 3997 qua:
1486 3930 1679 3998 legitis.
1714 3930 1742 3968 ιι
1768 3930 1991 3998 Insuper

429 4026 484 4070 et
508 4024 712 4071 vestros
736 4025 917 4085 patres
950 4025 1003 4070 et
1026 4019 1396 4086 progenitores
1417 4020 1487 4093 in.
1505 4018 1736 4082 Christo,
1761 4033 1896 4087 quos
1924 4020 1991 4073 ad

431 4113 608 4159 vestra
640 4118 805 4172 usque
829 4104 1063 4173 tempora
1097 4106 1330 4160 Ecclesia
1351 4106 1445 4159 Dei
1469 4108 1689 4176 recepit,
1714 4108 1994 4162 haereticos

430 4194 640 4250 ellicere
669 4195 910 4249 studetis.
943 4193 1093 4260 Quod
1124 4210 1283 4264 quam
1327 4196 1545 4266 impium
1574 4198 1642 4250 sit
1671 4206 1725 4251 et
1772 4197 1995 4252 inhone-

2056 433 2228 488 solum
2270 432 2569 502 lliSpanim,
2618 446 2804 485 verum
2852 430 3014 483 etiam
3058 440 3372 483 cunctarum
3424 430 3623 483 Latini?

2054 522 2370 592 eloquentia:
2396 521 2753 576 Eeclesiarum
2783 519 3109 590 perplurima
3137 519 3446 589 legebamus
3463 534 3623 588 opus-

2056 614 2197 677 cula,
2228 621 2281 666 et
2320 612 2373 666 iu
2400 620 2590 679 magna
2625 612 2884 665 habemus
2917 610 3293 672 veneratione;
3343 612 3394 663 iu
3431 611 3629 679 quibus

2058 716 2318 773 Imsquam
2345 703 2409 756 de
2435 701 2810 771 Redemptoris
2840 701 3007 755 nostri
3032 701 3360 754 humanitate
3388 700 3626 769 adoptio-

2058 794 2149 871 nis.
2195 809 2388 847 nomen
2432 800 2713 845 exaratum
2772 791 3091 844 invenimus.
3144 791 3248 844 Sed
3302 801 3357 844 et
3405 788 3625 846 Jnvcuci

2056 884 2356 953 presbyteri
2386 892 2545 950 atque
2567 879 2730 950 892
2757 881 2942 951 optimi
2971 880 3301 943 scholastici,
3324 896 3481 949 quem
3506 882 3629 934 bra-

2059 984 2146 1028 tus
2166 972 2522 1040 Hieronymus
2545 968 2742 1035 laudat,
2770 970 3013 1025 carmina
3030 970 3362 1039 Evangelica:
3386 971 3633 1025 Historiae

2060 1051 2431 1136 prospeximus
2463 1061 2668 1133 [For-te,
2698 1060 3130 1133 perspeximus],
3171 1062 3262 1129 qui
3304 1061 3355 1116 in
3402 1062 3631 1132 quodam

2062 1153 2221 1211 versu
2252 1156 2523 1211 Christum
2554 1155 2830 1224 proprium
2860 1155 3069 1227 Filium
3105 1154 3197 1208 Dei
3242 1155 3507 1209 catholico
3541 1171 3635 1209 ore

2065 1264 2169 1300 non
2206 1246 2515 1301 formidavit
2537 1244 2825 1315 appellare.
2858 1245 2945 1298 Ait
2981 1245 3125 1299 enim
3154 1256 3175 1282 ε
3212 1264 3225 1297 ;

2185 1413 2303 1477 liam
2330 1414 2521 1473 ωηεν..
2547 1415 2671 1476 Non]
2696 1424 2773 1463 tua
2799 1415 3069 1477 concipicnt
3088 1415 3273 1466 cu-lesti
3296 1418 3484 1466 viscera
3504 1418 3638 1477 jussu

2192 1475 2388 1528 Natum.
2412 1488 2557 1534 quem
2584 1475 2794 1536 regnare
2820 1475 2951 1524 Deus
2975 1491 3060 1536 per
3084 1478 3260 1526 stecula
3284 1486 3472 1532 cuncta.

2192 1536 2251 1600 lit
2271 1539 2507 1600 propriam
2523 1539 2665 1600 credi
2692 1539 2910 1600 suho'em
2930 1541 3208 1600 gaudetque.
3225 1536 3275 1599 iu
3285 1540 3488 1600 bctque,

2193 1596 2332 1645 lluuc
2354 1598 2434 1644 ubi
2460 1597 2552 1644 sub
2578 1596 2737 1657 legem
2764 1596 3010 1647 tJtiv.5ub
3032 1596 3457 1660 lucem)'det_ler'ts,
3474 1596 3538 1647 sit
3562 1612 3640 1646 un.

3304 1658 3460 1717 [miuv
3480 1660 3641 1708 Jcsus.

2073 1793 2269 1850 Juliaui
2296 1812 2510 1866 quoque
2540 1796 2769 1852 Pomerii
2806 1798 2829 1836 ι]
2863 1797 3210 1868 Prognostica
3246 1815 3308 1854 ex
3339 1794 3645 1855 sanctorum

2074 1885 2295 1941 tioribus
2340 1888 2559 1942 collecta
2611 1890 2831 1944 Patrum
2886 1891 3377 1956 cousideravimus,
3428 1908 3525 1946 nec
3575 1893 3645 1944 ibi

2074 1974 2274 2043 aliquid
2298 1976 2457 2044 hujus
2491 1987 2683 2030 vestra:
2711 1979 3010 2035 invenimus
3040 1990 3199 2035 secta:
3234 1981 3520 2050 depictum.
3551 1982 3648 2035 Ve-

2076 2066 2496 2135 ncrabiliumque
2541 2067 2759 2122 Patrum
2802 2073 2853 2122 in
2888 2068 3073 2124 Toleto
3120 2073 3403 2140 synodalcs
3445 2076 3510 2127 ad
3550 2090 3648 2130 nos

2076 2166 2435 2225 pervenerunt
2452 2158 2778 2221 sanctiones,
2811 2160 2861 2211 in
2887 2144 3111 2227 quorum
3137 2160 3328 2214 litteris
3351 2162 3480 2215 nihil
3503 2165 3648 2225 novi,

2077 2249 2161 2303 vel
2193 2250 2431 2319 antiquis
2456 2253 2782 2305 contrarium
2809 2251 3090 2315 Patrihus;
3135 2255 3227 2307 sed
3254 2255 3433 2308 omnia
3467 2256 3650 2309 catbo~

2076 2338 2179 2393 lico
2202 2338 2341 2408 stle
2365 2341 2659 2410 perscripta
2685 2342 3019 2409 agnovimus.
3044 2341 3166 2395 Ideo
3192 2326 3362 2413 magis
3382 2344 3651 2397 mstiiuan-

2079 2429 2206 2483 dum
2233 2436 2317 2482 est
2343 2428 2582 2496 iuniores
2616 2431 2885 2498 quoslibet
2932 2430 3093 2499 hujus
3132 2448 3284 2487 nova:
3326 2433 3653 2487 inﬁdelitatis

2080 2517 2286 2572 catenis
2313 2518 2610 2588 colligatos,
2643 2521 2708 2573 ad
2738 2520 3092 2589 perditionem
3138 2523 3219 2575 sui
3247 2523 3481 2591 ipsorum
3513 2523 3651 2576 dicta

2080 2616 2388 2662 sanctorum
2416 2622 2763 2677 cormmpere
2787 2611 3087 2675 doctorum,
3110 2620 3166 2665 et
3185 2627 3399 2666 suorum
3423 2615 3653 2681 pessima

2081 2698 2376 2766 pertinacia
2420 2698 2691 2752 maculare
2731 2712 2922 2752 nomen
2969 2708 3274 2767 parentum,
3305 2702 3389 2754 cui
3418 2702 3655 2757 audacia:

2082 2783 2157 2839 nil
2187 2784 2466 2839 scelestius
2493 2786 2575 2838 vel
2607 2786 2843 2839 atrocius
2868 2802 2986 2841 esse
3014 2790 3227 2856 poterit.
3260 2789 3322 2842 Et
3360 2791 3460 2845 hoc
3490 2807 3552 2844 ex
3590 2807 3656 2845 eo

2082 2870 2201 2928 veri
2241 2869 2361 2928 esse
2391 2873 2565 2927 simile
2606 2874 2836 2939 videtur,
2884 2871 3007 2944 quia
3055 2877 3552 2944 probatissimorum
3602 2883 3654 2935 iu

2083 2963 2285 3020 Christi
2320 2963 2557 3019 Ecclesia
2584 2963 2862 3020 doctorum
2888 2974 2942 3019 et
2968 2966 3217 3021 omnibus
3246 2971 3653 3037 acceptabilium

2085 3056 2380 3110 catholicas
2398 3056 2709 3115 sententias.
2730 3055 2811 3109 vel
2836 3069 3087 3123 perverso
3110 3056 3447 3125 intetprclari
3470 3075 3652 3121 sensu,

2082 3144 2167 3197 vel
2193 3144 2395 3212 perﬁda
2425 3160 2522 3199 vos
2549 3146 2832 3200 immutare
2859 3147 3161 3200 temeritate
3184 3147 3493 3217 agnovimus
3521 3168 3532 3202 :
3561 3151 3661 3204 vel-

2084 3233 2162 3285 uti
2194 3232 2247 3285 in
2278 3232 2545 3301 aliquibus
2599 3236 2943 3302 probavimus
2982 3237 3136 3301 locis,
3176 3239 3301 3291 dum
3346 3238 3411 3292 ad
3442 3255 3538 3293 nos
3569 3256 3662 3308 per

2085 3320 2316 3373 Felicem
2353 3322 2483 3375 olim
2529 3331 2798 3386 vestrum,
2836 3339 2977 3377 nunc
3017 3337 3196 3379 autem
3235 3338 3477 3381 nostrum
3518 3343 3663 3382 com-

2086 3409 2379 3462 militonem
2424 3408 2605 3478 plures
2649 3412 2809 3464 vestri
2865 3413 3067 3467 erroris
3109 3426 3472 3485 pervenerunt
3518 3417 3650 3471 litte-

2086 3498 2235 3551 rulae.

2158 3586 2247 3641 IX.
2291 3586 2395 3643 Sed
2449 3588 2725 3643 sciendum
2771 3602 2854 3646 est
2894 3592 3077 3657 vobis,
3124 3595 3266 3662 quod
3306 3594 3462 3664 longe
3510 3586 3665 3648 aliter

2092 3675 2284 3730 beatus
2310 3675 2602 3745 Gregorius
2639 3680 2961 3735 venerabilis
2979 3689 3035 3734 et
3048 3684 3462 3752 probatissimus
3487 3685 3538 3735 in
3561 3683 3664 3736 ﬁde

2091 3766 2353 3820 catholica
2381 3766 2570 3820 doctor
2601 3769 2874 3822 orationes
2901 3768 2953 3821 in
2982 3770 3343 3824 celebratione
3359 3780 3413 3824 et
3432 3774 3665 3826 oraculis

2091 3860 2403 3917 missarum,
2435 3856 2500 3908 ad
2530 3857 2927 3925 deprecandum
2962 3857 3056 3912 Dei
3105 3860 3259 3914 nobis
3301 3862 3663 3926 clementiam,

2090 3945 2334 4014 plurimis
2364 3947 2664 4014 composuit
2706 3948 2757 4001 in
2800 3946 2964 4015 locis;
2999 3958 3159 4025 atque
3205 3968 3350 4017 eum,
3386 3970 3485 4024 per
3515 3954 3665 4024 cujus

2092 4036 2430 4104 adoptionem
2468 4036 2634 4090 vestri
2684 4040 2991 4123 sacerdotes
3037 4057 3163 4096 suas
3208 4060 3396 4111 preces
3436 4047 3668 4102 olli-runt

2094 4122 2225 4187 Deo,
2252 4137 2464 4192 semper
2486 4124 2827 4193 Uuigenitum
2861 4138 3048 4183 sancto
3079 4146 3141 4183 ac
3168 4133 3426 4203 singulari
3454 4138 3668 4191 nomine

2096 4221 2459 4283 perpetuaque
2480 4215 2825 4269 veneratione
2849 4217 3114 4287 appellare
3142 4234 3243 4274 non
3274 4223 3555 4278 dubitavit.
3580 4225 3669 4279 Ait

432 4295 598 4350 stum,
626 4300 783 4339 nemo
813 4300 949 4355 pene
983 4285 1169 4339 doctus
1198 4286 1276 4340 vel
1308 4287 1551 4341 indoctus
1578 4288 1785 4356 ignorat
1815 4304 1828 4341 :
1858 4303 1993 4357 quo—

2101 4303 2241 4357 enim
2274 4305 2325 4357 in
2353 4305 2513 4359 missa
2541 4306 2607 4360 ad
2633 4305 2845 4361 Pabuas
2872 4309 2922 4362 in
2951 4312 3194 4366 oratione
3223 4316 3449 4382 quadam
3476 4327 3499 4355 ε
3527 4332 3540 4368 :
3564 4317 3665 4381 Da,

380 4449 384 4451 Α
434 4394 553 4432 rum
599 4378 827 4446 plurima
870 4379 936 4430 ad
982 4392 1079 4431 nos
1116 4388 1471 4445 pervenerunt
1505 4380 1700 4447 scripta
1731 4380 1993 4443 catholica

435 4463 540 4518 fide
578 4464 903 4525 veneranda,
951 4474 1006 4517 et
1043 4466 1265 4518 summis
1309 4466 1615 4522 doctorlbus
1661 4478 1859 4523 sancte
1902 4468 1995 4523 Dei

438 4551 688 4607 Ecclesia:
711 4553 1099 4606 convenientia.

509 4642 637 4696 Vill.
676 4641 964 4708 Quiescite,
1011 4641 1112 4694 viri
1160 4640 1375 4707 fratres,
1416 4644 1693 4711 quiescite,
1739 4656 1792 4700 et
1838 4646 2001 4701 nolite

440 4730 601 4785 vestri
623 4730 1003 4800 blasphemiam
1025 4731 1224 4783 erroris
1242 4730 1483 4798 patribus
1505 4732 1765 4799 imputare
1787 4736 1999 4788 vestris.

442 4816 522 4870 Illi
559 4833 654 4871 sua
704 4818 1006 4874 habuerunt
1038 4829 1296 4888 tempora,
1328 4820 1585 4888 uobisque
1614 4822 1871 4890 praeclara
1920 4826 2000 4878 sui

444 4904 655 4959 sudoris
687 4907 741 4960 in
770 4916 953 4962 sancta
982 4892 1387 4963 conversatione
1410 4900 1737 4979 reliquerunt
1760 4914 2001 4983 vestigia,

444 5007 580 5062 quos
622 4993 919 5059 laudamus,
970 5013 1229 5074 amamus.
1274 4998 1378 5052 Sed
1408 4999 1559 5061 tales,
1592 5000 1774 5068 quales
1821 5017 1917 5055 nos
1949 5004 1999 5055 in

449 5082 661 5153 scriptis
685 5084 795 5137 suis
820 5098 912 5139 eos
937 5089 1267 5158 agnovimus,
1300 5103 1402 5143 non
1438 5090 1619 5158 quales
1657 5106 1749 5143 vos
1793 5090 2005 5146 refertis

520 5281 547 5346 ξ
587 5269 719 5326 Vide
742 5268 1094 5346 Cardligna,
1121 5273 1318 5346 Rerum
1354 5275 1554 5346 Liturg.
1587 5276 1676 5331 lib.
1704 5294 1741 5340 I,
1770 5292 1888 5346 cap.
1918 5279 2005 5341 ll,

456 5332 484 5404 5
510 5336 566 5408 2,
603 5347 715 5408 not.
741 5339 793 5401 2,
835 5350 889 5392 et
916 5339 942 5408 §
970 5338 1022 5401 5,
1052 5332 1162 5394 not.
1191 5344 1243 5395 ὃ.

524 5406 550 5443 δ
586 5407 722 5475 Fide
755 5406 937 5474 supra,
965 5407 1054 5459 lib.
1081 5425 1152 5462 vn
1177 5412 1704 5475 adversus‘Felicem.
1736 5431 1881 5467 num.
1919 5417 2003 5468 13.

458 5538 474 5592 ι
526 5484 555 5553 ε.
580 5471 862 5535 Juveucus,
892 5478 1138 5544 Evangel.
1166 5478 1298 5531 Hist.
1328 5482 1448 5534 libr.
1474 5499 1509 5545 ι,
1537 5492 1663 5536 tom.
1691 5471 1804 5536 XIX
1828 5485 2010 5537 Patru-

480 5556 624 5592 nunc.

480 5556 624 5609 θεῖεν.

889 5637 1153 5695 Ρλτειυι..
1197 5637 1292 5695 Cl.

2096 4401 2418 4462 qua'sumus,
2446 4398 2764 4465 omnipotens
2793 4398 2953 4461 Deus,
2979 4412 3032 4453 ut
3058 4405 3147 4469 qui
3168 4405 3218 4456 in
3248 4416 3321 4458 tot
3356 4407 3584 4461 adversis
3605 4426 3669 4462 ea:

2100 4492 2275 4569 nostra
2301 4482 2601 4550 inﬁrmitate
2624 4485 2914 4552 deﬁcimus.
2944 4489 3286 4545 intercedente
3307 4493 3570 4569 Unigeniti
3592 4501 3668 4549 tui

2102 4568 2230 4623 Filii
2256 4573 2513 4641 passione,
2542 4575 2865 4643 respiremus.
2894 4575 3022 4629 Item
3040 4589 3229 4651 quarta
3259 4580 3392 4635 feria
3420 4568 3668 4649 ejusdem

2102 4661 2493 4715 hebdomadis:
2526 4662 2747 4726 Paesto,
2788 4660 3107 4732 qucesumus,
3144 4671 3463 4739 omnipotens
3506 4672 3669 4732 Deus,

2105 4760 2159 4800 ut
2194 4751 2285 4819 qui
2319 4753 2506 4804 nostris
2549 4752 2855 4838 excessibus.
2880 4753 3197 4807 incessanter
3242 4757 3535 4826 affligimur,
3583 4778 3673 4829 per

2107 4836 2368 4907 Unigeniti
2389 4842 2465 4892 tui
2483 4839 2775 4907 passionem
2792 4836 3087 4895 liberemur.
3118 4844 3246 4897 Item
3266 4846 3318 4899 iu
3344 4846 3668 4904 Ascensioue

2105 4925 2636 4991 Domini:Concede,
2681 4946 3001 4998 qutvsumus,
3053 4934 3371 5003 omnipotens
3408 4937 3565 5000 Deus,
3615 4951 3669 4991 ut

2101 5017 2191 5083 qui
2216 5016 2466 5068 hodierna
2502 5016 2585 5069 die
2627 5015 2961 5089 Unigenitum
2985 5032 3133 5075 tuum
3163 5022 3545 5094 Redemptorcm
3577 5044 3670 5082 no-

2101 5116 2268 5160 strum
2309 5105 2378 5159 ad
2418 5105 2568 5159 caelos
2612 5110 2887 5162 ascendere
2915 5108 3079 5180 [Cod.
3118 5111 3315 5177 Paris.,
3347 5114 3701 5190 ascendisse}

2176 5281 2200 5320 δ
2234 5280 2426 5354 Iuliani
2454 5282 3088 5354 Pomeriiarcbicpiswpi
3112 5287 3351 5340 Toletani
3376 5291 3471 5342 abs
3492 5289 3670 5353 dubio,

2109 5367 2266 5420 quem
2287 5351 2449 5421 etiam
2475 5350 2564 5403 alii
2584 5352 2796 5418 quidam
2821 5350 3345 5421 veteres-scriptores
3371 5350 3671 5410 Pomerium

2109 5419 2549 5500 eognotpiuafuut
2589 5421 2794 5500 :_cujus
2835 5419 3178 5489 l’rognbstica
3224 5425 3367 5476 edita
3412 5426 3675 5479 habentur

2111 5486 2238 5543 tom.
2458 5486 2789 5558 Patrolugiat.
2941 5486 2961 5489 ’⁷
3394 5524 3399 5525 ,

2188 5568 2210 5595 ο
2253 5556 2309 5608 S.
2338 5557 2495 5624 (λι-(ις.
2526 5556 3194 5613 Libr.‘Sacramentorum.

3319 5651 3386 5709 9.
