4238 6198
602 270 702 325 9.67

1438 258 1496 310 Β.
1538 257 1598 310 F.
1631 253 1853 309 ALBINI
1892 251 2021 308 SEU
2060 249 2333 306 ALCUINI
2371 246 2651 303 OPERUM
2689 244 2865 301 PARS
2901 245 2985 300 ill.
3068 242 3075 249 ’

3719 241 3825 298 268

599 387 879 448 (redimus.
902 380 1033 435 item
1053 375 1121 431 ad
1139 360 1487 429 elevationem
1506 378 1705 424 sancta:
1724 366 1911 421 Crucis
1927 377 1952 405 α
1985 381 1998 417 :
2022 363 2164 417 Deus
2192 332 2251 422 Α,
2266 360 2497 416 hominis
2508 376 2604 432 per
2619 332 2810 414 Filium
2829 360 2922 414 Dei
2937 360 2991 413 in
3012 358 3144 413 Filio
3166 358 3259 413 Dei
3275 373 3391 413 esse
3412 357 3778 426 promeretur?
3800 379 3818 407 ι

604 494 691 548 qui
733 471 989 545 Unigeniti
1017 468 1093 522 tui
1121 466 1343 537 pretioso
1385 462 1636 532 sanguine
1682 459 1951 527 viviﬁcata:
1990 457 2161 548 crucis

604 547 845 623 uexillum
868 559 1191 629 sancti/icore
1214 555 1453 619 voluisti;
1475 550 1739 614 eumdem,
1767 551 1820 604 id
1843 560 1943 614 est,
1980 547 2163 604 Jesum

605 658 877 714 Christum
919 651 1112 707 Filium
1149 649 1266 714 Dei,
1297 644 1389 716 qui
1429 658 1618 714 passus
1662 649 1761 705 est,
1810 650 1866 695 et
1906 640 2161 695 mundum

604 746 821 818 proprio
843 742 1071 798 redemit
1090 736 1367 808 sanguine,
1389 732 1603 791 amabili
1631 740 1686 785 et
1707 729 1925 799 speciali
1948 728 2164 818 nomine

607 815 949 904 Dnigenitum
986 828 1293 901 appellans;
1340 830 1603 894 quatenus
1651 822 1705 875 in
1734 818 1869 888 ~ejus
1908 815 2162 888 singulari

607 928 906 990 dilectione,
936 922 1035 992 qui
1073 919 1217 975 solus
1243 916 1432 971 unicus
1450 922 1507 969 et
1536 912 1839 981 unigenitus
1865 910 1959 963 Dei
1987 908 2164 962 Patris

607 1030 689 1075 est
714 1018 899 1081 Filius,
929 1015 995 1069 ad
1020 1027 1077 1068 se
1100 1007 1457 1067 clamantibus
1481 1004 1801 1059 misereatur
1824 999 1966 1053 Deus
1990 997 2163 1053 omni-

607 1120 813 1181 potens.
844 1107 950 1162 Sed
979 1105 1044 1159 dc
1070 1103 1156 1157 his
1177 1101 1295 1155 bare
1321 1094 1605 1152 sufﬁciant.
1636 1090 1767 1157 Qua:
1788 1098 2087 1158 sequuntur
2110 1086 2163 1140 in

608 1202 902 1256 litterarum
939 1206 1153 1251 tuarum
1188 1190 1461 1245 salebroso
1495 1183 1727 1253 eloquio,
1760 1182 2055 1235 videamus.

675 1287 742 1342 Χ.
780 1283 1115 1356 ιείιιιι·”δίοιιι
1152 1278 1311 1349 paulo
1348 1282 1471 1329 ante
1497 1271 1862 1342 probavimus,
1907 1282 2074 1356 novos
2116 1274 2165 1319 te

609 1355 824 1446 repente
865 1369 1218 1428 introduxisse
1261 1366 1569 1435 prophetas,
1610 1360 1684 1413 ita
1712 1373 1876 1413 novas
1903 1355 2163 1446 siquidem

609 1443 685 1520 ea
698 1463 1002 1519 nominibus
1027 1466 1332 1514 sanetOrum
1348 1453 1568 1507 Patrum
1597 1448 1752 1518 ﬁngis
1777 1446 1872 1500 tibi
1893 1443 2162 1524 epistolas,
2190 1454 2193 1457 λ

608 1564 869 1625 quatenus
909 1567 976 1619 ex
1018 1562 1205 1604 earum
1248 1540 1528 1600 sententiis
1553 1549 1711 1593 “tuum
1738 1536 2004 1625 potuisses
2026 1532 2169 1586 aﬂir—

612 1623 758 1698 mare
781 1654 1040 1701 errorem.
1080 1636 1187 1691 Nec
1228 1634 1331 1688 hoc
1368 1632 1580 1692 mirum,
1616 1628 1743 1683 dum
1772 1626 1902 1695 .ipse
1939 1623 2170 1677 Satanas

614 1731 955 1799 transfigurat
997 1739 1054 1781 se
1084 1726 1136 1778 in
1172 1722 1416 1792 angelum
1462 1718 1614 1783 lucis,
1639 1717 1683 1770 si
1725 1712 2170 1784 pseudodoctores

614 1820 990 1889 transﬁgurent
1035 1830 1129 1869 sua
1176 1812 1316 1866 dicta
1357 1808 1512 1879 quasi
1563 1803 1918 1876 probabilium
1971 1801 2169 1889 scripta

612 1888 903 1962 doctorum.
932 1903 1063 1957 Nam
1090 1900 1331 1954 falsidico
1354 1896 1510 1965 ﬁngis
1537 1893 1749 1947 ﬁamine
1778 1890 2033 1961 quasdam
2061 1888 2172 1959 epi-

612 1997 775 2052 stolas
789 1996 1000 2049 beatum
1027 1990 1407 2059 Hieronymum
1446 1984 1529 2037 vel
1556 1990 1799 2038 sanctum
1819 1978 2169 2050 Augustinum

614 2082 908 2153 scripsisse,
940 2081 997 2137 in
1031 2079 1223 2148 quibus
1251 2073 1490 2129 crebrius
1531 2069 1831 2140 adoptionis
1875 2068 2171 2122 immissum

613 2188 803 2229 nomen
829 2167 1208 2239 perspeximus,
1243 2163 1394 2233 quasi
1423 2161 1495 2215 illi
1537 2158 1859 2215 sanctissimi
1892 2164 1947 2211 et
1976 2156 2172 2224 proba-

613 2263 803 2319 tissimi
832 2260 1076 2314 doctores
1100 2271 1161 2311 ea
1186 2256 1251 2309 de
1278 2268 1419 2321 saepe
1445 2251 1584 2304 dicta
1611 2247 1891 2315 adoptione
1919 2244 2171 2309 dixerint,

613 2370 729 2422 quae
760 2364 1026 2418 nunquam
1061 2348 1326 2407 dixerunt,
1355 2357 1451 2395 nec
1479 2354 1705 2408 usquam
1736 2338 1787 2390 in
1809 2352 1994 2391 eorum
2024 2350 2173 2404 repe-

618 2444 825 2496 riuntur
862 2437 1094 2506 scriptis,
1130 2450 1229 2489 nec
1267 2434 1477 2487 illorum
1523 2431 1665 2498 piam
1712 2438 1766 2482 et
1816 2426 2172 2481 venerabilem

618 2534 854 2587 redolent
881 2526 1266 2595 eloquentiam;
1299 2523 1391 2577 sed
1427 2531 1619 2575 vestra:
1664 2517 1944 2586 imperitia:
1985 2512 2178 2568 litteris

616 2630 669 2675 et
694 2618 908 2691 syllabis
928 2615 1090 2684 893
1114 2612 1285 2679 magis
1312 2607 1591 2663 assimilari
1614 2612 1861 2673 quaerunt
1888 2600 2039 2672 [ϐοά.
2074 2600 2179 2653 Ρα-

621 2712 733 2772 ris.,
751 2703 993 2776 queunt],
1013 2704 1120 2755 imo
1140 2716 1237 2755 nec
1256 2698 1465 2752 illarum
1489 2694 1811 2763 exemplaria
1833 2691 2175 2761 epistolarum

618 2796 807 2851 alicubi
830 2796 881 2847 in
911 2791 1187 2847 catholicis
1208 2787 1545 2841 inveniuntur
1565 2784 1809 2839 scrineis.
1832 2782 1961 2835 Tam
1988 2793 2177 2849 magna

618 2897 672 2941 et
699 2894 807 2938 tam
833 2882 1036 2951 prolixa
1064 2879 1231 2933 sancti
1259 2876 1586 2945 Hieronymi,
1615 2874 1698 2927 vel
1727 2873 1886 2929 etiam
1908 2872 2049 2925 beati
2072 2872 2179 2924 Au-

620 2972 811 3043 gustini
842 2968 1092 3038 opuscula
1130 2968 1454 3037 legebamus,
1482 2962 1836 3033 epistulasque
1862 2975 1999 3029 pene
2022 2961 2177 3013 innu-

620 3062 933 3125 merabiles,
988 3061 1038 3114 in
1090 3060 1284 3129 quibus
1336 3069 1599 3123 nusquam
1648 3067 1833 3107 eorum
1890 3050 2179 3119 quemlibet

620 3153 885 3206 Christum
909 3149 1204 3203 invenimus
1224 3145 1528 3212 adoptivum
1550 3140 1870 3202 nominasse,
1896 3153 1995 3194 nec
2014 3139 2178 3191 Deum

623 3240 1048 3307 nuncupativum,
1088 3236 1180 3289 sed
1209 3246 1418 3300 semper
1463 3232 1662 3299 absque
1699 3228 1804 3281 ulla
1852 3227 2180 3281 dubitatione

622 3342 807 3382 verum
830 3326 992 3379 Deum
1011 3364 1024 3387 ,
1056 3335 1345 3389 verumque
1368 3319 1461 3373 Dei
1489 3317 1680 3371 Filium
1706 3315 1976 3371 Christum
2004 3315 2181 3383 appel-

624 3415 761 3469 lasse
785 3424 836 3467 et
858 3413 1193 3482 pmudicasse,
1227 3410 1368 3479 quod
1397 3408 1512 3461 loco
1539 3413 1856 3476 opportuno,
1888 3405 2180 3473 opitulante

574 3504 577 3507 ’
628 3502 758 3565 Deo,
784 3499 1283 3554 demonstrabimus.
1543 3487 1555 3495 ’

702 3590 788 3643 XI.
827 3589 1089 3641 Ponamus
1115 3595 1291 3639 tamen
1317 3585 1523 3652 aliquas
1551 3599 1617 3638 ex
1650 3583 1755 3636 illis
1786 3582 2041 3637 falsidicis
2066 3584 2179 3651 epi—

627 3678 779 3732 stolis
830 3676 1143 3738 sententias,
1174 3688 1306 3741 quas
1356 3687 1451 3725 vos
1490 3672 1541 3725 in
1587 3678 1763 3726 vestro
1808 3670 1986 3724 libello
2031 3673 2183 3725 nobis

627 3768 913 3830 direxistis,
946 3773 1004 3818 ut
1046 3765 1216 3835 letter
1257 3770 1510 3832 agnoscat
1548 3777 1706 3829 quam
1755 3762 2186 3815 ineonvenienter

629 3871 807 3928 partes
844 3838 1100 3911 orationis
1144 3855 1325 3924 posita:
1368 3854 1475 3907 sint
1519 3854 1571 3906 in
1615 3854 1717 3917 eis,
1751 3861 1805 3907 et
1833 3867 1991 3925 quam
2024 3852 2185 3919 impio

629 3963 789 4004 sensu
815 3961 978 4016 prava
1004 3943 1314 4013 compositio
1334 3944 1619 3997 verborum
1642 3941 1895 3996 redoleat.
1925 3941 1991 3994 Et
2012 3942 2185 4010 primo

632 4055 749 4093 eam
796 4037 1113 4091 sententiam
1166 4034 1489 4087 deducamus
1529 4035 1582 4087 in
1633 4035 1895 4095 medium,
1929 4048 2089 4102 quam
2129 4042 2185 4085 tu

632 4144 792 4199 pravo
822 4142 968 4181 more
1008 4127 1145 4180 beati
1193 4124 1499 4193 Hieronymi
1549 4126 1744 4178 asseris
1788 4140 1925 4178 esse.
1984 4125 2187 4177 Putasti

635 4219 716 4272 vel
747 4218 913 4286 magis
941 4232 1038 4269 nos
1076 4222 1262 4284 putare
1305 4213 1516 4266 voluisti
1545 4228 1663 4265 eum
1694 4214 1871 4266 dicere
1898 4230 1910 4264 :
1947 4231 1964 4261 ι
2000 4213 2183 4277 Filius,

2204 3013 2250 3073 (Σ

2246 453 2497 523 Χθὼιιῐιι
2524 466 2735 522 quoque
2778 460 3098 521 promeretur
3130 451 3407 520 prtescntis
3436 450 3687 518 temporis
3726 466 3823 522 po.

2260 543 2433 606 suisti,
2468 542 2619 612 quasi
2663 557 2805 597 nunc
2852 540 2991 595 ﬁlius
3033 542 3265 596 hominis
3313 542 3519 597 meritis
3560 541 3672 614 suis
3729 557 3827 612 per

2262 632 2453 686 Filium
2477 632 2572 687 Dei
2612 632 2667 685 in
2691 631 2826 686 Filio
2854 631 2949 685 Dei
2974 646 3091 686 esse
3118 640 3453 700 promeretur
3482 649 3495 684 :
3522 632 3666 701 quod
3700 648 3824 702 pro-

2261 722 2345 776 cul
2376 720 2536 776 dubio
2561 728 2745 775 sancta
2770 728 2824 775 et
2852 720 3114 779 catholica
3135 720 3266 775 ﬁdes
3294 719 3584 777 fortissime
3606 729 3822 776 contra-

2262 804 2410 877 dicit,
2442 819 2499 865 ut
2523 810 2646 865 ullis
2672 812 2876 883 meritis
2904 811 3326 880 pmoedentibus
3355 813 3547 867 merui:
3558 820 3641 867 set
3663 814 3825 868 homo

2263 908 2568 970 assumptus
2594 916 2622 953 a
2651 900 2826 955 Verbo
2858 900 2974 966 Dei,
3006 908 3067 954 ut
3084 900 3253 956 Filius
3271 901 3366 956 Dei
3390 895 3551 979 esset,
3579 892 3716 958 sient
3738 918 3824 957 so-

2261 992 2363 1046 lius
2394 992 2754 1047 tantummodo
2780 992 2921 1045 beati
2949 991 3226 1061 Augustini
3255 992 3558 1047 testimonio
3593 993 3824 1063 proban-

2262 1083 2389 1137 dum
2411 1097 2529 1137 esse
2558 1070 2702 1136 satis
2728 1083 2954 1136 :estimo.
2983 1082 3073 1136 Ait
3096 1082 3237 1136 enim
3270 1083 3519 1153 post‘alia
3546 1083 3823 1144 catholica:

2265 1171 2383 1226 ﬁdei
2411 1171 2655 1241 dogmata
2675 1170 2729 1224 in
2750 1170 2948 1234 libello,
2968 1171 3060 1239 qui
3082 1170 3275 1225 dicitur
3300 1171 3643 1227 Enchiridion
3670 1168 3822 1242 (Cap.

2263 1259 2351 1330 56)
2385 1278 2397 1313 :
2431 1279 2448 1309 ι
2479 1259 2617 1327 Quid
2643 1259 2809 1325 enim,
2838 1260 3028 1332 inquit,
3056 1269 3247 1341 natura
3274 1262 3507 1316 humana
3536 1263 3587 1315 in
3612 1263 3827 1337 homine

2264 1349 2477 1404 Christo
2515 1351 2731 1413 meruit,
2772 1358 2828 1403 ut
2869 1351 2923 1404 in
2967 1351 3223 1405 unitatem
3267 1367 3509 1422 persona:
3535 1355 3677 1407 unici
3707 1354 3828 1409 Filii

2265 1439 2359 1493 Dei
2390 1439 2731 1508 singulariter
2760 1448 2903 1494 esset
2925 1441 3229 1510 assumpta?
3256 1441 3383 1508 Quae
3404 1443 3539 1497 bona
3560 1444 3827 1509 voluntas,

2266 1526 2418 1595 cujus
2444 1528 2570 1581 boni
2596 1529 2873 1597 propositi
2918 1529 3165 1592 studium,
3196 1518 3314 1599 quae
3330 1513 3476 1585 bona
3502 1546 3661 1601 opera
3692 1549 3831 1603 pra:-

2268 1623 2561 1678 eesserunt,
2589 1616 2780 1685 quibus
2805 1624 3102 1672 mereretur
3126 1618 3224 1672 iste
3245 1620 3405 1673 homo
3427 1636 3533 1674 una
3573 1622 3684 1676 ﬁeri
3708 1638 3830 1692 per-

2204 1686 2244 1744 Β
2271 1720 2400 1761 sona
2440 1720 2561 1760 cum
2591 1706 2733 1760 Deo?
2759 1706 3010 1777 Nunquid
3037 1719 3193 1764 antea
3225 1710 3323 1765 fuit
3357 1696 3538 1777 homo,
3556 1723 3623 1769 et
3651 1686 3753 1771 hoc
3780 1716 3829 1771 ei

2271 1796 2540 1865 singulare
2583 1797 2899 1852 beneﬁcium
2946 1802 3239 1868 przestitum
3278 1809 3376 1864 est,
3406 1812 3465 1856 ut
3491 1804 3833 1873 singulariter

2269 1897 2665 1957 promereretur
2682 1888 2879 1942 Deum?
2902 1889 3100 1961 Nempe
3119 1906 3184 1947 ex
3205 1907 3312 1961 quo
3333 1894 3492 1948 homo
3511 1908 3629 1950 esse
3647 1897 3830 1965 cmpit,

2271 1994 2376 2033 non
2399 1979 2539 2033 aliud
2554 1979 2715 2048 coapit
2743 1994 2862 2035 esse
2886 1995 3043 2049 quam
3070 1981 3162 2036 Dei
3185 1981 3368 2046 Filius,
3391 1990 3446 2037 et
3463 1983 3564 2037 hoc
3588 1984 3828 2039 unicus.»

2271 2068 2409 2136 Quid
2438 2071 2526 2124 hie
2556 2079 2725 2124 restat
2751 2071 3059 2135 dubietatis,
3104 2087 3172 2125 an
3214 2071 3460 2127 Christus
3510 2073 3563 2127 in
3608 2083 3836 2146 utraque

2272 2169 2465 2215 natura
2490 2158 2631 2215 unus
2655 2169 2722 2215 el'
2744 2162 2934 2216 unicus
2960 2162 3029 2215 sit
3055 2161 3223 2216 Filius
3247 2162 3374 2217 Dei?
3400 2162 3552 2218 Sicut
3587 2166 3729 2218 enim
3758 2166 3837 2220 di-

2272 2251 2409 2305 vinae
2430 2260 2635 2305 natura:
2660 2252 2761 2306 iste
2785 2252 3081 2321 praecipuus
3102 2252 3287 2308 doctor
3317 2255 3458 2308 unici
3487 2255 3607 2310 Filii
3642 2271 3835 2311 nomen

2274 2340 2535 2408 apposuit,
2558 2340 2630 2394 ita
2652 2341 2811 2394 etiam
2840 2341 3101 2405 humanze,
3128 2342 3252 2396 dum
3275 2343 3385 2397 ait:
3413 2342 3612 2414 Nempe
3634 2361 3701 2401 ex
3726 2361 3832 2415 quo

2271 2432 2432 2486 homo
2461 2431 2622 2498 caepit
2650 2444 2785 2493 esse,
2828 2446 2934 2485 non
2983 2430 3126 2486 aliud
3161 2447 3280 2487 esse
3325 2434 3486 2502 coepit
3531 2450 3692 2504 quam
3741 2435 3836 2491 Dei

2272 2520 2458 2582 Filius,
2490 2529 2544 2572 et
2590 2521 2691 2573 boc
2734 2520 2942 2574 unicus.
2993 2516 3058 2574 Et
3100 2530 3221 2589 post
3252 2537 3421 2591 pauca
3465 2524 3729 2579 subinfert
3771 2526 3841 2580 de

2275 2607 2488 2661 Christo
2518 2624 2531 2660 :
2570 2627 2588 2657 ί
2617 2606 2807 2673 Homo,
2839 2608 3039 2676 inquit,
3077 2610 3236 2664 nullis
3268 2606 3689 2678 prmeedentibus
3729 2628 3844 2669 me-

2279 2696 2395 2751 ritis
2434 2697 2485 2751 in
2516 2698 2630 2767 ipso
2667 2698 2887 2751 exerdio
2924 2706 3127 2753 natura;
3171 2715 3298 2764 sum,
3348 2716 3455 2770 quo
3500 2718 3618 2758 esse
3655 2688 3838 2775 etrapit,

2277 2785 2453 2841 Verbo
2484 2784 2577 2839 Dei
2608 2786 2946 2855 copularetur
2973 2789 3024 2842 in
3052 2796 3253 2843 tantam
3285 2805 3526 2859 personae
3559 2794 3841 2858 unitatem,

2276 2882 2335 2927 ut
2366 2874 2502 2928 idem
2534 2874 2645 2942 ipse
2690 2884 2832 2929 esset
2876 2875 2969 2931 Dei
3013 2876 3203 2943 Filius,
3229 2874 3319 2947 qui
3346 2879 3485 2935 ﬁlius
3519 2882 3765 2946 hominis.
3788 2894 3872 2939 et.

2280 2962 2418 3016 ﬁlius
2460 2964 2711 3026 hominis,
2757 2966 2846 3033 qui
2876 2965 3041 3021 Filius
3076 2966 3189 3021 Dei.
3230 2988 3247 3019 ι
3281 2968 3392 3023 Hoc
3415 2971 3607 3039 smpius
3634 2982 3735 3026 tua:
3763 2975 3843 3027 in-

2282 3051 2433 3103 culeo
2460 3051 2731 3117 charitati,
2760 3062 2820 3107 ut
2845 3069 2910 3108 ex
2940 3056 3023 3109 his
3044 3056 3223 3111 verbis
3249 3056 3405 3125 hujus
3430 3058 3718 3115 doctissimi
3745 3063 3845 3117 Pa-

2281 3140 2453 3193 tris‘te
2477 3140 2809 3205 admoneam,
2842 3146 2982 3211 quod
3009 3144 3146 3197 idem
3172 3144 3300 3214 ipse,
3326 3146 3413 3215 qui
3439 3156 3577 3202 totus
3596 3153 3846 3219 proprius

2278 3235 2361 3281 est
2384 3228 2553 3283 beata:
2583 3230 2817 3299 Virginis
2847 3231 3006 3296 ﬁlius,
3036 3240 3176 3288 totus
3221 3234 3382 3289 etiam
3412 3236 3481 3288 sit
3527 3236 3620 3291 Dei
3670 3238 3844 3295 Patris

2279 3318 2463 3374 Filius.
2498 3318 2608 3374 Hoc
2633 3322 2791 3374 etiam
2819 3336 2881 3375 ex
2909 3324 3326 3393 reciprocatione
3348 3326 3536 3381 borum
3559 3329 3844 3385 verborum

2281 3408 2548 3501 facillime,
2606 3410 2833 3501 ﬁdeliter
2887 3413 3082 3481 legenti
3134 3424 3187 3468 et
3229 3419 3491 3472 veraciter
3530 3415 3846 3501 intlelligenti

2280 3506 2445 3565 patet,
2475 3499 2597 3552 dum
2622 3499 2719 3554 iste
2738 3510 2955 3556 sanctus
2979 3504 3166 3560 doctor
3188 3504 3412 3560 afﬁrmat
3454 3499 3698 3564 eumdem
3727 3528 3847 3569 esse

2282 3589 2475 3643 Fiiium
2501 3590 2616 3655 Dei,
2646 3594 2737 3661 qui
2760 3592 2897 3648 ﬁlius
2922 3603 3003 3649 est
3032 3587 3283 3662 hominis,
3311 3607 3364 3655 et
3394 3598 3560 3667 ﬁlium
3593 3601 3859 3666 hominis,

2285 3681 2375 3749 qui
2406 3681 2575 3736 Filius
2601 3691 2685 3737 est
2712 3684 2826 3737 Dei.
2935 3731 2943 3734 .
3326 3666 3329 3671 ί

2356 3770 2465 3823 Xll.
2489 3770 2884 3839 Perspieiamus
2904 3774 3064 3827 etiam
3092 3784 3144 3826 et
3169 3791 3230 3828 ea
3256 3776 3438 3842 verba,
3463 3793 3582 3847 quae
3610 3788 3664 3834 tu
3689 3774 3848 3838 solita

2287 3858 2573 3913 calliditate
2601 3859 2879 3929 Augustini
2918 3862 3107 3917 scribis
3134 3880 3248 3917 esse
3278 3866 3330 3918 in
3359 3871 3586 3934 quadam
3614 3870 3867 3940 Epistola

2287 3952 2351 4004 ad
2382 3950 2656 4012 Erotium,
2702 3950 2942 4006 referens
2971 3970 3089 4007 cum
3120 3955 3318 4009 dixisse
3347 3955 3536 4027 (Epist.
3574 3959 3695 4025 169,
3725 3977 3845 4032 cap.

2288 4043 2340 4112 ἓ)
2366 4061 2379 4096 :
2419 4061 2434 4091 ι
2466 4043 2614 4096 Sicut
2640 4043 2798 4097 Pater
2825 4046 2876 4097 in
2904 4061 3064 4108 voce,
3093 4062 3194 4115 qua
3238 4049 3415 4102 sonuit
3447 4066 3459 4101 :
3492 4048 3565 4103 Tu
3594 4067 3645 4104 es
3677 4050 3848 4107 Filius

2290 4150 2450 4197 meus,
2476 4140 2531 4186 et
2558 4132 2722 4196 Filius
2752 4134 2802 4186 in
2834 4134 3047 4187 homine
3089 4137 3355 4205 adoptivo,
3403 4154 3562 4207 quem
3614 4144 3850 4212 suscepit

2290 4238 2353 4273 ex
2389 4223 2614 4291 Virgine,
2640 4232 2692 4276 et
2734 4221 2964 4293 Spiritus
3009 4233 3223 4279 sanctus
3246 4230 3320 4281 "in
3370 4229 3625 4284 columba:
3670 4234 3849 4301 specie

636 4310 824 4377 inquit,
853 4307 1079 4359 hominis
1104 4302 1199 4374 per
1227 4305 1317 4357 Dei
1349 4304 1537 4357 Filium
1563 4305 1613 4355 in
1646 4304 1737 4355 Dei
1759 4303 1894 4356 Filio
1918 4318 2034 4357 esse
2060 4319 2185 4372 pro-
2217 4338 2265 4395 η
2292 4310 2574 4380 corporali.
2607 4332 2624 4363 ι
2658 4312 2781 4366 Hmc
2806 4314 3018 4380 quidem
3048 4318 3225 4377 verba,
3262 4322 3445 4371 nescio
3473 4320 3593 4387 quis
3630 4319 3849 4376 falsator

639 4408 872 4453 meretur
902 4414 913 4425 ο
948 4412 1043 4448 nec
1069 4398 1280 4461 adoptio
1303 4412 1329 4449 a
1356 4406 1541 4448 natura
1564 4404 1862 4462 separatur,
1885 4396 1977 4449 sed
2000 4404 2190 4449 natura

638 4502 756 4539 cum
804 4484 1085 4552 adoptione
1131 4480 1482 4551 coniungitur.
1523 4503 1540 4533 ι
1576 4483 1709 4548 Quid
1754 4492 1858 4547 est,
1890 4484 2029 4551 quod
2062 4485 2141 4538 ais
2176 4503 2187 4536 :

644 4595 657 4622 ι
689 4568 915 4640 Adoptio
940 4585 1059 4623 cum
1086 4578 1271 4622 natura
1288 4570 1683 4638 coniungitur?»
1716 4569 2002 4625 Considera
2030 4580 2083 4625 et
2112 4571 2192 4623 in-

640 4664 841 4731 tellige,
869 4662 913 4714 si
940 4660 1149 4727 adoptio
1176 4660 1326 4713 nobis
1360 4656 1615 4711 naturalis
1646 4659 1733 4711 sit.
1767 4658 1903 4723 Quid
1938 4659 2062 4712 facit
2098 4661 2193 4712 ba-

640 4755 817 4820 ptismi
846 4746 1257 4814 sacramentum,
1282 4759 1335 4804 et
1361 4752 1528 4803 sancti
1560 4749 1792 4817 Spiritus
1819 4750 2005 4816 gratia,
2031 4751 2075 4803 si
2098 4766 2195 4806 nos

643 4857 761 4893 cum
779 4842 1057 4908 adoptione
1077 4838 1343 4890 nascimur
1358 4854 1420 4889 ex
1438 4836 1745 4905 parentibus
1766 4837 1998 4891 nostris?
2019 4824 2209 4904 Quare.

648 4930 830 4980 hcatus
854 4928 1019 4980 David
1048 4929 1123 4980 ait
1147 4926 1210 4979 de
1233 4925 1481 4993 legitimis
1508 4934 1660 4979 natus
1685 4926 1995 4993 parentibus
2018 4912 2032 4979 ἑ
2063 4925 2196 4979 Ecce

644 5019 776 5070 enim
806 5018 859 5069 in
886 5017 1237 5083 iniquitatibus
1264 5025 1531 5082 conceptus
1558 5032 1691 5077 sum,
1718 5026 1764 5069 et
1795 5018 1849 5069 in
1873 5019 2092 5087 peccatis
2113 5034 2196 5087 pe-

646 5106 774 5173 perit
804 5119 883 5156 me
912 5112 1073 5155 muter
1116 5119 1228 5155 mea
1259 5100 1428 5172 (Psal.
1483 5118 1532 5164 ι,
1567 5102 1639 5171 7).
1671 5102 1919 5172 Nunquid
1957 5121 2063 5159 non
2094 5114 2199 5159 tres

648 5195 913 5262 prioribus
951 5188 1128 5245 verbis
1172 5192 1367 5245 videris
1395 5191 1593 5259 ﬁngere
1635 5190 1791 5254 ﬁlios,
1822 5205 1985 5245 unum
2032 5194 2199 5247 ﬁlium

652 5282 898 5345 hominis,
930 5288 984 5333 et
1028 5280 1159 5331 duos
1206 5277 1338 5331 ﬁlios
1364 5277 1488 5343 ’Dei,
1519 5279 1644 5332 dum
1672 5278 1806 5332 dicis
1837 5296 1849 5330 :
1889 5296 1907 5329 ι
1938 5279 2033 5335 Hic
2062 5280 2201 5333 ﬁlius

784 5416 913 5466 ibid.
943 5414 1042 5468 Ubi
1072 5421 1246 5467 tamen
1274 5416 1443 5467 oratio
1474 5416 1543 5467 ita
1574 5423 1727 5469 sonat
1758 5433 1770 5468 :
1802 5414 1939 5468 Deus
1960 5417 2046 5483 qui
2075 5414 2201 5469 Uni-

651 5482 805 5548 gmu’ti
844 5484 922 5553 tui
960 5482 1165 5535 Domini
1203 5484 1365 5536 nostri
1394 5483 1613 5549 pretioso
1642 5486 1891 5553 sanguine
1915 5482 2197 5551 humanum

654 5565 809 5616 genus
840 5550 1080 5604 redimere
1116 5553 1353 5622 dignatus
1378 5568 1451 5617 es,
1481 5554 1697 5605 concede
1732 5550 1999 5623 propitius,
2028 5563 2081 5604 ut
2110 5553 2197 5622 qui

2295 4397 2475 4450 furtim
2522 4399 2673 4451 unica
2706 4414 2861 4451 manu
2890 4399 3040 4469 [Cod.
3074 4401 3272 4467 Paris.,
3304 4421 3437 4458 unca
3468 4407 3645 4481 manu]
3673 4397 3851 4480 rapuit

2295 4488 2359 4541 de
2408 4488 2739 4541 sermonibus
2784 4490 2951 4543 sancti
2995 4492 3304 4560 Augustini,
3352 4504 3405 4547 et
3454 4498 3848 4567 superaddidit,

2295 4579 2435 4647 quod
2468 4579 2552 4631 ille
2588 4594 2855 4647 nunquam
2884 4580 3017 4633 dixit
3047 4596 3061 4632 :
3091 4582 3143 4633 in
3172 4582 3374 4637 homine
3411 4586 3667 4655 adoptivo.
3698 4588 3852 4646 luve-

2296 4666 2470 4740 nimus
2495 4680 2615 4719 eum
2653 4666 2809 4721 aliter
2850 4668 2990 4720 hunc
3022 4670 3263 4722 eumdem
3289 4672 3572 4738 protulisse
3607 4687 3847 4742 sensum,

2296 4758 2386 4813 ubi
2398 4760 2461 4814 de
2474 4759 2794 4827 singularum
2806 4755 3112 4828 operatione
3132 4776 3473 4827 personarum
3490 4763 3774 4833 disputavit
3787 4767 3814 4805 δ
3832 4786 3845 4821 :

2305 4846 2681 4915 «Singulorum
2724 4855 2921 4911 autem,
2958 4848 3148 4914 inquit,
3191 4864 3351 4919 opera
3398 4850 3850 4926 diminuam

2300 4951 2416 5003 qua:
2448 4936 2515 4988 ad
2560 4950 2984 5003 unamquamque
3021 4951 3223 4999 eorum,
3246 4936 3655 4994 manifestantur
3682 4943 3849 5013 perti-

2302 5040 2429 5078 nere
2454 5039 2755 5092 personam.
2788 5022 2938 5077 Sicut
2966 5034 3119 5079 natus
3146 5041 3213 5079 ex
3243 5026 3459 5095 Virgine
3502 5044 3605 5082 non
3634 5031 3735 5085 nisi
3758 5031 3837 5087 Fi

2302 5111 2403 5164 lius
2430 5111 2552 5174 Dei;
2581 5120 2634 5164 et
2661 5127 2763 5164 vox
2802 5110 2866 5164 de
2906 5114 3083 5167 nube:
3120 5112 3195 5165 Tu
3228 5130 3280 5167 es
3331 5112 3497 5168 Filius
3537 5127 3681 5183 meus
3720 5118 3857 5173 diie-

2305 5207 2415 5248 ctus
2461 5195 2678 5267 (Matth.
2710 5196 2798 5260 lit,
2834 5197 2958 5268 1³7),
2986 5200 3049 5251 ad
3095 5200 3258 5253 solius
3302 5216 3583 5269 personam
3616 5204 3853 5272 pertinet

2304 5287 2505 5351 Patris;
2530 5298 2583 5341 et
2610 5290 2781 5357 specie
2808 5290 3233 5353 corporalisieut
3254 5293 3495 5347 columba
3521 5294 3666 5348 solus
3691 5310 3852 5365 anpa-

2304 5422 2717 5494 ad_udorqndant
2744 5424 2993 5491 vivi/icon:
3018 5427 3132 5493 ejus
3171 5440 3368 5481 crucem
3408 5428 3702 5494 adveniunt,
3739 5443 3849 5488 etc.

2376 5491 2401 5529 ι)
2442 5490 2674 5562 S.Aug.,
2698 5493 2816 5547 libr.
2843 5490 3023 5547 contra
3041 5490 3219 5550 Serm.
3242 5497 3581 5563 Arianorum,
3614 5490 3732 5569 cap.
3752 5502 3846 5571 (£5.
3940 5565 3946 5570 η
