4238 6260
351 433 354 436 _
470 372 574 430 169

435 564 438 568 ’
642 578 700 627 et
737 569 884 624 illam
907 583 1091 624 vocem
1119 567 1284 623 solius
1305 567 1515 633 Patris,
1541 573 1596 621 et
1620 565 1767 620 illam
1789 566 2021 636 speciem

464 660 724 718 columba:
746 659 914 716 solius
939 656 1170 733 Spiritus
1207 657 1380 713 sancti
1416 663 1602 712 sancta
1639 654 1876 711 Trinitas
1896 669 2023 727 ope-

464 757 583 808 rata
606 757 708 810 est.
747 768 766 802 ι
801 749 929 820 Haec
961 756 1088 805 sunt
1131 747 1391 803 catholica
1418 745 1603 811 verba,
1631 746 1748 801 haec
1771 744 2024 815 prafatus

405 871 412 877 -
463 842 686 914 protulit
709 841 889 907 Pater,
914 843 982 898 de
1007 841 1288 913 adoptione
1313 843 1492 899 carnis
1515 841 1716 898 Christi
1737 839 1812 896 nil
1836 839 2026 909 adjun-

464 931 598 1015 gen's
611 969 627 995 ,
655 943 817 1000 quam
843 936 1018 984 vestra
1043 927 1178 1002 [Cod
1185 968 1198 982 .
1228 928 1432 996 Paris.,
1460 930 1604 1000 quod
1624 927 1823 1000 vestra]
1857 932 2024 984 teme-

467 1022 598 1094 ritas
614 1022 928 1092 pravissime
947 1021 1090 1077 illius
1104 1021 1332 1077 inseruit
1351 1022 1526 1077 dictis.
1547 1021 1624 1075 Ita
1638 1021 1842 1090 absque
1863 1018 2024 1074 dubio

463 1110 522 1168 in
543 1112 664 1168 aliis
703 1111 986 1168 sententiis
1002 1151 1018 1176 ,
1047 1125 1182 1180 quas
1206 1126 1275 1166 ex
1299 1111 1487 1166 eadem
1513 1110 1768 1166 mendosa
1800 1108 2024 1179 epistola

463 1203 565 1259 sub
583 1201 805 1257 nomine
847 1199 1087 1269 ejusdem
1114 1200 1289 1256 Patris
1322 1199 1596 1270 posuistis,
1631 1198 1930 1253 invenimus
1956 1213 2025 1253 ex
2052 1259 2054 1261 ,

463 1299 654 1347 vestrae
673 1290 925 1346 falsitatis
941 1306 1088 1345 more
1103 1305 1294 1345 nomen
1313 1288 1610 1358 adoptionis
1629 1287 1866 1343 additum
1882 1303 2020 1351 esse,

463 1379 606 1449 quod
632 1379 775 1434 nullo
801 1380 959 1436 modo
985 1379 1073 1434 ille
1096 1379 1216 1448 pius
1239 1379 1424 1435 doctor
1459 1379 1641 1450 posuit
1670 1397 1683 1432 :
1715 1378 1931 1450 sicutin
1959 1377 2025 1433 eo

464 1467 600 1533 loco,
630 1468 720 1524 ubi
756 1469 1062 1539 legebamus
1089 1469 1158 1522 ab
1185 1483 1251 1523 eo
1278 1467 1494 1532 dictum,
1523 1485 1661 1522 eum.
1694 1485 1713 1518 ι
1742 1467 1856 1524 IIoc
1877 1481 2020 1530 eum,
2060 1492 2061 1495 η

464 1557 657 1626 inquit,
703 1559 992 1612 sonandum
1034 1571 1254 1612 carnem
1282 1571 1499 1626 passum
1529 1571 1686 1612 esse:
1723 1576 1742 1608 ι
1769 1572 1865 1611 vos
1897 1571 2025 1612 vero

462 1647 750 1718 secundum
766 1647 1046 1717 pravitatis
1063 1655 1255 1702 vestra:
1269 1645 1708 1702 consuetudinem
1723 1646 2022 1710 addidistis.

462 1753 678 1799 carnem,
718 1737 1032 1808 adoptiuum.
1080 1735 1214 1791 Item
1263 1737 1318 1790 in
1367 1735 1473 1791 alio
1514 1736 1632 1792 loco
1674 1735 1852 1790 dicitis
1899 1746 2022 1788 eum

462 1825 660 1882 dixisse
676 1797 696 1877 ἐ
725 1843 744 1875 ι
772 1794 1227 1881 incommutabilis
1247 1832 1332 1880 est
1356 1835 1517 1895 atque
1537 1832 1832 1881 coaeternus
1851 1823 2022 1883 Patri.
2057 1794 2102 1854 Β

460 1917 557 1974 sed
600 1917 654 1972 in
683 1915 858 1972 Verbo
883 1915 1026 1981 solo;
1075 1923 1128 1970 et
1162 1931 1352 1985 passus
1393 1923 1478 1970 est
1507 1908 1672 1970 Filius
1702 1913 1815 1977 Dei,
1849 1913 1942 1969 sed
1973 1913 2028 1968 in

460 2007 678 2076 homine
697 2007 945 2076 adoptivo
966 2005 1108 2072 solo;
1125 2013 1180 2061 et
1193 2005 1432 2076 sepultus
1449 2013 1533 2060 est
1545 2003 1711 2058 Filius
1729 2003 1843 2068 Dei,
1860 2001 1956 2058 sed
1974 2002 2030 2056 in

460 2110 625 2162 carne
666 2095 914 2163 adoptiva
954 2093 1108 2149 sola:
1142 2113 1160 2145 ι
1195 2095 1494 2164 reperimus
1532 2108 1655 2148 cum
1704 2093 1759 2146 in
1800 2093 2030 2161 quadam

461 2187 678 2244 homilia
695 2185 912 2250 dixisse,
939 2185 1027 2239 ubi
1049 2185 1116 2239 de
1138 2192 1449 2238 naturarum
1470 2183 1524 2237 in
1551 2181 1768 2255 Christo
1792 2180 2033 2250 proprie-

462 2286 570 2332 tate
615 2276 892 2341 disseruit,
919 2283 974 2330 et
1000 2276 1066 2330 de
1094 2289 1158 2329 eo
1193 2274 1335 2344 quod
1375 2289 1513 2328 unus
1553 2272 1724 2327 Filius
1745 2271 1838 2326 Dei
1867 2278 2029 2337 esset,

464 2369 514 2423 id
540 2375 623 2422 est
656 2367 902 2422 Christus
935 2366 1134 2436 (Epist.
1177 2365 1358 2437 469):
1393 2383 1412 2415 ‹
1445 2362 1902 2419 incommutabilis
1926 2370 2028 2428 est,

461 2461 653 2530 inquit,
681 2459 844 2513 Filius
869 2459 983 2521 Dei,
1015 2457 1112 2513 sed
1153 2457 1208 2512 in
1231 2455 1410 2513 Verbo
1434 2455 1575 2521 solo;
1618 2471 1810 2526 passus
1828 2462 1911 2509 est
1936 2453 2029 2508 Fi-

461 2529 564 2605 lius
587 2529 702 2613 Dei,
732 2550 826 2603 sed
848 2549 902 2602 in
931 2548 1145 2602 homine
1172 2554 1476 2618 assumpto;
1506 2555 1562 2602 et
1587 2546 1824 2616 sepultus
1842 2552 1926 2599 est
1944 2543 2033 2598 Fi-

461 2640 563 2696 lius
589 2639 706 2704 Dei,
744 2638 838 2692 scd
866 2637 920 2691 in
947 2651 1110 2692 carne
1137 2636 1268 2692 sola.
1301 2656 1320 2688 ι
1345 2636 1478 2692 Item
1505 2637 1560 2690 in
1581 2635 1685 2690 alia
1714 2634 2031 2705 evangelicae

461 2727 860 2801 przedicationis
881 2727 1099 2782 homilia
1127 2737 1151 2765 ι
1182 2740 1197 2779 :
1225 2745 1243 2778 ε
1275 2725 1428 2780 Sicut
1445 2724 1588 2780 enim
1613 2721 1751 2779 unus
1769 2732 1852 2801 est
1871 2724 2032 2778 homo

462 2800 518 2874 in
553 2817 731 2872 anima
766 2815 1009 2871 rationali
1053 2815 1233 2887 [Ang.,
1270 2815 1447 2870 anima
1475 2813 1768 2887 rationalis]
1797 2800 1854 2870 et
1877 2829 2027 2879 caro,

461 2904 542 2959 sic
583 2920 722 2959 unus
767 2913 852 2960 cst
896 2905 1143 2962 Christus
1186 2907 1329 2961 Deus
1361 2914 1416 2960 et
1452 2906 1614 2961 homo
1645 2924 1657 2959 :
1688 2921 1752 2960 ac
1790 2919 1890 2974 pro
1927 2905 2032 2959 hoc

461 2990 710 3048 Christus
733 3003 815 3048 est
843 2993 1001 3059 Deus,
1032 2994 1210 3048 anima
1245 2987 1542 3059 rationalis,
1585 3001 1640 3048 et
1677 3008 1824 3048 caro.
1869 2991 2026 3046 Chri-

462 3093 604 3141 stum
638 3085 693 3142 in
721 3085 989 3149 omnibus,
1023 3083 1296 3140 Christum
1334 3085 1388 3139 in
1432 3077 1654 3155 singulis
1689 3081 2025 3138 conﬁtemur.
2051 3111 2102 3176 ο

465 3175 598 3243 Quis
623 3183 708 3231 est
727 3190 873 3247 ergo,
897 3191 993 3246 per
1013 3188 1172 3246 quem
1193 3174 1367 3230 factus
1392 3183 1476 3229 est
1497 3171 1759 3229 mundus?
1787 3171 2032 3227 Christus

463 3264 639 3330 Iesus,
671 3266 764 3321 sed
807 3267 858 3320 in
887 3265 1059 3342 forma
1091 3265 1206 3320 D'ei.
1237 3265 1368 3332 Quis
1394 3272 1478 3321 est
1513 3265 1613 3319 sub
1646 3263 1836 3318 Pontio
1860 3260 2032 3335 Pilato

465 3355 784 3412 cruciﬁxus?
803 3356 1049 3411 Christus
1072 3353 1250 3418 Iesus,
1271 3355 1370 3421 sed
1386 3355 1439 3408 in
1462 3354 1632 3410 forma
1658 3353 1820 3408 servi.
1852 3372 1871 3404 ι
1898 3351 2031 3406 Item

465 3444 616 3515 cujus
641 3461 800 3514 supra
830 3462 844 3498 :
874 3463 893 3495 ε
923 3444 1055 3511 Quis
1081 3459 1190 3498 non
1232 3453 1312 3515 est
1353 3439 1637 3499 derelictus
1681 3443 1738 3498 in
1781 3440 1990 3496 inferno
2009 3428 2034 3479 ἲ

387 3578 397 3586 .
467 3534 714 3590 Christus
737 3532 912 3598 Jesus,
940 3534 1035 3588 sed
1071 3533 1125 3587 in
1163 3534 1342 3589 anima
1377 3533 1510 3588 sola.
1540 3532 1672 3601 Quis
1698 3524 2033 3586 resurrectu-

467 3639 562 3678 rus
591 3623 766 3678 triduo
787 3623 958 3692 jacuit
987 3623 1041 3676 in
1066 3623 1345 3691 sepulcro?
1379 3621 1626 3678 Christus
1650 3619 1825 3686 Iesus,
1858 3620 1951 3676 sed
1977 3620 2032 3673 in

469 3727 632 3768 carne
659 3712 790 3766 sola.
816 3711 1024 3786 Dicitur
1047 3726 1176 3783 ergo
1198 3712 1252 3769 in
1272 3713 1366 3768 his
1393 3702 1616 3784 singulis
1640 3711 1916 3777 Christus;
1943 3724 2034 3764 ve-

470 3817 590 3858 rum
614 3803 933 3858 hiec‘omnia
956 3816 1060 3858 non
1081 3802 1210 3868 duo,
1240 3802 1323 3858 vel
1349 3810 1482 3867 tres,
1504 3802 1597 3857 sed
1617 3815 1757 3856 unus
1774 3808 1856 3856 est
1879 3798 2036 3854 Chri-

469 3899 605 3948 stus.
648 3892 773 3947 Ideo
807 3905 938 3963 ergo
972 3891 1108 3948 dixit
1129 3887 1236 3948 :Si
1279 3892 1560 3964 diliget-etis
1600 3908 1704 3957 me,
1743 3890 2036 3963 gaudentis

476 3980 670 4051 utique,
696 3981 818 4051 quia
845 3979 979 4037 vado
1013 3979 1087 4033 ad
1122 3970 1336 4035 Patrem
1362 4000 1381 4034 ι
1418 3979 1598 4050 (Joan.
1630 3995 1740 4044 xlv,
1761 3977 1873 4048 28).
1903 3977 2035 4032 Item

472 4071 564 4125 ubi
588 4071 674 4126 ille
709 4069 1146 4140 signiﬁcationes,
1191 4086 1310 4141 quas
1347 4066 1513 4126 veteri
1555 4070 1609 4124 in
1655 4071 1772 4138 lege
1803 4065 2038 4143 praelatae

473 4167 648 4224 crant,
682 4160 749 4213 de
791 4149 1007 4215 Christo
1058 4158 1393 4228 proferebat,
1447 4159 1587 4213 inter
1631 4158 1764 4221 alia,
1809 4156 1983 4224 inquit
2019 4172 2032 4208 :

481 4271 499 4303 ι
532 4251 777 4306 Christus
798 4259 916 4305 erat
938 4258 1112 4322 petra,
1132 4251 1256 4318 quia
1285 4257 1436 4318 petra
1467 4248 1739 4304 Christum
1768 4244 2037 4318 signiﬁca-

475 4341 567 4396 bat
591 4358 606 4394 :
643 4361 663 4394 ι
696 4327 868 4410 neque
896 4339 983 4395 hic
1018 4353 1189 4408 neque
1215 4338 1268 4393 in
1293 4337 1659 4410 superioribus
1685 4334 1816 4389 locis
1836 4333 2033 4401 aliquid

1153 333 1564 430 DOGMA'I’ICA.
1600 398 1668 408 -
1701 366 1859 424 Anv.
1899 359 2290 417 numnum
2338 363 2520 422 unm
2551 365 2640 420 Iv.
2679 396 2747 406 —
2784 365 2908 421 us.
2949 365 3009 420 ιι.

1251 112 1370 130 ...ιι-η
1909 85 1940 96 "
1973 111 1980 114 .
2025 93 2036 96 “
2087 93 2112 122 '_
2131 77 2758 122 ρξε’ξέεαέὲςίῖ-εῖὲῖ-ντὲψνψ·
2805 77 3792 123 ’τ’-’τ’ἳιᾛπῗττῗῖἓὲί
3889 120 3892 121 ν
3997 101 4008 121 ἓ

3577 365 3683 421 270

465 485 576 542 ruit
615 479 847 554 Spiritus
879 489 1113 559 sanctus.
1145 480 1347 535 Tamen
1369 487 1427 534 et
1443 478 1590 534 illam
1613 491 1832 533 carnem
1855 476 2022 544 solius
2045 473 2099 531 Δ
2119 466 2484 531 vicissitudine
2506 479 2753 533 eumdem
2773 480 3036 551 replicans
3061 495 3302 552 sensum,
3325 479 3538 538 dixisti:
3571 501 3589 533 ι
3621 479 3681 536 Et

2122 561 2273 618 ﬁlius
2292 563 2523 637 hominis
2548 567 2708 622 simul
2733 583 2855 624 cum
2901 570 3078 626 Verbo
3103 571 3385 642 adoptivus
3407 574 3618 635 dicitur.
3657 593 3678 626 ι

2123 651 2260 718 Quid
2291 657 2537 726 nequius,
2564 659 2692 728 quid
2718 661 2912 731 impius
2937 654 3044 718 dici
3065 664 3150 719 vel
3173 665 3462 735 excogitari
3486 673 3680 737 potest.

2121 757 2282 812 quam
2304 752 2365 799 ut
2383 745 2553 802 Filius
2569 747 2684 814 Dei,
2713 750 2770 806 id
2792 759 2897 818 est,
2920 752 3156 809 Verbum
3180 753 3297 820 Dei,
3322 769 3444 810 cum
3467 754 3683 811 homine

2121 841 2344 904 accepto
2371 835 2581 891 dicatur
2602 837 2920 910 adoptivus?
2948 841 3178 900 Sensisti
3204 842 3430 900 forsitan
3468 853 3521 902 te
3550 845 3685 902 divi-

2122 921 2250 977 dere
2277 921 2550 980 Christum
2578 940 2700 983 cum
2722 924 2969 986 Nestorio
2992 932 3046 987 in
3068 933 3202 989 duas
3224 949 3500 1004 personas,
3521 950 3682 989 unam

2121 1013 2323 1082 proprii
2366 1014 2518 1083 Filii,
2545 1015 2768 1074 alteram
2808 1021 3079 1092 adoptivi?
3109 1022 3262 1079 IIunc
3295 1024 3480 1079 volens
3515 1025 3686 1080 vitare

2119 1101 2393 1173 laqueum,
2414 1105 2645 1186 incidisti
2674 1108 3090 1181 in’ergastulum
3115 1102 3329 1170 Ariame
3357 1115 3684 1184 perversita-

2124 1190 2210 1245 tis.
2242 1190 2366 1246 Haec
2394 1195 2556 1250 verba
2600 1211 2869 1266 nunquam
2905 1201 3075 1256 sancti
3115 1198 3400 1273 Augustini
3428 1203 3682 1266 .fuerunt.

2122 1294 2223 1334 nec
2245 1282 2407 1336 etiam
2447 1284 2606 1340 ullius
2633 1288 2880 1343 catholici
2904 1289 3141 1345 doctoris
3162 1291 3247 1346 vel
3269 1292 3535 1364 discipuli.
3560 1294 3687 1351 Ilaec

2122 1369 2253 1424 olim
2278 1370 2474 1428 Ariana
2503 1389 2696 1431 manus
2718 1378 2897 1434 toxico
2915 1367 3122 1435 calamo
3142 1388 3197 1436 et
3216 1381 3355 1453 nigri
3380 1381 3520 1437 fellis
3543 1392 3686 1437 atra-

2122 1468 2305 1514 mento
2327 1461 2661 1532 perscripSit,
2683 1481 2782 1534 pro
2809 1467 3004 1536 quibus
3027 1468 3189 1538 impia
3214 1479 3387 1525 morte
3409 1486 3530 1526 cum
3549 1470 3685 1527 Juda

2123 1547 2381 1604 traditore
2427 1552 2713 1607 damnatus
2757 1556 2938 1624 periit,
2989 1564 3299 1629 :eternoque
3345 1561 3688 1615 anathemate

2084 1678 2085 1681 η
2121 1637 2415 1704 perculsus,
2449 1655 2515 1696 ac
2543 1640 2759 1698 Satanas
2783 1659 2905 1700 cum
2929 1647 3178 1703 omnibus
3205 1647 3553 1717 complicibus
3575 1649 3689 1704 suis
3798 1674 3803 1681 ε

2123 1726 2370 1794 traditus,
2409 1738 2469 1783 ut
2491 1731 2715 1811 sentiret
2735 1733 2788 1788 iu
2816 1736 3096 1792 tumentis
3121 1736 3318 1806 diaboli
3352 1738 3494 1807 quod
3523 1737 3692 1793 nollet
3724 1812 3726 1814 ν

2127 1816 2368 1872 conﬁteri
2393 1819 2446 1873 in
2464 1819 2728 1876 'Ecclesiis
2751 1821 2974 1879 Christi.

2196 1906 2335 1962 XIV.
2377 1898 2545 1974 Bade,
2587 1909 2771 1978 frater,
2808 1913 2921 1967 haec
2957 1915 3116 1970 verba
3153 1916 3218 1971 dc
3255 1916 3416 1970 corde
3445 1924 3556 1981 tuo,
3593 1917 3689 1971 ha-

2129 2011 2374 2066 rumque,
2391 1999 2697 2070 ubicunque
2721 2002 3043 2070 inveniatur,
3065 2003 3372 2077 litterarum
3393 2005 3690 2063 chartulam

2129 2102 2248 2142 mox
2281 2088 2536 2144 edacibus
2560 2089 2760 2160 ignium
2788 2091 3020 2149 flammis
3045 2093 3276 2150 immitte
3311 2114 3324 2149 :
3365 2096 3491 2166 quia
3519 2096 3693 2151 satius

2127 2185 2212 2232 est
2237 2177 2406 2232 multo
2453 2178 2554 2233 has‘
2585 2179 2732 2249 impii
2772 2181 3032 2251 dogmatis
3067 2185 3219 2238 exuri
3249 2184 3500 2254 syllabas,
3529 2199 3691 2253 quam

2129 2267 2364 2322 animam
2417 2277 2560 2322 tuam
2611 2271 2885 2338 perpetuis
2939 2273 3129 2327 ardere
3169 2263 3476 2327 tormentis.
3525 2273 3691 2344 ωδ

2128 2357 2300 2412 Crede
2347 2357 2498 2423 mihi,
2543 2361 2788 2426 quamvis
2833 2362 3010 2416 ovium
3043 2363 3374 2418 vestimentis
3414 2363 3688 2427 induaris;

2128 2447 2373 2515 quamvis
2426 2447 2739 2502 sacerdotali
2779 2449 2980 2506 honore
3021 2450 3275 2507 infulatus
3320 2453 3579 2522 procedas
3625 2453 3694 2506 ad

2129 2534 2416 2603 populum;
2455 2535 2698 2602 quamvis
2723 2537 2946 2592 barbam
2971 2538 3209 2608 quotidie
3231 2541 3458 2605 raseris;
3485 2541 3529 2596 si
3554 2541 3693 2596 hanc

2130 2641 2236 2680 non
2263 2627 2628 2682 immutaveris
2655 2631 2994 2698 sententiam,
3020 2631 3210 2688 nolens
3234 2631 3419 2688 volens
3441 2647 3694 2687 numera-

2128 2715 2276 2770 beris
2299 2730 2420 2770 cum
2454 2717 2639 2783 hircis,
2666 2725 2720 2771 et
2748 2719 3088 2789 deputaberis
3111 2735 3234 2777 cum
3270 2721 3574 2792 pastoribus
3602 2722 3694 2789 qui

2131 2805 2378 2860 videntur
2415 2806 2594 2861 haedos
2633 2823 2854 2877 pascere
2883 2809 2938 2863 in
2981 2807 3338 2866 tabernaculis
3369 2807 3560 2875 Cedar,
3601 2810 3694 2880 qui

2128 2895 2320 2948 staturi
2355 2904 2482 2949 sunt
2511 2897 2565 2950 in
2606 2884 2860 2952 sinistris.
2889 2898 3056 2965 Rade,
3087 2900 3216 2962 rade
3243 2901 3422 2967 citius,
3452 2904 3573 2974 pius
3593 2902 3696 2958 Pa-

2131 2994 2232 3050 ter,
2264 2984 2402 3039 hanc
2429 2987 2747 3040 sententiam
2770 2987 2836 3041 de
2858 3003 3058 3044 arcano
3091 2990 3170 3044 tui
3200 2991 3379 3047 cordis
3413 2992 3595 3058 cubili,
3629 3008 3697 3047 ne

2131 3075 2389 3132 Dominus
2413 3084 2555 3143 tuus,
2571 3077 2661 3148 qui
2685 3087 2736 3134 te
2757 3081 3033 3135 constituit
3056 3081 3221 3137 tritici
3242 3082 3370 3138 dare
3387 3098 3694 3139 mensuram

2131 3164 2348 3221 familiae
2383 3181 2513 3232 sum,
2541 3167 2778 3224 inveniat
2801 3184 2919 3225 eam
2947 3170 3002 3224 in
3030 3170 3227 3227 tabulis
3255 3173 3331 3226 tui
3368 3173 3545 3228 cordis
3569 3188 3695 3242 per-

2131 3259 2406 3328 scriptam,
2454 3268 2508 3313 et
2555 3261 2698 3314 dicat
2737 3261 2870 3316 tibi:
2908 3260 3016 3316 llas
3052 3277 3159 3316 non
3189 3277 3422 3334 agnosco
3463 3262 3693 3325 litteras.

2133 3352 2232 3405 has
2257 3353 2486 3422 reprobo
2530 3351 2782 3424 syllabas,
2811 3351 2925 3407 haec
2956 3353 3118 3408 verba
3148 3368 3254 3408 non
3292 3354 3592 3410 docuerunt
3620 3355 3694 3409 illi
3733 3371 3749 3384 ο
3799 3402 3804 3406 .

2131 3441 2324 3508 quibus
2368 3454 2467 3507 ego
2493 3440 2602 3493 dixi
2635 3438 2778 3504 :lte,
2834 3440 3012 3495 docete
3053 3458 3228 3496 omnes
3259 3452 3432 3513 gentes
3471 3443 3694 3514 (Matth.

2130 3552 2325 3601 xxvm,
2349 3535 2457 3605 l9).
2491 3535 2652 3590 Forte
2672 3536 2951 3606 occupatio
2976 3536 3260 3605 pastoralis
3281 3553 3444 3602 curm,
3485 3548 3539 3593 et
3563 3539 3695 3592 allli-

2129 3627 2240 3682 ctio
2263 3626 2437 3696 impiae
2471 3625 2643 3696 gentis
2668 3633 2722 3680 te
2742 3626 3069 3696 diligentius,
3099 3628 3226 3698 quid
3249 3619 3534 3694 scriberes,
3565 3627 3695 3684 con-

2131 3715 2372 3771 siderare
2410 3714 2717 3786 impedivit;
2750 3715 2844 3770 sed
2863 3714 3168 3784 junioribus
3197 3718 3303 3777 tuis
3331 3717 3467 3773 male
3506 3719 3698 3773 credu-

2133 3809 2235 3874 lus,
2263 3802 2405 3881 quod
2430 3808 2506 3864 illi
2535 3809 2882 3878 scripserunt,
2909 3808 2994 3866 vel
3015 3819 3118 3866 tuae
3144 3819 3428 3869 sussemet
3448 3821 3694 3868 senectu-

2135 3900 2194 3963 ti,
2231 3914 2414 3957 verum
2461 3899 2693 3969 putasti,
2737 3898 2879 3978 quod
2923 3899 3126 3969 absque
3168 3899 3332 3962 omni,
3361 3897 3696 3957 dubitatione

2134 3991 2326 4046 falsum
2349 3990 2762 4058 hareticumque
2788 4002 2906 4044 esse
2929 3990 3204 4060 probatur.
3343 4040 3346 4043 .

2205 4078 2318 4133 XV.
2338 4075 2457 4153 .Sed
2481 4093 2623 4142 nunc
2650 4077 3098 4163 charitatem’has
3132 4093 3264 4134 mea
3287 4078 3584 4138 devotionis
3614 4079 3694 4136 le-

2134 4168 2368 4240 gentium
2390 4166 2653 4222 litterulas
2693 4165 2912 4236 supplex
2938 4167 3210 4238 deprecor,
3241 4168 3384 4239 quod
3416 4169 3547 4224 mihi
3586 4185 3696 4226 non

2135 4264 2358 4329 imputet
2381 4252 2534 4332 [ϐοά.
2561 4255 2759 4323 Paris.,
2797 4257 3080 4330 imputent]
3106 4265 3286 4312 notam
3327 4258 3695 4329 impatientia,

2134 4354 2259 4424 quia
2279 4352 2593 4424 quibusdam
2618 4351 2670 4406 in
2698 4349 2830 4406 locis
2847 4349 3152 4406 durioribus
3169 4350 3258 4421 pio
3278 4348 3424 4405 Patri
3447 4352 3697 4420 respondi

475 4429 773 4500 adoptionis
801 4429 1182 4501 superaddidit,
1218 4443 1378 4500 quam
1407 4425 1694 4482 inﬁdelitas
1723 4424 2030 4495 ﬁngentium
2063 4437 2116 4499 ι)
2141 4444 2335 4499 γπῶς.
2382 4441 2558 4498 causa
2598 4456 2772 4498 causa,
2808 4440 3113 4510 respondit.
3142 4446 3198 4496 ει
3237 4431 3437 4495 ναίω,
3477 4437 3697 4494 falsitati

477 4523 744 4576 contraria
771 4522 1076 4591 apostolicae
1097 4520 1219 4578 ﬁdei
1250 4521 1613 4592 superaddere"
1633 4521 1855 4578 studuit.

421 4619 426 4624 '
546 4609 680 4666 Illi.
711 4611 880 4671 Aliam
901 4627 1133 4683 quoque,
1151 4617 1312 4680 quam
1335 4613 1612 4684 hucusque
1631 4611 1808 4668 studui
1832 4609 2033 4683 [Fat-te,

477 4700 681 4774 distuli]
706 4701 1014 4768 eventilare,
1036 4702 1355 4760 sententiam
1372 4704 1537 4771 ponis
1555 4703 1872 4772 pravissimo
1897 4700 2040 4758 cnla-

477 4807 568 4848 mo
591 4791 935 4862 descriptam,
978 4793 1043 4847 de
1081 4790 1286 4852 eadem,
1325 4798 1387 4844 ut
1418 4791 1646 4856 asseris,
1672 4791 1893 4860 episwla
1917 4803 2039 4864 pro-

475 4880 641 4935 latam
669 4895 686 4933 :
717 4901 736 4931 ι
761 4879 937 4952 Atque
974 4880 1064 4943 ita,
1102 4878 1302 4948 inquis,
1327 4888 1382 4933 et
1415 4878 1583 4933 Filius
1612 4879 1707 4934 Dei
1733 4879 1890 4939 simul
1914 4893 2036 4934 cum

480 4971 697 5026 homine
722 4971 1001 5043 arlopﬁvus
1027 4970 1312 5034 dicitur,et
1333 4968 1476 5024 ﬁlius
1501 4969 1733 5029 hominis
1759 4969 2039 5038 adoptivus

478 5058 642 5116 simul
662 5074 787 5115 cum
811 5061 985 5116 Verbo
1005 5060 1216 5119 dicitur.
1244 5079 1262 5111 ι
1288 5059 1349 5113 In
1363 5057 1573 5115 caeteris
1592 5056 1865 5118 incredula
1889 5071 2040 5115 mens

481 5159 598 5214 tua,
632 5156 688 5202 et
719 5149 891 5220 impia.
906 5151 1189 5208 estimatio
1211 5151 1289 5204 "de
1318 5147 1646 5205 humanitate
1675 5145 2041 5202 tantummodo

480 5240 687 5296 erravit
708 5238 932 5305 Christi,
957 5244 1099 5296 nunc
1135 5257 1262 5298 vero
1291 5242 1355 5296 de
1389 5241 1663 5308 impietate
1696 5238 1763 5293 ad
1791 5239 2039 5306 impieta-

484 5329 920 5402 tetn.pervonisti
960 5333 1370 5395 atrocissimam,
1405 5330 1673 5385 afﬁrmans
1721 5327 1911 5381 Filium
1951 5327 2044 5382 Dei

481 5439 608 5478 cum
654 5423 870 5480 homine
915 5437 1034 5477 esse
1081 5423 1404 5491 adoptivum.
1455 5420 1754 5489 Statimque
1795 5433 2043 5485 perversa

557 5585 581 5612 ⁸
623 5573 799 5627 Tract.
841 5589 1038 5626 uxth
1073 5573 1122 5624 in
1150 5572 1328 5633 .10;ηι.⁸
1361 5587 1503 5625 num.
1537 5572 1590 5622 ὖ.

2139 4534 2408 4590 obviavit:
2462 4533 2738 4604 magisque
2787 4531 3230 4594 considerandum
3273 4540 3356 4589 est
3404 4531 3698 4602 legentibus

2140 4625 2268 4696 quid
2295 4624 2616 4689 dictum-sit,
2641 4637 2805 4695 quam
2824 4622 2946 4692 quis
2971 4619 3186 4676 dixerit.
3212 4619 3321 4676 Nec
3358 4620 3608 4691 quislibet
3641 4619 3696 4671 in

2142 4715 2335 4773 talibus
2361 4729 2458 4774 suo
2485 4712 2698 4774 nomine
2735 4710 2860 4784 [F.,
2902 4726 3002 4768 suo
3045 4711 3270 4784 nomini]
3314 4711 3698 4782 quaestionibus

2141 4805 2349 4862 laudem
2370 4794 2618 4874 appetere
2642 4800 2830 4866 debet;
2860 4800 2956 4857 sed
2976 4799 3189 4856 Christo
3215 4815 3341 4855 vero
3369 4799 3478 4854 Deo
3497 4807 3552 4853 et
3569 4811 3698 4856 vero

2143 4895 2280 4951 Filio
2305 4893 2398 4956 Dei
2419 4893 2630 4949 laudem
2649 4899 2705 4946 et
2729 4889 2950 4962 gloriam
2990 4897 3102 4946 toto
3127 4889 3303 4947 cordis
3329 4888 3618 4951 intellectu,
3643 4898 3700 4943 et

2143 4986 2364 5061 paciﬁco
2409 4986 2521 5042 oris
2552 4980 2726 5037 oﬁicio
2769 4994 3029 5051 (parere.
3069 4977 3172 5034 Sed
3206 4978 3362 5033 modo
3394 4976 3448 5030 in
3485 4986 3697 5045 portum

2143 5088 2337 5151 optate
2359 5075 2552 5149 quietis
2575 5072 2964 5144 pervenientes,
2991 5066 3280 5141 pauxillum
3320 5064 3432 5122 vela
3468 5065 3700 5135 depona-

2144 5186 2302 5240 mss;
2328 5155 2560 5229 debimm
2589 5163 2798 5236 corpori
2825 5162 3058 5232 quietem
3094 5155 3490 5227 indulgeamus,
3520 5164 3578 5209 ut
3605 5172 3700 5208 au-

2146 5272 2266 5315 rora
2291 5256 2561 5326 sequentis
2588 5253 2692 5308 diei
2713 5250 3045 5310 adveniente,
3065 5261 3185 5301 cum
3206 5259 3342 5302 nova
3365 5245 3478 5302 luce
3505 5260 3700 5300 novum

2146 5348 2288 5405 tertii
2317 5344 2480 5404 libelii
2507 5343 2763 5402 faciamus
2782 5337 3076 5392 exordium.
