4238 6230
601 386 1073 404 .,,-,-,,,,,...-....

651 264 749 322 271

1676 374 1891 384 ____—-

1479 253 1540 306 Β.
1581 252 1641 306 F.
1677 248 1895 304 ALBINI
1936 245 2063 301 SEU
2104 241 2374 299 ALCL‘INI
2413 236 2690 319 OPERUM
2725 234 2903 325 PARS
2938 232 3022 290 III.

1818 449 2276 528 EJUSDEM
2352 389 2715 523 ALBINI'

3768 222 3873 280 27$

1077 614 1184 677 DE
1222 607 1812 689 INCARNATIONE
1851 603 2166 667 CHRISTI
2206 602 2309 663 ET
2353 602 2458 662 DE
2498 596 2804 662 DUABUS
2844 594 2922 672 IN
2968 590 3072 652 EO
3114 588 3453 653 NATURIS

2044 724 2305 811 uBELLi
2343 739 2480 801 Duo

2008 847 2013 851 ’
2133 874 2381 917 uncsox

1614 1000 1728 1060 DE
1770 988 2183 1059 VERITATE
2220 993 2476 1056 ‘UNIUS
2511 987 2908 1081 PERSOME

2012 1118 2212 1174 LIBER
2252 1116 2502 1171 PRIMUS

1160 1249 1338 1346 QUI
1398 1247 1526 1324 ET
1580 1243 2019 1323 TERTIUS
2094 1242 2608 1321 ADVERSUS
2677 1236 3306 1349 ELIPANDUM.
3372 1224 3373 1227 η

718 1472 761 1527 ι.
787 1470 922 1524 Dum
951 1465 1151 1536 Spiritu
1177 1470 1360 1517 sancto
1377 1460 1705 1531 gubernante
1723 1452 1980 1511 orationis
2012 1460 2207 1507 nostra:
2232 1457 2283 1513 Δ
2307 1440 2682 1517 ascenderunt,
2728 1461 2783 1505 et
2820 1459 3121 1521 spectemus
3155 1452 3282 1522 quid
3324 1453 3651 1509 revertentes
3676 1466 3872 1511 renum

653 1560 922 1629 navigium
946 1557 1012 1610 de
1039 1552 1265 1624 fragosis
1291 1547 1707 1618 disputationum
1742 1545 1883 1599 locis,
1899 1542 1966 1598 ad
1995 1552 2207 1613 portum

654 1651 834 1704 libera:
853 1644 1132 1701 locutionis
1152 1640 1453 1710 perveniret
1479 1635 1631 1709 [Cod.
1680 1632 1874 1698 Paris.,
1903 1630 2205 1702 pervenit];

653 1746 709 1793 et
733 1748 884 1790 rosea
907 1731 1107 1787 cmlesti
1131 1729 1327 1795 lumine
1346 1740 1537 1780 aurora
1556 1723 1733 1798 oculis
1743 1720 1967 1791 refulget
1987 1720 2204 1785 nostris,

652 1835 707 1880 et
746 1820 1004 1893 ﬂorigeris
1046 1821 1281 1888 riparum
1328 1814 1552 1870 collibus
1588 1813 1785 1867 diversi
1824 1810 2019 1865 coloris
2044 1811 2206 1865 nobis

650 1924 803 1985 prata
828 1916 1117 1981 apparent;
1155 1920 1337 1961 eamus
1368 1918 1464 1975 per
1486 1901 1871 1971 pulcherrimas
1904 1908 2207 1954 sanctorum

651 2005 868 2059 Patrum
895 1998 1253 2070 possessiones
1278 1994 1435 2049 liores
1470 1993 1742 2061 colligere,
1780 1992 1847 2046 ad
1888 2004 2208 2058 componen-

651 2092 773 2146 dam
793 2088 950 2159 capiti
975 2092 1175 2149 nostro,
1208 2083 1262 2138 id
1288 2090 1371 2136 est
1395 2080 1609 2135 Christo
1643 2078 1769 2133 Jesu
1786 2117 1802 2142 ,
1831 2077 2208 2132 ecclesiastica:

650 2177 892 2234 veritatis
918 2187 1189 2230 coronam.
1218 2170 1286 2224 Et
1306 2169 1482 2238 primo
1507 2167 1746 2220 omnium
1768 2181 1870 2235 per
1905 2163 2207 2219 amoenissi-

650 2262 766 2321 mas
808 2262 1075 2318 Jordanici
1125 2259 1263 2313 ruris
1310 2258 1454 2326 ripas
1500 2253 1687 2309 humili
1722 2253 1916 2317 corde,
1956 2267 2086 2307 aure
2127 2251 2207 2305 in-

651 2364 812 2416 tenta,
837 2352 1042 2408 cervice
1065 2349 1334 2409 inclinata,
1359 2344 1693 2400 sanctissima
1723 2343 2016 2397 Salvatoris
2036 2340 2205 2397 nostri

648 2443 949 2499 osculantes
984 2439 1224 2508 vestigia,
1264 2435 1593 2506 pedetentim
1634 2433 1985 2504 procedamus
2023 2433 2207 2505 audire

648 2540 881 2601 paternae
914 2528 1059 2583 vocis
1103 2525 1463 2581 testimonium
1494 2524 1559 2577 de
1598 2521 1823 2576 Domino
1863 2527 2047 2579 nostro
2081 2518 2206 2574 Jesu

648 2623 882 2685 Christo,
911 2620 1000 2688 qui
1021 2616 1291 2687 purissimi
1320 2613 1455 2668 alvei
1486 2605 1698 2665 undulis
1732 2626 1761 2664 a
1789 2612 1945 2667 beato
1970 2626 2207 2681 pnecur-

650 2726 770 2764 sort:
793 2709 994 2763 Joanne
1022 2706 1323 2774 baptizatus
1345 2710 1446 2757 est.

2307 1540 2440 1594 ticnt
2461 1540 2632 1605 nobis,
2653 1539 2781 1609 quid
2804 1541 3054 1606 viderint,
3074 1540 3159 1595 vel
3179 1541 3305 1611 quid
3328 1541 3612 1597 audierint.
3637 1541 3743 1597 Sed
3767 1544 3871 1600 illis

2305 1630 2749 1686 descendentibus
2775 1631 2899 1685 data
2921 1639 3046 1686 sunt
3068 1632 3147 1686 eis
3166 1638 3455 1701 prmcepta,
3485 1634 3661 1687 celare
3681 1632 3795 1688 visa
3816 1641 3873 1687 et

2305 1722 2503 1785 audita,
2548 1721 2715 1776 donec
2761 1722 2901 1775 ﬁlius
2942 1721 3173 1776 hominis
3217 1737 3246 1774 a
3290 1722 3517 1777 mortuis
3567 1731 3871 1793 resurgeret

2306 1809 2518 1880 (Matth.
2546 1809 2698 1880 xvu).
2728 1809 2897 1863 Tanta
2925 1807 3026 1863 fuit
3061 1809 3228 1879 gloria
3258 1810 3480 1865 visionis
3516 1820 3573 1865 et
3616 1810 3869 1881 maiestas

2304 1892 2453 1953 vocis
2478 1906 2735 1966 paternae,
2764 1906 2825 1953 ut
2843 1913 2949 1952 non
2977 1898 3164 1953 liceret
3193 1898 3390 1954 mundo
3408 1898 3523 1954 haec
3551 1900 3866 1967 pmdicare,

2303 1981 2474 2043 donec
2500 1980 2668 2058 gloria
2690 1989 3099 2067 resurrectionis
3123 1997 3341 2058 peracta
3369 1995 3530 2044 esset.
3554 1989 3693 2045 Ecce
3713 1990 3870 2045 modo

2303 2076 2549 2133 Christus
2574 2078 2720 2132 omni
2756 2076 3151 2147 dispensatione
3189 2080 3378 2134 salutis
3414 2088 3613 2134 nosme
3651 2088 3868 2149 peracta
3950 2112 3953 2113 ν

2305 2168 2454 2222 sedet
2480 2182 2511 2220 a
2537 2167 2740 2237 dextris
2784 2167 2917 2221 Dei:
2957 2168 3138 2222 dicant
3182 2167 3408 2236 apostoli
3447 2168 3615 2222 libera
3640 2184 3772 2224 voce
3815 2178 3871 2223 et

2302 2255 2512 2327 publica
2557 2256 2933 2325 pmdicatione
2968 2256 3095 2325 quid
3137 2258 3405 2313 audierint
3446 2259 3524 2312 vel
3554 2260 3682 2328 quid
3718 2259 3868 2314 vide-

2304 2346 2413 2399 rint
2440 2364 2453 2399 :
2497 2344 2749 2410 Vidimus,
2777 2355 2993 2402 sanctus
3019 2346 3193 2417 inquit
3219 2346 3452 2404 Joannes
3479 2364 3618 2404 unus
3646 2350 3711 2404 de
3745 2349 3871 2404 ﬁliis

2306 2428 2542 2499 tonitt‘tii,
2571 2435 2788 2506 gloriam
2809 2436 2945 2505 ejus,
2982 2435 3200 2507 gloriam
3228 2439 3377 2507 quasi
3406 2437 3657 2508 unigeniti
3693 2457 3726 2493 a
3757 2438 3870 2494 Pa-

2304 2533 2402 2588 tre,
2433 2523 2641 2593 plenum
2674 2526 2848 2593 gratia
2877 2534 2924 2578 et
2955 2526 3165 2579 veritate
3189 2525 3368 2596 (Joan.
3388 2542 3434 2592 1,
3463 2526 3582 2597 li);
3609 2544 3770 2583 unam
3796 2529 3871 2584 si-

2304 2615 2517 2681 quidem
2545 2613 2853 2684 signiﬁcans
2879 2627 3183 2683 personam,
3220 2615 3275 2669 in
3301 2630 3408 2684 qua
3448 2623 3533 2670 est
3556 2618 3731 2672 omnis
3754 2618 3868 2687 ple-

2305 2705 2753 2760 nitudoveritatis
2780 2715 2834 2761 et
2869 2706 3074 2776 gratim,
3118 2720 3280 2775 super
3302 2722 3464 2775 quam
3489 2708 3605 2763 hac
3630 2723 3735 2764 vox
3775 2724 3871 2779 pa-
3910 2760 3915 2767 .

716 2800 776 2853 ll.
810 2797 992 2852 Refert
1016 2773 1277 2864 siquidem
1314 2794 1515 2860 Lucas,
1546 2811 1683 2850 unus
1721 2796 1786 2850 de
1812 2795 1891 2849 bis
1928 2794 2068 2849 binis
2091 2795 2206 2848 ani-
2234 2773 2281 2834 Β
2309 2802 2471 2848 ternae
2496 2773 2892 2850 testiﬁcationis
2912 2789 3066 2849 allata
3096 2773 3198 2851 eSt.
3228 2773 3637 2852 Consideremus
3658 2773 3871 2868 quoque

652 2889 876 2945 malibus
906 2887 1031 2941 olim
1061 2884 1429 2955 praeordinatis
1463 2883 1833 2955 Redemptoris
1877 2885 2046 2938 nostri
2074 2884 2205 2939 scri-

646 2981 774 3033 bere
802 2974 1077 3039 miracula,
1108 2974 1248 3045 quod
1273 2974 1417 3029 omni
1458 2974 1651 3044 popqu
1679 2975 1949 3044 baptizato
1967 3014 1982 3039 ,
2011 2985 2064 3028 et
2092 2976 2205 3044 ipso

646 3068 770 3124 Jesu
815 3066 1116 3136 baptizato,
1162 3065 1587 3133 ascendenteque
1632 3065 1696 3117 de
1740 3079 1876 3133 aqua
1906 3073 1960 3118 et
1991 3074 2202 3131 orante,

649 3158 877 3227 Spiritus
909 3164 1124 3211 sanctus
1149 3155 1203 3207 in
1244 3154 1422 3222 specie
1463 3153 1719 3207 columba:
1748 3154 2021 3209 descendit
2046 3170 2206 3224 super

648 3262 791 3309 eum,
830 3254 884 3298 et
920 3260 1023 3298 vox
1052 3242 1237 3297 aeterni
1279 3242 1455 3295 Patris
1494 3242 1561 3294 ad
1603 3256 1724 3295 eum
1764 3243 1829 3297 de
1856 3244 1990 3298 cmlo
2027 3243 2199 3299 facta:

655 3336 731 3388 Tu
774 3352 826 3389 es
868 3333 1035 3388 Filius
1074 3350 1215 3386 meus
1255 3332 1488 3396 dilectus,
1536 3333 1591 3385 in
1637 3342 1685 3386 te
1731 3333 2035 3403 complacuit
2078 3336 2203 3389 mihi

651 3425 797 3494 (Luc.
823 3440 900 3486 tu,
927 3422 1036 3493 22).
1063 3422 1131 3476 Et
1156 3437 1221 3475 ne
1250 3420 1387 3475 forte
1414 3421 1629 3475 dubium
1657 3430 1799 3477 esset
1831 3423 1969 3476 inter
1996 3432 2200 3490 tantos,

646 3516 739 3583 qui
769 3514 840 3567 ibi
870 3521 995 3565 tunc
1019 3511 1271 3579 temporis
1292 3509 1505 3564 fuerunt
1528 3519 1836 3578 prasentes,
1868 3525 2026 3579 super
2044 3526 2201 3579 quem

648 3605 761 3658 lucc
782 3617 883 3656 vox
905 3600 1045 3654 facta
1077 3597 1282 3662 fuisset,
1307 3598 1450 3653 dicat
1476 3598 1590 3667 ipSe
1609 3599 1947 3653 beatissimus
1968 3600 2203 3668 Baptista

646 3696 772 3764 quid
796 3694 1032 3756 vidisset,
1062 3691 1188 3759 quid
1215 3690 1467 3752 audisset,
1496 3690 1586 3758 qui
1616 3689 1748 3745 vidit
1779 3686 1958 3743 Jcsum
1985 3691 2203 3745 venien-

533 3781 552 3797 ⁹
648 3792 753 3838 tem
781 3783 847 3837 ad
866 3798 944 3845 se,
969 3790 1022 3835 et
1046 3781 1121 3834 ait
1146 3798 1158 3832 :
1199 3779 1333 3832 Ecce
1357 3772 1533 3849 Agnus
1554 3777 1667 3842 Dei,
1691 3795 1805 3832 ecce
1825 3780 1911 3848 qui
1938 3779 2067 3832 tollit
2086 3796 2202 3849 pec-

649 3884 763 3927 cata
804 3872 1020 3925 mundi:
1057 3870 1141 3922 hic
1171 3878 1243 3921 est
1279 3884 1428 3937 quem
1472 3868 1581 3921 dixi
1625 3868 1782 3933 vobis,
1810 3880 1922 3937 post
1946 3884 2026 3922 me
2067 3871 2199 3923 venit

652 3963 726 4014 rir
752 3960 927 4028 (Joan.
957 3975 994 4020 ι,
1022 3957 1109 4021 29,
1134 3956 1243 4025 50).
1268 3956 1477 4046 tignum
1504 3958 1653 4020 dixit,
1678 3958 1847 4011 virum
1877 3958 2030 4021 dixit,
2063 3966 2115 4013 ct
2136 3960 2201 4013 de

649 4068 712 4105 eo
743 4049 1102 4104 testimonium
1148 4044 1451 4116 perhibuit:
1495 4044 1629 4110 Quia
1668 4048 1769 4099 ridi
1809 4046 2061 4116 Spiritum
2102 4048 2201 4101 Dei

2305 2884 2430 2954 quid
2454 2885 2591 2939 idem
2613 2886 2799 2941 beatus
2819 2887 3141 2955 evangelista
3159 2887 3386 2942 recubus
3397 2889 3631 2958 pectoris
3644 2887 3868 2954 Christi,

2306 2975 2356 3027 in
2385 2974 2619 3044 Epistola
2645 2991 2741 3031 sua
2770 2978 2836 3031 de
2860 2976 3046 3031 eadem
3067 2978 3293 3031 sentiret
3311 2992 3465 3045 voce,
3488 2979 3602 3048 qui,
3623 2989 3746 3048 post
3765 2980 3868 3034 alia

2305 3062 2472 3116 multa
2510 3064 2753 3118 veritatis
2780 3065 3081 3119 testimonia
3120 3080 3239 3134 qua:
3279 3065 3344 3119 de
3374 3064 3587 3122 Christo
3612 3068 3865 3136 protulit:

2305 3146 2362 3204 Si
2383 3151 2749 3217 testimonium,
2784 3152 2974 3221 inquit,
3002 3153 3265 3206 hominum
3299 3155 3612 3225 accepimus,
3636 3158 3867 3212 testimo-

2304 3239 2445 3291 nium
2487 3238 2585 3291 Dei
2622 3239 2793 3308 majus
2837 3249 2943 3305 est,
2986 3242 3230 3310 quoniam
3271 3242 3367 3295 hoc
3395 3252 3472 3297 est
3518 3246 3867 3300 testimonium

2304 3325 2400 3380 Dei
2416 3326 2552 3395 quod
2584 3328 2756 3396 majus
2789 3338 2898 3393 est,
2925 3329 3047 3399 quia
3075 3330 3381 3398 testiﬁcatus
3400 3344 3473 3386 est
3498 3333 3561 3387 de
3590 3332 3730 3389 Filio
3750 3353 3866 3403 suo,

2301 3416 2389 3485 qui
2417 3416 2578 3469 credit
2602 3416 2658 3469 in
2686 3414 2829 3471 Filio
2859 3417 2982 3482 Dei,
3032 3419 3179 3473 habet
3218 3423 3563 3477 testimonium
3608 3425 3705 3479 Dei
3734 3427 3789 3480 in
3815 3444 3868 3481 se

2304 3503 2355 3574 (1
2371 3504 2529 3557 Joan.
2544 3518 2599 3568 v,
2617 3503 2794 3575 9,10).
2810 3506 3054 3577 Magnum
3076 3515 3158 3563 est
3178 3511 3538 3566 testimonium
3562 3511 3869 3571 Przecurso-

2302 3592 2397 3655 ris,
2424 3593 2513 3661 qui
2542 3593 2738 3649 missus
2772 3605 2855 3649 est
2895 3606 2950 3650 ut
2990 3598 3336 3653 testimonium
3347 3601 3639 3678 perhiberet
3681 3604 3747 3657 de
3783 3605 3869 3658 lu-
3942 3674 3946 3679 ο

2302 3686 2458 3749 utine,
2494 3695 2553 3738 ut
2590 3702 2765 3741 omnes
2811 3690 3075 3743 crederent
3114 3708 3206 3761 per
3245 3692 3413 3745 illum.
3454 3692 3543 3747 Ait
3578 3695 3719 3749 enim
3752 3698 3867 3753 viso

2271 3772 2504 3842 .Spiritu
2529 3785 2714 3831 sancto
2743 3778 3097 3855 descendente
3122 3780 3177 3833 in
3214 3781 3539 3850 baptizatum
3564 3782 3746 3839 Iesum
3765 3827 3779 3851 ,
3811 3796 3866 3841 et

2300 3864 2478 3917 audita
2505 3878 2636 3919 voce
2663 3874 2898 3934 paterna:
2920 3867 3216 3938 maiestatis
3240 3887 3254 3923 :
3285 3870 3355 3924 Et
3385 3888 3476 3943 ego
3502 3874 3627 3937 vidi,
3648 3884 3696 3927 et
3725 3878 3865 3931 testi-

2300 3954 2527 4007 monium
2545 3956 2802 4023 perhibui,
2824 3959 2947 4027 quia
2969 3959 3050 4012 hic
3072 3969 3145 4014 est
3175 3958 3345 4015 Filius
3370 3961 3468 4016 Dei
3488 3963 3667 4033 (Joan.
3689 3982 3729 4029 ι,
3749 3966 3861 4039 54),

2301 4040 2405 4113 Sed
2430 4042 2599 4095 multo
2624 4043 2795 4111 majus
2820 4054 2903 4099 est
2921 4046 3015 4099 Dei
3039 4050 3422 4115 testimonium,
3444 4052 3583 4121 quod
3610 4056 3865 4131 testiﬁca-

648 4139 1031 4193 descendentem
1059 4157 1210 4209 super
1238 4156 1373 4196 eum.
1416 4138 1632 4193 Addidit
1669 4153 1896 4207 quoque,
1928 4140 2068 4193 unde
2096 4140 2203 4193 sci-
2230 4118 2273 4178 θ
2307 4138 2393 4183 lus
2433 4138 2516 4184 εει
2559 4132 2637 4205 ἀθ,
2663 4131 2800 4187 Filio
2848 4149 2970 4198 δυο»
2998 4150 3125 4191 Cum
3156 4138 3220 4193 de
3253 4138 3387 4195 00310
3415 4118 3561 4196 illum
3588 4128 3863 4213 θυοαιέεηε

651 4236 749 4290 ret,
780 4229 897 4296 quis
916 4236 1077 4291 esset,
1101 4228 1166 4281 de
1188 4244 1292 4295 quo
1313 4228 1669 4283 testimonium
1695 4228 1989 4295 perhibuit:
2019 4226 2083 4279 Et
2112 4245 2204 4297 ego
2230 4288 2231 4291 η

651 4319 931 4371 nesciebam
969 4334 1117 4380 eum,
1155 4318 1240 4371 sed
1268 4320 1354 4387 qui
1379 4320 1544 4389 896
1566 4320 1705 4372 misit
1742 4334 1821 4372 me
1847 4319 2107 4387 baptizare
2151 4319 2201 4371 iu

650 4394 806 4479 aqua,
836 4409 921 4460 ille
950 4410 1073 4461 mihi
1098 4407 1243 4473 dixit,
1274 4426 1426 4477 super
1444 4426 1594 4477 quem
1619 4411 1801 4463 videris
1832 4409 2083 4479 Spiritum
2110 4412 2201 4463 de-

650 4499 992 4561 scendentem,
1020 4507 1066 4551 et
1090 4508 1374 4551 manentem
1402 4514 1553 4567 super
1578 4514 1716 4561 eum,
1737 4499 1818 4550 hic
1838 4508 1909 4551 est
1930 4500 2017 4568 qui
2042 4500 2205 4568 bapti-

654 4598 734 4637 zat
762 4588 813 4639 in
842 4585 1033 4655 Spiritu
1056 4596 1231 4639 sancto
1255 4600 1270 4636 :
1297 4596 1347 4636 et
1370 4603 1461 4656 ego
1490 4586 1614 4651 vidi,
1648 4596 1695 4639 et
1722 4587 2065 4640 testimonium
2090 4605 2203 4655 per-

605 4740 610 4745 ,
651 4674 813 4736 hibui,
834 4676 955 4743 quia
978 4676 1058 4725 hic
1086 4684 1158 4726 est
1182 4672 1348 4727 Filius
1372 4674 1467 4728 Dei
1492 4674 1651 4746 (Ibid.
1680 4692 1806 4729 vers.
1839 4676 2041 4745 51-54).
2066 4677 2202 4731 Ecce

652 4764 1011 4817 testimonium
1053 4764 1225 4817 Patris
1250 4766 1315 4819 de
1340 4780 1403 4819 eo
1439 4768 1527 4833 qui
1566 4766 1862 4836 baptizatus
1887 4777 2007 4821 est:
2048 4768 2123 4821 Tu
2150 4786 2201 4821 es

652 4854 822 4909 Filius
846 4873 986 4910 meus
1008 4856 1245 4920 dilectus,
1268 4858 1321 4909 in
1338 4867 1383 4910 te
1404 4860 1529 4912 mihi
1552 4861 1877 4929 complacuit.
1902 4863 2036 4915 Ecce
2056 4865 2203 4916 testi-

654 4946 885 4997 monium
914 4944 1055 4999 beati
1092 4943 1347 4999 Joannis:
1391 4945 1459 4998 Et
1494 4962 1584 5015 ego
1610 4948 1734 5013 vidi,
1772 4958 1819 5002 et
1859 4952 2201 5004 testimonium

653 5033 903 5100 perhibui,
933 5036 1055 5103 quia
1082 5036 1164 5087 hic
1190 5044 1267 5087 est
1294 5032 1463 5087 Filius
1488 5034 1602 5088 Dei.
1638 5035 1806 5101 Quem
1836 5039 2041 5105 Agnum
2078 5041 2199 5105 Dei,

656 5137 811 5190 quem
856 5124 1027 5175 virum
1073 5125 1383 5189 nominavit,
1425 5126 1565 5179 hunc
1608 5141 1670 5178 ex
1711 5127 2052 5194 inspiratione
2078 5133 2202 5185 mit-

657 5210 816 5264 tentis
843 5225 900 5264 se
923 5212 989 5263 ad
1017 5210 1386 5278 baptizandum
1412 5214 1524 5267 sine
1551 5214 1710 5268 dubio
1734 5214 1924 5269 Filium
1952 5218 2042 5273 Dei
2069 5236 2198 5289 pm

658 5303 869 5355 dicavit.

727 5390 806 5441 ιιι.
841 5391 929 5445 llis
956 5392 1007 5444 in
1051 5390 1272 5445 collibus
1301 5389 1564 5447 Jordaniei
1594 5393 1823 5450 ﬂuminis
1851 5397 2063 5461 auditis,
2111 5413 2199 5452 se-

2304 4220 2376 4272 ait
2403 4238 2414 4272 :
2441 4219 2517 4273 Tu
2545 4238 2598 4275 es
2626 4220 2673 4273 F
2675 4222 2795 4277 ilius
2822 4240 2964 4278 meus
2983 4226 3219 4292 dilectus,
3240 4230 3295 4280 in
3316 4234 3364 4282 te
3382 4230 3691 4300 complacuit
3712 4233 3859 4287 mihi.

2303 4308 2595 4364 Audiamus
2618 4312 2780 4365 etiam
2822 4315 3086 4382 quomodo
3126 4317 3263 4370 idem
3307 4320 3628 4389 evangelista
3670 4323 3864 4378 terruit

2304 4414 2408 4451 non
2432 4399 2713 4473 credentes
2742 4402 3019 4457 veritatem
3055 4404 3107 4457 iu
3141 4404 3275 4459 Filio
3303 4405 3414 4472 Dei,
3445 4410 3536 4478 qui
3557 4409 3859 4478 huiusmodi

2302 4484 2562 4540 subinfert
2598 4486 2759 4541 verba
2800 4487 3129 4547 formidinis:
3167 4492 3269 4558 Qui
3308 4511 3408 4549 non
3445 4500 3607 4552 credit
3634 4500 3689 4553 in
3720 4499 3859 4555 Filio

2302 4574 2420 4638 Dei,
2449 4574 2745 4628 mendacem
2793 4576 2918 4645 facit
2955 4580 3142 4646 Deum,
3179 4585 3423 4651 quoniam
3468 4602 3570 4639 non
3617 4588 3779 4642 credit
3804 4592 3860 4642 in

2302 4664 2590 4717 testimonio
2630 4666 2765 4734 quod
2809 4668 3112 4736 testiﬁcatus
3158 4680 3233 4723 est
3282 4671 3423 4726 Deus
3472 4674 3536 4727 de
3582 4673 3723 4730 Filio
3764 4694 3859 4731 suo

2304 4752 2356 4823 (I
2379 4754 2535 4807 Joan.
2564 4770 2618 4819 v,
2651 4755 2757 4826 lO).
2790 4757 2925 4822 Quid
2972 4760 3193 4827 impius,
3237 4762 3364 4829 quid
3392 4765 3701 4831 scelestius,
3732 4770 3859 4836 quil

2300 4843 2445 4897 omni
2494 4845 2694 4899 malitia
2731 4845 2914 4915 pejus,
2943 4862 3101 4915 quam
3142 4864 3247 4903 non
3290 4852 3509 4907 credere
3556 4854 3860 4912 testimonio

2302 4932 2428 4998 Dei;
2456 4950 2686 4989 renuens
2712 4949 2897 4989 verum
2926 4936 3016 4990 Dei
3039 4937 3228 4992 Filium
3257 4954 3397 5004 esse,
3424 4941 3489 4995 de
3510 4954 3857 5014 quopaterna

2302 5036 2402 5075 vox
2430 5023 2541 5075 ait:
2582 5022 2658 5076 Tu
2693 5039 2744 5077 es
2786 5022 2958 5078 Filius
2986 5042 3128 5082 meus
3169 5028 3433 5083 dilectus?
3477 5031 3629 5098 Quod
3672 5036 3858 5091 beatus

2301 5110 2621 5179 evangelista
2671 5112 2864 5193 iterum
2922 5114 3220 5184 iterumque
3280 5119 3551 5178 inculcans
3596 5125 3884 5194 replicat:_

2303 5195 2525 5261 Scimus,
2564 5199 2821 5268 inquiens,
2850 5205 3092 5272 quoniam
3123 5202 3295 5261 Filius
3324 5208 3421 5262 Dei
3449 5214 3605 5277 venit,
3641 5222 3689 5265 et
3717 5213 3858 5268 dedit

2302 5288 2447 5339 nobis
2474 5305 2695 5352 sensum,
2726 5302 2780 5343 ut
2805 5309 3167 5361 cognoscamus
3194 5313 3365 5351 verum
3403 5299 3591 5366 Deum,
3620 5312 3666 5355 et
3693 5304 3857 5361 simus

2302 5374 2356 5425 iu
2379 5390 2495 5427 vero
2525 5375 2662 5433 Filio
2684 5379 2795 5447 ejus
2819 5370 3187 5437 Jesu‘Ckristo
3215 5384 3396 5455 (Ibid.,
3424 5404 3553 5442 rers.
3582 5388 3693 5462 20).
3718 5392 3859 5459 Quid

614 5477 620 5483 ’
660 5492 899 5542 qunmur,
944 5480 1063 5534 licet
1102 5496 1130 5533 a
1170 5478 1342 5545 longe,
1378 5482 1597 5547 vestigia
1626 5482 1900 5537 beatorum
1942 5485 2202 5551 apostolo-

2304 5474 2441 5526 cnim
2472 5476 2707 5544 apertius
2742 5477 2825 5531 his
2850 5479 3024 5534 verbis
3043 5520 3056 5545 ,
3104 5484 3235 5551 quid
3262 5485 3487 5552 dulcius,
3517 5492 3644 5559 quid
3669 5494 3859 5547 adver-

665 5580 796 5625 rum,
830 5566 915 5636 qui
944 5583 1057 5622 cum
1090 5568 1299 5623 Clu-iste
1334 5568 1652 5623 sanctissimi
1697 5573 1969 5626 cacumina
2008 5575 2203 5627 montis

2306 5589 2395 5631 sus
2424 5589 2606 5629 omnes
2640 5575 2867 5631 haereses
2897 5577 3082 5634 fortius
3119 5584 3290 5650 potuit
3321 5582 3463 5640 dici?
3500 5588 3745 5646 Christus
3774 5599 3855 5645 est
