4238 6198
392 247 498 302 973
599 274 602 277 ·

1057 243 1471 300 DOGMATICA.
1509 273 1580 284 ——
1616 243 1774 300 ADV.
1810 242 2204 301 ELIPANDUM
2239 243 2417 303 LIBRI
2452 245 2538 301 lV.
2574 273 2643 284 -—
2670 244 2792 298 LIB.
2832 243 2916 298 Ill.

3491 245 3596 299 2³14

398 371 556 414 verus
582 353 749 410 Filius
790 354 900 416 Dei,
932 363 985 408 et
1015 355 1190 409 omnis
1231 355 1430 410 veritas
1461 355 1516 410 in
1550 370 1617 411 eo
1635 363 1771 432 est;
1813 357 1954 412 sicut
1975 353 2026 415 Δ
2053 353 2226 426 Super
2251 373 2369 412 eam
2400 355 2658 425 siquidem
2692 364 2959 420 naturam,
2982 370 3099 424 quae
3118 363 3240 409 ante
3266 356 3446 412 oculos
3469 373 3600 428 apo-

399 449 512 520 ipse
539 447 592 501 in
617 445 904 516 Evangelio
935 445 1044 498 ait:
1082 444 1193 514 Ego
1217 461 1332 498 sum
1356 445 1542 499 veritas
1564 455 1614 500 et
1642 448 1745 501 vita
1773 446 1951 520 (Joan.

400 517 507 598 xiv,
536 534 611 606 6).
649 533 726 588 De
754 535 980 589 veritate
1000 533 1204 590 Christi
1223 533 1318 589 Dei
1347 534 1515 588 nostri
1535 536 1728 607 saepius
1751 517 1842 607 qui
1868 517 1955 593 su-

399 640 496 696 pra
531 633 794 689 testatur;
836 625 912 678 ait
940 626 1082 680 enim
1126 625 1178 678 in
1216 623 1435 693 praefata
1464 624 1698 694 Epistola
1726 628 1954 697 quodam

400 714 553 769 loco:
596 712 664 766 Et
693 711 920 783 Spiritus
942 723 1037 778 est,
1065 713 1154 782 qui
1179 712 1502 780 testificatur,
1536 716 1780 784 quoniam
1806 711 1957 770 Chri-

400 811 508 858 stus
535 812 609 856 est
635 804 819 856 veritas
847 801 899 874 (1
924 802 1082 856 Joan.
1109 817 1164 866 v,
1188 799 1262 870 6).
1290 800 1418 855 Item
1442 819 1464 854 :-
1496 802 1800 874 Quicunque
1831 821 1956 858 con-

403 891 570 960 fessus
598 891 752 955 fuerit
771 892 1016 961 quoniam
1037 891 1191 945 Iesus
1219 904 1290 947 est
1327 891 1498 948 Filius
1521 893 1638 958 Dei,
1666 892 1804 947 Deus
1823 894 1878 946 in
1899 909 1957 947 eo

401 990 595 1046 manet,
622 990 670 1035 et
693 982 876 1050 ipsein
903 981 1014 1035 Deo
1042 981 1094 1050 (1
1119 983 1276 1036 Joan.
1303 1000 1375 1048 IV,
1401 983 1476 1054 5).
1501 977 1669 1051 Quem
1692 999 1820 1054 ergo
1841 983 1961 1053 Spi-

403 1077 540 1130 ritus
584 1085 800 1130 sanctus
847 1076 1125 1129 veritatem
1167 1070 1450 1144 praedicat,
1493 1076 1729 1144 Baptista
1765 1076 1958 1129 Filium

406 1165 498 1220 Dei
523 1179 710 1220 verum
753 1167 986 1236 agnovit,
1030 1166 1361 1236 evangelista
1385 1166 1652 1220 multoties
1679 1166 1958 1228 veritatem

406 1254 670 1326 appellat;
712 1265 771 1309 ut
790 1245 1078 1310 credamus
1099 1245 1428 1324 firmiterque
1451 1264 1726 1312 teneamus
1747 1269 1982 1309 omnem-

383 1346 690 1400 veritatem
722 1358 842 1398 esse
873 1344 926 1398 in
959 1343 1173 1399 Christo
1199 1335 1344 1398 Jesu.
1379 1343 1612 1400 Taceant
1632 1343 1960 1414 blasphemi,

413 1435 507 1502 qui
534 1433 676 1487 hunc
705 1446 893 1486 verum
935 1431 1100 1485 Deum
1125 1428 1210 1484 vel
1248 1446 1432 1486 verum
1460 1433 1553 1487 Dei
1578 1432 1770 1487 Filium
1799 1433 1961 1487 dene—

410 1528 577 1591 gant;
612 1528 902 1590 pereatque
925 1518 1182 1574 memoria
1210 1519 1490 1573 eorumde
1510 1526 1681 1582 terra,
1711 1519 1810 1586 qui
1831 1519 1964 1573 scri-

415 1612 602 1667 bentes
624 1611 956 1681 scripserunt
990 1609 1344 1679 iniquitatem,
1390 1616 1464 1662 ut-
1490 1608 1800 1662 subvertant
1826 1623 1856 1660 a
1879 1607 1962 1660 via

2055 445 2311 499 stolorum
2341 444 2713 514 transﬁgurata
2737 450 2842 508 est,
2867 443 2980 496 haec
3005 457 3105 497 vox
3132 441 3270 498 facta
3296 451 3398 509 est,
3421 454 3478 498 ut
3497 447 3604 500 sci-

2055 545 2176 590 rent
2216 536 2491 590 audientes
2511 549 2636 602 qum
2662 532 2934 588 distinctio
2978 540 3122 586 esset
3164 533 3303 587 inter
3339 533 3482 587 illum
3504 576 3518 601 ,
3545 543 3600 588 et

2057 624 2271 695 Moysen
2345 625 2655 694 Eliamque,
2712 624 2804 692 qui
2852 638 2986 678 cum-
3024 638 3090 678 eo
3144 634 3503 692 apparuerunt
3551 627 3602 679 in

2015 787 2019 793 ι
2074 723 2273 779 nonte;
2304 714 2385 768 vel
2410 729 2583 782 quem
2617 714 2838 768 credere
2870 713 3170 783 mundoque
3198 715 3484 782 prtedicare
3511 716 3602 770 de-

2056 803 2314 877 buissent.-
2345 802 2498 856 Nulla
2524 802 2683 869 igitur
2708 801 3015 873 imaginatio
3036 815 3134 855 nec
3155 801 3208 854 in
3221 801 3350 856 Filii
3371 803 3608 866 nomine,

2056 908 2155 948 nec
2183 895 2233 948 in
2262 893 2447 948 salutis
2473 901 2667 948 nostra:
2705 891 3095 960 dispensatione
3131 891 3182 944 in
3213 890 3426 946 Christo
3467 889 3602 956 fuit;

2058 985 2150 1038 sed
2175 993 2285 1038 tota
2319 986 2517 1039 veritas
2557 991 2612 1038 et
2647 983 2837 1038 divina:
2865 983 3145 1050 potestatis
3175 982 3464 1051 plenitudo,
3498 991 3608 1038 tota
3653 1031 3658 1034 .

2059 1082 2254 1128 nostra:
2288 1074 2474 1128 salutis
2501 1072 2758 1142 perfectio
2797 1081 2957 1142 atque
2984 1073 3390 1127 consummatio.
3421 1073 3611 1143 Imagi-

2059 1162 2204 1216 natio
2232 1163 2470 1231 quadam
2502 1163 2552 1215 in
2576 1161 2699 1215 ﬁliis
2726 1161 2862 1215 solet
2887 1175 3006 1217 esse
3033 1163 3316 1232 ad0ptivis,
3339 1178 3444 1218 non
3470 1165 3610 1218 veri-

2062 1253 2185 1308 tatis
2211 1253 2518 1322 integritas;
2541 1254 2680 1321 quod
2710 1253 2927 1322 impium
2948 1262 3029 1308 est
3058 1254 3112 1306 in
3131 1253 3344 1308 Christo
3370 1258 3607 1309 credere.

2063 1339 2168 1396 Sed
2191 1343 2365 1395 omnis
2390 1342 2587 1395 veritas
2620 1341 2672 1394 in
2719 1354 2782 1394 eo
2819 1351 2874 1396 et
2918 1342 3158 1396 veritatis
3199 1341 3469 1411 plenitudo
3493 1330 3611 1397 creé

2061 1430 2230 1485 denda
2255 1439 2357 1485 est.
2387 1431 2515 1497 Quae
2539 1439 2624 1485 est
2648 1445 2874 1500 persona
2895 1432 3014 1486 Filii
3040 1433 3151 1496 Dei,
3189 1442 3243 1486 et
3265 1433 3391 1501 quid
3414 1433 3613 1503 signiti-

2063 1521 2312 1586 candum,
2338 1520 2464 1575 dum
2485 1519 2711 1574 dicimus
2739 1522 2952 1575 tertiam
2976 1523 3028 1576 in
3054 1522 3311 1576 Trinitate
3332 1537 3611 1590 personam

2063 1609 2184 1664 Filii
2208 1609 2320 1672 Dei,
2350 1609 2454 1663 nisi
2490 1609 2842 1678 unigenitum,
2883 1611 3122 1676 unicum,
3148 1612 3420 1681 proprium
3443 1621 3496 1665 et
3523 1627 3612 1667 ve-

406 1699 650 1755 veritatis
671 1678 838 1754 corda
887 1678 1247 1754 innocentium
1274 1711 1428 1756 :..non
1471 1703 1766 1751 metuentes
1807 1678 2009 1751 terri-l

2025 1680 2184 1762 trum
2226 1706 2419 1760 Filium
2459 1705 2553 1760 Dei
2595 1705 3052 1761 demonstramus?
3080 1707 3136 1760 ιιι
3169 1704 3325 1774 hujus
3352 1706 3628 1761 excellent?

408 1789 514 1844 bile
540 1789 654 1843 Dei.
673 1788 950 1859 judicium,
976 1788 1119 1859 quod
1161 1786 1398 1841 futurum
1441 1796 1529 1843 est
1567 1801 1726 1855 super
1750 1801 1844 1870 eos
1870 1786 1961 1856 qui

408 1876 620 1931 veritati
649 1877 924 1939 resistunt;
951 1874 1175 1930 credunt
1200 1882 1375 1928 autem
1402 1874 1697 1934 mendacio.

476 1965 566 2020 ιν.
594 1964 908 2020 Audivimus
935 1965 1094 2020 modo
1121 1964 1247 2034 quid
1285 1965 1584 2037 praecipuus
1606 1965 1927 2036 evangelista
1945 2003 1961 2030 ,

409 2053 560 2110 illius
574 2055 836 2125 siquidem
879 2054 1120 2119 tonitrui,
1165 2055 1484 2112 intellexerit
1508 2055 1573 2111 de
1601 2056 1702 2111 hac
1728 2065 1966 2126 paternae

411 2145 801 2202 testiﬁcationis
844 2159 1012 2199 voce:
1045 2146 1453 2215 'interrogemus
1495 2161 1706 2215 quoque
1750 2145 1964 2202 beatum

408 2235 626 2291 Petrum
655 2236 1018 2306 coapostolum
1041 2234 1173 2304 ejus,
1202 2236 1286 2290 cui
1308 2245 1512 2290 natura:
1530 2237 1645 2292 hinc
1667 2251 1766 2290 vos
1789 2236 1966 2292 Patris

410 2329 643 2381 maxime
671 2327 992 2381 conveniat?
1027 2325 1174 2382 Dixit
1199 2327 1379 2396 itaque
1401 2327 1456 2380 in
1484 2326 1715 2396 Epistola
1743 2329 1970 2382 sanctis-

408 2416 565 2479 sima,
591 2422 712 2484 post
733 2414 897 2471 multa
919 2429 1036 2483 quae
1061 2414 1124 2468 de
1145 2414 1332 2468 salutis
1357 2423 1552 2469 nostrae
1571 2415 1969 2483 dispensatione

407 2517 463 2564 et
487 2507 781 2562 Salvatoris
809 2507 975 2578 gloria
1003 2507 1393 2576 conscripserat
1416 2521 1430 2560 :
1462 2505 1586 2561 Non
1603 2509 1738 2580 enim
1762 2507 1963 2573 doctas,

408 2599 676 2676 inquiens,
701 2596 907 2668 fabulas
943 2597 1105 2667 897
1150 2598 1312 2651 secuti
1360 2607 1531 2651 notam
1575 2597 1790 2666 fecimus
1826 2599 1963 2654 vobis

412 2688 618 2742 Domini
643 2687 806 2741 nostri
833 2687 958 2740 Jesu
996 2685 1191 2740 Christi
1221 2687 1472 2749 virtutem,
1511 2686 1600 2740 sed
1622 2686 1964 2757 speculatores

409 2777 534 2845 facti
555 2761 694 2830 illius
715 2775 1110 2844 magnitudinis.
1136 2776 1403 2844 Accipiens
1430 2777 1564 2829 enim
1591 2793 1624 2830 a
1659 2775 1770 2834 Deo
1804 2777 1977 2831 Patre-

309 2867 314 2876 '
407 2867 649 2919 honorem
688 2873 737 2917 et
777 2864 1018 2933 gloriam.
1048 2879 1165 2917 voce
1189 2860 1399 2933 delapsa
1426 2863 1495 2918 ad
1521 2879 1637 2917 eum
1663 2864 1963 2933 hujusmodi

409 2972 440 3010 ιι
463 2953 739 3024 magni/ica
758 2947 962 3022 gloria:
1004 2950 1104 3004 Hie
1133 2959 1207 3005 est
1250 2949 1423 3005 Filius
1462 2968 1604 3007 meus
1639 2952 1885 3019 dilectus,
1907 2955 1961 3009 in

407 3060 508 3118 quo
534 3043 659 3096 mihi
683 3043 806 3096 bene
833 3042 1118 3113 complacui
1145 3058 1164 3096 :
1201 3050 1250 3096 et
1291 3041 1423 3096 hanc
1455 3058 1624 3097 vocem
1651 3060 1742 3098 nos
1766 3046 1968 3099 audiri-

409 3150 525 3187 mus
550 3134 612 3186 de
639 3131 762 3186 caelo
787 3131 1024 3198 allatam,
1051 3148 1169 3187 cum
1189 3147 1412 3185 essemus
1439 3147 1558 3185 cum
1584 3133 1696 3203 ipso
1721 3134 1775 3187 in
1800 3143 1969 3190 monte

409 3234 617 3288 sancto,
636 3233 683 3277 et
710 3223 954 3276 habemus
982 3223 1260 3291 ﬁrmiorem
1297 3222 1646 3292 propheticum
1684 3239 1968 3278 sermonem

411 3315 496 3388 (II
525 3315 667 3369 Petr.
695 3331 735 3380 ι,
767 3315 833 3368 16
857 3313 1008 3384 seq.).
1057 3313 1186 3378 Quis
1226 3320 1309 3366 est
1350 3327 1511 3382 ergo,
1541 3328 1574 3366 ο
1615 3312 1840 3378 fratres,
1881 3313 1969 3366 ille

409 3404 758 3477 propheticus
777 3417 977 3468 sermo,
1002 3403 1091 3471 qui
1114 3416 1179 3455 ex
1200 3401 1302 3454 hoc
1328 3401 1629 3456 testimonio
1653 3401 1746 3455 Dei
1772 3410 1969 3456 sanctae

414 3494 746 3554 auctoritatis
774 3492 1166 3546 ﬁrmamentum
1195 3492 1418 3561 accepit,
1459 3491 1560 3544 nisi
1589 3491 1717 3544 illud
1746 3493 1887 3560 quod
1916 3492 1969 3546 in

415 3583 617 3652 psalmo
645 3583 956 3658 legituraut
994 3582 1162 3636 sancti
1199 3590 1514 3637 tractatores
1558 3582 1969 3638 intellexerunt:

417 3671 587 3726 Filius
633 3689 775 3726 meus
814 3688 866 3725 es
915 3681 991 3735 tu,
1022 3687 1113 3741 ego
1143 3672 1294 3725 hodie
1333 3673 1483 3742 genui
1511 3681 1557 3724 te
1587 3669 1754 3742 (Psal.
1789 3688 1848 3738 ιι,
1878 3672 1976 3742 7)?

417 3764 566 3828 Quod
597 3765 760 3817 etiam
806 3763 1167 3816 testimonium
1213 3761 1581 3833 propheticum
1625 3761 1821 3816 Paulus
1852 3777 1975 3831 apo-

418 3853 601 3907 stolica
630 3853 949 3906 auctoritate
976 3851 1173 3906 Iudaeis
1199 3844 1518 3922 praedicans,
1557 3851 1634 3905 de
1652 3852 1848 3905 Christi
1878 3851 1976 3911 hu-

421 3942 670 3994 manitate
693 3941 1068 4009 prophetatum
1089 3956 1208 3994 esse
1232 3947 1454 3994 testatus
1473 3949 1585 3994 est:
1607 3940 1674 3992 Et
1699 3956 1788 3992 nos
1813 3939 1972 4002 vobis,

421 4031 513 4095 ait,
536 4031 905 4084 annuntiamus
933 4045 1066 4092 eam,
1098 4045 1213 4098 qua:
1252 4029 1321 4082 ad
1364 4027 1548 4082 Patres
1579 4038 1778 4084 nostros
1805 4045 1976 4098 repro-

421 4122 594 4175 missio
623 4121 762 4202 facta
790 4129 863 4174 est
886 4137 904 4185 ;
938 4120 1186 4190 quoniam
1206 4121 1339 4175 hanc
1367 4119 1505 4174 Deus
1534 4121 1825 4191 adimplevit
1852 4121 1976 4190 ﬁliis
2051 4131 2056 4136 '

423 4214 628 4278 nostris,
659 4211 970 4266 resuscitans
995 4210 1173 4268 Jesum
1191 4252 1204 4275 ,
1233 4211 1365 4264 sicut
1392 4220 1439 4264 et
1467 4213 1518 4264 in
1558 4212 1756 4282 psalmo
1785 4229 1822 4266 ιι
1850 4213 1978 4265 scri-

2062 1799 2189 1852 tiam
2217 1798 2700 1866 proprietatemque
2731 1811 2972 1867 persona.-
2995 1805 3267 1866 assumpta
3304 1805 3388 1852 est
3422 1806 3610 1852 natura

2062 1888 2409 1943 humanitatis
2445 1896 2643 1943 nostrae
2669 1903 2735 1943 ex
2763 1889 2920 1944 beata
2958 1889 3207 1959 Virgine,
3245 1898 3303 1943 ut
3327 1897 3467 1945 esset
3491 1906 3612 1945 cum

2061 1975 2178 2032 Deo
2204 1977 2297 2032 Dei
2336 1962 2468 2032 Filio
2506 1978 2559 2030 in
2587 1977 2801 2046 propria
2847 1991 3074 2046 persona
3115 1977 3402 2048 unigeniti,
3447 1980 3613 2043 unici,

2061 2067 2263 2139 proprii
2284 2076 2339 2122 et
2360 2068 2472 2123 reri
2497 2066 2617 2121 Filii
2645 2067 2736 2121 Dei
2763 2083 2778 2132 ;
2801 2076 2857 2122 et
2887 2082 3007 2121 cum
3034 2075 3338 2122 assumente
3366 2069 3420 2122 in
3440 2083 3503 2122 eo
3523 2070 3612 2137 qui

2063 2166 2366 2227 assumptus
2391 2165 2496 2224 est,
2539 2165 2717 2212 essent
2744 2157 2859 2211 haec
2884 2156 3082 2210 omnia.
3113 2154 3171 2210 Si
3196 2156 3481 2226 quidquam
3519 2157 3616 2209 ho-'

2062 2263 2179 2302 rum
2209 2248 2361 2302 deest
2395 2248 2450 2301 in
2481 2246 2810 2300 humanitate
2850 2244 3087 2310 Christi,
3134 2260 3240 2299 non
3286 2253 3368 2299 est
3413 2246 3614 2315 integra

2061 2336 2180 2390 Filii
2210 2335 2304 2389 Dei
2331 2349 2555 2404 persona
2596 2334 2650 2386 in
2679 2347 2744 2387 eo
2771 2334 2861 2402 qui
2897 2333 3199 2402 unigenitus
3223 2341 3324 2396 est,
3354 2347 3529 2398 verus,
3561 2345 3616 2388 et

2061 2427 2326 2497 pr0prius,
2353 2433 2408 2480 et
2443 2422 2711 2494 perfectus
2737 2422 2903 2477 Filius
2945 2422 3039 2477 Dei
3083 2423 3134 2476 in
3163 2439 3253 2478 sua
3283 2407 3528 2492 persona.
3558 2424 3614 2480 In

2062 2517 2220 2586 hujus
2247 2531 2376 2573 vero
2405 2533 2645 2588 persona:
2670 2518 3046 2588 proprietatem
3073 2517 3302 2573 exaltata
3327 2525 3429 2581 est,
3460 2525 3519 2571 ut
3537 2517 3617 2570 di-

2062 2608 2254 2671 ximus,
2289 2608 2522 2662 humana
2549 2616 2772 2672 natura,
2819 2615 2879 2660 ut
2920 2615 3064 2661 esset
3094 2622 3248 2669 unus,
3293 2606 3613 2676 unigenitus,

2039 2698 2224 2760 idem,
2249 2697 2496 2765 proprius
2516 2704 2572 2750 et
2604 2710 2765 2750 verus
2798 2694 2838 2748 F
2842 2695 2965 2749 llius
2991 2695 3106 2760 Dei,
3151 2694 3284 2748 nihil
3319 2693 3620 2762 adoptionis

2061 2785 2265 2839 habens
2279 2783 2361 2836 vel
2381 2784 2655 2838 divisionis
2679 2784 2730 2837 in
2750 2797 2995 2854 persona:
3014 2783 3287 2853 dignitate.
3309 2782 3382 2836 Ea
3405 2792 3618 2846 natura,

2062 2873 2148 2928 cui
2173 2873 2374 2928 dictum
2395 2879 2476 2928 est.
2500 2892 2513 2927 :
2553 2873 2715 2928 Terra
2735 2891 2809 2939 es,
2842 2882 2886 2928 et
2912 2874 2968 2927 in
2995 2885 3188 2928 terram
3211 2874 3307 2927 ibis
3336 2871 3497 2944 (Gen.
3530 2890 3616 2937 ιιι,

1993 2994 2038 3058 c
2069 2964 2193 3036 l9);
2224 2974 2275 3020 et
2297 2957 2416 3035 qua:
2446 2966 2500 3020 in
2521 2981 2626 3020 una
2652 2965 2934 3020 concordia
2969 2966 3326 3034 propeccatis
3348 2965 3621 3040 protopla-

2068 3053 2135 3109 sti
2160 3068 2284 3108 cum
2310 3054 2520 3110 diabolo
2553 3053 2694 3108 facta
2738 3062 2840 3118 est,
2882 3055 2934 3108 in
2973 3068 3134 3107 unam
3172 3068 3450 3122 personam
3497 3069 3620 3107 cum

2067 3143 2160 3197 Dei
2189 3142 2324 3198 Filio
2343 3143 2619 3214 conjuncta
2641 3151 2722 3198 est
2745 3142 2978 3212 proprio,
3005 3157 3108 3196 non
3133 3142 3412 3210 ad0ptivo:
3436 3150 3489 3197 et
3502 3159 3623 3212 quae

2067 3233 2275 3288 diabolo
2296 3240 2511 3302 propter
2537 3241 2810 3302 peccaturo
2835 3233 2913 3285 sul
2929 3231 3070 3300 jecta
3097 3239 3198 3296 est,
3225 3247 3384 3302 super
3408 3232 3624 3302 angelos

2066 3333 2285 3393 propter
2332 3324 2654 3393 triumphum
2682 3323 2882 3377 Christi
2909 3324 3139 3378 exaltata
3183 3333 3297 3388 est,
3329 3335 3381 3379 et
3419 3325 3624 3380 audivit

2068 3429 2098 3466 a
2145 3413 2252 3466 Deo
2296 3412 2489 3468 Patre:
2545 3411 2675 3467 Sede
2718 3431 2750 3467 a
2785 3415 2980 3468 dextris
3020 3416 3145 3469 meis
3185 3412 3354 3485 (Psal.
3380 3427 3507 3488 ’σιμ
3548 3415 3621 3486 1).

2070 3501 2338 3572 Quidquid
2363 3503 2504 3556 enim
2547 3503 2600 3556 in
2640 3502 2726 3557 illa
2757 3501 2982 3556 mirabili
3014 3512 3067 3556 et
3111 3502 3362 3557 ineffabili
3406 3503 3625 3570 conjun-

2072 3591 2247 3646 ctione
2277 3591 2567 3646 divinitatis
2596 3592 3043 3661 humanitatisque
3070 3595 3121 3645 in
3148 3590 3421 3645 Salvatore
3437 3599 3624 3644 nostro

2072 3687 2277 3750 gestum
2306 3680 2421 3745 est,
2461 3685 2652 3734 cuncta
2682 3679 2847 3732 solida
2885 3686 2938 3732 et
2982 3677 3214 3746 perlecta
3249 3678 3473 3731 veritate
3501 3693 3623 3746 per-

2073 3780 2190 3825 acta
2223 3779 2347 3825 sunt
2370 3788 2384 3835 ;
2418 3777 2476 3823 ut
2515 3770 2758 3823 liberatio
2786 3777 2965 3822 nostra
2989 3785 3114 3822 vera
3144 3773 3243 3833 sit,
3269 3769 3406 3823 sicut
3434 3770 3544 3838 ipse
3571 3771 3624 3824 in

2073 3860 2359 3929 Evangelio
2397 3859 2506 3913 ait:
2538 3858 2594 3913 Si
2624 3859 2809 3912 veritas
2851 3857 3138 3915 liberaverit
3170 3877 3283 3925 ros,
3328 3876 3439 3915 rere
3479 3859 3626 3912 liberi

2074 3952 2217 4004 eritis
2239 3950 2419 4021 (Joan.
2446 3966 2564 4013 vm,
2589 3949 2701 4021 56).
2740 3949 2745 3953 “

2144 4042 2230 4095 Vl.
2263 4040 2395 4095 Cum
2438 4041 2612 4098 omnis
2652 4041 2851 4096 veritas
2893 4044 2964 4097 sit
3004 4043 3056 4095 in
3085 4040 3318 4105 Christo,
3364 4041 3629 4110 quomodo

2074 4146 2180 4185 non
2226 4140 2310 4186 est
2349 4146 2506 4186 verus
2543 4131 2716 4195 Deus,
2745 4139 2845 4185 aut
2869 4147 3027 4186 verus
3061 4131 3228 4187 Filius
3270 4132 3400 4186 Dei?
3442 4131 3630 4212 Nonne

2076 4222 2249 4276 omnis
2286 4229 2470 4276 sancta
2496 4220 2590 4275 Dei
2618 4221 2857 4277 Ecclesia
2885 4221 2934 4276 in
2963 4223 3202 4292 symbolo
3238 4216 3497 4278 catholico
3539 4215 3630 4277 de-

421 4309 560 4368 ptum
588 4308 700 4352 est:
732 4297 904 4354 Filius
941 4316 1083 4353 meus
1109 4316 1161 4354 es
1187 4310 1265 4364 tu,
1300 4317 1391 4370 ego
1415 4300 1565 4355 hodie
1592 4302 1742 4375 genui
1768 4312 1815 4370 ῳ
1839 4302 1976 4372 (Act.
2009 4317 2057 4376 υ
2083 4318 2299 4364 cantare
2330 4309 2483 4374 solet,
2513 4310 2842 4380 unigenitum
2865 4306 2957 4365 Dei
2985 4309 3174 4365 Filium
3199 4326 3434 4380 passum,
3459 4317 3513 4364 et
3547 4324 3627 4364 se-

423 4404 538 4451 xm,
562 4388 790 4457 52,53).
819 4388 876 4441 ιη
902 4403 965 4441 ea
986 4390 1127 4442 enim
1153 4397 1342 4443 natura
1381 4391 1728 4445 resuscitatus
1753 4399 1838 4446 est
1861 4391 1977 4446 Sal-

421 4490 573 4534 vator
601 4487 815 4544 noster,
858 4495 978 4548 qua:
1006 4481 1071 4534 de
1116 4480 1332 4549 Virgine
1372 4490 1641 4549 assumpta
1683 4491 1783 4537 est.
1829 4484 1895 4536 Et
1920 4491 1979 4536 ut

424 4572 618 4626 certius
639 4570 870 4624 sciamus
897 4569 963 4622 de
989 4583 1091 4636 qua
1113 4574 1304 4622 natura
1333 4583 1435 4621 vox
1465 4577 1683 4637 paterna
1719 4570 1981 4624 insonuis-

426 4671 539 4717 set:
583 4660 684 4715 Hic
710 4668 786 4714 est
811 4657 982 4711 Filius
1020 4643 1163 4710 meas
1192 4657 1440 4719 dilectus,
1473 4658 1526 4709 in
1561 4674 1662 4728 quo
1690 4657 1818 4711 mihi
1857 4657 1980 4711 bene

427 4752 730 4822 mmplacui,
777 4749 1037 4822 prmmisit
1078 4757 1204 4803 ante
1229 4749 1422 4802 beatus
1459 4748 1644 4802 Petrus
1670 4750 1977 4817 apostolus:

427 4842 693 4912 Accipiens
716 4844 854 4898 enim
879 4861 912 4897 a
937 4842 1044 4896 Deo
1073 4839 1232 4894 Patre
1251 4841 1494 4899 honorem
1515 4851 1562 4894 et
1582 4841 1821 4910 gloriam.
1847 4841 1981 4895 Abs-

427 4945 528 4999 que
547 4931 706 4987 dubio
724 4933 957 4987 humana
981 4940 1169 4985 natura
1191 4931 1391 4999 accepit
1412 4930 1671 4985 honorem
1687 4938 1742 4984 et
1758 4929 1981 5001 gloriam

429 5035 586 5095 quam
614 5020 801 5075 habuit
824 5021 1149 5076 teternalitet'
1179 5023 1424 5078 divinitas
1450 5019 1570 5074 Filii
1603 5019 1694 5073 Dei
1729 5034 1850 5073 cum
1876 5020 1984 5074 Deo

431 5110 588 5165 Patre
609 5117 666 5164 et
692 5109 894 5178 Spiritu
916 5121 1124 5167 sancto.

497 5199 562 5257 V.
613 5197 794 5271 Multis
836 5200 1162 5256 testimoniis
1202 5202 1268 5256 de
1315 5203 1620 5256 sanctarum
1669 5197 1993 5258 auctoritate.

432 5289 829 5360 Scripturarum
876 5288 1092 5357 probari
1122 5291 1320 5358 poterit
1366 5290 1547 5345 Iesum
1592 5289 1861 5345 Christum
1899 5303 1988 5343 vea-

433 5397 548 5437 rum
572 5381 672 5438 Dei
693 5395 812 5436 esse
833 5379 1045 5444 Filium,
1078 5382 1166 5450 qui
1205 5395 1269 5436 ex
1310 5383 1462 5436 beata
1489 5383 1692 5453 virgine
1719 5383 1880 5437 Maria
1907 5382 1989 5436 fa-

435 5481 548 5527 ctus
570 5477 655 5527 est
680 5469 864 5525 homo.
896 5468 1011 5526 Sed
1029 5469 1113 5524 cui
1143 5471 1258 5526 haec
1281 5472 1585 5531 testimonia
1622 5473 1869 5528 altissimi
1897 5473 1988 5529 Dei

438 5562 605 5624 Patris
629 5546 735 5617 non
766 5560 1048 5624 suﬂiciunt,
1082 5563 1263 5617 nescio
1295 5564 1421 5634 quid
1452 5565 1500 5618 ei
1529 5556 1771 5620 sufﬁcere
1798 5566 1986 5620 valeat.

2078 4399 2299 4468 pultum,
2332 4407 2386 4453 et
2414 4399 2573 4453 tertia
2597 4400 2682 4454 die
2709 4400 3083 4462 reSurrexisse,
3108 4401 3233 4455 dum
3255 4400 3367 4454 haec
3387 4395 3630 4476 informa

2077 4489 2216 4542 servi
2245 4487 2383 4541 facta
2411 4496 2566 4552 sunt,
2610 4503 2717 4541 non
2758 4489 2812 4541 in
2853 4497 3065 4543 aeternae
3101 4488 3394 4542 divinitatis
3433 4487 3631 4556 gloria,

2075 4591 2193 4644 qua:
2220 4574 2576 4644 ‘impassihilis
2603 4583 2686 4629 est
2714 4583 2769 4628 et
2810 4577 3124 4637 immortalis
3149 4591 3243 4646 per
3263 4577 3481 4631 omnia?
3523 4573 3633 4631 Sed

2077 4673 2222 4718 tanta
2249 4673 2332 4718 est
2356 4665 2532 4719 unitas
2556 4679 2816 4734 personae,
2841 4672 2900 4718 ut
2923 4665 3187 4719 Dominus
3214 4665 3393 4735 gloria:
3421 4663 3630 4719 cruciﬁ-

2080 4769 2192 4806 xus.
2214 4751 2445 4818 dicatur,
2471 4761 2526 4807 et
2549 4753 2853 4823 unigenitus
2877 4754 3033 4808 datus
3055 4755 3122 4808 ad
3146 4754 3467 4824 passionem,
3497 4754 3634 4809 sicut

2080 4841 2338 4912 praefatus
2357 4841 2678 4911 evangelista
2713 4834 2816 4896 ait:
2849 4841 2936 4897 Sic
2962 4845 3096 4897 enim
3118 4843 3298 4901 dilexit
3327 4845 3465 4899 Deus
3485 4863 3636 4901 mun-

2081 4931 2226 4994 dum,
2259 4941 2315 4984 ut
2338 4930 2536 4985 Filium
2563 4949 2715 4987 suum
2743 4935 3059 5004 unigenitum
3083 4935 3250 5006 898
3273 4937 3418 4990 daret
3451 4938 3630 5008 (Joan.

2084 5040 2166 5087 ιιι,
2199 5024 2304 5094 16).
2334 5023 2500 5090 Quem
2528 5025 2670 5078 enim
2698 5023 2928 5080 Joannes
2957 5026 3282 5094 unigenitum
3319 5027 3460 5090 dicit,
3489 5029 3631 5086 hunc

2083 5113 2270 5168 beatus
2294 5114 2490 5169 Paulus
2515 5115 2780 5184 apostolus
2803 5116 3073 5184 proprium
3099 5116 3290 5172 Filium
3320 5121 3630 5187 nominavit,

2087 5203 2173 5257 ubi
2205 5205 2310 5258 ait;
2351 5206 2453 5271 Qui
2479 5211 2686 5278 proprio
2713 5205 2851 5260 Filio
2879 5224 2973 5261 suo
3019 5226 3120 5262 non
3160 5213 3399 5281 pepercit,
3428 5213 3518 5266 sed
3543 5230 3635 5283 pro

2089 5290 2231 5344 nobis
2258 5295 2492 5348 omnibus
2535 5296 2751 5350 tradidit
2785 5313 2901 5350 eum
2934 5296 3123 5366 (Rom.
3156 5314 3270 5360 vm,
3296 5299 3416 5368 52).
3464 5299 3632 5365 Quem

2090 5381 2268 5435 datum
2296 5381 2361 5436 ad
2384 5385 2684 5451 passionem
2712 5385 2846 5439 dixit
2875 5385 3214 5454 evangelista,
3245 5387 3386 5454 hunc
3414 5385 3633 5455 Aposto-

2090 5471 2174 5525 lus
2201 5470 2451 5524 traditum
2491 5485 2610 5528 esse
2643 5489 2739 5542 pro
2767 5475 2921 5528 nobis
2957 5473 3206 5527 ostendit.
3250 5473 3354 5528 Sed
3393 5492 3530 5530 unus
3556 5487 3634 5531 est

2091 5561 2256 5616 Filius
2283 5561 2375 5614 Dei
2401 5560 2552 5614 Jesus
2590 5561 2864 5626 Christus,
2917 5562 3177 5630 uniusque
3207 5563 3403 5634 absque
3431 5566 3636 5620 dubita-
