4238 6240
489 284 592 340 275

1348 273 1408 326 Β.
1440 271 1500 326 1⁷.
1539 271 1764 327 ΑιιιιΝι
1803 267 1935 326 εευ
1972 264 2249 326 Αιουικι
2290 262 2567 320 OPERUM
2593 236 2777 316 PARS
2814 259 2900 316 ω.

3617 256 3721 311 276

490 394 634 448 tione
660 400 918 458 personae.
949 384 1018 436 Et
1041 381 1313 437 sciendum
1335 387 1420 435 est
1442 381 1583 449 quod
1603 380 1782 434 unitas
1806 378 1859 432 in
1876 383 2060 447 partes
2085 378 2134 436 Α
2158 373 2332 443 major
2361 389 2441 426 me
2467 382 2563 437 est,
2615 372 2957 425 nihilominus
2999 368 3301 442 specialiter
3335 370 3529 440 posuit,
3567 367 3727 422 Pater

489 480 653 537 dividi
677 493 781 531 non
809 482 1018 548 potest:
1049 473 1094 526 si
1121 470 1395 545 dividitur,
1435 470 1635 524 unitas‘
1654 484 1764 552 non
1799 469 1922 522 erit.
1953 466 2056 522 Ne-

489 581 757 640 quaquam
782 563 925 618 enim
950 576 1089 616 unus
1113 558 1275 618 dividi
1301 566 1477 628 potest
1494 597 1508 622 ,
1544 558 1795 626 nullaque
1820 570 2057 626 unquam

493 658 716 714 rationis
743 653 1098 726 possibilitate
1123 649 1420 720 personalis
1459 650 1587 704 unio
1624 649 1829 718 recepit
1864 648 2058 703 sectio-

493 763 634 803 nem.
667 746 807 815 Ergo
831 744 878 798 si
905 742 1072 796 Filius
1091 740 1185 794 Dei
1211 739 1460 808 proprius
1486 745 1570 793 est
1596 739 1653 792 in
1681 738 1980 801 divinitate,
2006 745 2061 790 et

494 839 771 906 adoptivus
793 837 847 890 in
874 832 1227 893 humanitate,
1260 831 1366 885 duo
1391 838 1516 884 sunt
1541 848 1554 882 :
1577 829 1842 898 siquidem
1869 835 1924 882 et
1941 827 2061 881 uni-

495 929 622 982 tatis
665 928 720 980 in
767 939 833 979 eo
879 920 1232 990 inseparabile
1280 921 1594 990 mysterium
1624 919 1880 973 dividitur
1919 917 2061 972 duali

496 1031 738 1080 numero,
761 1015 902 1084 quod
927 1013 1144 1067 omnino
1166 1011 1280 1066 fieri
1307 1027 1414 1066 non
1439 1018 1650 1080 potest:
1679 1009 1806 1079 quia
1831 1009 1910 1064 sic
1935 1024 2064 1064 con-

498 1114 789 1176 temperata
815 1112 898 1158 est
913 1103 1163 1157 divinitas
1198 1102 1539 1164 humanitati,
1569 1108 1631 1154 et
1652 1098 1956 1153 humanitas
1983 1098 2065 1155 die

494 1196 705 1250 vinitati
724 1196 1033 1264 conjuncta,
1056 1201 1320 1261 quatenus
1338 1205 1439 1245 nec
1463 1197 1774 1244 naturarum
1800 1185 2061 1252 confusio,

498 1303 598 1341 nec
621 1295 936 1340 naturarum
965 1284 1234 1353 separatio
1274 1285 1328 1338 in
1369 1297 1595 1352 persona
1631 1281 1790 1335 unius
1823 1279 1941 1334 Filii
1969 1279 2064 1334 Dei

496 1378 688 1441 ﬁeret;
721 1376 817 1431 sed
844 1375 991 1431 salva
1027 1374 1354 1443 proprietate
1397 1373 1676 1441 utriusque
1721 1369 2063 1433 substantiae,

497 1468 691 1540 divinae
718 1466 922 1521 scilicet
946 1471 1106 1531 atque
1135 1465 1414 1528 humanm,
1445 1463 1498 1517 in
1531 1478 1633 1516 una
1671 1463 1764 1517 Dei
1805 1461 2066 1540 hominis-

497 1571 602 1625 que
641 1570 890 1625 persona,
933 1568 1032 1608 nec
1073 1553 1214 1608 Deus
1243 1567 1477 1621 unquam
1521 1553 1637 1607 sine
1676 1551 1928 1616 homine,
1966 1548 2067 1604 'nec

499 1647 661 1702 homo
687 1645 936 1700 credatur
958 1658 1075 1717 esse
1099 1643 1214 1697 sine
1235 1642 1363 1696 Deo.
1391 1641 1459 1695 Et
1481 1643 1595 1696 haec
1618 1640 1881 1695 mirabilis
1905 1647 2065 1707 atque

2156 479 2321 528 meus,
2352 479 2456 518 non
2495 464 2807 517 discernens
2833 462 2888 515 in
2914 464 3128 517 nomine
3163 459 3284 516 Filii
3319 463 3458 515 inter
3481 475 3600 514 eam
3625 475 3727 513 na-

2161 561 2337 606 turam
2383 567 2543 620 quam
2587 551 2912 606 mternaliter
2952 566 3020 606 ex
3066 551 3224 604 Patre
3273 552 3475 610 habuit,
3507 559 3561 605 et
3605 563 3725 604 eam

2159 655 2320 709 quam
2346 639 2712 708 temporaliter
2746 654 2812 693 ex
2839 639 3008 694 Matre
3035 640 3240 709 virgine
3271 640 3533 708 sumpsit:
3565 653 3725 708 seque

2158 731 2332 797 ipsum
2356 745 2418 784 ea
2448 729 2669 783 unitatis
2690 729 2870 799 regula
2898 728 3238 782 uniformiter
3275 727 3465 781 Filium
3488 729 3730 781 nomina-

2159 818 2255 880 vit,
2289 823 2348 870 ιιι
2369 817 2421 869 in
2448 831 2601 871 saera
2630 817 2872 871 oratione
2908 833 3067 886 quam
3097 817 3320 871 elevatis
3347 817 3593 870 manibus
3621 817 3730 871 Deo

2160 905 2310 960 Patri
2339 906 2537 960 direxit
2576 905 2799 960 dicens:
2832 905 3010 971 Pater,
3042 905 3277 973 clariﬁca
3321 903 3520 958 Filium
3557 914 3727 967 tuum,

2161 1004 2218 1048 ut
2248 993 2418 1050 Filius
2464 1005 2582 1050 tuus
2626 995 2874 1064 cloriﬁcet
2903 1007 2951 1049 te
2992 995 3170 1067 (Joan.
3206 1012 3339 1059 av",
3385 995 3455 1065 l).
3490 995 3636 1050 Meus
3676 1002 3734 1050 et

2162 1094 2285 1140 tuus
2324 1087 2641 1156 pronomina
2683 1094 2806 1156 sunt
2845 1101 2912 1140 ex
2952 1095 3177 1156 utraque
3216 1093 3369 1154 parte
3407 1085 3729 1154 singularia,

2161 1151 2356 1242 quibus
2383 1175 2653 1229 multoties
2681 1151 2821 1228 inter
2856 1151 3404 1230 sacratissimavverba
3435 1151 3517 1228 uti
3535 1174 3722 1238 voluit,

2162 1271 2222 1318 ut
2244 1265 2549 1319 ostenderet
2575 1265 2847 1332 propriam
2887 1263 3303 1318 familiaritatem
3349 1265 3490 1318 inter
3519 1263 3729 1324 Patrem

2163 1362 2217 1409 et
2237 1354 2452 1420 Filium,
2467 1371 2537 1410 ne
2559 1355 2699 1410 nuda
2722 1340 3091 1409 tantummodo
3112 1355 3501 1423 nuncupatione
3520 1354 3734 1410 Patrem
3813 1355 3817 1359 ’

2166 1442 2268 1498 sibi
2297 1444 2636 1514 designaret,
2678 1443 2763 1498 vel
2805 1460 2863 1499 se
2905 1444 3152 1514 adoptiva
3184 1445 3555 1498 communione
3584 1445 3736 1499 uobis

2164 1532 2424 1602 aequalem
2444 1533 2854 1588 demonstraret.
2895 1533 3018 1588 Ideo
3048 1533 3229 1588 Mariae
3263 1532 3584 1602 Magdaleme
3612 1542 3734 1601 post

2167 1624 2615 1680 resurrectionem
2648 1638 2913 1694 apparens
2933 1665 2948 1688 ,
2981 1625 3292 1678 mandatum
3334 1623 3480 1677 dedit
3510 1623 3732 1686 dicens:

498 1735 886 1790 inrestimahilis
934 1713 1238 1801 conjunctio
1281 1734 1337 1788 in
1377 1733 1470 1787 Dei
1514 1732 1651 1786 Filio
1681 1743 1814 1786 ‘mox
1852 1732 1907 1785 in
1953 1731 2067 1800 ipso
2099 1717 2142 1774 Β
2172 1712 2301 1767 Noli
2327 1728 2409 1767 me
2435 1722 2662 1783 tangere.
2687 1715 2916 1767 nondum
2945 1714 3155 1767 ωεεηάί
3179 1713 3247 1766 σά
3286 1710 3498 1765 Patrem
3525 1729 3736 1776 meum:

499 1835 760 1896 conceptu
789 1826 1063 1895 virginalis
1101 1825 1275 1888 uteri,
1309 1823 1511 1892 Spiritu
1553 1831 1742 1878 sancto
1777 1829 2066 1892 operante,

499 1920 642 1975 facta
672 1927 781 1982 est;
817 1925 980 1987 atque
999 1917 1065 1971 de
1087 1915 1322 1970 thalamo
1345 1914 1583 1969 caelestis
1601 1913 1865 1984 puerperii
1889 1913 2070 1983 gigan-

500 2019 588 2065 teo
617 2023 778 2063 cursu
807 1995 1125 2076 magnificus
1143 2003 1438 2074 processit,
1468 2004 1613 2058 velut
1646 2002 1724 2057 sol
1757 2001 1958 2066 oriens,
1981 2000 2070 2054 Fi-

499 2100 603 2154 lius
627 2097 744 2162 Dei,
772 2096 840 2152 de
864 2111 972 2166 quo
998 2095 1150 2164 plura
1182 2094 1284 2148 dici
1315 2099 1560 2161 possunt,
1598 2093 1642 2147 si
1673 2099 1850 2148 tamen
1876 2092 1944 2145 ab
1971 2091 2070 2144 bu-

500 2203 660 2243 mano
687 2203 783 2242 ore
820 2188 887 2242 de
920 2194 1069 2240 tanta
1099 2185 1379 2254 majestate
1419 2183 1623 2251 aliquid
1667 2183 1889 2253 dignum
1917 2179 2068 2235 ell‘ari

500 2275 716 2344 poterit.
760 2273 988 2343 Superat
1026 2273 1172 2328 enim
1208 2286 1424 2327 omnem
1465 2273 1684 2327 sensum
1725 2286 1827 2341 pax
1871 2270 2070 2326 Christi

501 2364 721 2437 (Philip.
756 2380 830 2428 iv,
863 2362 940 2435 7),
973 2362 1025 2416 in
1050 2378 1154 2432 qua
1184 2362 1423 2418 cmlestia
1468 2362 1849 2431 terrestriaque
1888 2361 2073 2429 paciﬁ-

500 2464 620 2510 cata
644 2463 787 2518 sunt,
835 2463 890 2510 et
932 2455 988 2508 in
1019 2469 1179 2508 unam
1219 2461 1470 2509 revocata
1507 2453 1868 2508 concordiam.
1902 2451 2071 2505 Tanta

499 2531 813 2602 excellentia
844 2546 1092 2599 humanae
1119 2543 1261 2599 facta
1290 2553 1374 2600 est
1415 2553 1623 2599 naturae
1650 2544 1706 2598 in
1745 2543 1984 2606 Christo,
2015 2549 2074 2596 ut

501 2641 556 2692 in
581 2653 741 2693 unam
771 2645 1042 2706 perpetua:
1067 2635 1364 2690 divinitatis
1402 2650 1691 2705 personam
1727 2635 1935 2690 elevata
1963 2636 2032 2690 sit
2056 2653 2069 2687 :

501 2739 557 2783 et
583 2738 753 2783 totum
775 2727 1034 2797 quidquid
1066 2727 1120 2780 in
1151 2725 1246 2782 illo
1268 2740 1472 2796 magna:
1499 2725 1714 2795 pietatis
1736 2733 2074 2779 sacramento

503 2827 712 2888 gestum
756 2825 867 2881 est,
908 2817 1093 2884 procul
1121 2817 1281 2873 dubio
1323 2818 1427 2873 hoc
1462 2833 1599 2872 unus
1648 2817 1892 2884 idemque
1935 2816 2076 2869 Deus

505 2909 599 2962 Dei
631 2907 795 2961 Filius
823 2908 970 2962 fecit.
1003 2905 1259 2971 Quamvis
1283 2907 1398 2974 ipse
1435 2909 1752 2976 quihusdam
1786 2906 1967 2960 verbis
1995 2905 2075 2959 di-

505 2998 681 3051 vinam
709 2996 944 3052 ostendit
965 2995 1356 3059 excellentiam,
1391 2997 1710 3066 quibusdam
1738 3011 1865 3050 vero
1886 2995 2071 3049 huma-

506 3103 629 3141 nam
652 3088 981 3142 demoustret
1001 3085 1363 3155 fragilitatem,
1396 3101 1533 3142 unus
1557 3093 1640 3141 est
1677 3095 1850 3141 tamen
1879 3085 1972 3155 qui
1992 3083 2072 3138 lo-

505 3176 707 3242 quitur,
735 3185 790 3228 et
832 3191 969 3230 unus
1010 3184 1095 3231 est
1132 3176 1225 3244 qui
1262 3184 1547 3243 utrumque
1588 3174 1904 3240 certissimis
1932 3174 1989 3228 in
2016 3188 2075 3226 se

506 3265 672 3332 signis
695 3264 958 3327 declarat,
990 3265 1288 3320 divinitatis
1331 3265 1536 3321 scilicet
1568 3264 1859 3333 potentium
1885 3264 2075 3318 huma-

508 3353 796 3422 nitatisque
819 3353 1216 3410 inﬁrmitatem:
1252 3354 1411 3419 sicut,
1447 3353 1675 3422 exempli
1702 3353 1872 3424 gratia
1894 3393 1909 3416 ,
1937 3368 2076 3406 unus

506 3453 592 3501 est
613 3447 771 3501 homo
792 3445 879 3514 qui
907 3445 1082 3500 oculis
1107 3446 1248 3500 inter
1275 3447 1454 3501 album
1477 3447 1795 3516 nigrumque
1819 3444 2078 3499 discernit

508 3539 766 3603 colorem,
793 3547 850 3596 et
875 3540 964 3607 qui
1007 3539 1187 3593 animo
1207 3538 1471 3606 justitiam
1509 3548 1722 3607 separat
1767 3539 1837 3592 ab
1882 3538 2076 3605 iniqui-

508 3636 656 3682 tate:
691 3642 795 3681 una
820 3636 903 3681 est
934 3634 1109 3680 tamen
1139 3641 1388 3695 persona,
1419 3632 1474 3680 et
1501 3641 1638 3679 unus
1663 3626 1856 3688 homo,
1887 3625 2076 3693 inquo

509 3728 592 3772 cst
634 3717 890 3788 spiritalis
931 3717 1279 3787 intelligentia
1327 3725 1383 3771 et
1425 3716 1657 3772 carnalis
1697 3713 2072 3770 consideratio.

513 3805 697 3861 Nonne
722 3808 777 3861 in
802 3822 908 3862 uuo
929 3820 1152 3875 corpore
1181 3806 1643 3875 quinquepartitos
1673 3806 1931 3861 habemus
1958 3819 2078 3859 sen-

513 3911 626 3959 sus,
671 3913 899 3964 quorum
945 3897 1140 3965 singuli
1184 3912 1310 3952 suos
1349 3898 1596 3968 proprios
1641 3897 1840 3952 habent
1885 3896 2077 3951 actus?

514 3982 711 4039 Oculus
739 3999 969 4053 namque
989 3984 1154 4049 videt,
1179 3987 1326 4039 auris
1353 3987 1530 4050 audit;
1573 4002 1672 4041 nec
1697 3988 1885 4042 oculus
1909 3989 2071 4050 audit,

515 4089 616 4130 nec
634 4075 781 4129 auris
806 4077 983 4142 videt;
1028 4085 1202 4132 tamen
1233 4079 1285 4131 in
1313 4092 1419 4131 uno
1451 4093 1677 4148 corpore
1711 4087 1839 4134 sunt
1868 4081 2078 4133 auditus

513 4175 568 4220 et
591 4166 757 4230 visus,
781 4176 836 4221 et
863 4183 1001 4222 unus
1022 4176 1106 4223 est
1131 4169 1311 4232 homo,
1355 4170 1408 4223 in
1450 4185 1557 4239 quo
1600 4171 1715 4226 haec
1752 4171 2079 4239 temporibus

512 4261 569 4307 et
606 4253 738 4309 locis
780 4263 1009 4325 aguntur
1053 4258 1384 4324 opportunis.
1431 4258 1509 4312 ita
1539 4259 1803 4326 siquidem
1846 4259 1989 4312 Deus
2025 4267 2079 4312 et

516 4342 674 4396 homo
709 4358 816 4397 una
843 4332 927 4396 est
952 4357 1203 4410 persona,
1248 4359 1388 4408 unus
1428 4353 1512 4398 est
1553 4344 1818 4409 Christus,
1858 4353 1913 4398 et
1941 4361 2079 4399 unus

513 4431 684 4488 Filius
704 4433 820 4496 Dei,
859 4434 910 4487 in
935 4447 1043 4501 quo
1066 4434 1316 4489 divinitas
1336 4436 1610 4490 miraculis
1635 4436 1846 4502 claruit,
1873 4444 1926 4491 et
1953 4453 2080 4492 caro

516 4520 728 4591 injuriis
759 4521 1074 4576 succubuit:
1124 4535 1284 4576 verus
1316 4532 1476 4594 atque
1503 4509 1844 4596 unigenitus,
1877 4526 1985 4581 imo
2027 4533 2081 4583 et

517 4613 709 4668 unicus
736 4611 789 4665 in
818 4620 1044 4679 utroque
1073 4613 1168 4666 Dei
1195 4613 1380 4668 Filius.

588 4700 695 4756 Vl].
724 4699 825 4766 Qui
854 4701 1015 4754 etiam
1036 4717 1132 4770 per
1157 4717 1372 4757 omnem
1401 4703 1598 4773 ubique
1617 4708 1788 4760 sancti
1809 4707 2081 4776 Evangelii
2161 4707 2177 4722 °

519 4798 724 4843 textum
751 4789 851 4844 sibi
881 4789 1047 4844 Deum
1074 4790 1289 4846 Patrem
1325 4794 1539 4862 speciali
1577 4796 1792 4850 nomine
1817 4797 2083 4865 appellare

519 4878 832 4943 consuevit;
880 4880 1022 4948 quod
1067 4881 1262 4950 sapius
1305 4883 1593 4948 invenitur,
1635 4899 1796 4954 quam
1825 4888 2084 4957 exemplis

519 4982 653 5034 opus
673 4969 743 5022 sit
767 4969 1141 5026 demonstrari.
1177 4971 1286 5027 Nec
1313 4989 1546 5043 unquam
1574 4978 1843 5032 communi
1871 4981 2083 5036 nomine

520 5058 797 5115 nobiscum
824 5059 1036 5117 Patrem
1057 5063 1158 5119 sibi
1180 5064 1484 5134 appellavit,
1509 5068 1631 5135 quia
1656 5070 1975 5125 omnimodis
1997 5071 2085 5125 ali-

521 5157 604 5203 ter
628 5151 730 5207 sihi
754 5152 921 5208 Deum
945 5154 1160 5213 Patrem
1187 5171 1309 5213 esse
1329 5159 1552 5221 sciebat,
1578 5159 1733 5214 aliter
1753 5160 1905 5213 nobis
1929 5179 1942 5212 :
1973 5163 2083 5215 vel-

521 5239 600 5293 uti
627 5240 680 5295 in
705 5238 954 5297 familiari
1001 5257 1250 5301 sermone
1269 5252 1328 5301 et
1347 5254 1461 5301 toto
1484 5247 1756 5316 mysteriis
1777 5247 2085 5314 plenissimo

523 5327 739 5398 legitur,
762 5347 919 5401 quem
943 5332 1131 5388 habuit
1163 5346 1226 5389 es
1266 5344 1424 5391 nocte
1461 5351 1566 5404 qua
1606 5337 1834 5392 traditus
1861 5347 1962 5398 est.
2005 5355 2087 5393 se—

523 5430 672 5475 creta
702 5422 1025 5479 allocutione
1068 5425 1137 5479 ad
1179 5424 1466 5495 discipulos
1507 5438 1669 5481 suos:
1709 5428 1762 5482 in
1781 5443 1895 5497 quo
1924 5426 2084 5483 etiam

525 5510 625 5564 sibi
652 5510 864 5568 Patrem
888 5515 1095 5584 privato
1112 5517 1447 5585 pronomine,
1471 5516 1524 5572 id
1551 5526 1653 5584 est,
1674 5534 1867 5582 meum,
1897 5519 2087 5587 saepius

528 5599 809 5668 appellavit
867 5601 1120 5666 Quamvis
1156 5606 1210 5662 in
1237 5607 1469 5678 quodam
1505 5607 1620 5664 loco
1645 5608 1900 5674 dixisset,
1930 5608 2088 5661 Paier

2169 1803 2258 1858 sed
2278 1803 2523 1867 vade,dic
2543 1803 2793 1871 fratribus
2813 1805 2960 1870 meis,
2977 1805 3210 1860 Ascendo
3239 1804 3307 1857 ad
3332 1801 3540 1857 Patrem
3566 1820 3739 1857 meum

2167 1902 2215 1945 et
2247 1892 2315 1945 ad
2345 1890 2560 1955 Patrem
2597 1901 2821 1946 oestrum
2861 1893 3042 1964 (Joan.
3090 1909 3156 1947 xx
3179 1935 3193 1958 ,
3243 1894 3350 1961 Π).
3385 1877 3439 1948 Si
3467 1893 3740 1962 mqualiter

2167 1982 2337 2036 voluit
2362 1983 2516 2037 nobis
2543 1983 2764 2053 intelligi
2790 1991 2846 2039 et
2868 1984 2970 2038 sibi
2999 1984 3210 2038 Patrem
3240 1985 3425 2048 Deum,
3448 2000 3613 2052 quare
3635 2000 3742 2039 non

2169 2070 2320 2135 dixit,
2334 2070 2580 2126 Ascendo
2609 2072 2676 2125 ad
2705 2072 2919 2128 Patrem
2941 2069 3109 2143 899
3128 2082 3388 2145 nostrum,
3408 2075 3501 2128 sed
3522 2074 3740 2142 speciali

2169 2161 2488 2228 pronomine
2511 2161 2578 2214 de
2608 2176 2666 2215 se
2691 2161 2845 2225 dixit,
2871 2158 3295 2234 Patrem-meum,-
3331 2170 3387 2216 et
3412 2162 3645 2233 generali
3667 2162 3736 2217 ad

2170 2251 2474 2321 discipulos,
2513 2248 2726 2306 Patrem
2769 2252 3034 2305 vestrum?
3061 2266 3179 2320 qua:
3228 2253 3332 2307 alia
3375 2253 3630 2307 discretio
3670 2244 3742 2308 ibi

2170 2347 2346 2408 potest
2369 2355 2507 2402 esse,
2537 2340 2640 2395 nisi
2666 2348 2724 2394 ut
2751 2340 2851 2395 sibi
2881 2341 2952 2394 sit
2973 2339 3135 2396 Pater
3167 2357 3263 2411 per
3290 2351 3556 2407 naturam,
3589 2341 3746 2398 nobis

2172 2445 2269 2498 per
2293 2430 2565 2500 gratiam?

2207 2587 2210 2592 .
2244 2539 2372 2595 Vill.
2401 2539 2505 2595 Sed
2529 2541 2612 2595 his
2639 2541 2714 2595 ita
2741 2540 3051 2610 praelibatis,
3076 2543 3477 2598 consideremus
3509 2543 3741 2613 prophe-

2174 2632 2309 2686 tieas
2338 2631 2764 2700 apostolicasque
2793 2633 3111 2698 sententias,
3133 2634 3261 2703 quid
3285 2635 3349 2689 de
3371 2632 3498 2690 Jesu
3523 2634 3742 2692 Christo
3850 2616 3851 2619 Ἴ

2173 2725 2283 2778 Deo
2302 2738 2431 2777 vero
2461 2731 2519 2778 et
2558 2724 2652 2777 Dei
2682 2724 2818 2778 Filio
2840 2739 2970 2778 vero
3001 2728 3254 2780 sentiant.
3282 2727 3536 2793 Quamvis
3559 2744 3745 2798 super-

2171 2810 2333 2866 ﬂuum
2349 2813 2495 2883 juste
2530 2814 2701 2868 videri
2727 2813 2903 2869 valeat
2942 2831 3103 2886 super
3128 2826 3366 2887 paternae
3401 2819 3642 2874 veritatis
3667 2826 3745 2873 te-

2173 2903 2442 2968 stimonia,
2475 2918 2595 2972 qua:
2635 2904 2793 2974 paulo
2830 2915 2954 2960 ante
2999 2907 3295 2976 posuimus,
3327 2908 3412 2961 vel
3454 2909 3622 2979 ipsius
3648 2908 3742 2962 Dei

2173 2994 2294 3048 Filii
2335 2994 2518 3058 verba,
2559 3010 2679 3064 qua:
2726 2999 2884 3050 modo
2931 2997 3262 3062 dicebamus,
3318 2999 3452 3053 alios
3508 3000 3748 3054 accitare

2175 3091 2341 3139 testes
2372 3102 2385 3137 :
2419 3092 2598 3138 tamen
2627 3093 2685 3138 ut
2712 3081 2774 3139 os
2803 3086 3024 3154 impium
3055 3096 3108 3141 et
3139 3104 3235 3142 cor
3262 3089 3596 3143 incredulum
3625 3104 3747 3158 pro-

2173 3171 2401 3239 pheticis
2457 3172 2890 3243 apostolicisque,
2938 3189 3039 3229 nec
3092 3187 3199 3231 neu
3251 3183 3305 3231 et
3354 3177 3747 3233 venerabilium

2174 3258 2393 3314 Patrum
2450 3261 2734 3315 obturetur
2788 3264 3131 3326 testimoniis,
3196 3266 3286 3333 qui
3359 3281 3457 3334 per
3505 3266 3749 3321 diversas

2176 3353 2359 3408 mundi
2406 3362 2588 3422 partes
2617 3354 2669 3408 in
2699 3344 2975 3408 catholicae
3009 3355 3132 3410 ﬁdei
3162 3356 3456 3411 ﬂoruerunt
3487 3358 3748 3427 prmities-

2174 3445 2337 3508 tione,
2370 3453 2428 3498 ut
2456 3446 2669 3499 tandem
2697 3445 2981 3515 aliquando
3031 3445 3212 3516 lingua
3260 3447 3558 3516 iniquitatis
3577 3447 3751 3501 discat

2174 3536 2468 3603 prudenter
2517 3542 2714 3598 tacere,
2755 3551 2874 3604 quae
2927 3551 3200 3605 nunquam
3240 3536 3427 3590 didicit
3475 3537 3750 3611 sapienter

2177 3621 2340 3690 loqui.

2247 3730 2335 3783 rx.
2364 3731 2544 3787 Primo
2572 3734 2810 3787 omnium
2858 3734 3156 3788 adducatur
3183 3733 3349 3796 Isaias
3390 3736 3442 3789 in
3492 3733 3747 3802 medium,

2177 3817 2327 3887 cujus
2375 3819 2515 3875 labia
2567 3822 2838 3890 seraphim
2869 3821 3105 3876 cmlestis
3157 3823 3364 3878 calculo
3411 3825 3597 3880 altaris
3621 3824 3748 3894 per-

2179 3911 2474 3965 mundavit.
2531 3911 2667 3978 Quid
2717 3911 2900 3981 itaque
2941 3903 3218 3969 mundatis
3270 3915 3444 3979 labiis,
3499 3916 3627 3988 quid
3654 3932 3749 3972 ore
3839 3919 3843 3923 ’

2176 4004 2557 4071 propemodum
2607 4002 2725 4072 plus
2764 4002 3073 4073 evangelica
3103 4021 3262 4074 quam
3306 4008 3641 4076 prephetieo,
3683 4007 3750 4061 de

2177 4091 2411 4160 humans
2467 4091 2666 4147 Christi
2697 4093 2978 4148 nativitate
3015 4095 3218 4158 nostris
3263 4095 3478 4151 insonet
3504 4098 3745 4159 auribus,

2179 4182 2459 4236 audiamus
2490 4200 2504 4235 :
2559 4181 2836 4246 Quiescitc,
2865 4183 3057 4252 inquit,
3095 4185 3160 4243 ab
3183 4184 3412 4248 nomine,
3463 4185 3613 4252 cujus
3645 4185 3752 4252 spi-

2179 4273 2309 4325 ritus
2337 4274 2392 4325 in
2441 4271 2673 4334 naribus,
2709 4273 2832 4340 quia
2857 4273 2964 4339 ipse
2986 4271 3217 4324 excelsus
3271 4272 3612 4340 reputabitur.
3640 4272 3749 4327 Ad-

2107 4376 2159 4437 ι)
2181 4370 2362 4415 monet
2379 4352 2654 4429 populum,
2677 4359 2918 4427 quiescat
2938 4374 2967 4412 a
2996 4360 3258 4429 sanguine
3283 4359 3506 4425 Christi,
3527 4361 3742 4417 tametsi

2181 4445 2240 4504 ut
2281 4451 2461 4506 homo.
2493 4449 2675 4518 spiret,
2719 4449 2964 4506 excelsus
2989 4456 3166 4508 tamen
3217 4451 3573 4520 reputabitur.
3601 4451 3752 4522 Unde

2181 4540 2445 4604 excelsus,
2475 4539 2577 4592 nisi
2605 4539 2729 4608 quia
2755 4555 2995 4609 magnus,
3045 4549 3092 4593 et
3119 4537 3293 4594 Filius
3320 4535 3572 4598 Altissimi
3598 4558 3749 4596 voce-

2181 4631 2357 4686 bitur?
2381 4629 2517 4685 sicut
2553 4630 2907 4701 archangelus
2933 4631 3105 4687 beate
3131 4632 3339 4702 Virgini
3371 4631 3752 4706 praenuntiavit

2183 4721 2334 4791 (Luc.
2385 4737 2428 4784 ι,
2474 4719 2583 4792 '52).
2636 4721 2704 4776 Et
2747 4729 2807 4775 ut
2855 4722 3059 4777 certius
3099 4721 3506 4792 intelligeretur,
3541 4713 3608 4774 de
3646 4734 3751 4789 qua

2183 4812 2406 4868 dixisset
2451 4819 2646 4865 natura
2676 4825 2690 4865 :
2723 4808 2896 4864 Filius
2923 4808 3180 4863 Altissimi
3228 4807 3515 4874 vocabitur,
3563 4809 3750 4863 subse-

2183 4909 2338 4957 cutus
2387 4900 2626 4971 angelus,
2656 4898 2725 4953 Et
2750 4898 2912 4964 quod,
2963 4895 3154 4966 inquit,
3187 4912 3253 4950 ea:
3297 4904 3345 4949 te
3367 4907 3608 4952 nascetur
3632 4915 3755 4953 san-

2185 4984 2343 5056 ctum,
2388 4992 2652 5046 vocabitur
2681 4986 2856 5041 Filius
2885 4987 2984 5041 Dei
3013 4986 3177 5061 (Ibid.
3230 4980 3340 5059 35).
3391 4987 3630 5048 Neutrali
3659 5005 3755 5047 no-

2184 5084 2327 5138 mine
2350 5083 2483 5137 dixit
2503 5089 2758 5141 sanctum,
2788 5079 2842 5132 id
2867 5084 2971 5140 est,
2999 5085 3248 5133 sanctum
3275 5094 3488 5151 corpus,
3521 5082 3662 5152 quod
3685 5097 3754 5139 ex

2185 5181 2237 5225 te
2274 5179 2546 5234 nascetur,
2576 5166 2859 5221 vocabitur
2901 5164 3070 5222 Filius
3115 5166 3229 5223 Dei.
3261 5168 3425 5238 Cujus
3457 5173 3759 5234 nativitatis

2185 5260 2556 5316 excellentiam
2581 5265 2706 5311 ante
2733 5256 3043 5311 nominatus
3076 5260 3339 5330 propheta
3373 5264 3630 5330 θειεῃῶι,
3656 5261 3749 5318 ubi

2186 5350 2262 5402 ait
2293 5366 2305 5399 :
2333 5348 2467 5400 Ecce
2503 5339 2682 5416 Virgo,
2713 5345 2908 5414 inquit,
2935 5348 3183 5419 condpiet
3221 5362 3268 5406 et
3309 5353 3480 5422 pariet
3525 5353 3748 5419 Filium,

2185 5447 2233 5494 et
2287 5436 2550 5490 vocabitur
2578 5451 2761 5490 nomen
2807 5436 2918 5505 ejus
2972 5435 3278 5496 Emmanuel
3316 5438 3470 5509 (Isai.
3498 5459 3596 5509 vu,
3632 5441 3750 5512 id);

2186 5536 2293 5594 quo
2333 5525 2547 5580 nomine
2575 5525 2902 5596 evangelista
2937 5525 3220 5585 llatthmus
3259 5531 3475 5600 dignam
3505 5528 3752 5601 apposuit

2189 5617 2705 5689 interpretationem.
2750 5618 2932 5674 dicens
2973 5622 3154 5693 :qaod
3197 5615 3595 5694 interpretatur,
3634 5617 3753 5675 1N0-
