4238 6198
362 318 467 373 277

1008 319 1423 375 ΒΟΕΜᾹΤΙΟΔ.
1460 350 1529 359 -
1566 318 1723 372 ADV.
1763 313 2161 369 ELIPANDL‘M
2199 315 2375 367 LIBRI
2415 315 2501 367 IV.
2542 343 2609 352 —-
2647 311 2773 366 LIB.
2813 310 2899 365 III.

3482 306 3585 361 278

364 430 557 483 biscum
606 427 742 482 Deus
771 426 982 496 (Matth.
1024 442 1061 489 ι,
1107 427 1219 498 25).
1246 428 1341 484 Cui
1370 442 1580 481 rursum
1609 427 1749 482 idem
1790 424 1917 477 Pro-
1948 431 1991 483 Α
2020 422 2133 490 ipse
2182 422 2487 475 teru’ninavit
2540 419 2824 482 sententia,
2875 418 3057 472 dicens
3093 434 3103 468 :
3141 414 3281 467 Tunc
3326 417 3468 469 ibunt
3500 417 3583 482 hi,

362 520 525 592 pheta
566 518 665 573 sub
690 518 886 572 senarii
918 520 1124 572 numeri
1168 519 1494 588 perfectione
1522 518 1675 589 plura
1720 518 1923 571 addidit

363 605 721 673 nomina,'ubi
753 607 831 660 ait
860 624 873 659 :
905 603 1163 661 Parvulus
1201 616 1353 668 natus
1379 617 1452 661 est
1482 608 1647 670 nobis,
1683 617 1727 660 et
1754 604 1922 659 Filius

360 697 520 751 'datus
562 705 639 750 est
687 694 832 749 nobis
878 693 1058 765 (Isaia:
1085 710 1159 761 ix,
1188 690 1263 765 6).
1288 696 1355 749 Et
1375 712 1441 750 ne
1463 696 1681 750 dubium
1706 694 1925 749 cuilibet

365 783 504 841 foret
526 785 593 840 de
631 799 738 853 quo
763 770 1002 845 dixiséet,
1040 782 1317 851 adiunxit:
1348 794 1395 837 et
1430 785 1597 853 factus
1626 794 1699 836 est
1728 784 1926 853 princi-

362 885 517 947 patus
553 892 709 946 super
728 876 998 930 humerum
1019 876 1164 945 ejus,
1191 876 1373 944 utique
1404 874 1732 933 Salvatorem
1763 877 1927 945 signi-

360 965 534 1020 ﬁcans
568 961 827 1029 nostrum,
867 965 958 1035 qui
980 980 1279 1035 properans
1315 966 1381 1020 ad
1416 966 1679 1035 passionis
1730 967 1921 1033 locum,

367 1062 568 1109 sancta:
596 1053 784 1109 Crucis
805 1054 1054 1109 vexillum
1077 1071 1173 1109 suo
1194 1065 1411 1124 portare
1431 1058 1653 1110 humero
1680 1057 1929 1126 dignatus

366 1148 469 1194 est.
498 1140 595 1195 Cui
619 1141 843 1209 parvulo
867 1157 989 1196 mox
1016 1141 1309 1197 distinctim
1335 1144 1447 1197 haec
1462 1145 1806 1213 proprietatis
1829 1160 1927 1199 no—

367 1228 511 1281 mina
543 1229 793 1296 imposuit
841 1244 856 1283 :
910 1229 977 1283 Et
1030 1232 1314 1295 vocabitur,
1371 1232 1560 1301 inquit,
1595 1251 1778 1287 nomen
1814 1236 1927 1303 ejus

366 1316 711 1382 admirabilis,
744 1319 1099 1385 consiliarius,
1118 1320 1299 1386 μορίω,
1354 1320 1521 1389 fortis,
1566 1323 1804 1393 princeps
1842 1340 1929 1392 pa-

367 1408 463 1469 cis,
500 1418 649 1477 pater
669 1408 835 1477 futuri
867 1410 1076 1473 strculi;
1104 1410 1179 1463 nil
1202 1411 1503 1487 adoptionis
1529 1412 1612 1466 vel
1661 1400 1929 1481 nuncupa-

368 1497 598 1567 pationis
621 1499 706 1552 his
726 1499 928 1553 addens
960 1501 1292 1567 nominibus;
1318 1503 1411 1557 sed
1435 1503 1591 1571 plano
1618 1519 1927 1572 quem-par-

369 1588 552 1642 vulum
579 1598 763 1643 natum
789 1598 843 1643 et
878 1590 1069 1644 Filium
1102 1593 1255 1646 nobis
1284 1593 1464 1648 datum
1496 1595 1759 1663 praedixit,
1790 1595 1931 1649 hunc

367 1679 617 1734 eumdem
666 1679 856 1744 Deum,
911 1668 1015 1734 non
1066 1682 1240 1745 solum
1295 1671 1483 1748 Deum,
1524 1684 1616 1738 sed
1658 1686 1930 1743 ctiortem

2022 512 2076 565 id
2104 519 2206 575 est,
2237 511 2407 579 impii,
2436 510 2491 562 in
2526 504 2832 579 supplicium
2857 516 3106 560 mternum
3132 519 3148 555 :
3168 505 3304 573 justi
3332 515 3502 557 autem
3534 508 3588 559 in

2022 601 2180 654 vitam
2216 610 2463 653 wternam
2505 598 2667 670 (Ibid.
2701 596 2812 668 46).
2845 597 2919 650 De
2964 610 3069 665 quo
3112 595 3272 649 etiam
3304 594 3506 664 judicio
3532 604 3589 650 et

2024 691 2135 760 ipse
2179 691 2367 745 doctor
2407 692 2647 760 gcntinm
2689 690 2862 745 dixit:
2888 687 3077 743 Omnes
3116 696 3313 757 oportet
3336 704 3427 741 nos
3454 697 3591 741 stare

2023 792 2144 835 ante
2189 783 2420 836 tribunal
2452 782 2645 836 Christi
2674 782 2759 852 (II
2788 781 2911 837 Cor.
2949 799 3001 846 v,
3032 780 3138 851 10).
3168 779 3318 846 Quod
3360 776 3591 835 tribunal

2012 870 2223 929 Christi
2277 873 2327 925 in
2371 872 2476 925 alio
2522 872 2639 925 loco
2682 872 2977 925 nominavit
3004 869 3236 924 tribunal
3262 870 3373 930 Dei,
3417 879 3594 923 osten-

2026 962 2160 1016 dens
2213 962 2486 1017 Christum
2512 978 2630 1018 esse
2658 962 2824 1016 Deum
2852 961 3013 1015 etiam
3042 969 3097 1016 et
3120 976 3371 1031 magnum
3400 960 3590 1022 Deum,

2027 1053 2116 1106 ubi
2166 1054 2240 1106 ait
2289 1072 2301 1106 :
2360 1054 2730 1123 Exspectantes
2776 1052 2977 1105 bca‘am
3024 1067 3163 1120 spem
3209 1061 3257 1103 et
3315 1050 3588 1103 adventant

2026 1142 2199 1210 magni
2252 1142 2345 1194 Dei
2394 1153 2440 1195 et
2505 1141 2794 1195 Saluatoris
2842 1142 3004 1194 nostri
3054 1139 3181 1193 Jesu
3234 1138 3423 1193 Christi
3470 1136 3593 1208 (Tit.

2029 1246 2089 1292 ιι,
2134 1230 2241 1300 i5).
2277 1232 2350 1285 De
2379 1248 2483 1301 quo
2512 1241 2566 1285 ct
2608 1229 2842 1284 Joannes
2870 1230 3196 1299 evangelista
3228 1229 3303 1282 ait
3336 1248 3348 1281 :
3383 1227 3481 1281 Iiic
3510 1245 3594 1282 τε-
3688 1252 3691 1255 ν

2028 1334 2116 1371 rus
2170 1331 2246 1373 est
2290 1323 2451 1387 Deus,
2496 1333 2543 1376 et
2578 1324 2681 1376 vita
2729 1330 2923 1375 a‘terna
2968 1320 3203 1390 (Lloan.
3259 1337 3309 1384 v,
3352 1320 3461 1390 20).
3491 1319 3600 1374 Nec

2031 1412 2171 1467 nuda
2202 1413 2273 1465 ibi
2326 1414 2655 1483 nuncupatio
2700 1412 2873 1467 locum
2908 1411 3129 1474 invenit,
3172 1409 3259 1463 ubi
3288 1420 3369 1464 est
3401 1412 3599 1465 veritas

2028 1504 2243 1559 virtutis
2272 1504 2487 1569 divine,
2518 1519 2680 1573 quam
2725 1503 3009 1557 veritatem
3056 1502 3247 1556 divinze
3297 1502 3511 1556 virtutis
3547 1502 3597 1554 in

2033 1599 2142 1652 lilio
2183 1596 2416 1670 hominis
2461 1590 2601 1659 esse,
2636 1596 2687 1648 in
2730 1595 2963 1649 sanitate
3001 1593 3276 1662 paralytici
3306 1594 3417 1662 ipse
3446 1592 3594 1647 Chri-

2034 1701 2148 1745 stus
2196 1688 2451 1753 osteniit,
2516 1687 2606 1741 ubi
2657 1684 2852 1740 Iudaeis
2884 1684 3239 1755 cogitantibus
3296 1684 3436 1737 inter
3468 1698 3523 1737 se
3580 1702 3590 1735 τ

372 1767 535 1822 Deum
579 1769 882 1838 aPPCuaVii-
936 1770 1067 1824 110m
1116 1779 1236 1839 post
1264 1773 1489 1842 plurima
1519 1775 1711 1829 divina:
1758 1775 1931 1829 laudis
1965 1764 2006 1821 Β
2033 1783 2162 1849 Quis
2190 1790 2351 1851 potest
2380 1787 2590 1849 peccata
2640 1777 2924 1839 dimittere,
2952 1776 3051 1828 nisi
3086 1773 3227 1828 solus
3277 1773 3459 1826 Deus?
3513 1789 3595 1827 rc—

371 1856 619 1928 insignia,
645 1859 911 1924 eumdem,
941 1874 1097 1928 quem
1121 1862 1530 1931 Redemptorem
1561 1865 1763 1919 sciebat
1804 1879 1932 1919 vcn-

372 1954 571 2009 turum,
601 1947 880 2002 Dominum
910 1952 1227 2005 exercituum
1270 1962 1324 2007 et
1373 1953 1537 2007 Deum
1569 1957 1734 2017 omnis
1777 1965 1930 2008 terra:

373 2039 551 2093 vocari
576 2039 855 2108 praedixit;
888 2042 977 2096 ubi
1005 2043 1146 2107 huic,
1179 2059 1295 2112 qua:
1316 2047 1582 2113 quondam
1617 2048 1668 2101 in
1696 2047 1928 2103 viduita-

374 2130 443 2182 tis
493 2144 725 2185 mmrore
762 2132 1004 2197 sedebat,
1066 2133 1298 2202 plurima
1346 2136 1727 2191 consolationis
1768 2140 1930 2193 verba

372 2208 699 2289 proferebat,
745 2220 1111 2292 subjungens:
1144 2223 1300 2289 Quia,
1346 2226 1538 2295 inquit,
1580 2228 1932 2281 dominabitur

372 2308 473 2370 tui,
525 2309 613 2377 qui
647 2308 769 2376 fecit
805 2318 874 2375 te,
912 2310 1166 2367 Dominus
1193 2306 1512 2377 exercituum
1572 2332 1755 2369 nomen
1777 2315 1929 2384 ejus:

372 2406 421 2449 et
447 2394 757 2465 Redemptor
788 2398 915 2453 tuus
936 2409 1147 2453 sanctus
1179 2400 1368 2467 Israel,
1406 2402 1543 2456 Deus
1586 2407 1752 2459 omnis
1781 2414 1932 2459 terra:

374 2486 638 2540 vocabitur
658 2486 813 2558 (Isai.
847 2505 956 2553 LIV,
994 2490 1071 2560 5).

445 2577 513 2631 Χ.
568 2577 773 2645 Quibus
805 2582 966 2635 etiam
998 2582 1318 2638 nominibus
1367 2599 1599 2639 consona
1652 2585 1933 2641 Psalmista

374 2669 648 2755 concinuit
673 2685 800 2727 voce
827 2686 842 2724 :
875 2671 1003 2738 Quis
1028 2682 1103 2727 est
1127 2672 1242 2739 iste,
1268 2676 1573 2740 decantans,
1604 2692 1694 2731 rex
1719 2676 1939 2747 gloriaz?

376 2758 631 2814 Dominus
671 2760 821 2829 fortis
846 2772 895 2814 et
938 2773 1137 2832 potens,
1175 2763 1425 2819 Dominus
1454 2775 1633 2835 potens
1653 2767 1708 2820 in
1733 2766 1934 2836 pra'lio.

378 2849 445 2905 Et
471 2850 645 2905 adhuc
691 2852 910 2914 addidit,
961 2854 1103 2906 sicut
1134 2863 1257 2925 ante
1279 2853 1619 2924 praediximus
1646 2874 1660 2909 :
1683 2857 1938 2911 Dominus

378 2940 624 2993 virtutum
674 2940 781 3009 ipse
802 2950 884 2997 ,est
916 2957 1004 2994 rea:
1048 2940 1230 3011 gloriae
1270 2942 1442 3013 (Psal.
1473 2958 1628 3009 nm,
1673 2944 1842 3016 8-10).
1872 2946 1939 2999 Et

380 3029 506 3084 alibi
537 3046 549 3080 :
581 3025 763 3082 Gloria
804 3039 852 3082 et
881 3030 1073 3084 honore
1101 3032 1362 3085 coronasti
1389 3048 1525 3097 eum,
1552 3042 1598 3086 et
1624 3035 1937 3089 constituisti

379 3133 497 3171 eum
532 3133 687 3187 super
721 3108 879 3188 opera
900 3135 1151 3172 manuum
1178 3128 1408 3173 tuarum.
1450 3120 1639 3174 Omnia
1676 3122 1941 3192 subjeciin
1970 3092 2014 3154 Ο

381 3207 474 3260 sub
510 3207 725 3276 pedibus
752 3208 887 3277 ejus.
918 3205 1089 3278 (Psal.
1139 3224 1257 3273 vnt,
1304 3209 1338 3264 6
1392 3210 1521 3282 seq.)
1560 3210 1675 3276 Quo
1697 3206 1943 3281 exemplo

382 3292 508 3347 dum
538 3293 825 3362 Apostolus
850 3296 927 3348 uti
954 3296 1140 3360 voluit,
1170 3296 1367 3364 adjecit
1396 3316 1408 3352 :
1442 3298 1508 3353 In
1540 3316 1599 3352 eo
1621 3302 1777 3365 enim,
1802 3302 1942 3372 quod

382 3384 537 3447 dixit,
570 3384 742 3437 omnia
773 3383 1037 3454 subjecisti
1057 3386 1151 3440 sub
1186 3387 1397 3457 pedibus
1435 3390 1567 3458 ejus,
1592 3390 1721 3443 nihil
1747 3392 1943 3446 dimisit

385 3490 485 3527 non
513 3473 561 3526 ei
588 3473 877 3542 subjectum
906 3472 1091 3545 (IIebr.
1124 3492 1186 3541 ll,
1209 3476 1285 3547 8).
1317 3477 1565 3547 Nunquid
1601 3478 1755 3534 alicui
1781 3480 1943 3550 adop—

386 3563 495 3617 tivo
525 3563 654 3627 lllio,
704 3564 789 3617 vel
832 3565 1191 3634 nuncupativo
1217 3566 1325 3621 Deo
1347 3568 1525 3622 omnia
1555 3568 1795 3637 subjecta
1820 3585 1941 3625 esse

386 3652 710 3726 credendum
738 3663 839 3715 est,
884 3662 939 3706 et
992 3669 1097 3708 non
1153 3656 1324 3725 magis
1372 3656 1445 3711 illi
1493 3658 1612 3721 soli,
1672 3652 1768 3728 qui
1822 3662 1943 3714 uni-

385 3743 597 3812 genitus
636 3751 739 3808 est,
767 3750 822 3797 et
858 3744 1104 3813 pr0prius
1134 3746 1225 3800 Dei
1255 3745 1420 3803 Filius
1447 3748 1510 3803 “in
1562 3750 1784 3806 duarum
1815 3768 1944 3807 con-

380 3830 658 3898 iunctione
680 3836 1017 3905 naturarum?
1038 3836 1112 3889 De
1133 3852 1240 3906 quo
1248 3837 1500 3905 prmIatus
1525 3824 1804 3897 Psalmista
1824 3844 1942 3897 lau-

386 3920 545 3975 dabili
567 3931 789 3990 peracto
828 3923 1015 3978 salutis
1054 3936 1250 3980 nostrae
1278 3928 1547 3997 triumpho
1567 3931 1639 3983 ait
1665 3949 1678 3984 :
1702 3933 1944 3986 Ascendit

386 4011 525 4068 Deus
566 4013 621 4068 in
637 4012 970 4085 jubilatioae,
1016 4025 1064 4070 et
1090 4016 1345 4073 Dom'nus
1370 4021 1424 4073 in
1450 4037 1567 4074 voce
1603 4024 1739 4076 tuba:
1768 4022 1937 4092 (Psal.

387 4118 532 4167 nvi,
560 4102 635 4174 6).
685 4102 825 4158 Deus
871 4105 1118 4170 ascendit,
1171 4106 1322 4170 dixit,
1353 4114 1409 4160 et
1455 4106 1708 4162 Dominus
1755 4112 1937 4165 ueniet.

386 4193 505 4261 Quo
530 4192 796 4248 versiculo
815 4195 964 4262 paria
994 4192 1313 4249 ascendente
1336 4194 1551 4255 Christo
1571 4199 1809 4277 angelica
1838 4216 1938 4257 vox

388 4277 709 4356 apostolicis
746 4285 984 4340 insonuit
1020 4286 1260 4350 auribus,
1290 4287 1515 4343 dicens:
1556 4286 1665 4344 Viri
1709 4290 1939 4360 Galila’i,

385 4376 510 4445 quid
532 4375 617 4429 hic
657 4376 805 4430 statis
847 4376 1147 4447 aspicientes
1187 4378 1240 4431 in
1268 4379 1488 4432 ecefum?
1537 4380 1619 4434 hic
1652 4380 1826 4447 Iesus,
1854 4387 1942 4455 qui

388 4474 683 4535 assumptus
719 4476 794 4548 est
820 4484 854 4521 a
897 4468 1055 4532 vobis,
1093 4468 1167 4523 sic
1196 4472 1373 4534 ueniet,
1413 4474 1842 4541 quemadmodum
1870 4478 1946 4530 ui-

388 4553 540 4608 distis
586 4569 704 4607 eum
754 4561 956 4607 euntem
1008 4556 1064 4608 in
1118 4556 1304 4609 calum
1354 4559 1490 4627 (Act.
1561 4563 1733 4632 1,“).
1784 4563 1946 4633 Cujus

390 4643 651 4699 adventus
694 4640 1177 4721 manifestationqm
1224 4652 1591 4715 terroremque
1619 4648 1945 4719 Psalmigra-

1126 4730 1130 4741 ν

387 4735 529 4805 phus
556 4732 789 4789 ostendit
817 4732 998 4787 :‘Deus
1023 4732 1349 4855 mat'qifestus,
1374 4736 1577 4802 dicens,
1600 4739 1785 4805 ueniet,
1810 4740 1947 4795 Deus

391 4832 565 4855 -ΑΜΔ,
611 4839 713 4855 aun-
753 4823 915 4855 ,ειριεο
966 4821 1119 4855 ID...’
1186 4841 1240 4855 ιη
1256 4841 1307 4855 --ν
1382 4826 1435 4855 ι)
1517 4827 1654 4855 nm...
1694 4838 1768 4855 ..-ι
1825 4846 1945 4855 Α---

391 4832 565 4879 noster
609 4839 714 4879 non
749 4823 915 4879 silebit
966 4821 1144 4895 (Ρωιέ
1186 4841 1331 4892 sua,
1381 4826 1459 4898 3).
1516 4827 1657 4883 Deus
1691 4838 1775 4885 est
1821 4846 1950 4902 ergo

390 4902 528 4981 Indo.
562 4904 673 4982 qui
715 4922 770 4969 et
818 4913 958 4970 illius
999 4914 1251 4979 hominis,
1291 4924 1415 4970 ante
1458 4918 1610 4988 cujus
1655 4920 1951 4989 maiestatis

391 4992 648 5055 thronnm
690 5003 1161 5080 gongregabuntur
1205 5003 1369 5075 mo
1407 5016 1599 5061 omnes
1644 5019 1852 5077 gentes,
1898 5020 1953 5066 et

392 5086 666 5144 discernet
711 5104 806 5169 eas
832 5094 971 5149 sicut
1000 5104 1186 5164 pastor
1228 5109 1463 5164 gregem,
1493 5102 1735 5151 statuens
1762 5114 1890 5154 oves
1920 5116 1951 5155 a

393 5174 619 5262 dextris.
660 5176 844 5236 hedos
880 5191 1060 5238 autem
1090 5201 1121 5239 a
1151 5185 1402 5241 sinistris.
1433 5186 1500 5240 Et
1544 5194 1602 5241 ut
1629 5202 1753 5241 eum
1781 5192 1951 5262 magis

393 5269 491 5326 IIIa
507 5256 796 5340 die'i‘egem
825 5272 1129 5341 timeamus,
1153 5290 1314 5345 quam
1336 5292 1546 5332 servum
1571 5256 1956 5345 despiciamus,

394 5358 473 5416 ait
494 5358 611 5432 ipse
641 5378 656 5415 :
690 5359 833 5416 Tunc
867 5363 1000 5417 dicet
1025 5382 1115 5421 re:
1151 5370 1232 5423 his
1256 5370 1345 5439 qui
1386 5388 1418 5423 a
1439 5370 1635 5422 dextris
1666 5369 1778 5438 ejus
1808 5382 1949 5435 sunt,

395 5457 452 5505 et
470 5457 662 5505 caetera
674 5464 794 5519 quae
811 5459 1108 5530 sequuntur
1127 5454 1183 5508 in
1204 5456 1524 5511 discretione
1540 5455 1765 5510 duorum
1786 5458 1957 5526 agmi-

398 5553 542 5604 num,
590 5530 859 5607 iustorum
930 5540 1132 5597 scilicet
1187 5553 1352 5616 atque
1405 5548 1691 5618 impiorum
1738 5544 1951 5619 (Matth.

397 5646 529 5700 xxv,
574 5628 683 5705 3b).
732 5630 898 5703 Cujus
940 5631 1125 5701 iudicii
1172 5636 1416 5692 ultimam
1447 5639 1823 5693 discretionem
1853 5638 1955 5693 hac

1974 4425 2023 4488 ο

2029 1870 2268 1939 spondit:
2290 1868 2356 1922 Ut
2381 1866 2558 1921 sciatis
2580 1866 2704 1935 quia
2734 1863 2903 1918 Filius
2926 1862 3150 1917 hominis
3174 1871 3471 1932 potestatem
3501 1862 3595 1915 Ιιιιφ

2030 1958 2111 2012 bet
2144 1958 2198 2009 in
2222 1966 2368 2010 terra
2410 1954 2703 2008 dimittendi
2728 1962 2961 2023 peccata,
2994 1962 3115 2006 tunc
3159 1953 3231 2005 ait
3268 1947 3554 2021 paralytico
3579 1962 3621 2008 :'

2030 2036 2375 2117 Surge,'tolle
2419 2046 2605 2099 lectum
2660 2054 2827 2107 tuum,
2860 2052 2910 2097 et
2942 2044 3071 2096 vade
3111 2043 3165 2095 in
3213 2042 3421 2095 domum
3459 2052 3598 2095 tuam

2032 2136 2247 2205 (Matth.
2277 2151 2351 2197 ix,
2377 2134 2451 2219 (ξ).
2482 2134 2548 2187 Ει
2574 2145 2757 2186 vocem
2777 2130 3010 2197 iubentis
3031 2144 3152 2185 mox
3171 2131 3373 2184 sanitas
3394 2131 3603 2200 paraly-

2032 2225 2126 2280 tici
2172 2231 2461 2279 consecuta
2493 2231 2595 2278 est.

2104 2315 2193 2368 XI.
2232 2316 2311 2369 Ac
2354 2330 2423 2369 ne
2472 2314 2613 2369 forte
2641 2314 2762 2384 quis
2792 2314 3036 2369 dubitare
3089 2320 3252 2382 queat
3291 2328 3358 2366 an
3389 2313 3474 2367 ille
3512 2313 3601 2381 qui

2032 2411 2330 2474 passus'est
2370 2404 2669 2457 divinitatis
2711 2404 2907 2457 haheat
2954 2401 3203 2472 gloriam,
3232 2401 3373 2471 legat
3403 2402 3453 2454 in
3498 2401 3600 2454 Da-

2034 2494 2172 2549 niele
2218 2494 2363 2548 illius
2412 2491 2877 2548 excellentissima:
2919 2497 3313 2545 sacramentum
3357 2490 3598 2550 visionis,

2034 2581 2124 2637 ubi
2171 2582 2307 2636 vidit
2357 2581 2523 2635 lilium
2554 2581 2785 2636 hominis
2830 2580 2896 2633 ad
2954 2579 3234 2648 antiquum
3284 2579 3599 2647 perductum

2037 2686 2158 2726 esse
2209 2672 2417 2725 dierum
2450 2689 2463 2723 :
2496 2669 2839 2739 Aspiciebam,
2868 2670 3060 2739 inquit,
3116 2670 3171 2722 in
3195 2670 3388 2723 visione
3418 2672 3601 2725 noctis.

2038 2768 2086 2815 et
2107 2775 2220 2812 ecce
2245 2774 2361 2811 cum
2390 2758 2611 2820 nubibus
2632 2756 2743 2811 coeli
2770 2758 2918 2826 quasi
2939 2756 3080 2825 ﬁlius
3102 2758 3325 2811 hominis
3355 2759 3601 2818 ueniebat,

2038 2857 2084 2900 et
2116 2863 2277 2916 usque
2301 2846 2369 2899 ad
2400 2847 2671 2916 antiquum
2696 2845 2897 2899 dierum
2918 2845 3162 2916 pervenit,
3186 2855 3232 2898 et
3258 2847 3310 2899 in
3338 2859 3607 2917 conspectu

2039 2938 2154 3007 ejus
2181 2936 2476 2991 obtulerunt
2530 2954 2670 3002 eum,
2700 2946 2748 2991 et
2786 2937 2926 2990 dedit
2956 2938 3002 2991 ei
3029 2945 3346 3005 potestatem,
3376 2948 3422 2991 et
3448 2938 3629 2991 hono-.

2043 3046 2174 3093 rem,
2216 3038 2262 3080 et
2294 3044 2545 3098 regnum;
2573 3038 2620 3082 et
2661 3044 2836 3082 omnes
2878 3028 3076 3099 populi,
3126 3030 3290 3083 tribus
3319 3039 3368 3083 et
3417 3030 3608 3099 linguw

2044 3118 2143 3187 ipsi
2189 3119 2423 3173 servient.
2459 3118 2696 3174 Potestas
2727 3120 2860 3189 ejus,
2882 3128 3105 3188 potestas
3128 3129 3344 3184 a'terna,
3366 3136 3481 3188 qua!
3504 3136 3607 3173 non

2044 3211 2345 3281 auferetur;
2395 3220 2442 3265 et
2490 3228 2703 3281 regnum
2754 3210 2888 3279 ejus,
2931 3211 3068 3281 quod
3123 3227 3226 3263 non
3253 3219 3610 3277 corrumpetur

2044 3299 2205 3370 (Dan.
2240 3316 2336 3365 vn,
2364 3300 2567 3371 ιδ-η).
2601 3299 2705 3354 Cui»
2728 3299 2919 3355 beatus
2947 3299 3181 3355 Joannes
3201 3299 3529 3368 evangelista
3554 3299 3607 3352 in

2043 3387 2458 3443 rcvelationihus
2480 3390 2595 3443 suis
2622 3390 2777 3444 valde
2796 3390 3021 3458 (equalia
3056 3405 3123 3457 se.
3148 3390 3345 3444 vidisse
3367 3388 3433 3443 de
3454 3388 3611 3444 Chri-

2043 3489 2149 3543 sto,
2178 3479 2269 3549 qui
2295 3479 2507 3533 occisus
2531 3486 2636 3543 est,
2665 3484 2895 3547 testatur
2923 3497 2936 3532 :
2963 3478 3029 3532 Et
3053 3480 3174 3543 vidi,
3200 3480 3395 3547 inquit,
3422 3488 3469 3533 et
3497 3497 3612 3534 ecce

2041 3573 2095 3625 in
2124 3572 2292 3625 medio
2320 3572 2493 3626 throni
2516 3581 2741 3642 quatuor
2779 3571 3054 3634 animalia,
3102 3581 3147 3626 et
3175 3572 3226 3626 in
3254 3572 3419 3625 medio
3446 3573 3614 3626 senio-

2044 3678 2161 3715 rum
2197 3674 2389 3731 agnum
2415 3670 2638 3718 stantem
2663 3670 2911 3731 tanquam
2932 3662 3176 3725 occisum,
3208 3662 3473 3715 habentem
3497 3678 3614 3713 cor—

2045 3767 2149 3804 nua
2171 3761 2384 3821 septem,
2406 3760 2453 3810 et
2482 3749 2659 3805 oculos
2686 3761 2897 3820 septem,
2926 3753 3015 3820 qui
3036 3762 3151 3805 sunt
3183 3760 3379 3819 septem
3400 3750 3612 3818 spiritus

2043 3837 2141 3891 Dei
2161 3838 2305 3890 missi
2325 3840 2381 3891 in
2406 3852 2607 3890 omnem
2629 3848 2821 3891 terram
2847 3836 3027 3907 (Apoc.
3060 3855 3114 3901 v,
3140 3838 3215 3907 6).
3239 3838 3305 3891 Et
3330 3847 3451 3907 post
3470 3853 3607 3906 pau-

2042 3942 2125 3989 ca,
2150 3934 2382 3995 quatuor
2402 3927 2651 3983 animalia
2678 3936 2733 3981 et
2753 3929 2939 3998 viginti
2965 3940 3194 3997 quatuor
3221 3931 3461 3986 seniores
3481 3946 3611 3985 can-

2038 4026 2153 4071 tare
2182 4024 2442 4071 memorat
2467 4034 2479 4069 :
2507 4017 2708 4086 Dignus
2734 4034 2806 4083 es,
2838 4018 3059 4073 Domine
3085 4020 3247 4085 Deus,
3280 4022 3512 4090 accipere
3542 4022 3609 4075 Ii-

2042 4106 2189 4159 brum
2228 4115 2276 4158 et
2304 4104 2499 4159 solvere
2538 4107 2808 4175 signacula
2837 4098 2974 4176 ejus,
3016 4110 3260 4165 quoniam
3296 4113 3495 4163 occisus
3537 4128 3613 4177 cs,

2042 4204 2089 4249 et
2118 4195 2377 4248 redemisti
2416 4211 2508 4249 nos
2540 4194 2647 4249 Deo
2671 4197 2999 4265 in~sanguine
3020 4206 3109 4249 tuo
3135 4195 3294 4267 (Ibid.
3324 4199 3376 4261 8,
3407 4199 3483 4268 9).
3517 4199 3613 4254 Cui

2042 4286 2277 4342 victoria:
2297 4286 2471 4340 omnis
2492 4286 2750 4341 cmlorum
2774 4288 3042 4341 exercitus
3064 4296 3367 4352 attestatur,
3384 4290 3567 4345 dicens
3596 4310 3612 4346 :

2046 4377 2243 4448 Dignus
2272 4386 2348 4431 est
2377 4392 2541 4447 agnus
2566 4378 2655 4447 qui
2685 4379 2883 4432 occisus
2910 4389 3005 4443 est,
3045 4381 3274 4451 accipere
3304 4380 3543 4449 gloriam,
3567 4394 3615 4436 et

2050 4468 2317 4531 honorem,
2348 4476 2397 4521 et
2434 4468 2776 4533 divinitatem,
2813 4479 2861 4521 et
2890 4469 3267 4539 fortitudinem,
3299 4478 3348 4525 et
3387 4483 3612 4542 potesta-

2050 4564 2153 4607 tem
2200 4554 2361 4625 (Ibid.
2411 4555 2520 4624 12).
2565 4555 2703 4608 Ecce
2730 4571 2900 4623 agnus
2925 4558 3156 4621 occisus,
3188 4560 3388 4614 habens
3418 4576 3613 4616 cornua

2052 4653 2278 4713 septem,
2322 4645 2374 4697 id
2401 4642 2503 4707 est,
2538 4644 2702 4698 totius
2746 4646 2930 4698 mundi
2960 4660 3155 4714 regna;
3185 4648 3388 4703 habens
3434 4650 3617 4705 oculos

2054 4743 2282 4805 septem,
2320 4735 2373 4811 id
2397 4742 2501 4797 est,
2523 4734 2661 4788 dona
2690 4734 3017 4804 septiformis
3038 4734 3287 4806 Spiritus,
3316 4753 3434 4807 qua:
3454 4740 3617 4796 Isaias

2058 4826 2373 4881 nominatim
2416 4840 2578 4895 super
2605 4823 2812 4891 ﬂorem,
2842 4826 2933 4904 qui
2958 4827 3023 4881 de
3053 4829 3200 4898 virga
3245 4830 3442 4884 radicis
3466 4830 3618 4887 Jesse

2051 4917 2312 4982 ascendit,
2344 4918 2684 4986 requiescere
2714 4918 2983 4987 praedixit.
3026 4920 3163 4975 Ecce
3191 4919 3449 4975 Dominus
3475 4922 3619 4978 Deus

2050 5008 2261 5063 occisus
2298 5007 2514 5071 dicitur,
2556 5006 2645 5074 qui
2688 5020 2786 5061 nos
2832 5007 3058 5062 redemit
3106 5009 3361 5075 sanguine
3409 5026 3524 5074 suo,
3561 5022 3617 5066 et

2050 5095 2179 5152 fecit
2202 5097 2311 5151 sibi
2350 5110 2577 5166 regnum
2604 5103 2658 5149 et
2702 5096 3009 5152 sacerdotes
3060 5098 3114 5151 in
3160 5105 3441 5154 :eternum.
3493 5100 3616 5157 limo

2051 5188 2228 5243 omnia
2276 5185 2571 5241 secundum
2622 5185 2975 5240 humanitatis
3021 5194 3267 5241 naturam
3303 5189 3398 5244 Dei
3428 5190 3613 5256 lilium,

2056 5276 2145 5346 qui
2174 5275 2385 5329 occisus
2410 5282 2511 5335 est,
2538 5288 2726 5329 omnes
2749 5274 2999 5344 angelicae
3026 5284 3317 5345 potestates
3346 5282 3617 5349 accepisse

2056 5371 2338 5420 testantur.
2370 5361 2557 5416 Nonne
2582 5363 2669 5417 ille
2706 5366 2838 5434 ipse,
2865 5366 2917 5420 id
2948 5378 3049 5428 est.
3083 5369 3345 5432 Christus,
3386 5369 3617 5423 allirma-

2056 5459 2149 5511 bat
2170 5461 2290 5525 post
2317 5452 2728 5507 resurrectionis
2760 5448 3004 5525 gloriam,
3036 5458 3174 5510 hanc
3207 5457 3363 5524 hujus
3388 5460 3616 5527 pmphe-

2060 5546 2179 5600 ticaa
2198 5543 2281 5598 vel
2315 5539 2619 5610 apostolica:
2664 5542 2884 5597 visionis
2908 5545 3210 5613 veritatem,
3239 5545 3364 5599 dum
3397 5548 3509 5601 suis
3535 5548 3616 5603 di-

2063 5637 2213 5692 cebat
2265 5631 2537 5701 discipulis
2592 5646 2605 5683 :
2652 5630 2790 5685 Data
2833 5646 2907 5687 est
2936 5636 3060 5688 mihi
3101 5639 3264 5692 omnis
3304 5626 3528 5709 potestas
3561 5642 3615 5694 in
