4238 6190
587 335 692 389 ἳἸΒ

1416 323 1473 378 Β.
1517 323 1573 377 F.
1613 321 1838 377 ALBINI
1891 321 2024 376 SEU
2062 320 2335 375 ALCL'INI
2374 318 2655 375 Ol’EllUM
2694 317 2869 375 PARS
2908 317 2991 374 ill.

3729 325 3835 381 280

585 449 708 501 ταιο
769 458 816 497 ct
866 446 920 496 in
963 454 1100 495 terra
1155 438 1365 510 (.llnuh.
1408 452 1608 500 xxvin,
1650 436 1776 506 l8)?
1840 433 1989 488 lieni
2030 414 2240 502 prohA
2268 429 2538 483 diversum
2587 441 2708 483 esse
2735 425 3000 492 Christus,
3041 443 3203 497 quam
3233 428 3374 483 Deus
3421 408 3535 494 est;
3564 430 3706 486 Deus
3736 433 3836 502 igi-

586 539 769 594 dolor!
802 533 987 589 infelix
1022 531 1220 591 anima,
1247 544 1366 596 qu:e
1396 528 1481 582 his
1507 525 1758 582 omnibus
1783 521 2054 578 incredula
2081 528 2166 574 est

584 629 841 688 testibus,
897 633 952 677 ct
995 637 1098 676 non
1147 621 1380 689 scipsam
1434 616 1679 687 corrigit,
1736 624 1795 668 ut
1819 613 2004 668 credat
2053 620 2160 664 tam

583 717 854 789 prmclarze
882 713 1224 768 auctoritatis
1253 708 1576 764 testimoniis
1599 711 1611 761 !
1759 717 1762 720 λ

653 828 762 884 XII.
787 801 874 881 ’Ᾰι
907 841 1024 889 vos,
1065 824 1165 878 viri
1222 821 1433 885 fratres,
1480 818 1915 890 expergiscimini
1946 816 2162 871 tandem

587 920 891 988 aliquando.
924 929 979 972 ct
1029 914 1282 984 lacryinis
1315 911 1646 982 pmnitentiw
1673 909 1848 984 lavate
1879 909 1948 962 de
1985 907 2162 962 cordi-

582 1012 681 1064 bus
723 1010 916 1062 \‘cslt'is
963 1008 1195 1067 litteras,
1248 1019 1384 1072 quas
1434 1003 1590 1072 nigro
1649 999 1981 1055 inﬁdelitatis
2039 998 2161 1053 fcile

580 1100 871 1169 scripsistis
900 1099 951 1152 in
981 1097 1061 1151 eis
1108 1097 1151 1148 si
1179 1095 1330 1149 vobis
1353 1094 1562 1163 placeat
1587 1092 1922 1146 mansionem
1956 1091 2160 1144 habere

582 1194 630 1244 in
670 1192 828 1243 domo
876 1189 1054 1242 Patris
1081 1187 1244 1248 illius,
1286 1184 1370 1238 cui
1401 1185 1522 1237 data
1562 1191 1642 1236 est
1688 1182 1865 1235 omnis
1920 1189 2160 1262 potestas

577 1277 1268 1341 ccelestium,terrestrium
1312 1285 1366 1330 et
1403 1273 1755 1328 iuicrnorum.
1788 1273 2074 1340 llucusquc
2105 1271 2159 1324 in

578 1371 923 1441 longinquam
978 1369 1269 1440 regionem,
1303 1365 1618 1420 recedentes
1659 1380 1690 1417 a
1721 1364 1879 1417 domo
1917 1371 2158 1432 paternae

577 1463 809 1529 pietatis.
868 1475 1063 1530 porcos
1110 1458 1333 1526 pavistis
1385 1456 1486 1510 sub
1523 1455 1737 1525 spiritu,
1795 1455 1889 1523 qui
1919 1453 2158 1523 alligavit

577 1567 672 1606 vos
694 1552 745 1604 in
775 1552 875 1604 alis
903 1551 1016 1604 suis
1043 1569 1054 1602 :
1090 1549 1184 1604 sed
1214 1550 1440 1618 surgite,
1472 1548 1679 1616 surgite
1709 1547 1775 1600 de
1803 1546 2046 1614 pristina:
2073 1545 2152 1598 in-

578 1636 846 1693 ﬁdelitatis
894 1649 1153 1702 stercore,
1200 1637 1549 1692 recordantes
1605 1635 2049 1708 benignissimam
2081 1634 2154 1700 pii

577 1732 752 1785 Patris
806 1731 1169 1792 clementiam.
1228 1731 1293 1783 ad
1346 1744 1504 1798 quem
1581 1735 1914 1791 revertentes
1964 1724 2150 1778 humili

576 1837 703 1875 voce
755 1821 916 1876 dicite
950 1839 962 1873 :
999 1819 1177 1883 Pater,
1203 1820 1527 1889 peccavimus
1558 1819 1615 1871 in
1645 1817 1770 1871 caelo
1799 1827 1847 1869 et
1884 1833 2060 1870 eorum
2105 1824 2154 1868 te

573 1909 723 1972 (Luc.
760 1927 846 1972 xv,
875 1910 968 1980 21)
1006 1927 1017 1961 :
1053 1918 1112 1963 ut
1149 1910 1298 1977 digni
1344 1909 1654 1963 habeamini
1707 1907 1989 1962 catholicae
2031 1906 2155 1960 ﬁdei

567 2004 762 2058 stolam
787 2004 954 2058 indui.
987 2003 1051 2057 In
1081 2001 1389 2057 malevoiam
1411 2004 1667 2064 animum,
1693 2002 1824 2056 dicit
1849 2001 2152 2071 Scriptura,

568 2093 826 2162 sapientia
861 2093 953 2147 Dei
982 2110 1085 2147 non
1110 2093 1325 2146 intrabit
1358 2091 1509 2164 (Sap.
1540 2109 1580 2156 1,
1611 2093 1685 2164 εἰ).
1720 2093 1896 2147 Nolite
1927 2102 2152 2147 conten-

571 2184 690 2236 tiosi
721 2199 863 2247 esse,
905 2193 1140 2238 vestram
1173 2191 1419 2238 amantes
1440 2183 1785 2238 sententiam.
1817 2182 2021 2236 ilabete
2055 2183 2155 2235 hu-

499 2295 501 2298 ·
573 2276 856 2328 miliuitem
895 2275 1136 2330 discendi
1176 2283 1232 2327 et
1271 2274 1598 2328 desiderium
1629 2274 2023 2327 ecclesiasticae-
2064 2289 2155 2328 ve—
2201 2287 2210 2338 j

574 2365 767 2426 ritatis,
796 2365 1096 2419 certissime
1117 2364 1372 2428 scientes,
1400 2365 1542 2433 quod
1574 2365 1691 2418 sine
1731 2364 1888 2432 hujus
1914 2380 2154 2418 commu-

573 2455 732 2509 nione
763 2457 1034 2520 Ecclesiae,
1068 2473 1189 2526 qua:
1219 2458 1272 2511 in
1309 2465 1454 2510 terra
1481 2459 1881 2528 peregrinatur,
1921 2459 2008 2512 illa
2035 2475 2154 2528 qme

571 2563 690 2600 eum
730 2549 946 2603 Clu-isto
971 2556 1162 2622 regnat
1200 2549 1255 2602 in
1281 2549 1454 2612 cmlis,
1485 2565 1760 2618 nunquam
1791 2565 1888 2604 vos
1931 2550 2154 2620 recipiet

575 2635 628 2688 in
659 2651 845 2704 pacem
881 2645 1155 2710 perpetua:
1179 2638 1545 2696 beatitudinis.

637 2749 796 2820 θοι
829 2750 962 2806 XIII.
1006 2749 1142 2820 Quia
1188 2751 1276 2807 illc
1315 2768 1457 2822 smpe
1501 2741 1809 2810 nominatus
1836 2755 2019 2820 Pater,
2072 2756 2154 2810 vir

488 2905 490 2907 g
571 2840 829 2907 dignitate
876 2841 1202 2897 venerabilis
1253 2841 1555 2912 Elipantns,
1586 2845 1792 2898 utinam
1825 2855 1879 2899 et
1915 2846 2016 2900 ﬁde
2065 2861 2154 2900 ca-

572 2929 768 2982 tholica
824 2929 1174 2994 honorabilis,
1223 2939 1389 2987 testes
1435 2949 1646 3002 quoque
1695 2935 1830 2989 alios
1853 2934 2151 3006 ﬂagitabat,

567 3035 875 3086 quaeramus
910 3022 1186 3078 succincm
1225 3039 1474 3079 sermone
1503 3028 1810 3082 testimonia
1851 3029 1916 3082 de
1940 3039 2154 3084 sancto-

573 3126 688 3162 rum
720 3109 991 3179 opusculis
1020 3109 1264 3174 Patrum,
1313 3129 1484 3184 pauca
1510 3131 1574 3169 ex
1612 3117 1880 3188 plurimis,
1920 3118 2150 3186 quaram
2180 3117 2226 3177 C

570 3201 659 3253 ille
703 3202 917 3254 nomina
961 3203 1014 3256 in
1054 3204 1167 3257 suis
1205 3203 1458 3260 litterulis
1482 3207 1680 3275 posuit,
1711 3222 1961 3262 asserens
2000 3223 2057 3261 se
2085 3223 2150 3261 ex

569 3306 757 3344 eorum
788 3291 946 3346 dictis
973 3302 1159 3346 nostro
1202 3294 1494 3350 credidisse
1538 3295 1915 3368 [crediturum]
1943 3298 2147 3363 errori;

569 3389 625 3434 et
675 3382 868 3434 mirum
912 3397 1079 3453 quare
1121 3385 1360 3456 quolibet
1384 3385 1648 3460 [cuilibet]
1678 3389 1849 3442 errori
1882 3405 1939 3444 se
1973 3390 2150 3445 credi-

512 3519 524 3530 .
571 3473 715 3526 disse
738 3473 864 3527 velit
893 3473 1092 3530 dicere.
1141 3477 1342 3532 Tamen
1395 3495 1459 3534 ex
1506 3480 1718 3536 illorum
1768 3483 2151 3537 sacratissimis

571 3561 768 3617 litteris
811 3566 1048 3635 probabo
1077 3583 1160 3621 me
1189 3584 1295 3625 non
1326 3585 1563 3646 errasse,
1595 3572 1854 3642 illumque
1877 3574 2150 3642 corrigere

571 3669 656 3709 me
683 3654 816 3708 velle
842 3657 1139 3711 ostendam.
1166 3659 1314 3713 Beati
1354 3660 1655 3724 Athanasii,
1688 3661 1898 3726 llilarii,
1921 3662 2151 3716 Ambro-

569 3748 653 3809 sii,
703 3748 1010 3819 Augustini,
1054 3749 1240 3802 lsidori
1293 3749 1598 3804 testimonia
1649 3751 1913 3819 poposcit.
1944 3749 2148 3805 Addam

568 3852 781 3905 quoque
825 3846 879 3892 et
929 3838 1067 3893 alios
1105 3840 1172 3893 ad
1217 3840 1652 3909 supplementum
1703 3842 1945 3896 veritatis
1983 3850 2149 3896 testes

571 3926 808 3979 idoneos.
835 3927 1219 3999 Hieronymum
1242 3931 1504 3998 siquidem
1532 3933 1850 3987 castissima:
1872 3931 2023 3996 ﬁdei,
2045 3931 2151 3987 He-

572 4015 901 4079 braicarum,
919 4010 1254 4082 Grmcaruin,
1284 4035 1510 4076 necnon
1534 4031 1588 4075 et
1613 4021 1926 4076 Latinarum
1949 4023 2150 4077 doctis-

571 4103 765 4156 simum
819 4107 1138 4178 magistrum
1197 4108 1520 4163 litterarum.
1572 4111 1890 4182 Gregorium
1934 4128 2149 4182 quoque

572 4196 878 4263 aposttlica:
929 4198 1073 4254 sedis
1119 4200 1428 4269 pontiﬁcem
1482 4217 1578 4270 per
1626 4204 1807 4259 omnia
1847 4188 2148 4272 purissimae

573 4283 693 4340 ﬁdei
727 4287 930 4352 virum;
959 4304 1059 4367 nec
1086 4305 1189 4343 non
1217 4299 1273 4344 et
1296 4290 1553 4361 Cyrillum
1579 4290 1929 4346 fortissimum
1959 4291 2149 4346 Nesto-

574 4378 738 4431 riana:
785 4387 944 4434 sectae
991 4379 1410 4443 destructor-em;
1449 4381 1614 4436 etiam
1634 4390 1688 4435 et
1734 4381 2146 4450 Fulgentianum

574 4467 955 4540 |Fulgeutium]
1007 4470 1417 4526 luculentissimi
1465 4473 1732 4528 sermonis
1795 4481 1851 4527 et
1909 4473 2147 4541 probatae

573 4560 696 4615 lidei
750 4561 1055 4627 doctorem;
1108 4563 1184 4641 uti
1236 4578 1423 4618 eorum
1477 4565 1715 4618 omnium
1764 4562 2147 4619 sacratissimis

572 4655 745 4707 victus
779 4654 1116 4725 dogmatibus
1143 4671 1200 4710 se
1219 4655 1348 4710 olim
1376 4665 1632 4727 agnoscat
1656 4671 1860 4710 errare.

642 4768 776 4822 XIV.
835 4766 1069 4824 Hilarius
1133 4786 1366 4840 namque
1413 4786 1518 4824 non
1566 4785 1746 4839 parva:
1795 4770 1847 4822 in
1906 4767 2146 4822 Ecclesia

571 4858 770 4914 Christi
819 4861 1158 4917 auctoritatis
1184 4861 1395 4925 doctor,
1423 4863 1743 4928 Arianarque
1769 4858 2009 4928 perﬁdia!
2037 4857 2146 4912 for-

572 4953 810 5006 tissimus
835 4953 1150 5016 debellator,
1181 4953 1235 5006 in
1275 4952 1427 5006 libris
1453 4968 1590 5020 quos
1614 4966 1712 5018 pro
1743 4965 1904 5004 causa
1930 4957 2147 5017 aposto—

575 5047 687 5100 licae
715 5047 835 5100 ﬁdei
886 5048 1152 5103 catholico
1182 5045 1320 5114 stylo
1353 5045 1618 5105 exaravit,
1670 5043 1824 5095 valde
1850 5040 2147 5115 probabilis

573 5140 637 5193 de
667 5137 883 5192 Christo
900 5138 1124 5209 protulit
1148 5136 1472 5197 testimonia,
1501 5135 1566 5186 de
1590 5133 1787 5201 quibus
1820 5147 1990 5201 pauca
2013 5146 2150 5201 pra:-

576 5229 743 5283 libare
788 5242 965 5284 ratum
1021 5219 1238 5283 censeo.
1296 5226 1352 5280 In
1408 5226 1548 5279 lihro
1578 5221 1669 5279 vin
1719 5223 2001 5278 catholica:
2027 5225 2147 5277 ﬁdei

576 5321 715 5374 inter
745 5328 938 5374 cartera
968 5317 1048 5372 sic
1078 5319 1153 5372 ait
1182 5330 1208 5360 ι
1244 5337 1256 5370 :
1296 5336 1314 5367 ι
1352 5317 1443 5371 Sic
1471 5333 1574 5371 non
1620 5325 1798 5387 potest
1851 5316 1994 5370 aliud
2021 5316 2149 5386 quid

648 5508 672 5536 ι
703 5495 762 5550 S.
797 5497 986 5560 llilar.,
1025 5495 1146 5550 libr.
1177 5510 1272 5549 vui
1300 5496 1366 5549 de
1397 5494 1650 5548 Trinitat.
1677 5513 1824 5551 uuln.
1858 5497 1942 5560 27,
1982 5496 2071 5553 28.

650 5566 674 5604 δ
705 5564 834 5631 Quae
888 5567 1090 5620 ansulis
1126 5566 1458 5628 inclusimus,
1511 5581 1615 5620 non
1667 5575 1793 5619 sunt
1852 5567 2142 5627 Ambrosii,

577 5635 669 5689 scd
716 5634 919 5688 Paulini
965 5636 1344 5704 Aquileiensis,
1384 5635 1507 5691 libr.
1543 5653 1616 5704 in
1675 5643 1863 5690 contra
1916 5636 2143 5692 Felicem

579 5705 757 5774 capt”
787 5722 799 5766 ;
847 5720 963 5773 qua:
990 5699 1094 5774 quo
1121 5721 1304 5761 errore
1331 5699 1432 5761 huc
1454 5707 1522 5761 ab
1543 5699 1776 5760 ‘Alcuino
1807 5705 1908 5757 sub
1931 5706 2143 5760 nomine

2268 528 2355 572 tur
2384 519 2634 574 Christus
2664 525 2778 582 est,
2822 538 2842 571 ›
2876 517 2943 571 Et
2986 532 3200 571 rursum
3233 536 3246 571 :
3301 537 3319 568 ι
3357 519 3412 573 Si
3463 535 3558 588 per
3587 529 3832 577 naturain

2267 606 2360 660 Dei
2398 606 2647 662 Christus
2696 606 2792 662 tibi
2843 606 3102 662 Dominus
3146 616 3249 673 est,
3303 609 3524 664 habebis
3569 609 3833 680 Spiritum

2263 705 2510 751 sanctum
2541 713 2554 749 :
2587 697 2631 750 si
2663 711 2790 750 vero
2819 710 2918 764 per
2963 695 3270 766 adoptivum
3301 713 3495 753 nomen
3539 700 3626 755 hic
3653 701 3838 758 Domi-
3873 681 3882 691 ’

2262 805 2365 843 nus
2393 800 2491 850 est,
2524 788 2731 859 Spiritu
2754 797 2943 843 sancto
2966 804 3162 844 carens
3183 791 3373 858 spiritu
3395 793 3598 847 erroris
3621 795 3832 848 anima-

2262 879 2357 934 ris.
2403 899 2421 930 ι
2460 878 2592 933 Item
2621 893 2684 933 ex
2717 877 2855 932 libro
2895 893 3078 933 inuno:
3113 895 3134 931 ι
3171 878 3340 934 liomo
3366 881 3546 951 itaque
3587 883 3836 940 Christus

2260 969 2436 1032 Jcsus,
2475 969 2783 1041 unigenitus
2827 969 2985 1033 Deus,
3027 984 3125 1040 per
3157 985 3376 1027 carnem
3403 980 3458 1028 et
3500 975 3746 1041 verbum,
3773 984 3834 1030 ut

2260 1059 2496 1114 hominis
2535 1059 2698 1140 ﬁlius,
2730 1059 2804 1114 ita
2841 1068 2896 1115 et
2926 1060 3019 1114 Dei
3057 1061 3241 1116 Filius.
3279 1082 3297 1114 ι
3336 1061 3618 1118 Hominem
3670 1064 3831 1121 Chri-

2262 1158 2404 1202 stum
2452 1147 2638 1202 Jesum
2672 1149 2774 1204 iste
2821 1151 3234 1222 probatissimus
3262 1151 3450 1206 doctor
3498 1155 3833 1222 unigenitum

2258 1237 2426 1291 Deum
2453 1239 2734 1292 denuntiat
2761 1255 2775 1303 ;
2805 1237 2944 1293 sicut
2968 1240 3202 1295 hominis
3229 1249 3312 1295 est
3335 1241 3495 1306 ﬁlius,
3522 1243 3617 1307 ait,
3643 1244 3717 1297 ita
3747 1254 3834 1299 est

2257 1337 2310 1383 et
2339 1329 2432 1384 Dei
2462 1329 2652 1384 Filius.
2690 1329 2746 1383 Si
2768 1331 3018 1399 proprius
3047 1339 3129 1386 est
3151 1332 3384 1386 hominis
3415 1331 3554 1388 ﬁlius
3585 1334 3834 1390 Salvator

2257 1428 2455 1481 noster,
2484 1420 2734 1488 proprius
2754 1429 2838 1474 est
2863 1420 3126 1489 siquidem
3147 1430 3202 1475 et
3227 1421 3325 1476 Dei
3351 1422 3524 1487 Filius,
3543 1426 3833 1481 secundum

2256 1508 2414 1577 hujus
2453 1509 2779 1564 sanctissimi
2829 1511 3009 1566 Patris
3054 1511 3232 1566 ﬁdem.
3283 1513 3414 1567 Item
3455 1515 3506 1567 in
3556 1516 3693 1570 libro
3737 1533 3768 1570 ς
3812 1533 3825 1568 :

2262 1620 2278 1651 ι
2311 1600 2638 1670 Apostolica‘
2659 1602 2922 1670 siquidem
2948 1601 3080 1657 ﬁdes
3110 1619 3215 1658 non
3247 1605 3452 1673 patitur
3475 1605 3655 1661 Iesum
3679 1607 3834 1662 Chri-

2255 1700 2418 1754 stum,
2469 1699 2528 1744 ut
2550 1690 2709 1745 Jesus
2738 1707 2843 1745 non
2879 1692 2996 1761 ipse
3021 1693 3093 1747 sit
3116 1692 3388 1760 Christus,
3416 1710 3515 1751 nec
3538 1696 3703 1768 lilium
3734 1699 3835 1753 ho-

2185 1776 2227 1834 Β
2259 1781 2418 1836 minis
2466 1783 2727 1836 discernit
2771 1798 2801 1836 a
2848 1783 2944 1838 Dei
2991 1785 3150 1838 Filio.
3187 1805 3205 1837 ι
3238 1785 3488 1856 Nunquid
3530 1802 3638 1842 non
3665 1776 3834 1845 ﬁlium

2257 1871 2493 1926 hominis
2531 1871 2791 1925 discernit
2829 1887 2860 1925 a
2897 1872 3033 1928 Filio
3068 1873 3162 1928 Dei
3193 1875 3298 1939 ille,
3332 1878 3423 1946 qui
3459 1877 3625 1933 ﬁlium
3654 1881 3833 1936 homi-

2255 1961 2342 2014 nis
2367 1955 2675 2030 adoptivu’in
2701 1962 2979 2032 prcedicat,
3013 1972 3066 2018 et
3096 1963 3288 2019 Filium
3319 1967 3432 2034 Dei,
3467 1983 3594 2023 vere
3617 1969 3783 2024 ﬁlium
3802 1970 3830 2022 Τ

2258 2055 2313 2108 in
2344 2055 2481 2110 libro
2505 2072 2578 2110 xu
2611 2074 2624 2110 :
2661 2075 2678 2106 ι
2711 2057 2769 2111 In
2795 2073 2855 2113 se
2891 2060 3034 2113 enim
3079 2075 3203 2114 eum
3239 2061 3382 2118 Deus
3411 2064 3749 2134 gloriﬁcavit,
3776 2066 3830 2120 id

2255 2155 2358 2210 est,
2392 2146 2444 2200 in
2476 2162 2537 2202 ea
2571 2156 2786 2212 natura,
2811 2163 2916 2218 qua
2945 2149 3086 2205 Deus
3111 2159 3214 2214 est,
3235 2160 3298 2205 ut
3324 2153 3394 2206 sit
3413 2155 3552 2208 Deus
3571 2155 3750 2209 omnia
3771 2156 3826 2210 in

2254 2238 2523 2292 onmibus.
2577 2238 2652 2291 De
2697 2240 2933 2293 humana
2978 2242 3107 2296 dicit
3152 2243 3508 2315 natura,qu.e
3532 2245 3831 2316 gloriﬁcata

2254 2337 2357 2391 est,
2391 2329 2464 2381 ita
2494 2337 2552 2383 ut
2580 2330 2647 2383 sit
2669 2331 2810 2384 Deus
2831 2332 3009 2386 omnia
3037 2334 3089 2387 in
3121 2337 3390 2391 omnibus.
3433 2359 3451 2390 ι

2328 2420 2440 2472 XV.
2487 2419 2617 2473 item
2662 2421 2991 2478 iortissiinus
3017 2422 3205 2479 centra
3230 2426 3509 2484 haeretieas
3533 2430 3830 2500 pravitates

2254 2509 2481 2580 bellator
2540 2512 2730 2566 beatus
2790 2512 3106 2568 Ambrosius
3158 2515 3570 2572 Mediolanensis
3620 2519 3829 2588 episco-

2253 2617 2354 2670 pus
2380 2602 2431 2665 ιι,
2463 2603 2745 2672 perspicue
2773 2603 3048 2659 Christum
3076 2607 3369 2661 secundum
3401 2589 3642 2677 id,'quod
3668 2609 3830 2663 homo

2255 2695 2358 2756 est,
2392 2696 2669 2763 proprium
2717 2695 2810 2750 Dei
2853 2696 3047 2750 Filium
3093 2697 3326 2752 aliirmat
3363 2713 3499 2763 esse,
3529 2701 3668 2754 sicut
3699 2700 3830 2772 legi-

2254 2796 2344 2839 tur
2387 2786 2439 2839 in
2467 2787 2824 2855 expositione,
2852 2803 3012 2856 quam
3043 2788 3170 2842 fecit
3193 2790 3245 2843 in
3276 2790 3621 2860 Evange'lium
3645 2791 3824 2857 Lucae,

2255 2875 2453 2948 [illum,
2479 2877 2672 2946 inquit,
2706 2879 2759 2934 id
2798 2891 2904 2945 est,
2936 2878 3210 2936 Christum
3256 2883 3522 2937 veraciter
3547 2883 3826 2953 proprium

2253 2969 2346 3022 Dei
2371 2969 2564 3023 Filium
2595 2970 2901 3036 conﬁtetur,
2931 2979 2989 3026 et
3026 2987 3149 3027 eum
3169 2988 3308 3038 esse,
3338 2989 3500 3044 quem
3530 2975 3827 3029 secundum

2255 3047 2644 3115 humanitatem
2665 3077 2770 3115 vox
2783 3070 3008 3130 paterna
3024 3063 3256 3117 intonuit
3270 3063 3452 3134 (etiam
3471 3064 3537 3118 de
3555 3077 3620 3118 eo
3641 3077 3824 3128 versu,

2257 3150 2348 3218 qui
2370 3149 2422 3202 in
2445 3149 2659 3205 Psalmo
2679 3152 2915 3206 secundo
2933 3150 3130 3220 legitur
3151 3171 3164 3204 :
3186 3150 3236 3203 F
3236 3152 3358 3206 ilius
3387 3168 3531 3207 meus
3543 3169 3596 3206 es
3620 3161 3700 3218 tu,
3728 3169 3824 3223 ego

2255 3240 2408 3293 hodie
2437 3242 2593 3310 genui
2616 3250 2665 3294 te
2688 3239 2859 3313 [PsaL
2891 3258 2951 3307 Il,
2971 3234 3074 3314 7]).
3099 3242 3210 3298 Nec
3231 3244 3352 3299 ideo
3375 3244 3451 3316 [in
3478 3244 3564 3316 eo]
3583 3245 3826 3314 quidem,

2257 3333 2449 3403 inquit,
2481 3333 2639 3387 datur
2676 3334 2771 3388 tibi
2793 3333 3020 3390 facultas
3062 3335 3336 3392 refellendi
3361 3353 3509 3394 more
3533 3347 3644 3403 tuo,
3669 3339 3829 3408 quasi

2255 3425 2546 3480 secundum
2571 3426 2803 3481 divinam
2832 3429 3203 3484 tantummodo
3227 3437 3352 3486 ante
3378 3431 3573 3486 smcula
3603 3446 3830 3503 genera-

2256 3516 2453 3570 tionem
2502 3518 2606 3572 hoc
2633 3518 2835 3573 dictum
2886 3518 3104 3585 fuisset;
3157 3520 3283 3576 licet
3327 3531 3510 3591 posset
3547 3529 3602 3577 et
3644 3522 3710 3577 de
3736 3521 3826 3574 illa

2255 3622 2360 3660 non
2405 3608 2846 3663 inconvenienter
2893 3610 3197 3664 iutimatum
3227 3611 3826 3686 videri..Verumtamen

2252 3712 2317 3750 ex
2366 3697 2796 3765 praecedentibus
2823 3707 2878 3753 et
2917 3699 3366 3767 subsequentibus
3407 3688 3830 3753 circumstantiis

2254 3785 2322 3839 de
2360 3787 2615 3850 secunda,
2641 3774 2803 3854 quam
2850 3788 3218 3856 temporaliter
3235 3803 3334 3856 pro
3361 3787 3518 3842 nobis
3550 3787 3827 3857 suscipere

2252 3895 2359 3934 non
2389 3881 2690 3944 abhorruit,
2722 3881 3003 3936 nativitate
3026 3868 3351 3950 praedictum.
3387 3882 3490 3935 hoc
3519 3881 3716 3936 rectius
3743 3881 3828 3934 in-

2253 3971 2418 4043 telligi
2473 3987 2579 4026 non
2615 3972 2905 4026 inhibetur.
2933 3972 3066 4026 Nam
3111 3989 3126 4026 :
3173 3972 3286 4042 Ego
3313 3982 3484 4027 autem
3515 3971 3833 4026 constitutus

2250 4079 2367 4116 sum
2410 4079 2501 4116 rex
2552 4062 2616 4115 ab
2664 4078 2723 4115 eo
2759 4079 2917 4132 super
2964 4061 3093 4117 Sion
3149 4072 3374 4116 montem
3425 4070 3664 4115 sanctum
3711 4059 3827 4130 ejus

2252 4151 2414 4224 (Ibid.
2439 4153 2514 4222 6),
2548 4161 2620 4216 et,
2654 4152 2862 4222 postulo
2909 4170 2940 4205 α
2977 4169 3079 4216 me,
3108 4161 3169 4206 ἐτ
3198 4153 3334 4207 dabo
3377 4154 3468 4207 tibi
3517 4161 3712 4222 gentes,
3749 4151 3828 4205 ad

2253 4258 2506 4312 magnum
2552 4243 2769 4312 pietatis
2799 4251 3220 4305 sacramentum,
3251 4243 3392 4311 quod
3430 4255 3528 4309 per
3551 4241 3828 4308 dispensa-

2251 4334 2450 4386 tionem
2478 4334 2658 4386 carnis
2684 4333 2933 4401 apparuit
2959 4333 3011 4384 in
3040 4331 3256 4391 mundo,
3283 4314 3560 4398 perspicue
3588 4329 3824 4384 adrerti-

2253 4430 2340 4475 tur
2381 4422 2571 4490 procul
2611 4422 2772 4476 dubio
2800 4419 3118 4492 pertinere].
3153 4439 3171 4471 ι
3203 4420 3337 4487 Quis
3355 4428 3457 4484 est,
3499 4420 3673 4488 inquit
3696 4420 3825 4476 Am-

2512 4524 2561 4576 π,
2613 4512 2700 4567 ille
2746 4514 2997 4583 proprius
3047 4512 3141 4567 Dei
3194 4511 3385 4578 Filius,
3435 4512 3537 4566 nisi
3574 4512 3661 4588 cui
3691 4527 3823 4567 voce

2249 4607 2474 4672 paterna
2516 4599 2717 4656 dictum
2757 4611 2842 4658 est
2883 4616 2900 4655 τ
2941 4600 3111 4655 Filius
3163 4618 3305 4656 meus
3353 4619 3406 4656 es
3444 4609 3521 4666 tu,
3550 4617 3642 4671 ego
3670 4600 3824 4653 hodie

2247 4695 2401 4764 genui
2445 4695 2536 4748 te!
2576 4715 2594 4747 ι
2628 4693 2686 4748 In
2715 4693 2854 4750 libro
2900 4704 3079 4749 autem
3112 4693 3179 4748 de
3207 4690 3582 4747 incarnatione
3619 4687 3823 4743 Christi

2249 4801 2302 4839 vt
2330 4784 2380 4849 ἀ,
2429 4785 2556 4854 quia
2603 4785 2852 4840 Christus
2884 4785 3054 4861 902
3092 4799 3253 4842 verus
3296 4783 3394 4837 Dei
3418 4779 3587 4833 Filius
3614 4779 3705 4842 sit,
3745 4779 3825 4835 sic

2249 4876 2362 4929 ait:
2400 4895 2419 4927 ‹
2453 4875 2748 4940 Adversus,
2801 4876 2997 4947 inquit,
3046 4890 3243 4950 omnes
3281 4875 3515 4926 lnereses
3555 4870 3823 4942 generalis

2250 4965 2352 5018 ista
2380 4964 2511 5020 ﬁdes
2533 4975 2644 5030 est;
2686 4967 2810 5036 quia
2838 4950 3087 5021 Christus
3106 4973 3190 5017 est
3212 4962 3306 5016 Dei
3333 4960 3523 5023 Filius,
3549 4971 3602 5016 et
3622 4964 3821 5035 sempi—

2255 5062 2440 5108 ternus
2480 5071 2544 5108 ex
2592 5055 2772 5120 Patre,
2810 5063 2866 5109 et
2913 5053 3205 5108 hodiernus
3243 5064 3307 5102 ex
3335 5050 3547 5126 Virgine
3594 5050 3823 5124 [.4mbr.,

2251 5153 2307 5196 et
2334 5154 2494 5200 natus
2524 5162 2590 5201 ex
2618 5145 2784 5199 Maria
2813 5139 3067 5212 virgine}.
3095 5159 3113 5190 ι
3153 5138 3219 5192 Et
3245 5138 3401 5211 paulo
3428 5149 3550 5211 post
3580 5161 3593 5195 :
3635 5161 3654 5193 ι
3685 5140 3822 5200 Cum

2253 5236 2509 5310 Dominus
2560 5236 2788 5308 [Ambr.,
2831 5229 2996 5301 Deus]
3039 5244 3254 5299 semper
3288 5240 3432 5286 esset
3457 5235 3822 5301 a:ternus,in-

2249 5328 2577 5381 carnationis
2613 5330 2949 5382 sacramenta
2999 5321 3258 5392 suscepit,
3318 5338 3424 5378 non
3469 5324 3693 5392 divisus,
3722 5325 3819 5382 sed

2251 5500 2305 5552 S.
2336 5500 2605 5554 Ambrosii
2647 5497 2908 5551 translata
2949 5495 3076 5556 sint,
3109 5495 3440 5556 ignoramus.

2323 5581 2342 5608 ε
2380 5570 2437 5622 S.
2472 5569 2744 5626 Ambros,
2782 5565 2902 5619 libr.
2932 5570 3012 5618 tit.
3051 5564 3104 5618 in
3129 5564 3261 5620 Luc.
3299 5580 3447 5618 num.
3486 5566 3539 5620 9.

2318 5637 2342 5675 ιι
2375 5638 2560 5692 Potius
2611 5637 2663 5690 in
2712 5636 2849 5690 libro
2887 5638 2951 5690 de
2994 5633 3210 5690 lncarn.
3237 5634 3389 5688 Dem.
3442 5634 3818 5695 Sacramenta,

2249 5721 2365 5775 cap.
2399 5707 2451 5769 5,
2483 5723 2628 5761 num.
2665 5704 2753 5760 '55.
3354 5704 3356 5708 ’
