4226 6182
442 279 535 337 281

1094 270 1506 328 DOGMATICA.
1546 301 1614 310 ——
1651 270 1808 324 ADV.
1850 264 2245 322 EILIPANDUII
2285 264 2460 319 LIBRI
2497 264 2584 318 IV.
2625 293 2692 302 -—
2730 263 2856 317 LIB.
2897 262 2982 316 III.

3546 259 3652 315 εδει

445 411 603 459 unus;
634 395 759 464 quia
785 397 1070 457 utrumque
1113 403 1268 451 unus,
1292 395 1349 441 et
1366 401 1503 440 unus
1526 385 1579 438 in
1606 393 1855 452 utroque,
1884 382 1986 435 hoc
2013 381 2056 438 Α
2087 386 2439 459 transeamus.
2471 376 2602 431 Nam
2642 378 2696 431 in
2731 378 2906 446 primo
2939 385 2995 432 et
3034 377 3282 432 secundo
3305 375 3655 433 Przedestina-

411 494 542 550 'est,
571 484 654 539 vel
688 481 965 537 divinitate
993 478 1077 531 vel
1101 491 1348 544 corpore.
1381 495 1400 527 ι
1656 524 1660 528 ι

509 573 640 627 XVI.
668 571 938 624 Habemus
957 583 1168 638 quoque
1179 565 1456 619 Athanasii
1478 562 1858 623 testimonium,
1881 575 1987 614 non

445 663 546 718 tale
565 661 718 731 quale
737 658 1024 715 inﬁdelitas
1052 655 1246 724 quaerit
1269 662 1470 715 vestra,
1497 651 1592 705 sed
1617 649 1774 719 quale
1802 649 1990 702 catho-

445 757 556 809 lica:
599 750 851 810 convenit
886 747 1008 801 ﬁdei
1041 763 1053 797 :
1083 745 1221 800 sicut
1248 744 1303 797 in
1339 741 1560 810 epistola
1587 755 1745 809 quam
1771 738 1836 791 ad
1863 736 1988 805 Epi-

421 853 638 899 ctetum
660 838 1022 897 ecclesiastica
1049 850 1221 906 penna
1250 832 1510 903 depinxit,
1543 839 1823 883 exaratum
1861 827 1993 896 legi—

443 951 580 988 inus.
624 908 753 987 Post
794 928 1023 1000 plurima
1067 941 1185 994 qua:
1236 924 1303 978 de
1372 921 1738 1002 incarnatione
1791 917 1990 972 Christi

443 1020 832 1091 elegantissime
887 1015 1174 1084 expressit,
1222 1013 1325 1066 hoc
1375 1025 1584 1080 quoque
1635 1008 1895 1064 subint‘ert
1921 1020 1989 1060 σε

449 1130 468 1162 ι
513 1109 626 1163 Non
676 1107 890 1177 quidem
933 1119 1030 1173 per
1062 1103 1420 1172 adoptionem,
1449 1099 1651 1172 inquit,
1695 1100 1809 1153 haec
1854 1096 1992 1151 meta

441 1209 584 1263 sum,
607 1199 766 1262 absit,
799 1198 943 1252 sicut
970 1195 1184 1263 quidam
1213 1193 1655 1248 existimaverunt
1687 1190 1815 1244 :sed
1857 1190 1997 1243 sicut

443 1303 525 1346 est
550 1290 768 1352 veritas,
797 1289 1012 1343 homine
1059 1284 1533 1349 factot‘Salv'atore,
1574 1283 1734 1337 totius
1763 1279 1995 1334 hominis

446 1383 587 1436 salus
625 1381 761 1434 facta
790 1385 891 1433 est.
939 1375 1002 1430 Si
1033 1361 1181 1431 enim
1224 1368 1507 1443 adoptione
1535 1373 1735 1427 eratin
1773 1384 1995 1438 corpore

444 1471 677 1526 Verbum
720 1466 1013 1522 secundum
1041 1464 1204 1529 “illos,
1263 1464 1424 1539 (quod
1487 1471 1666 1516 autem
1714 1460 1998 1527 adoptione

445 1564 660 1626 dicitur,
683 1560 962 1629 phantasia
989 1557 1096 1626 est)
1121 1556 1385 1624 reperitur
1410 1562 1464 1607 et
1511 1553 1748 1622 putative
1773 1551 1936 1604 salus.
1972 1569 1988 1598 ›

445 1653 580 1720 Quid
605 1649 815 1712 melius,
845 1647 974 1716 quid
996 1646 1177 1700 verius
1197 1645 1368 1714 potuit
1389 1644 1489 1696 dici
1523 1657 1677 1712 quam
1702 1642 1828 1694 illud
1856 1641 1996 1709 quod

446 1712 545 1814 iste
587 1738 945 1794 nobilissimus
988 1736 1176 1790 doctor
1216 1734 1367 1796 dixit,
1397 1748 1499 1785 non
1538 1746 1633 1800 per
1659 1730 1995 1812 adoptionem
2031 1712 2074 1770 Β

447 1810 559 1884 ιιὼο
583 1817 705 1882 esse
748 1826 910 1890 facta,
939 1838 1059 1892 quae
1107 1821 1173 1876 de
1198 1821 1396 1875 Christi
1446 1805 1693 1890 leguntur
1727 1821 1999 1886 dispensa-

447 1917 607 1978 tione,
663 1915 757 1969 sed
802 1914 858 1966 in
905 1912 1130 1965 veritate
1165 1910 1344 1964 omnia
1372 1910 1486 1963 hzec
1513 1909 1760 1977 peracta?
1787 1907 1892 1960 Ista
1927 1907 2000 1961 si-

449 2003 660 2072 quidem
706 2002 869 2056 verba
915 1999 1057 2054 illius
1085 1999 1151 2052 ad
1201 1999 1590 2053 humanitatem
1616 1999 1884 2067 pertinere
1907 1997 2001 2051 de—

456 2087 1009 2144 monstrantundicta.
1045 2074 1148 2140 Per
1187 2087 1238 2141 id
1287 2087 1426 2155 quod
1447 2087 1541 2149 ait,
1566 2085 1706 2153 facta
1732 2094 1870 2150 sunt,
1896 2101 2000 2139 non

449 2179 660 2250 quidem
685 2178 933 2232 divinitas
956 2175 1096 2230 facta
1115 2185 1223 2241 est,
1248 2177 1342 2231 sed
1362 2176 1683 2239 humanitas,
1707 2191 1868 2244 quam
1897 2191 2002 2229 non

449 2284 544 2340 per
570 2269 908 2338 adoptionem
953 2268 1055 2322 iste
1083 2267 1203 2335 pius
1251 2267 1410 2320 Pater
1459 2265 1655 2330 factam
1688 2280 1806 2320 esse
1864 2265 2004 2318 aﬁir-

452 2365 582 2410 mat.
609 2356 754 2410 Idem
794 2356 907 2429 ipse
934 2355 986 2408 in
1015 2355 1216 2409 Libello
1243 2353 1363 2408 ﬁdei
1391 2369 1522 2418 suae,
1567 2369 1724 2422 quem
1755 2355 2004 2423 dialogis-

453 2447 558 2501 tico
612 2461 861 2500 sermone
909 2455 1094 2498 contra
1147 2445 1426 2506 haereticas
1453 2444 1745 2513 pravitates
1781 2459 2006 2514 exaran-

452 2537 576 2591 dum
602 2551 719 2590 esse
744 2535 1003 2605 optimum
1028 2536 1258 2598 censuit,
1288 2542 1408 2603 post
1433 2534 1599 2587 multa
1627 2548 1792 2587 sacra:
1813 2533 2008 2588 doctri-

453 2641 534 2680 me
578 2624 788 2693 eloquia
855 2624 969 2678 haec
1027 2624 1144 2677 loco
1209 2633 1508 2694 opportuno
1597 2623 1858 2678 subinfert
1909 2624 1938 2663 δ
1990 2642 2003 2677 :

459 2716 840 2769 uincarnatus
890 2723 991 2778 est,
1041 2714 1232 2784 inquit,
1299 2716 1604 2784 unigenitas
1657 2725 1864 2770 secreto
1922 2716 2009 2770 illo

456 2804 728 2874 mysterio,
781 2804 924 2872 quod
974 2805 1087 2873 ipse
1149 2805 1316 2858 novit.
1344 2804 1596 2860 Nostrum
1654 2819 1881 2872 namque
1927 2812 2011 2858 est

453 2894 690 2955 credere,
713 2892 854 2946 illius
876 2907 1050 2946 nosse.
1074 2891 1152 2946 Ac
1173 2892 1248 2946 sic
1271 2892 1385 2961 ipse
1411 2892 1553 2946 Deus
1579 2892 1809 2946 Verbum
1837 2899 2006 2944 totum

438 2982 770 3050 suscipiens,
797 2982 938 3050 quod
975 2990 1058 3035 est
1109 2981 1357 3046 hominis,
1415 2982 1574 3057 homo
1619 2981 1678 3035 ﬁt
1705 2971 2005 3053 [Athanas.,

454 3073 614 3127 homo
661 3072 790 3145 sit];
827 3081 883 3128 et
926 3085 1230 3142 assumptus
1264 3074 1424 3128 homo
1471 3050 1639 3126 totum
1678 3041 2004 3143 accipiendo,
2034 3041 2083 3104 ϐ

454 3165 597 3234 quod
637 3164 729 3219 Dei
785 3171 890 3229 est,
927 3164 1071 3218 aliud
1107 3179 1266 3233 quam
1315 3165 1456 3219 Deus
1509 3180 1628 3220 esse
1676 3181 1780 3219 non
1838 3167 2011 3235 potuit
2051 3218 2056 3223 _

459 3252 674 3328 [Idem.,
704 3272 808 3310 non
846 3255 1056 3327 possit].
1093 3276 1110 3307 ι
1145 3255 1203 3310 Si
1225 3271 1353 3326 ergo
1374 3257 1532 3310 homo
1560 3264 1727 3311 totum
1755 3257 2007 3323 suscepit,

457 3348 596 3416 quod
625 3349 718 3402 Dei
747 3358 849 3411 est,
875 3351 977 3404 hoc
1003 3349 1264 3416 siquidem
1304 3351 1537 3420 suscepit
1568 3391 1583 3413 ,
1617 3361 1674 3403 at
1704 3351 1844 3404 Deus
1869 3358 2012 3404 esset

457 3455 634 3502 verus,
659 3447 713 3493 et
741 3439 906 3493 Filius
951 3438 1046 3492 Dei
1090 3453 1266 3500 verus,
1324 3439 1649 3507 unigenitus,
1698 3439 1906 3501 unicus,
1959 3445 2012 3490 et

458 3528 702 3598 prOprius
729 3545 743 3582 :
777 3529 878 3581 hoc
893 3536 1061 3600 totum
1085 3527 1136 3579 in
1165 3526 1260 3592 Dei
1284 3525 1417 3581 Filio
1451 3526 1549 3580 fuit
1571 3535 1694 3580 ante
1717 3527 1895 3581 omnia
1915 3541 2014 3584 ste-

460 3619 604 3682 cula;
634 3619 735 3672 hoc
763 3617 868 3684 ﬁlio
907 3616 1160 3678 hominis,
1193 3631 1351 3684 quem
1389 3616 1718 3685 plenitudine
1760 3618 2016 3687 temporis

461 3719 523 3760 ex
554 3705 798 3777 virginali
841 3715 992 3759 utero
1037 3705 1343 3775 assumpsit,
1394 3706 1446 3759 in
1497 3705 1612 3775 ipso
1656 3705 2018 3776 conceptionis

462 3794 614 3850 initio
655 3796 928 3866 proprium
988 3796 1107 3861 fuit,
1137 3805 1197 3851 ut
1242 3797 1452 3864 unicus,
1503 3796 1831 3866 unigenitus,
1856 3813 2018 3853 verus

459 3889 513 3934 et
540 3885 789 3951 proprias
829 3884 995 3938 Filius
1021 3885 1112 3939 Dei
1135 3893 1299 3939 esset.

529 3968 686 4022 XVII.
734 3969 1045 4034 Quaeramus
1069 3972 1232 4026 etiam
1253 3973 1380 4040 qid
1407 3972 1744 4027 acutissimas
1773 3981 1826 4027 et
1853 3974 1906 4026 in
1931 3988 2019 4028 ca-

462 4057 654 4114 tholica
693 4059 794 4113 ﬁde
833 4060 1209 4115 veracissimus
1244 4062 1430 4116 doctor
1468 4062 1656 4116 beatus
1693 4063 2021 4133 Augustinus

463 4150 631 4215 dicat,
659 4156 925 4218 quatenus
957 4150 1001 4204 si
1044 4151 1428 4205 antedictorum
1468 4142 1687 4207 credere
1724 4155 1876 4208 vobis
1915 4170 2018 4208 non

462 4241 669 4310 placeat
687 4241 962 4296 doctorum
987 4242 1327 4307 testimoniis,
1350 4243 1431 4298 vel
1453 4244 1596 4299 illius
1621 4245 1841 4310 credite,
1862 4261 2019 4314 quem

2087 466 2292 519 tiouum
2319 455 2456 520 libro
2483 465 2634 535 (Cap.
2670 466 2756 530 15,
2783 478 2930 520 nam.
2953 465 3067 533 30),
3093 466 3160 520 de
3185 467 3506 536 proprietate
3535 481 3656 536 quae

2089 561 2142 613 in
2185 558 2397 612 Christo
2432 567 2545 622 est,
2587 566 2771 627 aperto
2804 562 3052 612 sermone
3079 556 3326 626 profatur
3365 576 3378 610 :
3415 576 3434 608 ι
3470 557 3656 624 Nonne

2087 647 2340 711 facien'e,
2375 648 2566 716 inquit,
2595 663 2656 702 ac
2687 648 3010 716 suscipiente
3039 647 3236 712 Verbo,
3264 649 3376 717 ipse
3407 649 3566 703 homo
3590 663 3657 702 ex
3739 657 3753 673 '

2091 753 2198 805 quo
2223 753 2342 792 esse
2364 738 2540 806 coepit,
2571 737 2737 792 Filius
2765 737 2859 790 Dei
2885 739 3074 792 unicus
3107 752 3224 791 esse
3252 738 3446 807 cmpit?
3473 737 3658 793 Nonne

2089 825 2284 880 Filiam
2322 826 2432 879 Dei'
2456 826 2671 880 u'nicum
2703 825 2898 880 femina
2937 827 3021 880 illa
3061 828 3230 898 gratia
3268 829 3422 896 plena
3463 843 3658 883 conre-

2090 916 2206 986 pit?
2247 914 2431 970 Nonne
2467 915 2533 970 de
2571 914 2771 984 Spiritu
2803 926 2995 990 sancto
3031 926 3084 972 et
3127 917 3341 994 virgine:
3366 917 3531 972 Maria
3564 917 3660 972 Dei

2090 1006 2259 1061 Filius
2287 1007 2474 1061 unicus
2502 1015 2660 1061 natus
2687 1007 2806 1061 est?
2835 995 2862 1059 ι’
2887 1008 3018 1061 Item
3063 1009 3115 1063 in
3150 1005 3383 1063 secundo
3419 1008 3658 1076 ejusdem

2093 1095 2282 1166 Operis
2305 1098 2441 1152 libro
2470 1111 2491 1138 ε
2525 1117 2536 1150 :
2570 1117 2589 1148 ι
2623 1098 2848 1163 Fidelis,
2881 1100 3132 1169 inquam,
3175 1101 3266 1169 qui
3300 1101 3354 1154 in
3387 1114 3451 1153 eo
3479 1114 3661 1153 veram

2095 1196 2341 1242 naturam
2379 1189 2549 1243 credit
2588 1196 2643 1242 et
2671 1187 2955 1243 conﬁtetur
2985 1191 3268 1243 humanam
3291 1231 3304 1253 ,
3343 1190 3393 1242 id
3421 1198 3532 1252 est,
3569 1204 3664 1243 no-

2096 1286 2302 1340 stram,
2362 1277 2606 1346 quamvis
2660 1277 3005 1347 singulariter
3060 1278 3381 1346 suscipiente
3438 1276 3663 1330 Domino

2097 1367 2276 1438 [Aug.,
2315 1367 2444 1438 Deo]
2472 1368 2679 1432 Verbo,
2712 1368 2766 1421 in
2789 1367 3003 1421 unicum
3035 1367 3125 1420 Dei
3154 1366 3348 1420 Filium
3376 1366 3662 1421 sublimata

2098 1457 2250 1528 [Cod.
2291 1457 2488 1522 Paris.,
2517 1450 2801 1513 sublimata
2829 1458 2958 1529 est],
2988 1460 3062 1512 ita
3114 1467 3174 1512 ut
3199 1459 3306 1527 qui
3352 1459 3574 1525 suscipit
3611 1467 3666 1512 et

2097 1549 2240 1617 quod
2265 1548 2498 1618 suscepit
2521 1563 2626 1601 una
2653 1556 2796 1604 esset
2831 1549 2885 1602 in
2909 1549 3169 1602 Trinitate
3195 1562 3443 1618 persona.
3481 1569 3498 1599 ι
3530 1549 3664 1602 Bea-

2098 1650 2186 1694 tus
2202 1641 2526 1711 Augustinus
2539 1640 2826 1703 veridicus,
2844 1641 3238 1709 probabilisque
3253 1640 3668 1693 veritatistestis

2100 1730 2312 1783 unicam
2336 1729 2464 1783 dicit
2477 1728 2796 1792 DeiFilium,
2814 1727 2974 1797 903
2995 1728 3084 1796 qui
3106 1727 3408 1797 unigenitus
3428 1727 3493 1781 de
3515 1734 3666 1781 utero

2100 1819 2251 1887 quasi
2288 1831 2512 1887 sponsus
2537 1817 2603 1871 de
2630 1816 2862 1870 thalamo
2889 1815 3150 1883 processit
3187 1816 3238 1868 in
3272 1816 3539 1884 regionem
3572 1829 3670 1868 no-

2101 1914 2288 1962 stram.
2335 1905 2533 1959 Unicus
2579 1920 2808 1974 namque
2850 1904 2934 1959 vel
2985 1903 3288 1973 unigenitas
3327 1905 3670 1974 proprietatis

2100 2009 2291 2047 nomen
2314 2001 2396 2047 est
2414 2033 2427 2057 ,
2455 2009 2559 2047 non
2589 1993 2980 2048 communionis
3014 2008 3137 2046 cum
3173 1993 3455 2061 adoptivis.
3482 1993 3540 2047 In
3561 2002 3672 2052 tra-

2102 2092 2244 2138 ctatu
2264 2083 2510 2138 videlicet
2523 2071 2852 2154 nonagesimi
2869 2084 2993 2137 noni
3011 2084 3201 2153 psalmi
3221 2085 3386 2138 habes
3399 2084 3471 2138 ita
3486 2073 3667 2154 (Nam.

2105 2174 2192 2244 15)
2221 2193 2232 2226 :
2265 2193 2282 2224 ι
2315 2173 2506 2228 Scitote
2537 2176 2783 2244 quoniam
2813 2173 3065 2228 Dominus
3086 2175 3193 2244 ipse
3218 2183 3291 2227 est
3329 2173 3466 2227 Deus
3496 2171 3670 2245 (Psal.

2103 2280 2247 2329 xeix,
2272 2262 2348 2334 5).
2381 2265 2509 2331 Quis
2538 2265 2728 2327 nescit,
2766 2266 2960 2335 inquit,
2995 2265 3249 2334 quoniam
3277 2266 3533 2321 Dominus
3561 2268 3674 2335 ipse

2103 2366 2185 2410 est
2206 2357 2380 2409 Deus?
2401 2356 2670 2411 Dominus
2693 2356 2781 2410 ille
2811 2363 2916 2410 non
2937 2355 3087 2410 vobis
3121 2356 3343 2410 vilescat
3371 2376 3383 2409 :
3406 2357 3674 2412 cruciﬁxi-

2104 2447 2221 2510 stis,
2239 2445 2559 2517 ﬂagellastis,
2576 2447 2747 2516 sputis
2768 2446 3022 2511 illinistis,
3036 2447 3529 2517 spiniscoronastis,
3544 2456 3672 2511 cte.,
3737 2437 3740 2439 Α

2106 2538 2354 2594 custodes
2379 2539 2446 2593 ad
2467 2538 2766 2608 sepulcrum
2794 2537 3050 2607 posuistis
3079 2555 3092 2592 :
3124 2539 3237 2608 ipse
3258 2546 3340 2593 est
3367 2538 3527 2593 Deus.
3560 2537 3686 2592 Sci-'

2106 2637 2209 2682 tote
2256 2628 2502 2698 quoniam
2541 2627 2794 2681 Dominus
2841 2628 2949 2698 ipse
2990 2635 3066 2680 est
3099 2625 3263 2681 Deus.
3298 2647 3316 2680 ι
3347 2627 3514 2697 Igitur
3539 2635 3593 2682 et
3621 2627 3675 2681 in

2106 2718 2312 2786 psalmo
2349 2733 2434 2771 nix
2479 2718 2764 2771 humanam
2801 2724 3045 2770 naturam
3086 2717 3140 2769 in
3184 2716 3539 2788 Redemptore
3579 2732 3675 2772 no—

2108 2815 2241 2871 stro,
2266 2822 2384 2875 quae
2411 2807 2566 2877 longa
2593 2815 2872 2875 parentum
2892 2807 3034 2861 linea
3061 2807 3126 2862 de
3147 2810 3349 2863 semine
3372 2809 3536 2865 David
3557 2818 3676 2866 orta

2107 2907 2208 2963 est,
2233 2898 2474 2952 eamdem
2497 2911 2616 2952 esse
2637 2905 2691 2952 et
2711 2897 2995 2952 Dominum
3021 2897 3212 2964 David,
3236 2906 3291 2952 et
3318 2899 3482 2954 ﬁlium
3507 2900 3676 2956 David

2110 2987 2388 3062 manifeste
2413 2988 2606 3056 probat
2625 3001 2691 3040 ex
2716 2992 2781 3041 eo
2798 2987 3084 3050 versiculo,
3111 3001 3268 3055 quem
3297 2989 3408 3056 ipse
3431 2988 3678 3045 Salvator

2110 3077 2306 3132 Judzeis
2329 3077 2602 3146 proposuit
2636 3078 2689 3130 in
2719 3076 3063 3145 quaestionem
3082 3117 3097 3141 ,
3125 3079 3390 3145 quomodo
3417 3081 3678 3148 potuisset

2109 3169 2247 3222 [ilius
2275 3167 2443 3221 David
2468 3182 2618 3232 esse,
2649 3175 2702 3222 et
2739 3167 2986 3222 dominus
3019 3167 3187 3222 David
3207 3208 3221 3233 ,
3260 3169 3444 3224 dicens
3481 3189 3493 3224 :
3533 3170 3680 3225 Dixit

2111 3256 2362 3310 Dominus
2414 3256 2632 3309 Domino
2671 3271 2814 3318 meo,
2864 3254 2982 3308 sede
3020 3273 3053 3308 a
3094 3255 3292 3311 dextris
3333 3257 3458 3312 meis
3507 3256 3676 3330 (Psal.

2109 3360 2228 3408 Ωιι,
2260 3344 2335 3412 1).
2375 3343 2432 3397 Si
2464 3343 2638 3406 ﬁlias,
2677 3337 2942 3411 quomodo
2967 3343 3265 3398 Dominus?
3297 3345 3446 3412 Quod
3487 3349 3679 3403 beatus

2109 3433 2437 3498 Augustinus
2474 3432 2525 3484 in
2565 3432 2896 3499 expositione
2923 3429 3157 3498 ejusdem
3185 3433 3371 3502 psalmi
3409 3435 3480 3488 ita
3510 3435 3680 3490 disse-

2111 3521 2218 3574 ruit
2253 3519 2430 3591 (Nam.
2456 3519 2506 3590 7)
2533 3535 2583 3573 ε(
2601 3519 3080 3589 Novimus,inquit,
3101 3521 3372 3577 Christum
3399 3525 3587 3580 sedere
3611 3528 3677 3582 ad

2112 3611 2385 3666 dexteram
2413 3609 2588 3665 Patris
2603 3618 2729 3680 post
2752 3612 3199 3668 resurrectionem
3226 3629 3254 3666 a
3285 3616 3525 3680 mortuis,
3550 3625 3605 3670 et
3626 3617 3679 3670 in

2114 3702 2265 3757 etnlis
2310 3701 2696 3754 ascensionem.
2726 3699 2948 3755 Factum
2986 3710 3071 3754 est
3103 3701 3247 3770 jam,
3290 3717 3388 3757 nec
3425 3703 3680 3770 vidimus,

2114 3790 2210 3848 sed
2232 3793 2528 3851 credimus;
2562 3791 2615 3842 in
2646 3790 2796 3844 libris
2821 3789 3044 3858 legimus
3064 3829 3079 3856 ,
3103 3791 3448 3859 prmdicatum
3480 3794 3685 3860 audivi-

2105 3896 2253 3942 mus,
2285 3880 2390 3934 ﬁde
2419 3879 2728 3934 retinemus.
2754 3879 2904 3935 Unde
2924 3889 2976 3935 et
2997 3896 3060 3936 eo
3081 3881 3219 3950 ipso,
3240 3883 3382 3951 quod
3407 3883 3686 3939 eratﬁlius

2116 3969 2280 4024 David
2305 3969 2572 4035 Christus,
2597 3969 2768 4025 factas
2788 3979 2870 4026 est
2891 3971 3148 4026 Dominus
3170 3971 3357 4041 David.
3385 3973 3515 4029 Illud
3541 3974 3686 4028 enim

2116 4060 2258 4129 quod
2285 4067 2468 4114 natum
2499 4068 2582 4115 est
2607 4075 2671 4114 ex
2700 4061 2902 4115 semine
2927 4061 3116 4125 David,
3146 4062 3218 4114 ita
3242 4063 3560 4132 honoratum
3581 4075 3684 4124 est,

2116 4159 2175 4203 ut
2201 4159 2342 4204 esset
2375 4158 2429 4204 et
2454 4150 2712 4204 Dominus
2731 4149 2948 4206 David.»
2977 4151 3126 4216 Quod
3159 4153 3350 4226 iterum
3385 4152 3687 4222 iterumque

2119 4237 2372 4307 replicat,
2401 4253 2468 4292 ne
2502 4236 2640 4293 forte
2667 4239 2752 4293 eui
2783 4238 3044 4293 dubitatio
3072 4238 3226 4305 foret,
3252 4240 3317 4295 de
3345 4255 3448 4310 qua
3483 4241 3686 4320 dictum

462 4345 556 4385 vos
584 4333 906 4400 singularias
936 4342 1122 4387 vestra:
1146 4335 1392 4402 opitulari
1420 4344 1576 4390 secta:
1606 4335 1747 4391 falso
1767 4337 2016 4406 opinatis.
2053 4370 2099 4429 υ
2122 4329 2194 4384 Sit
2215 4336 2399 4382 natura
2427 4347 2439 4382 ε
2465 4328 2885 4414 Πξιτὶι-υοτηὶηιιδ
2905 4329 3126 4384 Domino
3148 4347 3282 4397 mea,
3301 4332 3419 4385 sede
3437 4348 3468 4384 α
3489 4332 3686 4408 dextris

464 4418 518 4472 Si
547 4422 790 4474 eruditus
813 4423 1080 4490 quislibet,
1103 4431 1158 4478 et
1186 4435 1328 4478 recte
1356 4427 1653 4498 intelligens
1682 4428 1868 4494 lector,
1889 4429 2025 4498 mul-

463 4507 670 4576 tiplices
693 4507 987 4562 litterarum
1016 4526 1233 4565 suarum
1270 4515 1481 4569 codices
1513 4496 1828 4583 perlustret,
1865 4496 2030 4572 veris-

463 4597 597 4652 sime
618 4612 739 4655 eum
775 4597 1007 4650 inveniet
1037 4599 1193 4672 nobis
1220 4613 1573 4659 consentanea
1608 4606 1871 4670 scribere,
1909 4621 2028 4662 cre-

465 4687 624 4786 dere,
666 4695 724 4786 et
750 4684 1043 4786 medicare
1184 4685 1436 4753 Christo,
1480 4707 1586 4745 non
1624 4694 1804 4748 vobis."
1825 4694 1930 4749 Sed
1962 4696 2027 4750 de

463 4777 712 4846 plurimis
732 4776 958 4845 exempli
979 4776 1151 4846 gratia
1169 4791 1336 4846 pauca
1358 4781 1777 4850 perstringamus
1795 4799 1859 4838 ex
1884 4785 2027 4839 illius

465 4866 622 4920 dictis
649 4867 956 4920 testimonia
973 4905 987 4930 ,
1013 4881 1080 4919 ne
1113 4879 1301 4934 magna
1328 4867 1611 4922 multitudo
1639 4872 1920 4926 verborum
1948 4873 2030 4927 fa-

420 5019 430 5026 _
466 4952 672 5008 stidiosi
695 4953 911 5010 lectoris
931 4956 1162 5010 animum
1185 4955 1352 5025 magis
1374 4963 1560 5010 oneret
1595 4972 1751 5025 quam
1783 4949 2027 5015 aediﬁcet.

468 5041 534 5108 Et
551 5056 655 5095 non
687 5053 970 5112 tangamus
1000 5045 1158 5106 illud,
1188 5046 1326 5112 quod
1354 5044 1511 5112 paulo
1545 5054 1666 5100 ante
1698 5046 1763 5100 de
1792 5047 2033 5101 Enchiri-
2095 5060 2098 5062 ‘

469 5129 593 5185 dion
635 5133 946 5199 posuimus,
993 5135 1088 5189 sed
1120 5135 1188 5189 ad
1227 5133 1330 5188 alia
1369 5135 1565 5204 ingenii
1594 5136 1675 5190 sui
1703 5137 2029 5190 munimenta

539 5303 1045 5380 tS._Atlianasiu§,
1087 5318 1215 5364 tom.
1260 5310 1281 5365 I
1325 5311 1553 5380 Operam
1603 5319 1744 5380 part.
1792 5327 1851 5364 ιι.
1902 5312 2022 5366 Vid.

471 5381 581 5496 :2:
631 5372 889 5496 1.Ieliitlrisii
961 5374 1192 5446 Operam
1269 5383 1327 5435 S.
1372 5372 2026 5449 'Paulini'Aqaileieusis,

449 5457 1026 5587 .pagSbethanaSius
1049 5515 1120 5587 de
1142 5571 1144 5574 ,
1163 5516 1267 5571 ﬁde
1289 5533 1383 5572 sua
1437 5527 1565 5571 tom.
1617 5519 1656 5573 II
1683 5519 1843 5587 Oper.
1877 5517 2026 5583 Quod

478 5593 646 5636 tamen
686 5581 998 5649 opusculum
1039 5586 1273 5640 editores
1296 5588 1436 5641 inter
1465 5589 1644 5655 spuria
1667 5581 1980 5656 computant
2001 5605 2022 5640 -:

2124 4420 2270 4473 meis.
2296 4417 2549 4486 Adjunxit
2571 4411 2700 4488 ergo
2726 4427 2780 4472 et
2803 4420 2918 4487 htec
2935 4413 3100 4474 verba
3128 4417 3193 4474 ξ’(
3228 4421 3305 4475 Eo
3331 4421 3466 4490 ipso,
3493 4421 3686 4491 inquit,

2124 4511 2265 4578 quod
2292 4523 2506 4564 carnem
2536 4510 2741 4578 accepit
2773 4508 3045 4573 Christus,
3072 4511 3210 4579 quod
3237 4512 3292 4566 in
3319 4528 3481 4568 carne
3503 4512 3690 4584 [Aug.,

2126 4598 2180 4651 in
2209 4598 2395 4652 eadem
2422 4597 2605 4670 carne]
2630 4607 2875 4652 mortuus
2894 4606 3005 4664 est,
3031 4601 3180 4668 'quod
3217 4602 3269 4655 in
3309 4603 3496 4657 eadem
3526 4616 3688 4657 carne

2123 4675 2451 4755 resurrexit,
2491 4690 2632 4758 quod
2672 4689 2727 4742 in
2771 4689 2955 4742 eadem
2989 4691 3230 4745 ascendit
3264 4692 3318 4745 in
3361 4690 3587 4757 etclam,
3633 4704 3686 4750 et

2125 4767 2274 4836 sedet
2309 4783 2374 4836 ad
2407 4782 2680 4835 dexteram
2715 4779 2915 4844 Patris;
2955 4787 3010 4832 et
3052 4780 3104 4832 in
3138 4781 3324 4836 eadem
3366 4783 3482 4853 ipsa
3505 4799 3686 4840 .carne

2127 4873 2207 4926 sic
2230 4873 2516 4932 honorata,
2559 4868 2635 4922 sic
2671 4855 2993 4934 clariﬁcata,
3031 4870 3109 4924 sic
3141 4869 3195 4923 in
3230 4871 3499 4928 caelestem
3530 4874 3685 4930 habi-

2103 4948 2578 5029 ltumlcommutata
2599 5000 2612 5023 ,
2642 4968 2697 5012 et
2736 4958 2877 5015 ﬁlias
2903 4970 2983 5015 est
3009 4961 3172 5022 David
3190 5003 3203 5025 ,
3233 4970 3287 5017 et
3314 4964 3569 5020 Dominus
3604 4973 3687 5020 est

2127 5049 2310 5102 David.
2342 5069 2367 5101 J
2402 5048 2566 5115 Quem
2608 5065 2822 5104 sensum
2859 5052 3142 5122 apostolica
3169 5054 3328 5107 etiam
3369 5057 3686 5111 auctoritate

2127 5140 2332 5193 curavit
2356 5134 2663 5194 dilucidare.
2691 5158 2709 5190 ‹
2739 5140 3040 5196 Secundam
3069 5142 3228 5206 hanc,
3252 5143 3444 5213 inquit,
3475 5146 3684 5216 diSpen-

2132 5310 2376 5438 gumdem
2405 5311 2578 5365 locum
2617 5309 2715 5364 sub
2760 5313 2972 5369 nomine
3024 5315 3303 5370 Athanasii
3348 5317 3477 5370 citat
3518 5317 3681 5373 etiam

2177 5395 2206 5432 a
2267 5396 2405 5434 mus.

2177 5395 2511 5518 Ἆέιιὲῗυῗιιεη
2542 5447 2663 5520 libr.
2692 5451 2759 5520 de
2783 5450 2930 5504 Dono
2958 5454 3390 5520 perseverantitc,
3413 5468 3558 5505 num.
3587 5454 3657 5508 67

2132 5519 2238 5573 Cur
2265 5533 2394 5572 vero
2415 5517 2550 5572 liber
2577 5517 2677 5570 iste
2714 5519 2922 5572 dicatur
2947 5517 3208 5574 secundus
3238 5522 3302 5576 tle
3335 5523 3681 5576 Pricdcstina-

2133 5589 2296 5652 tione,
2328 5585 2542 5643 consule
2569 5587 2981 5640 admonitionem
3011 5590 3130 5643 huic
3156 5589 3291 5644 libro
3319 5596 3611 5660 pi-sntixam.
