4238 6194
532 288 637 342 233

1364 293 1424 348 Β.
1468 265 1527 348 r'.
1568 295 1790 349 suum
1830 294 1962 350 seu
2005 294 2274 349 ALCClNi
2312 284 2589 351 opertum
2628 295 2806 350 rans
2842 296 2927 351 In.

3671 295 3777 352 286

531 406 789 460 sationem
815 407 1068 463 transitus
1092 406 1322 473 Christi,
1341 411 1501 463 etiam
1531 418 1585 463 et
1604 409 1733 463 illud
1757 412 1823 465 ab
1850 409 2103 479 Apostolo
2128 413 2177 465 Δ
2204 406 2305 460 ait:
2331 406 2545 477 Oportet
2571 418 2617 461 et
2644 408 2791 461 illum
2814 425 3060 473 crescere,
3087 417 3358 485 meantem
3384 408 3578 471 minui,
3601 408 3769 467 dixit:

530 498 725 551 dicitur
750 515 763 552 :
790 494 1012 567 PrOpter
1034 500 1173 569 quod
1193 516 1308 575 eum
1329 498 1576 553 exaltavi!
1602 518 1635 553 a
1659 504 1902 570 mortuis,
1931 511 1979 555 et
2007 503 2106 554 do—

529 589 668 641 narit
695 586 773 658 illi
802 604 1017 652 nomen,
1050 589 1188 659 quod
1216 599 1289 642 est
1326 606 1481 657 super
1516 605 1665 643 omne
1690 607 1915 655 .nomen,
1953 601 2008 644 ut
2051 592 2106 645 in

526 676 736 730 nomine
766 676 895 731 Iesu
942 694 1092 732 omne
1137 695 1269 749 genu
1309 680 1568 748 ﬂectatur,
1599 679 1898 745 caelestium,
1946 691 2107 735 terre-

525 765 711 819 strium
736 774 785 820 et
834 766 1157 835 infernarum
1197 767 1413 839 (Philip.
1451 785 1508 831 ll,
1555 768 1663 840 10).
1716 769 1975 835 Donavit,
2026 772 2106 825 in-

525 857 661 925 quit,
691 859 741 912 ei
777 874 1006 924 nomen,
1034 860 1085 913 id
1115 869 1227 924 est,
1259 877 1419 930 super
1455 876 1614 917 omne
1641 878 1857 926 nomen,
1882 846 2105 918 Christo

524 948 709 1016 utique
745 950 1036 1003 secundum
1082 950 1382 1013 hominem,
1414 950 1629 1006 Christo
1656 952 1947 1007 secundum
1980 967 2102 1006 car-

526 1054 645 1093 nem
676 1050 908 1105 mortuo,
952 1042 1252 1111 resurgenti
1274 1084 1288 1105 ,
1322 1041 1628 1097 ascendenti
1657 1043 1865 1095 donavit
1894 1059 2101 1107 nomen,

521 1130 660 1198 quod
681 1141 753 1184 est
777 1149 932 1203 super
956 1150 1104 1187 omne
1129 1151 1344 1198 nomen;
1372 1144 1428 1188 ut
1463 1136 1518 1188 in
1556 1136 1762 1188 nomine
1789 1133 1918 1189 Jesu
1955 1150 2130 1204 omne_

429 1222 433 1224 ⁷
522 1237 655 1288 genu
683 1224 947 1292 ﬂectatur,
984 1225 1287 1290 caelestium,
1322 1226 1641 1297 terrestrium
1670 1236 1719 1278 et
1744 1226 2099 1303 infernarum.

522 1310 624 1367 Ubi
650 1314 755 1368 erit
780 1313 945 1368 David
964 1357 977 1377 ,
1004 1323 1065 1369 ut
1093 1332 1198 1370 non
1238 1318 1285 1370 ei
1316 1317 1387 1371 sit
1406 1316 1717 1392 Dominus?
1750 1314 1805 1368 in
1845 1315 1981 1370 cmlo
2009 1317 2100 1381 sit,

521 1402 574 1456 in
606 1411 749 1457 terra
778 1408 870 1467 sit,
896 1406 948 1459 in
974 1404 1184 1460 inferno
1205 1407 1275 1460 sit
1300 1424 1313 1459 :
1345 1406 1603 1459 Dominus
1623 1404 1737 1472 ejus
1757 1406 1875 1467 erit,
1903 1406 1991 1475 qui
2019 1413 2104 1459 est

521 1491 778 1546 Dominus
797 1494 1119 1556 eceiestium,
1148 1495 1484 1549 terrestrium
1510 1503 1563 1548 et
1582 1493 1934 1547 infemorum.
1959 1494 2102 1547 Cau-

518 1580 644 1635 deat
688 1596 819 1651 ergo
863 1583 1141 1638 nobiscum
1193 1583 1391 1647 David,
1428 1582 1643 1647 ﬁliisui
1688 1582 1969 1636 nativitate
2006 1574 2101 1635 ho-

516 1682 762 1737 noratus,
795 1674 1068 1728 dominatu
1098 1675 1358 1730 liberatus
1390 1692 1402 1727 :
1436 1683 1492 1729 et
1510 1674 1748 1745 gaudens
1775 1674 1939 1739 dicat,
1980 1682 2038 1728 ut
2068 1688 2095 1725 a

2209 495 2313 571 Qui
2334 498 2520 567 accipit
2570 499 2919 551 testimonium
2949 498 3080 567 ejus,
3111 498 3328 568 signavit
3352 500 3472 569 quia
3503 499 3642 553 Deus
3692 517 3774 555 ve-

2208 603 2306 640 rax
2351 596 2448 641 est.
2481 587 2812 643 Subsecutus
2840 589 2915 643 ait
2956 607 2968 642 :
3016 588 3137 643 Non
3186 590 3321 642 enim
3376 591 3444 643 ad
3473 607 3771 645 mensuram

2204 676 2294 729 dat
2346 674 2487 731 Deus
2516 676 2768 748 Spiritum
2816 676 2997 749 (Joan.
3031 696 3115 743 Ill,
3146 677 3232 741 50,
3281 679 3373 742 33,
3424 678 3536 748 ‘54).
3568 680 3641 732 De
3664 695 3776 747 quo

2204 766 2344 820 idem
2399 768 2489 836 qui
2539 783 2699 837 supra
2752 769 2803 821 in
2856 769 3043 823 eodem
3096 767 3357 823 Sermone
3401 768 3607 837 (’l‘raet.
3659 772 3779 833 ιιι-ζ

2186 873 2352 912 num.
2390 859 2523 929 10):
2573 877 2594 909 ‹
2654 859 2813 924 Audi,
2863 860 3053 929 inquit,
3098 859 3408 929 Apostolum
3460 860 3767 915 dicentem:

2205 946 2501 1001 Secundum
2548 965 2841 1003 mensuram
2874 950 3171 1004 donationis
3225 946 3418 1002 Christi
3443 948 3658 1018 (Ephes.
3692 962 3765 1012 tv,

2204 1038 2279 1108 7).
2312 1038 2628 1093 Hominibus
2658 1040 2723 1093 ad
2781 1054 3086 1093 mensuram
3131 1038 3258 1102 dat;
3299 1039 3459 1093 unico
3482 1037 3615 1092 Filio
3659 1052 3768 1092 non

2202 1128 2294 1182 dat
2324 1130 2389 1182 ad
2414 1145 2740 1184 mensuram.
2778 1150 2795 1181 ι
2825 1130 2892 1209 βε
2916 1130 2981 1183 de
3008 1145 3073 1183 eo
3107 1130 3251 1198 quod
3281 1128 3369 1182 hic
3394 1129 3505 1182 ait:
3538 1126 3771 1198 Signarit

2200 1220 2325 1288 quia
2375 1218 2515 1274 Deus
2542 1236 2698 1273 verax
2742 1214 2860 1273 est‘:
2894 1220 3021 1272 item
3057 1228 3111 1273 et
3161 1218 3229 1273 de
3277 1234 3342 1273 eo
3389 1218 3532 1287 quod
3560 1218 3669 1272 alio
3715 1218 3767 1272 in
3806 1273 3809 1275 ,

2202 1308 2318 1362 loco
2343 1310 2456 1377 ipsa
2479 1310 2690 1363 Veritas
2711 1310 2786 1363 ait
2815 1327 2826 1362 :
2858 1309 3013 1363 Hunc
3040 1310 3173 1361 enim
3198 1305 3358 1361 Pater
3379 1306 3600 1377 signavit
3630 1306 3770 1359 Dens

2203 1397 2383 1470 (Joan.
2414 1415 2491 1462 vt,
2520 1398 2632 1469 27),
2658 1399 2817 1453 talem
2845 1400 3131 1469 eoaptaviL
3152 1397 3646 1467 interpretationem
3687 1396 3770 1450 di-

2201 1506 2329 1545 cens
2375 1491 2582 1560 (Tract.
2621 1507 2747 1557 xxv,
2798 1507 2947 1545 num.
2996 1492 3123 1559 il):
3158 1509 3177 1542 ι
3210 1489 3336 1553 istc,
3381 1488 3573 1557 inquit,
3624 1486 3766 1542 ﬁlius

2200 1581 2436 1636 hominis
2467 1590 2523 1636 et
2567 1580 2736 1636 Filius
2781 1580 2875 1637 Dei
2922 1590 3023 1647 est,
3056 1583 3157 1636 iste
3208 1583 3369 1635 homo
3414 1580 3577 1635 etiam
3628 1579 3769 1634 Dens

2200 1654 2321 1723 est.‘
2343 1691 2361 1723 ι
2391 1671 2457 1724 Ει
2485 1671 2645 1740 paulo
2673 1680 2792 1740 post
2823 1688 2837 1724 :
2883 1689 2901 1719 ‹
2936 1670 3060 1724 Ideo
3088 1671 3225 1724 hunc
3251 1670 3395 1724 enim
3441 1668 3576 1721 Deus
3608 1666 3771 1745 Pater

519 1767 876 1836 gaudentibus
904 1768 1152 1821 audiatur
1182 1785 1196 1821 :
1229 1766 1372 1821 Dixit
1405 1740 1658 1820 Dominus
1697 1765 1923 1819 Domino
1960 1781 2095 1830 meo,
2131 1740 2175 1800 Β
2199 1763 2443 1832 signavit.
2499 1762 2727 1834 Signare
2776 1764 2906 1832 quid
2952 1771 3056 1829 cst,
3099 1764 3201 1818 nisi
3250 1762 3523 1832 proprium
3566 1759 3768 1829 aliquid

516 1855 637 1908 sede
660 1873 691 1907 a
728 1854 922 1909 dextris
950 1858 1096 1910 meis;
1141 1876 1160 1907 ι
1194 1856 1346 1911 Unde
1375 1866 1456 1911 est
1494 1856 1743 1910 frivolosa
1772 1855 2098 1925 nuncupatio

515 1944 831 2009 divinitatis,
878 1946 968 2000 ubi
1021 1954 1129 2000 tam
1172 1946 1278 1999 alta
1327 1956 1409 2000 est
1448 1946 1742 2001 dominatio
1776 1948 2098 2018 potestatis?

518 2034 670 2089 Unde
692 2044 775 2091 est
797 2037 1017 2106 aqualis
1043 2037 1318 2105 nobiscum
1343 2039 1559 2108 adoptio
1584 2040 1635 2092 in
1660 2039 1769 2094 ﬁlio
1794 2040 1982 2104 David,
2006 2042 2094 2096 ubi
2128 2108 2132 2112 _

513 2134 595 2181 est
624 2134 733 2180 tam
760 2127 1029 2183 excellens
1059 2142 1222 2198 supra
1249 2144 1437 2183 omnes
1467 2129 1715 2184 ccclestes
1747 2130 1973 2185 virtutes
2000 2129 2097 2185 do-

513 2216 751 2270 minatus
766 2217 791 2269 ?
816 2217 940 2272 llaec
962 2218 1103 2282 dico,
1123 2218 1247 2288 quia
1274 2219 1490 2273 memini
1506 2234 1599 2292 me
1619 2220 1875 2289 scriptum
1903 2220 2096 2290 legisse

500 2289 653 2358 inter
690 2305 825 2360 alias
868 2306 1025 2374 hujus
1051 2321 1202 2362 nova:
1239 2317 1399 2363 sectae
1431 2289 1658 2379 ineptias
1680 2350 1693 2374 ,
1734 2289 2004 2364 Christum
2040 2311 2093 2365 in

510 2396 691 2451 divina
716 2400 1082 2454 tantummodo
1106 2407 1293 2454 natura
1325 2400 1609 2454 Dominum
1635 2414 1754 2455 esse
1774 2399 1962 2465 David,
1986 2415 2095 2455 non

508 2498 578 2539 ev
608 2485 863 2551 humana,
894 2503 999 2557 qua
1027 2489 1094 2543 de
1116 2488 1323 2542 semine
1358 2487 1524 2543 David
1546 2488 1773 2557 sumpsit
1798 2488 2089 2557 originem;

509 2591 574 2631 ac
612 2576 732 2631 ideo
764 2575 992 2647 longiori
1036 2586 1183 2631 textu
1230 2592 1505 2633 sermones
1548 2579 1602 2631 in
1642 2579 1746 2633 boc
1782 2578 1899 2633 loco
1940 2580 2093 2648 posui

509 2664 682 2719 sancti
710 2664 1013 2735 Augustini.
1050 2664 1129 2720 ita
1156 2666 1295 2721 idem
1343 2668 1394 2720 in
1434 2666 1643 2737 psalmo
1681 2684 1753 2723 LII
1788 2666 1958 2740 (num.
1987 2667 2041 2739 ’5)
2078 2686 2089 2720 :

516 2771 535 2804 ι
569 2753 701 2807 Cum
732 2756 783 2808 in
822 2754 991 2809 forma
1022 2758 1159 2812 servi
1192 2764 1476 2826 appareret
1502 2758 1558 2812 in
1595 2768 1738 2812 terra
1760 2800 1773 2823 ,
1816 2758 2090 2823 dixerunt,

510 2844 745 2919 quicum
767 2847 1149 2901 cruciﬁserunt
1173 2870 1188 2902 ;
1215 2847 1329 2901 Non
1360 2857 1444 2903 est
1464 2850 1623 2921 Deus.
1649 2848 1784 2915 Quia
1811 2848 1980 2903 Filius
1996 2847 2091 2903 Dei

510 2942 651 2992 erat.
677 2934 859 3003 utique
884 2934 1027 2990 Deus
1049 2945 1166 2990 erat
1182 2977 1197 3001 ,
1224 2938 1473 3007 proprius
1511 2938 1677 2993 Filius
1703 2939 1799 2994 Dei
1820 2947 1874 2993 et
1899 2955 2089 3007 verus;

509 3023 601 3076 sed
629 3023 705 3076 illi
732 3025 969 3092 corrupti
996 3032 1141 3089 sunt,
1170 3033 1225 3079 et
1254 3025 1641 3082 abominabiles
1670 3027 1796 3084 iacti
1818 3039 1972 3098 sunt,
1996 3036 2087 3105 qui

510 3114 762 3167 dixerunt
790 3112 973 3184 [Aug.,
1000 3115 1127 3183 quid
1157 3115 1503 3188 dixerunt?}:
1539 3116 1654 3171 Non
1681 3126 1765 3173 est
1792 3119 1936 3177 Deus
1956 3164 1971 3187 ,
2000 3139 2090 3179 oc-

507 3202 749 3255 cidamus
768 3217 910 3255 eum.
944 3224 961 3254 ι
990 3203 1130 3258 Ecce
1155 3207 1433 3275 proprium
1462 3215 1515 3261 et
1535 3221 1723 3262 verum
1750 3207 1845 3263 Dei
1871 3208 2090 3279 Filium,

508 3292 597 3360 qui
629 3291 918 3346 cruciﬁxus
944 3301 1027 3347 est
1055 3309 1083 3346 a
1106 3292 1323 3358 Iudaeis,
1355 3282 1575 3363 fatetur,
1603 3297 1742 3352 sicut
1771 3311 1986 3370 semper
2011 3299 2092 3357 fa-

510 3383 612 3437 teri
655 3384 1002 3454 dignoscitur.
1056 3385 1186 3440 ltem
1230 3388 1294 3441 de
1333 3388 1539 3443 unitate
1571 3392 1854 3459 potestatis
1898 3393 1951 3448 in
1994 3392 2088 3448 Dei

508 3471 645 3529 Filio
670 3475 857 3529 beatus
880 3474 987 3530 Leo
1015 3481 1491 3547 papaecxpressius
1532 3481 1585 3533 in
1613 3481 1842 3550 quadam
1869 3483 2087 3538 homilia

507 3562 867 3633 Theophanite
894 3565 979 3619 die
1013 3565 1233 3635 legenda
1260 3568 1483 3635 protulit
1510 3568 1709 3639 (Serm.
1739 3571 1826 3633 5i,
1858 3585 1977 3639 cap.
2004 3570 2083 3641 2),

509 3673 531 3705 ε
561 3656 814 3720 scienter,
852 3656 1119 3727 inquiens,
1154 3658 1387 3711 divinam
1414 3659 1811 3728 humanamque
1836 3670 2085 3713 naturam

508 3746 563 3801 in
590 3748 795 3802 unitate
831 3754 1171 3812 venerantes,
1197 3749 1322 3817 quia
1350 3749 1495 3817 quod
1530 3756 1649 3802 erat
1685 3750 1738 3803 in
1770 3731 2087 3806 substantiis

506 3824 800 3903 proprium,
832 3851 937 3890 non
970 3845 1086 3890 erat
1114 3838 1165 3890 in
1192 3844 1457 3906 potestate
1483 3838 1774 3893 diversum.
1810 3860 1831 3893 ι

575 3921 758 3976 XVII}.
812 3923 919 3977 Sed
955 3934 1292 3980 transeamus
1330 3928 1489 3982 modo
1522 3930 1587 3984 ad
1632 3929 1841 3998 praefati
1896 3930 2079 3986 Patris

506 4012 929 4080 pulcherrimum
980 4028 1115 4083 npus
1144 4056 1158 4079 ,
1220 4014 1573 4070 llomiliarum
1629 4018 1891 4087 siquidem
1941 4020 2079 4095 [in]

507 4102 851 4173 Evangelium
878 4104 1019 4158 beati
1042 4104 1263 4160 Joannis
1288 4106 1647 4177 evangelista,
1671 4111 2077 4181 perspicientes,

506 4192 631 4261 quid
659 4193 711 4245 in
740 4193 820 4247 eis
868 4190 1033 4265 904
1071 4195 1269 4252 sentiat
1300 4197 1364 4251 de
1393 4196 1630 4252 Christo.
1664 4198 1805 4254 Dicit
1836 4201 1901 4255 de
1930 4204 2081 4256 testi—

507 4282 689 4337 monio
740 4280 963 4337 Joannis
1022 4285 1277 4354 Baptista!
1333 4288 1475 4342 inter
1523 4288 1625 4341 alia
1684 4289 1899 4359 (Tract.
1959 4309 2077 4358 vn,

2117 3073 2164 3134 C

2202 1851 2462 1924 [poneret
2489 1852 2600 1907 lloc
2620 1861 2703 1908 est
2731 1853 2873 1908 enim
2920 1854 3150 1923 signare,
3199 1852 3474 1920 imponere
3517 1850 3764 1920 aliquid),

2197 1958 2304 2011 quo
2340 1956 2445 1996 non
2484 1943 2843 1999 confundatur
2869 1958 2993 1998 cum
3017 1942 3245 1998 cancris.
3299 1940 3527 2011 Signarc
3560 1949 3644 1995 est
3695 1940 3766 1995 si-

2196 2049 2359 2104 gnum
2387 2034 2465 2088 rei
2487 2049 2708 2103 ponere.
2748 2032 3057 2103 Cuieunque
3083 2031 3158 2085 rei
3189 2031 3344 2100 ponis
3369 2030 3601 2114 signum,
3646 2029 3766 2084 ideo

2195 2124 2352 2194 ponis
2376 2124 2607 2194 signum,
2638 2137 2705 2177 ne
2725 2121 2945 2176 confusa
2967 2136 3087 2175 cum
3119 2120 3261 2185 aliis,
3301 2136 3330 2174 a
3375 2129 3427 2175 te
3464 2135 3568 2173 non
3593 2118 3766 2189 possit

2197 2214 2434 2283 agnosci.
2468 2211 2631 2266 Pater
2650 2226 2780 2281 ergo
2794 2228 2911 2266 eum
2930 2210 3336 2282 signavit..Quid
3358 2217 3468 2272 est,
3503 2208 3765 2277 signavit!

2195 2302 2478 2373 Proprium
2493 2303 2745 2373 quiddam
2767 2304 2842 2358 illi
2858 2304 3021 2367 dedit,
3046 2318 3112 2358 ne
3132 2302 3345 2357 exteris
3358 2307 3764 2368 compararetur

2196 2394 2523 2450 hominibus.
2552 2395 2677 2450 ideo
2704 2394 2792 2467 [de
2826 2392 2937 2465 illo]
2965 2394 3165 2448 dictum
3192 2399 3310 2446 est:
3350 2388 3508 2443 Una'it
3529 2398 3578 2441 te
3600 2388 3758 2451 Deus,

2194 2485 2335 2550 Deus
2363 2496 2481 2541 tuus
2511 2485 2623 2541 oleo
2671 2486 2867 2541 lwtitire
2894 2502 3002 2556 prtc
3037 2482 3373 2554 participibus
3401 2481 3503 2533 tuis
3533 2499 3551 2532 ι
3588 2475 3761 2547 (Psal.

2194 2594 2341 2653 xciv,
2381 2578 2458 2650 8).
2510 2577 2873 2633 Escellentius
2914 2566 3116 2643 aliquid
3170 2575 3362 2629 beatus
3401 2572 3616 2640 quidem
3652 2568 3764 2624 Au-

2195 2668 2441 2739 gustinus
2469 2683 2589 2721 eum
2616 2664 2884 2735 Propheta
2914 2664 3174 2718 intellexit
3193 2663 3243 2715 in
3268 2661 3519 2716 unctione
3537 2657 3759 2719 Christi,
3816 2708 3821 2714 .

2194 2771 2355 2826 quam
2378 2758 2466 2812 isti
2489 2756 2610 2811 novi
2643 2756 2944 2810 divinarum
2969 2761 3296 2834 scrutatores
3321 2767 3498 2807 rerum
3527 2752 3761 2805 obscuro

2194 2849 2522 2904 inﬁdelitatis
2556 2849 2717 2903 corde
2742 2846 3038 2918 intelligere
3076 2853 3307 2916 queunt;
3342 2850 3548 2911 utpote
3571 2838 3759 2893 eodem

2194 2925 2483 3013 inspiratus
2502 2942 2690 3013 spiritu
2712 2957 2773 2995 in
2801 2940 3044 2995 veritatis
3065 2936 3459 2998 testiﬁcatione,
3483 2945 3590 3001 quo
3607 2927 3762 2984 Chri-

2192 3041 2308 3089 stus
2334 3039 2528 3086 unctus
2551 3040 2637 3084 est
2664 3031 2717 3084 in
2748 3038 2904 3084 utero
2943 3025 3208 3097 virginali.
3262 3023 3381 3076 Pra:
3406 3015 3759 3089 participibus

2191 3124 2388 3194 quippe
2412 3128 2607 3177 unctus
2639 3129 2721 3175 cst
2771 3119 3020 3173 Salvator
3046 3123 3247 3179 noster,
3291 3105 3415 3181 quia
3446 3123 3633 3165 omnes
3662 3123 3761 3161 nos

2192 3212 2340 3281 prius
2377 3218 2689 3281 peccatores
2716 3195 2964 3264 homines
3001 3206 3306 3266 existimas,
3336 3210 3387 3255 et
3417 3198 3758 3270 postmodum

2188 3317 2285 3373 per
2339 3302 2643 3356 unctionem
2691 3288 2862 3353 sancti
2894 3296 3129 3366 Spiritus
3178 3290 3614 3354 sanetiﬁcamur;
3643 3285 3761 3355 ipse

2188 3402 2369 3447 autem
2404 3392 2645 3447 existens
2674 3390 2815 3444 Deus
2840 3398 2964 3443 ante
2991 3386 3209 3450 sarcula,
3238 3399 3335 3455 per
3360 3390 3603 3437 sanctum
3630 3377 3758 3446 Spi-

2186 3483 2348 3536 ritum
2381 3482 2432 3535 in
2462 3489 2618 3536 utero
2656 3478 2893 3549 Virginis
2930 3478 3091 3531 homo
3119 3480 3410 3543 conceptus
3434 3478 3519 3525 est
3551 3469 3605 3521 in
3653 3464 3761 3520 ﬁne

2186 3570 2523 3626 saeculorum.
2583 3570 2658 3623 lbi
2700 3570 2768 3623 ab
2819 3567 3008 3623 eodem
3052 3565 3257 3634 Spiritu
3292 3568 3485 3616 unctus
3510 3564 3613 3620 est,
3664 3552 3755 3609 ubi

2184 3672 2501 3730 conceptus;
2531 3674 2629 3714 nec
2654 3668 2777 3713 ante
2798 3664 3105 3726 conceptus,
3128 3664 3181 3708 ct
3202 3650 3541 3722 postmodum
3563 3654 3757 3717 unctus

2183 3760 2284 3805 est.
2314 3749 2421 3803 Sed
2460 3750 2565 3803 hoc
2591 3750 2763 3816 ipsum
2791 3747 2859 3801 de
2885 3745 3087 3817 Spiritu
3121 3750 3329 3804 sancto,
3360 3747 3415 3793 et
3450 3751 3612 3791 carne
3633 3734 3757 3789 Vir-

2183 3841 2321 3912 ginis
2336 3840 2541 3909 concipi
2563 3855 2592 3892 a
2620 3838 2820 3908 Spiritu
2844 3845 3048 3899 sancto,
3081 3835 3207 3905 ungi
3232 3824 3352 3888 fuit.
3380 3828 3761 3885 Abundantius

2182 3932 2324 3987 enim
2354 3946 2476 3985 eum
2516 3930 2763 3985 omnibus
2787 3926 2985 3983 sanctis
3011 3933 3228 3979 unctum
3248 3935 3367 3977 esse
3388 3921 3507 3975 oleo
3528 3917 3771 4000 lmtitite,

2182 4023 2234 4078 id
2260 4032 2367 4086 est,
2415 4020 2619 4092 Spiritu
2650 4028 2855 4082 sancto,
2888 4015 3151 4072 intellexit
3192 4026 3405 4083 quoque
3445 4006 3749 4079 Apostolus.

2182 4112 2389 4168 Unetus
2414 4118 2498 4166 est
2524 4110 2732 4181 Moyses
2752 4151 2766 4175 ,
2794 4110 2933 4163 sicut
2963 4106 3142 4161 omteri
3168 4102 3337 4159 sancti
3367 4102 3420 4155 in
3443 4098 3751 4166 adoptivum

2182 4203 2352 4258 ﬁlium
2379 4222 2392 4257 :
2424 4210 2616 4258 unctus
2645 4212 2727 4257 est
2754 4200 3001 4255 Christus
3027 4197 3081 4250 in
3113 4202 3265 4249 utero
3288 4187 3533 4260 virginali
3560 4187 3611 4238 in
3629 4196 3751 4251 pro.

2178 4293 2355 4363 prium
2384 4290 2576 4345 Filium
2601 4290 2715 4343 Dei.
2748 4288 2843 4342 His
2864 4286 3043 4340 verbis
3080 4292 3135 4337 et
3156 4282 3347 4336 beatus
3397 4275 3590 4329 Petrus
3618 4285 3742 4363 eon~

506 4386 654 4426 num.
696 4372 751 4439 ι)
793 4389 807 4423 :
845 4387 866 4422 ι
902 4371 1059 4427 Nullo
1103 4374 1263 4428 modo
1302 4383 1482 4429 autem
1522 4380 1744 4443 posSunt
1790 4378 1970 4434 dicere
2020 4395 2079 4436 se
2108 4383 2345 4463 Dscntit
2370 4382 2619 4449 princeps
2638 4376 3001 4447 apostolorum
3020 4373 3239 4463 dicens;
3277 4366 3580 4463 lJnx-iteum
3607 4362 3749 4463 Deus

506 4462 706 4517 habere
750 4462 1096 4528 charitatem,
1124 4464 1214 4532 qui
1244 4465 1486 4519 dividunt
1532 4462 1851 4521 Trinitatem
1884 4467 2074 4541 [Aug.,

504 4551 598 4621 qui
631 4550 877 4608 dividunt
922 4552 1229 4626 unitatem].
1264 4554 1388 4607 ilice
1430 4554 1569 4608 dicta
1613 4564 1755 4621 sunt,
1800 4560 2078 4626 sequentia

506 4644 802 4702 videamus.
840 4644 1119 4703 Perhibuit
1155 4647 1388 4703 Joannes
1415 4649 1781 4703 testimonium
1803 4691 1817 4716 ,
1850 4652 1975 4721 quia
2002 4653 2079 4706 vi-

441 4810 449 4817 .
505 4736 603 4791 dit.
656 4737 825 4804 Quale
883 4739 1253 4795 testimonium
1303 4739 1609 4808 perhibuit?
1658 4738 1793 4805 Quia
1844 4742 1952 4808 ipse
2004 4750 2079 4796 est

473 4840 477 4845 ‘
506 4826 682 4883 Filius
710 4829 825 4884 Dei.
858 4829 1153 4901 Oportebat
1178 4848 1307 4902 ergo
1338 4840 1396 4887 ut
1418 4833 1506 4888 ille
1533 4832 1847 4902 baptizaret,
1880 4834 1970 4901 qui
1997 4844 2082 4890 est

505 4917 675 4972 Filius
712 4918 805 4973 Dei
855 4922 1067 4985 unicus,
1106 4937 1211 4977 non
1238 4924 1541 4991 adoptatus.
1570 4923 1822 4993 Adoptati
1852 4924 1944 4978 ﬁlii
1972 4925 2076 4978 mi-

505 5009 659 5063 nistri
686 5019 811 5065 sunt
843 5012 1006 5065 unici.
1048 5012 1247 5067 Unicus
1284 5012 1446 5067 habet
1471 5008 1809 5083 potestatem,
1841 5015 2078 5087 adoptati

505 5098 886 5154 ministerium.
923 5118 945 5153 ι
988 5098 1081 5154 llis
1108 5101 1291 5162 verbis
1326 5102 1561 5157 ostendit
1606 5104 1885 5174 perspicue
1916 5105 2078 5162 Chri-

505 5193 646 5240 stum
669 5189 887 5245 unicum
913 5203 1035 5243 esse
1064 5188 1255 5255 ﬁlium,
1286 5205 1385 5245 nos
1404 5204 1531 5248 vero
1573 5193 1875 5263 adoptatos.
1905 5195 2077 5263 Quam

504 5290 635 5330 vero
663 5278 922 5349 unitatem
952 5277 1046 5333 ﬁlii
1102 5279 1193 5349 q‘ui
1220 5280 1456 5337 dividere
1503 5284 1709 5349 volunt,
1739 5299 2077 5357 nequaquam

504 5365 824 5422 charitatem
856 5368 1056 5446 habere
1076 5369 1347 5436 videntur,
1371 5372 1511 5427 sicut
1548 5374 1651 5427 iste
1679 5372 1938 5443 pratiatus
1964 5392 2079 5432 ma-

504 5454 673 5530 gister
699 5465 967 5525 testatur;
998 5459 1090 5515 sed
1139 5460 1194 5514 in
1224 5474 1289 5515 eo
1312 5463 1454 5530 quod
1481 5461 1758 5519 Christum
1806 5462 1996 5519 dividit
2024 5467 2077 5520 in

504 5546 784 5616 proprium
823 5558 881 5604 et
921 5551 1227 5621 stptivum
1274 5551 1464 5618 ﬁlium,
1500 5553 1737 5623 seipsum
1786 5552 1973 5608 dividit
2010 5556 2077 5609 ab

504 5636 712 5691 unitate
735 5640 1015 5697 catholica:
1040 5643 1207 5713 pacis.
1240 5642 1372 5700 item
1398 5646 1485 5699 ubi
1512 5642 1745 5699 Joannes
1771 5643 1835 5699 de
1860 5644 2077 5701 Christo

2183 4472 2386 4543 Spiritu
2434 4480 2613 4525 sancto
2656 4479 2704 4523 et
2754 4468 2955 4522 virtute.
3010 4463 3141 4519 Item
3169 4462 3240 4517 ibi
3286 4460 3341 4514 in
3371 4458 3579 4517 eodem,
3610 4455 3748 4509 Deus

2182 4560 2404 4615 Patrum
2452 4569 2747 4614 nostrorum
2776 4556 3083 4629 gloriﬁcavit
3130 4553 3327 4608 Filium
3357 4567 3510 4606 suum
3539 4546 3744 4607 Iesum,

2178 4666 2330 4722 quem
2354 4667 2441 4705 vos
2456 4651 2671 4721 quidem
2717 4649 3029 4713 tradidistis,
3066 4656 3112 4701 et
3156 4645 3381 4715 negastis
3411 4650 3531 4695 ante
3558 4636 3744 4706 faciem

2180 4738 2345 4794 Pilati
2359 4739 2633 4811 judicante
2653 4738 2743 4793 illo
2764 4738 2955 4791 dimitti
2984 4738 3119 4808 (Act.
3145 4753 3200 4800 χ,
3226 4733 3338 4798 58).
3364 4729 3558 4783 Filium
3588 4736 3744 4810 suum

2179 4829 2311 4886 dicit
2332 4845 2435 4885 non
2463 4829 2791 4899 adoptivum,
2819 4829 2912 4883 sed
2940 4824 3189 4881 familiari
3206 4817 3537 4891 pronomine,
3566 4828 3741 4877 ruunt,

2179 4921 2231 4976 id
2289 4929 2373 4977 est
2420 4921 2716 4993 proprium,
2780 4920 2871 4989 qui
2918 4916 3143 4970 traditus
3176 4919 3259 4965 est
3292 4924 3321 4962 a
3349 4906 3567 4961 ludatis.
3605 4902 3743 4971 Quid

2177 5027 2307 5068 vero
2360 5013 2425 5067 de
2467 5027 2532 5067 eo
2582 5010 2716 5065 dicit
2768 5010 2960 5063 beatus
2981 5003 3327 5074 Augustinus,
3358 4999 3443 5053 cui
3496 4999 3548 5052 in
3581 5010 3742 5052 cruce

2181 5104 2425 5173 pendenti
2473 5118 2503 5157 a
2550 5100 2749 5157 Iudaeis
2806 5101 3117 5153 insultatum
3164 5094 3283 5148 est?
3329 5092 3744 5149 Consideremus

2178 5215 2245 5253 an
2275 5198 2523 5253 eumdem
2568 5199 2753 5252 verum
2782 5193 2875 5247 Dei
2900 5184 3093 5245 Filium
3126 5192 3330 5257 credat,
3360 5192 3443 5247 cui
3475 5192 3548 5247 illi
3590 5193 3742 5246 dixe—

2178 5295 2303 5343 runt
2328 5302 2343 5341 :
2376 5285 2549 5339 Filius
2571 5285 2667 5339 Dei
2695 5299 2769 5345 es,
2796 5281 3075 5335 descendas
3098 5298 3233 5336 nunc
3255 5282 3318 5337 de
3340 5300 3492 5337 cruce
3521 5280 3735 5350 (Matth.

2176 5392 2350 5441 xxvu,
2373 5375 2485 5441 £0).
2522 5393 2541 5425 ε
2577 5375 2755 5439 Quare
2790 5386 2937 5441 ergo,
2972 5372 3163 5443 inquit,
3184 5390 3292 5429 non
3317 5374 3550 5429 ostendit
3575 5370 3740 5429 insul-

2178 5468 2440 5531 tantibus,
2464 5465 2588 5533 quia
2618 5465 2731 5532 ipse
2755 5470 2871 5518 erat
2896 5460 3061 5519 Filius
3082 5465 3196 5530 Dei,
3227 5471 3286 5518 ut
3322 5465 3368 5519 si
3394 5480 3451 5527 se
3485 5466 3739 5533 permisec

2175 5555 2250 5609 rit
2290 5556 2344 5609 in
2382 5567 2542 5608 cruce
2569 5546 2764 5616 levari,
2816 5552 3004 5609 saltem
3052 5570 3172 5610 cum
3220 5555 3297 5609 illi
3348 5555 3601 5609 dixerunt
3630 5567 3644 5605 :
3678 5548 3739 5604 Si

2178 5644 2351 5700 Filius
2374 5641 2473 5699 Dei
2505 5652 2599 5708 est,
2632 5644 2908 5699 descendat
2932 5647 2995 5702 de
3021 5656 3188 5711 cruce,
3220 5658 3346 5704 tunc
3375 5648 3734 5708 descenderet,
