4238 6204
406 314 513 370 285

1066 266 1495 368 DOGMATICA:
1520 343 1588 352 —
1620 311 1778 366 ADV.
1816 310 2209 367 ELIPANDUM
2248 312 2547 381 LlBlillV.
2587 344 2653 353 -ο
2681 314 2809 368 LIB.
2850 315 2935 369 Π.

3512 310 3617 364 286

408 427 790 481 etostcnderet
827 425 908 480 eis
940 440 1123 479 verum
1150 440 1208 479 se
1235 440 1353 480 esse
1410 424 1607 478 Filium
1645 424 1763 490 Dei,
1808 438 1967 492 quem
2000 429 2042 484 Α
2071 421 2286 482 nobilis.
2333 422 2591 493 dignitate
2640 424 2898 487 sublimis,
2940 422 3098 491 imple
3134 422 3272 490 quod
3309 422 3624 490 promisisti.

408 515 628 571 illi-ausi
645 524 771 570 sunt
794 515 1053 569 irridere?
1076 514 1273 568 Noluit.
1298 514 1474 580 Quare
1496 513 1696 568 uoluit?
1723 513 1972 582 Nunquid

407 608 535 678 quia
580 621 688 660 non
734 606 941 675 potuit?
967 604 1146 660 Potuit
1181 603 1360 673 plane.
1403 602 1542 669 Quid
1574 611 1656 658 est
1684 604 1825 657 enim
1854 618 1968 657 δεῖν

410 695 626 768 piiusde
643 710 806 751 cruce
823 695 1164 758 descendere,
1181 711 1247 748 an
1269 695 1335 761 de
1361 694 1604 762 sepulcro
1624 696 1966 764 resurgere?»

479 783 621 839 XIX.
653 783 749 839 His
773 784 1021 838 omnibus
1048 783 1369 854 supradictis
1396 781 1647 838 Patribus
1670 783 1857 837 beatus
1879 782 1974 836 lsi-

414 873 597 938 dorus,
628 874 809 928 lumen
846 873 1144 942 Hispaniae,
1178 874 1232 926 in
1276 872 1479 926 unitate
1504 886 1748 941 persona:
1773 880 1829 925 et
1850 886 1975 940 pro-

412 970 640 1039 prietate
688 975 1002 1021 naturarum
1041 966 1413 1035 Redemptoris
1454 965 1623 1019 nostri
1671 952 1976 1019 consentire

412 1058 722 1127 agnoscitur
741 1068 767 1098 ι
798 1071 813 1109 :
851 1074 869 1107 ε
907 1055 1092 1120 Homo,
1122 1056 1307 1124 inquit,
1333 1054 1579 1109 Christus
1598 1052 1771 1117 Jesus,
1794 1069 1977 1123 quani-

412 1147 496 1202 vis
511 1147 665 1209 'aliud
709 1146 781 1201 sit
827 1160 894 1200 ex
922 1144 1101 1209 Patre,
1132 1144 1272 1199 aliud
1298 1143 1458 1213 905
1483 1159 1547 1197 ex
1578 1143 1828 1213 Virgine;
1868 1157 1975 1196 non

414 1243 595 1289 tamen
648 1234 786 1288 alius
812 1248 878 1288 ex
928 1234 1107 1297 Patre,
1154 1233 1289 1286 alius
1328 1247 1401 1287 .ex
1435 1230 1810 1303 Virgine:sed
1862 1231 1975 1299 ipse

413 1332 650 1380 teternus
676 1340 742 1378 ex
773 1323 965 1387 Patre,
1004 1324 1127 1393 ipse
1163 1322 1470 1391 temporalis
1518 1337 1581 1375 ex
1611 1330 1803 1375 matre.
1840 1340 1859 1372 ›
1912 1322 1978 1374 Ει

415 1412 574 1482 paulo
609 1418 767 1479 post:
805 1427 824 1460 ι
866 1409 1086 1464 Manens
1112 1424 1250 1463 unus
1273 1410 1338 1461 de
1362 1416 1618 1477 utroque,
1654 1416 1710 1463 et
1748 1410 1800 1463 in
1829 1418 1978 1463 utra-

415 1518 521 1574 que
556 1512 772 1567 natura,
824 1513 925 1556 nec
970 1508 1280 1555 naturarum
1319 1500 1654 1569 copulatione
1700 1499 1974 1564 confusus,

415 1609 518 1650 nec
538 1601 852 1649 naturarum
874 1591 1215 1647 distinctione
1242 1591 1563 1659 geminatus.
1605 1609 1622 1641 ι
1656 1589 1836 1656 Quare
1881 1604 1977 1643 vos

415 1684 604 1738 contra
629 1682 817 1751 optimi
846 1680 1078 1736 doctoris
1106 1680 1270 1748 vestri
1297 1678 1687 1734 confessionem
1738 1680 1975 1749 gemina-
2013 1668 2019 1674 ’

416 1772 489 1828 tis
512 1771 783 1827 Christum
822 1772 879 1826 in
915 1786 1104 1829 verum
1131 1778 1185 1825 et
1218 1785 1323 1824 non
1367 1784 1553 1823 verum
1595 1769 1787 1823 Filium
1840 1769 1977 1823 Dei?
2008 1758 2051 1815 Β

420 1858 574 1917 Sicut
599 1861 665 1915 de
684 1875 815 1914 vero
836 1860 973 1914 Filio
1008 1874 1115 1914 non
1142 1866 1319 1929 potest
1353 1858 1457 1913 dici
1489 1858 1790 1927 adoptivus,
1824 1858 1897 1911 ita
1923 1866 1977 1910 et

418 1952 487 2009 de
508 1954 759 2023 adoptivo
786 1968 893 2038 non
919 1961 1097 2024 potest
1122 1953 1227 2007 dici
1250 1967 1409 2006 verus
1437 1951 1588 2019 ﬁlius.
1605 1952 1654 2004 ιδ.
1684 1951 1751 2005 Et
1769 1967 1837 2006 ex
1876 1952 1978 2005 hac

419 2044 843 2113 reciprocatione
889 2042 1192 2097 necessario
1240 2042 1458 2112 intelligi
1485 2042 1659 2105 datur,
1694 2042 1826 2097 duas
1859 2054 1979 2097 esse

415 2122 698 2205 personas,
721 2135 999 2205 proprium
1017 2142 1073 2188 et
1098 2133 1402 2203 adoptivum
1423 2132 1625 2188 .filium.

492 2220 611 2276 XX.
659 2223 773 2287 Eia,
825 2223 1068 2291 Elipante
1091 2223 1175 2276 vir
1203 2229 1476 2277 senectute
1511 2221 1980 2291 gravis,.moribus

491 2376 517 2438 fl
544 2364 600 2438 ξ.
629 2366 885 2438 lsidorus,
919 2366 1043 2438 libr.
1074 2384 1090 2421 ι
1122 2367 1364 2438 Sentent.
1382 2384 1515 2438 cap.
1546 2368 1631 2421 16.

491 2432 522 2473 δ
545 2434 621 2489 Ita
650 2450 833 2489 veram
873 2435 1154 2490 lectionem
1184 2432 1518 2491 restitulmns
1553 2451 1619 2490 ex
1657 2437 1787 2493 Cod.
1818 2439 1974 2493 Pari-

420 2502 608 2561 simsi.
629 2504 687 2559 In
714 2505 873 2560 editis
908 2505 1051 2559 enim
1080 2506 1155 2559 ita
1182 2506 1439 2560 mendose
1471 2505 1783 2575 legebatur:
1828 2507 1977 2562 Sicut

2069 512 2156 566 fac
2194 519 2252 565 ut
2290 512 2492 565 dixisti.
2532 512 2697 567 Decet
2721 512 2877 581 plane
2907 522 3052 566 tuam
3096 526 3357 565 annosam
3398 511 3627 580 pruden-

2072 603 2198 657 tiam
2227 602 2518 671 veridicam
2544 616 2682 656 esse.
2723 589 2918 656 Recole
2950 612 3001 655 te
3038 602 3213 670 ipsum
3242 601 3350 655 tuis
3398 600 3631 655 constri-

2071 700 2215 746 ctum
2236 706 2355 745 esse
2374 690 2595 754 verbis;-
2622 692 2665 745 si
2695 691 2887 744 horum
2911 691 3027 753 tibi,
3052 704 3186 758 quos
3213 689 3626 752 nominavimus,

2071 781 2287 835 Patrum
2316 782 2623 835 testimonia
2649 778 2943 848 proferrem
2974 779 3040 832 de
3068 777 3293 833 ve’ritate
3316 778 3370 831 in
3390 776 3626 841 Christo.

2073 875 2127 926 in
2153 872 2347 937 nostri,
2374 888 2482 926 non
2510 879 2569 924 ut
2609 870 2745 925 dicis
2782 870 2983 923 erroris
3029 878 3253 933 sectam,
3299 869 3393 923 sed
3441 876 3501 922 ut
3530 884 3630 926 nos
3710 866 3717 870 ’

2074 963 2374 1018 certissime
2419 962 2639 1027 scimus,
2681 970 2736 1015 et
2763 961 3046 1023 verissime
3091 962 3397 1029 probamus,
3447 960 3631 1013 catho-

2075 1053 2189 1107 licae
2216 1051 2340 1106 fidei
2373 1053 2654 1107 veritatem
2689 1060 2740 1105 te
2782 1052 3011 1104 transire
3046 1049 3200 1104 velle.
3242 1048 3387 1115 Quos
3418 1055 3473 1101 tu
3520 1047 3624 1101 ele-

2074 1142 2196 1213 gisti
2243 1149 2428 1205 testes,
2474 1143 2665 1195 horum
2711 1140 2808 1194 tibi
2860 1139 3112 1208 proposui
3165 1137 3523 1201 abundanter,
3573 1145 3635 1191 ut

2075 1222 2217 1298 reor,
2273 1243 2657 1287 consentaneas
2718 1232 2771 1284 in
2836 1231 2939 1285 fide
2996 1229 3257 1284 catholica
3316 1218 3631 1283 sententias.

2074 1324 2195 1379 Noli
2222 1324 2288 1378 ab
2314 1338 2501 1377 eorum
2529 1323 2782 1376 recedere
2808 1321 3031 1384 unitate,
3063 1320 3114 1373 in
3142 1333 3370 1388 quorum
3401 1301 3495 1370 tibi
3520 1316 3634 1386 pla-

2076 1417 2186 1471 cuit
2228 1415 2565 1469 auctoritate.
2619 1411 2960 1467 Proferamus
3012 1418 3065 1464 et
3115 1411 3230 1472 tibi,
3270 1407 3535 1477 quamvis,
3577 1414 3635 1461 ut

2080 1505 2259 1569 timeo,
2285 1504 2493 1572 ingrato
2517 1502 2784 1573 auditori,‘
2802 1501 2975 1554 adhuc
2995 1508 3049 1553 et
3072 1499 3295 1552 aliorum
3324 1496 3499 1565 magni
3541 1510 3636 1559 no-

2077 1593 2239 1647 minis
2279 1592 2562 1647 d0ctorum
2608 1590 2991 1660 acceptabilem
3042 1588 3331 1643 universali
3384 1586 3636 1641 Ecclesim

2078 1686 2132 1741 in
2174 1693 2359 1741 sancta
2406 1686 2509 1739 fide
2561 1683 2995 1739 confessionem:
3024 1690 3288 1752 quatenus
3319 1678 3397 1731 vel
3448 1679 3637 1731 erube-

2081 1794 2257 1842 scens,
2284 1784 2336 1831 te
2367 1776 2537 1831 solum
2571 1776 2656 1830 his
2685 1775 2936 1830 omnibus
2959 1788 3079 1827 esse
3105 1770 3456 1834 contrarium,
3489 1777 3635 1822 tuam

2081 1870 2322 1937 corrigas
2352 1867 2670 1923 sententiam
2696 1882 2712 1929 ;
2744 1865 2848 1928 vel,
2886 1864 3028 1935 quod
3057 1863 3222 1925 absit,
3254 1862 3297 1915 si
3324 1872 3639 1929 permaneas

2081 1959 2136 2021 in
2162 1957 2555 2020 incredulitate,
2588 1957 2657 2010 ab
2693 1956 3053 2030 histomnibus
3094 1951 3384 2021 apostolico
3427 1948 3640 2004 feriaris

2082 2064 2357 2104 mucrone.
2408 2047 2513 2102 Sed
2540 2046 2642 2100 hoc
2677 2046 2744 2099 ab
2770 2044 2991 2105 alterius
3020 2030 3286 2097 sermonis
3310 2038 3534 2093 exordio
3556 2038 3641 2091 iu-

2083 2137 2387 2209 cipiendum
2409 2152 2527 2191 esse
2552 2144 2728 2189 ratum
2749 2134 3003 2189 arbitror.

2084 2381 2151 2433 de
2190 2381 2336 2426 utero
2363 2370 2507 2440 ﬁlius
2548 2385 2651 2440 non
2676 2368 3006 2440 Apotestjdici
3040 2365 3309 2440 adopt—inus
3329 2379 3348 2427 ;
3374 2362 3447 2414 ita
3494 2369 3540 2413 et
3580 2358 3645 2411 de

2080 2432 2247 2513 nptiae
2272 2432 2375 2494 non
2402 2449 2559 2510 potest
2581 2432 2974 2507 dici'adoptivus
2996 2432 3149 2489 verus
3165 2432 3327 2499 ﬁlius.

3522 2636 3635 2657 —I‘

830 2736 1062 2798 LIBER
1104 2735 1518 2809 SECUNDUS,
1561 2735 1699 2809 QUI
1737 2736 1839 2795 ET
1880 2733 2245 2808 QUARTUS
2284 2732 2698 2796 ADVERSUS
2739 2732 3224 2813 ELIPANDUM.

488 2962 529 3020 ι.
553 2962 806 3041 Quamvis
830 2962 1043 3017 diverso
1065 2963 1222 3018 modo
1238 2963 1338 3017 viri
1361 2961 1566 3031 injusti,
1601 2963 1690 3032 qui
1716 2964 1785 3018 ab
1809 2962 1980 3018 eccle—

423 3054 639 3110 siastiea
673 3038 1010 3108 reccsserunt
1028 3066 1179 3121 pace,
1208 3067 1417 3107 errasse
1459 3062 1767 3118 noscantur,
1797 3061 1977 3107 tamen
2005 3033 2051 3095 ο

2048 3156 2061 3165 ·
2082 3154 2203 3194 rare
2232 3154 2470 3203 curares,
2505 3154 2775 3207 nunquam
2819 3140 2873 3195 in
2904 3140 3061 3209 hujus
3094 3141 3298 3194 erroris
3340 3140 3546 3195 foveam
3577 3142 3648 3196 ab

420 3157 489 3199 es
533 3158 643 3198 uno
685 3143 927 3212 superbae
976 3141 1221 3196 elationis
1269 3139 1416 3196 fonte
1462 3156 1597 3211 pene
1649 3141 1979 3196 diversarum

420 3229 575 3299 origo
600 3238 868 3284 sectarum
895 3227 1170 3292 ebullivit;
1201 3227 1326 3282 dum
1360 3227 1585 3296 quisque
1614 3222 1822 3281 illorum
1851 3243 1979 3295 pro-

420 3316 555 3390 prias
598 3318 771 3387 magis
814 3317 981 3371 voluit
1025 3330 1143 3371 esse
1181 3315 1432 3371 defensor
1476 3318 1773 3380 sententiae,
1820 3332 1979 3385 quam

422 3405 667 3461 veritatis
719 3414 986 3472 sectator;
1034 3413 1090 3461 et
1137 3409 1278 3460 unde
1317 3418 1414 3459 suo
1459 3406 1663 3459 nomini
1705 3407 1980 3474 satagebat

422 3494 649 3566 gloriam
708 3495 1011 3565 acquirere,
1069 3493 1193 3549 inde
1242 3493 1679 3564 reprehensibilis
1728 3495 1979 3563 justeque

422 3583 671 3640 omnibus
708 3582 927 3638 odiosus
960 3581 1182 3637 effectus
1206 3590 1307 3638 est.
1350 3582 1525 3638 Cardo
1550 3584 1691 3638 enim
1714 3585 1979 3653 pessimus

422 3682 477 3730 et
500 3675 651 3746 origo
679 3674 965 3739 malorum,
988 3690 1106 3744 qua:
1146 3689 1212 3728 ex
1246 3689 1363 3730 sese
1389 3684 1703 3731 cunctarum
1732 3675 1979 3745 impieta-

423 3772 536 3819 tum
576 3765 887 3820 occasiones
930 3767 1156 3836 peperit,
1198 3768 1312 3833 haec
1349 3776 1452 3835 est,
1505 3767 1632 3822 dum
1685 3768 1982 3824 caelestium

419 3853 700 3910 doctorum
737 3850 1019 3926 sapientia,
1060 3858 1194 3914 vitio
1230 3860 1369 3913 male
1395 3859 1821 3930 intelligentiam,
1852 3874 1981 3927 pro-

422 3942 652 3999 cacitate
678 3951 961 4012 temerata,
1011 3961 1116 4000 non
1166 3947 1459 4002 secundum
1488 3947 1572 4001 sui
1623 3961 1982 4014 sensus’pro—

421 4030 703 4099 prietatem
744 4028 1121 4101 "perpenditur,
1172 4032 1265 4089 sed
1316 4035 1370 4088 in
1421 4033 1622 4089 alienos
1664 4049 1851 4089 sensus
1882 4050 1981 4105 pro

421 4120 648 4179 arbitrio
670 4128 726 4175 et
751 4122 1026 4177 voluntate
1050 4124 1296 4193 legentis,
1339 4139 1495 4179 secus
1531 4140 1691 4195 quam
1738 4128 1981 4182 veritatis

421 4210 565 4268 ratio
588 4211 767 4281 habet,
794 4210 1087 4266 derivatur.
1116 4213 1181 4266 Et
1208 4214 1311 4267 hoc
1332 4227 1398 4267 ex
1422 4214 1660 4267 omnium
1688 4206 1978 4269 haeretico-

421 4296 557 4356 rum
584 4303 902 4357 commentis
944 4303 1159 4373 cuique,
1213 4311 1424 4358 sanctas
1474 4305 1609 4359 bene
1657 4304 1977 4373 intelligenti

421 4390 749 4462 Scriptum,
795 4394 1194 4464 deprehendere
1236 4396 1485 4465 perfacile
1535 4404 1638 4462 est,
1680 4398 1821 4467 quod
1866 4412 1972 4451 non

418 4481 595 4537 solum
623 4482 909 4550 impiorum
932 4485 1275 4552 perversitas,
1323 4486 1647 4553 spiritalium
1688 4486 1973 4542 doctorum

420 4568 711 4625 catholicas
752 4569 825 4623 in
880 4568 1173 4639 Scripturis
1236 4570 1436 4627 sanctis
1486 4562 1975 4644 'interpretationes

420 4656 560 4712 male
604 4656 1015 4722 intellexerunt;
1039 4660 1223 4733 verum
1262 4660 1423 4714 etiam
1470 4660 1633 4729 impia
1672 4661 1975 4715 temeritate

420 4746 505 4801 vel
543 4761 708 4817 prava
735 4745 973 4801 caecitate
1002 4745 1301 4817 divinorum
1332 4748 1588 4803 librorum
1637 4750 1971 4805 sanctissima

416 4837 585 4894 verba
624 4837 695 4894 ad
722 4838 806 4893 sui
830 4838 1031 4893 ermris
1062 4832 1466 4893 similitudinem
1497 4841 1713 4895 trahere
1736 4856 1843 4896 non
1867 4840 1976 4895 for-

418 4926 779 5001 midaret-unt,
829 4937 885 4985 et
924 4929 1101 4984 adhuc
1128 4927 1487 4984 infelicissime
1524 4932 1593 4985 de
1634 4946 1700 4986 eo
1742 4933 1975 4987 maxime

419 5022 759 5083 erraverat,
802 5016 860 5073 id
896 5026 999 5083 est,
1035 5018 1103 5073 de
1124 5016 1349 5072 Domino
1375 5024 1560 5079 nostro
1585 5018 1713 5073 Iesu
1735 5017 1973 5087 Christo,

419 5099 477 5156 il
500 5100 1103 5174 quosoloslaguiornm
1130 5106 1275 5162 salus
1309 5114 1363 5161 et
1396 5107 1503 5162 vita
1536 5107 1801 5171 consistit,
1837 5107 1976 5163 sicut

419 5191 610 5247 beatus
646 5188 841 5249 Petrus
881 5195 1132 5266 princeps
1184 5196 1557 5266 Apostoiorum
1601 5205 1847 5263 testatur,
1894 5198 1976 5253 di-

417 5293 587 5338 esus:
618 5277 733 5337 Nec
755 5278 902 5337 aliud
926 5296 1116 5339 ntuetr
1138 5286 1317 5341 datum
1352 5298 1429 5343 est
1451 5290 1545 5344 sub
1586 5288 1735 5355 calo,
1778 5290 1833 5344 in
1873 5306 1973 5360 quo

419 5376 654 5440 sparteus
674 5385 776 5446 nos
795 5369 963 5425 salvos
988 5370 1126 5440 ﬁeri.
1157 5374 1294 5445 (Aet.
1326 5394 1399 5442 Iv,
1425 5378 1524 5451 η)

486 5455 552 5513 Il.
575 5454 712 5524 Quid
738 5459 1095 5533 miserabilius
1114 5470 1217 5528 est,
1249 5480 1408 5535 nam
1436 5468 1488 5522 id
1508 5470 1728 5538 quodad
1748 5470 1975 5525 salutem

417 5547 669 5605 erunibus
688 5548 871 5611 datum
895 5559 1000 5618 est.
1020 5551 1091 5607 ad
1116 5556 1405 5623 perniciem
1427 5568 1699 5631 perpetuae
1717 5562 1974 5631 perditio—

423 5639 510 5698 uis
552 5652 649 5693 sua
684 5637 956 5695 voluntate
995 5640 1283 5711 querniibet
1327 5647 1425 5703 sibi
1470 5649 1569 5718 ipsi
1616 5652 1975 5707 convertere?

2082 2960 2234 3028 Quod
2274 2975 2442 3031 genus
2471 2959 2762 3030 impietatis
2792 2966 2847 3015 et
2874 2958 3114 3014 miserim.
3142 2960 3186 3014 si
3220 2959 3437 3029 provida
3466 2970 3645 3015 mente

2080 3049 2162 3103 vel
2202 3049 2388 3104 humili
2421 3050 2783 3116 indagatione,
2818 3065 2855 3113 α
2887 3050 3050 3105 Pater
3094 3048 3358 3119 Elipante.
3395 3049 3644 3104 conside-

2078 3230 2283 3283 unitate
2311 3228 2587 3283 catholica
2615 3228 2763 3287 Dacis
2786 3229 3039 3283 recedens
3077 3230 3393 3283 corruisses.
3426 3230 3526 3285 Ubi
3571 3230 3649 3284 ia-

2080 3320 2201 3383 tuit.
2229 3320 2318 3373 ubi
2349 3318 2606 3373 dormivit
2634 3319 2735 3373 hoc
2756 3306 2960 3373 nomen
2995 3318 3296 3387 adoptionis
3324 3320 3407 3375 vel
3436 3336 3646 3376 nuncu-

2076 3405 2308 3473 patiouis
2331 3404 2395 3458 de
2418 3403 2655 3467 Christo,
2680 3418 2803 3458 eum
2830 3405 2884 3458 in
2913 3398 3089 3473 Nicaea
3120 3406 3340 3461 civitate
3362 3408 3494 3463 fides
3518 3425 3647 3463 con—

2079 3487 2289 3547 ﬁrmata
2332 3500 2432 3547 est.
2458 3492 2725 3547 catholica
2752 3505 2857 3559 per
2896 3502 3169 3550 trecentos
3210 3496 3393 3550 decem
3422 3506 3475 3551 et
3524 3506 3649 3552 octo

2078 3584 2375 3653 episcopos,
2422 3596 2609 3637 omnes
2647 3582 2837 3651 impias
2873 3592 3049 3638 sectas
3092 3584 3401 3649 excludens,
3440 3586 3671 3653 Spiritu.

2079 3689 2266 3736 sancto
2292 3680 2347 3733 in
2372 3677 2625 3757 cordibus
2650 3678 2865 3732 illorum
2888 3676 3178 3746 loquente?
3200 3677 3362 3731 Forte
3385 3678 3489 3731 tuis
3508 3686 3643 3731 tem-

2078 3772 2296 3840 poribus
2347 3770 2462 3824 hzec
2480 3769 2646 3838 gloria
2668 3765 2837 3837 908
2861 3781 3011 3821 nova:
3031 3768 3289 3820 doctrina:
3311 3774 3519 3819 servata
3540 3776 3627 3821 est

2079 3866 2137 3913 ut
2163 3856 2367 3927 aliquid
2394 3856 2515 3909 novi
2548 3855 2835 3918 invenires,
2866 3869 2973 3923 quo
3018 3862 3167 3908 tuum
3209 3868 3401 3908 nomen
3446 3854 3621 3909 exaila

2080 3963 2167 4004 res
2192 3948 2247 4001 in
2272 3946 2422 4021 urbe.
2454 3945 2593 4000 Ecce
2628 3943 2828 3999 factum
2865 3952 2969 4009 est,
2996 3942 3222 4003 celebris
3260 3953 3343 3998 cst
3367 3945 3521 3999 valde
3550 3960 3619 3998 no

2079 4038 2238 4091 minis
2259 4036 2335 4090 tui
2361 4036 2571 4098 notitia,
2601 4034 2695 4089 sed
2720 4050 2828 4089 non
2853 4050 2973 4088 cum
3003 4034 3284 4089 charitatis
3309 4033 3514 4105 [Forte,
3539 4034 3647 4088 cla-

2079 4125 2279 4199 ritatis]
2311 4125 2486 4190 laude,
2526 4125 2619 4179 sed
2655 4140 2774 4179 cum
2804 4126 3188 4179 exsecrationis
3221 4126 3477 4193 despectu
3500 4142 3516 4185 ;
3543 4140 3645 4179 nec

2078 4230 2199 4270 cum
2228 4230 2291 4269 ea
2320 4215 2692 4269 benedictione
2731 4228 2834 4279 qua
2886 4212 3141 4267 Salomon
3176 4212 3285 4265 ait:
3314 4209 3516 4265 Nomen
3553 4212 3650 4281 ju-

2078 4314 2277 4357 storum
2312 4304 2639 4357 benedicatur
2678 4300 2859 4373 (Prov.
2893 4318 2949 4369 x,
2994 4302 3068 4373 7).
3101 4303 3252 4383 .Cave
3291 4304 3433 4372 quod
3469 4304 3649 4373 sequi-

2006 4376 2053 4435 υ
2082 4404 2186 4461 tur,
2220 4407 2288 4449 ne
2311 4394 2483 4464 magis
2511 4403 2604 4449 tuo
2631 4394 2833 4448 nomini
2860 4394 3038 4463 aptari
3067 4377 3273 4463 possit:
3309 4394 3509 4448 Nomen
3550 4412 3647 4447 au-

2082 4492 2203 4548 tem,
2246 4483 2439 4553 inquit,
2485 4485 2763 4555 impiorum
2797 4472 3069 4554 putrescit.
3114 4483 3353 4539 Fuerunt
3396 4486 3556 4539 etiam
3592 4494 3650 4540 et

2079 4572 2261 4627 multm
2299 4580 2421 4641 post
2462 4572 2620 4640 hujus
2662 4572 2864 4628 Nicmni
2905 4576 3282 4629 auctoritatem
3314 4574 3524 4630 concilii
3552 4588 3641 4642 sy-

2052 4661 2300 4718 .nodales
2335 4664 2797 4731 congregationes,
2840 4678 2941 4732 per
2978 4662 3217 4718 diversas
3247 4665 3429 4718 mundi
3463 4673 3649 4733 partes

2052 4750 2444 4819 imperialibus
2488 4752 2905 4807 christiauorum
2942 4754 3240 4824 principum
3277 4756 3469 4812 edictis
3515 4774 3649 4814 con-

2079 4848 2305 4905 vocatae,
2345 4849 2505 4910 prout
2549 4856 2710 4897 causa
2747 4842 2831 4897 vel
2900 4842 3140 4900 defensio
3190 4848 3469 4923 catholica:
3524 4849 3647 4905 fidei

2082 4940 2268 4986 contra
2320 4934 2600 4989 haereticus
2642 4934 2943 5004 impietates
2993 4935 3303 5008 ﬂagitabat:
3354 4940 3406 4993 in
3450 4942 3647 5009 quibus

2082 5021 2245 5075 etiam
2283 5023 2415 5087 nihil
2446 5025 2551 5079 tale
2577 5038 2812 5095 unquam
2841 5028 3081 5082 auditum
3114 5037 3217 5091 est,
3248 5028 3328 5082 vel
3357 5028 3550 5084 litteris
3579 5032 3646 5085 de

2080 5108 2299 5167 Christo
2344 5113 2653 5171 mandatum
2705 5115 2997 5180 invenitur,
3038 5115 3195 5184 quale
3241 5127 3421 5171 vestra
3474 5134 3647 5189 nuper

2080 5200 2363 5267 sagacitas,
2394 5202 2477 5257 vel
2522 5204 2692 5273 magis
2734 5204 3036 5274 procacitas
3062 5213 3279 5275 repente
3309 5207 3529 5262 auribus
3562 5208 3646 5263 in-

2081 5287 2199 5341 tulit
2244 5288 2581 5347 Christianis.
2618 5293 2748 5360 Quze
2782 5302 2869 5351 est
2915 5295 3127 5351 insolita
3161 5306 3215 5353 et
3257 5297 3403 5351 omni
3436 5297 3646 5353 ratione

2080 5384 2337 5435 extranea
2384 5382 2548 5437 elatio
2584 5384 2777 5455 mentis
2816 5395 2941 5451 ture,
2981 5394 3040 5442 ut
3076 5387 3171 5442 tibi
3218 5386 3315 5441 soli
3358 5402 3480 5442 cum
3533 5390 3643 5444 tuis

2082 5467 2268 5533 paucis
2309 5471 2771 5537 mussitatoribus,
2815 5489 2923 5529 mu
2958 5474 3284 5538 doctoribus,
3325 5476 3643 5533 universalis

2082 5556 2334 5611 Ecclesiae
2359 5557 2491 5613 ﬁdes
2524 5574 2632 5614 non
2677 5561 2885 5631 placeat
2909 5580 2924 5629 ;
2948 5572 3002 5619 et
3028 5564 3287 5646 omnibus
3322 5567 3517 5636 ubique
3537 5584 3641 5623 una

2085 5668 2215 5709 voce
2244 5651 2597 5710 clamantibus
2639 5653 2913 5711 Christum
2952 5656 3118 5712 Deum
3142 5674 3326 5714 verum
3372 5671 3423 5714 et
3454 5674 3640 5714 verum
