4238 6194
576 274 681 328 287

1389 275 1447 328 Β.
1489 274 1549 329 r.
1587 274 1811 329 Λωίδι
1850 274 1979 329 seu
2017 272 2286 329 ALClElNl
2334 270 2610 328 ornavit
2648 272 2825 328 rans
2863 252 2944 328 Ill.

3693 279 3805 337 288

578 383 669 437 Dei
705 382 917 447 Filium,
955 392 1009 436 tu
1042 383 1185 437 solus
1229 398 1358 441 cum
1381 383 1581 439 Iudaeis
1627 386 1925 440 reclamans
1969 384 2139 438 dicis:
2172 393 2218 445 Α
2247 397 2352 436 non
2374 390 2431 437 ut
2456 390 2679 438 caeteros
2709 386 2943 452 adoptio,
2981 387 3072 441 sed
3108 396 3298 443 natura
3328 389 3475 445 illum
3502 392 3809 453 divinitatis

576 471 778 542 Dignus
826 482 899 525 est
940 473 1092 534 mori,
1123 474 1244 541 quia
1277 471 1472 526 Filium
1518 474 1613 527 Dei
1658 492 1711 528 se
1760 475 1881 543 {erit
1929 473 2140 544 (Matth.

574 578 726 628 xxvi,
756 563 845 626 64,
874 562 961 633 (ili)
989 581 999 614 :
1033 577 1223 631 meque
1265 564 1536 618 servulum
1567 566 1708 618 illius
1758 564 2143 619 maledictioni-

575 653 676 708 bus
709 654 1073 724 prosequeris,
1108 652 1235 708 dum
1264 669 1363 724 ego
1411 656 1649 707 omnium
1695 665 2002 709 sanctarum
2048 658 2139 710 do-

574 750 697 795 ctus
725 745 1044 796 auctoritate
1074 742 1492 812 Scripturarum,
1526 753 1581 799 et
1599 747 1891 814 apostolica
1923 748 2141 801 robora-

576 840 662 885 tus
702 833 1101 900 prmdicatione,
1159 849 1371 887 omnem
1415 835 1469 887 in
1518 834 1734 889 Christo
1787 836 2045 891 confiteor
2087 845 2143 890 et

576 922 834 975 testificor
877 923 1177 986 veritatem,
1221 925 1360 978 sicut
1416 926 1704 993 apostolica
1751 928 1992 981 doctrina
2043 928 2140 981 toti

576 1010 793 1064 tradidit
835 1013 1051 1076 mundo,
1106 1022 1160 1066 et
1189 1014 1385 1081 ubique
1410 1023 1593 1067 sancta
1624 1016 1797 1069 credit
1822 1016 2057 1070 Ecclesia
2086 1024 2142 1070 et

573 1099 873 1169 przedicat?
918 1101 994 1154 Tu
1024 1116 1149 1155 vero
1199 1103 1343 1156 solus
1388 1104 1472 1157 his
1520 1105 1769 1159 omnile
1815 1106 2153 1171 contrarius,

574 1190 729 1243 solus,
766 1191 857 1243 tibi
900 1192 1169 1260 singulare
1222 1195 1518 1263 magisterii
1574 1210 1768 1249 nomen
1826 1196 2145 1267 usurpasli;

577 1280 702 1333 dum
738 1281 884 1334 solus
915 1291 1159 1336 sanctum
1198 1288 1254 1335 et
1277 1285 1524 1353 generale
1552 1286 1832 1354 perdidisti
1861 1286 2139 1339 catholica:

576 1371 697 1423 lidei
726 1372 1044 1439 symbolum.
1072 1372 1263 1427 Fertur
1290 1375 1340 1426 in
1372 1374 1642 1428 saecularis
1714 1374 2030 1429 litteratura:
2055 1376 2138 1427 hi-

573 1463 756 1514 storiis
770 1463 1049 1530 profanum
1066 1467 1347 1533 quemdam
1364 1466 1615 1534 juvenem
1638 1466 1819 1520 Dianm
1838 1466 2140 1520 incendisse

573 1551 849 1618 templum,
887 1567 1005 1620 qua:
1032 1554 1209 1623 magni
1254 1556 1486 1609 nominis
1522 1556 1661 1625 apud
1688 1556 1948 1625 Ephesios
1978 1556 2141 1611 habe-

572 1640 768 1703 batur;
819 1642 1283 1712 interrogatusque
1329 1646 1454 1715 quid
1496 1646 1596 1700 hoc
1640 1644 1817 1700 facere
1858 1646 2133 1723 voluisset.

2241 462 2463 526 exaltat.
2498 493 2518 524 ι
2569 473 2669 529 Hic
2715 476 2942 545 denique
2992 478 3192 547 absque
3246 483 3406 536 dubio
3451 484 3535 536 vir
3586 496 3804 543 sanctus

2241 561 2455 633 Deoque
2474 563 2659 632 plenus
2684 565 2949 620 hominem
2971 568 3245 624 Christum
3264 572 3328 625 de
3350 573 3570 642 Virgine
3590 584 3800 643 natum,

2241 668 2346 707 non
2374 662 2431 707 ut
2468 665 2695 711 caeteros
2723 657 2816 711 Dei
2848 657 2985 713 filios
3013 661 3212 715 indulta
3241 663 3542 731 adoptione,
3576 668 3669 723 sed
3707 682 3806 738 per

2240 755 2484 800 naturam
2521 747 2669 801 illum
2710 749 3001 804 divinitatis
3040 752 3093 804 in
3131 752 3225 807 Dei
3272 753 3463 809 Filium
3508 765 3802 826 praemonet

2238 837 2548 890 exaltatum.
2594 837 2735 891 Idem
2764 839 2817 892 iu
2842 840 2978 894 libro
3016 857 3139 895 xxvt
3176 841 3312 912 (Lib.
3344 860 3514 909 xxvii,
3542 862 3661 917 cap.
3701 847 3799 919 2):
3854 908 3863 913 ,

2245 943 2261 974 ι
2309 924 2636 994 Redemptor
2682 928 2944 995 siquidem
2992 938 3172 984 noster
3216 932 3376 986 homo
3424 935 3538 987 sine
3577 948 3811 1004 peccato.

2236 1023 2338 1077 est,
2384 1014 2523 1069 [ilius
2554 1016 2671 1071 sine
2710 1017 3012 1085 adoptione.
3053 1040 3069 1070 ο
3107 1019 3257 1074 Sicut
3289 1025 3569 1089 potestatis
3608 1027 3801 1082 divinat
3852 1064 3855 1067 -

2236 1115 2339 1170 est,
2365 1114 2423 1160 ut
2456 1106 2616 1160 homo
2640 1122 2707 1160 ex
2730 1108 2972 1184 virginali
3000 1119 3153 1165 utero
3175 1112 3291 1165 sine
3305 1124 3529 1181 peccato
3554 1132 3805 1172 nascere-

2237 1206 2343 1260 tur,
2389 1196 2463 1250 ita
2510 1197 2701 1251 divinae
2728 1206 2811 1252 est
2842 1198 3001 1268 907
3039 1200 3271 1266 virtutis,
3296 1211 3357 1256 ut
3383 1205 3542 1259 homo
3571 1206 3677 1269 ille,
3712 1205 3806 1274 qui

2236 1286 2351 1339 sine
2379 1294 2600 1354 peccato
2621 1288 2767 1340 nasci
2794 1289 2983 1355 potuit,
3012 1289 3353 1358 singulariter
3375 1292 3493 1346 sine
3521 1295 3805 1363 adoptione

2237 1376 2333 1430 Dei
2374 1386 2516 1430 esset
2540 1376 2725 1431 Filius.
2751 1376 2900 1443 Quod
2930 1378 2982 1431 in
3016 1378 3153 1435 libro
3180 1392 3312 1435 xvm
3346 1383 3486 1437 idem
3527 1388 3805 1444 sanctissi-

2238 1480 2357 1518 mus
2391 1465 2552 1519 Pater
2587 1467 2819 1521 ostendit
2864 1466 3047 1523 dicens
3099 1468 3250 1540 (Cap.
3300 1472 3389 1541 52)
3417 1487 3431 1525 :
3464 1492 3482 1522 ε
3512 1474 3673 1531 Aliud
3719 1489 3804 1534 est

2237 1555 2379 1609 enim
2426 1564 2580 1635 natos
2627 1556 2870 1610 homines
2908 1560 3132 1628 gratiam
3189 1561 3494 1629 adoptionis
3534 1565 3799 1635 accipere,

2240 1644 2382 1697 aliud
2432 1660 2595 1699 unum
2644 1646 2983 1714 singulariter
3033 1663 3129 1716 per
3158 1650 3453 1706 divinitatis
3506 1658 3800 1723 potentiam

576 1732 847 1798 respondit
873 1752 883 1785 :
912 1732 1045 1785 Dum
1073 1748 1169 1802 per
1189 1734 1383 1814 bonum
1414 1746 1632 1805 propter
1650 1737 1967 1790 excellentia
1996 1736 2136 1789 facta
2172 1726 2214 1783 Β
2242 1731 2407 1785 Deum
2440 1746 2507 1785 ex
2531 1734 2648 1801 ipso
2681 1744 2938 1803 conceptu
2971 1738 3232 1803 prodisse.
3263 1739 3371 1794 Nec
3402 1744 3600 1811 aequari
3626 1752 3803 1814 potest

573 1821 813 1873 vivorum
837 1830 993 1875 notus
1021 1838 1137 1875 esse
1168 1813 1283 1876 non.
1296 1825 1465 1891 potui,
1498 1825 1578 1878 vel
1609 1842 1703 1895 per
1730 1825 2002 1895 quodlibet
2025 1840 2137 1878 ma-

573 1910 699 1964 litia:
732 1923 899 1980 genus
957 1928 1149 1965 nomen
1213 1929 1387 1967 meum
1436 1915 1771 1969 innotescere
1819 1915 1982 1969 volui.
2044 1913 2134 1970 Sic

570 2000 749 2062 etiam,
778 2002 856 2055 sic
874 2010 925 2055 te
941 2002 1114 2071 egisse
1140 2005 1502 2072 cognovimus,
1530 2003 1696 2058 frater
1716 2006 1979 2074 Elipante,
2007 2006 2134 2059 dum

573 2105 675 2141 non
701 2090 925 2146 haberes
955 2108 1052 2145 nec
1076 2094 1322 2148 decorem
1348 2094 1687 2163 cloquenlite,
1723 2112 1821 2149 nec
1870 2096 2134 2164 fulgorem

572 2181 869 2249 sapientia},
918 2182 997 2236 vel
1026 2184 1236 2237 insolita
1267 2185 1503 2253 qualibet
1541 2196 1687 2240 secta
1738 2201 1934 2239 nomen
1982 2193 2133 2239 tuum

571 2272 849 2342 divulgare
890 2276 1128 2340 curasti;
1163 2291 1262 2330 nec
1300 2278 1395 2331 tibi
1436 2277 1540 2329 alia
1596 2277 1784 2330 salutis
1818 2284 1984 2329 restat
2025 2276 2133 2340 via,

573 2362 676 2414 nisi
712 2372 955 2430 prompta
1002 2348 1159 2419 manu
1195 2364 1374 2420 deleas
1416 2366 1829 2436 chirographum
1880 2364 2136 2432 iniquita-

573 2450 660 2515 tis,
696 2452 837 2520 quod
864 2453 915 2505 in
964 2463 1171 2507 secreta
1198 2456 1274 2508 tui
1304 2456 1482 2509 cordis
1525 2456 1783 2523 scripsisti
1838 2454 2087 2523 paginula
2115 2472 2129 2519 ;

570 2551 626 2598 et
653 2543 806 2597 novis
847 2544 1121 2598 catholica:
1142 2544 1263 2599 fidei
1290 2546 1507 2615 syllabis
1534 2547 1774 2615 pristinae
1804 2546 2133 2600 infidelitatis

572 2633 753 2700 apices
786 2635 1139 2688 ohrumhrare
1191 2635 1434 2704 incipias.
1466 2636 1686 2705 Legitur
1723 2637 1778 2690 in
1821 2636 2016 2692 litteris
2044 2651 2136 2691 eo-

574 2737 711 2784 rum,
740 2724 829 2790 qui
858 2723 922 2776 de
942 2723 1175 2791 lapidum
1210 2734 1401 2778 natura
1429 2726 1774 2793 scripserunt,
1804 2725 2133 2780 adamantiui

574 2812 765 2881 lapidis
789 2816 1043 2881 duritiam
1073 2817 1219 2871 nullo
1251 2818 1562 2872 malleorum
1611 2819 1718 2873 ictu
1747 2817 1943 2887 frangi,
1985 2817 2132 2871 nullo

574 2903 775 2967 ignium
816 2904 1007 2958 ardore
1046 2906 1262 2959 dissolvi
1290 2923 1301 2958 :
1333 2908 1425 2961 sed
1452 2908 1567 2962 1]ωο
1594 2907 1879 2961 durissima
1924 2916 2133 2961 natura:

574 2993 715 3046 illius
752 2994 920 3048 virtus
944 2996 1200 3063 sanguine
1242 2997 1609 3050 tantummodo
1637 2997 1845 3049 hircino
1874 2997 2034 3051 cedit.
2073 2995 2129 3050 Si

2240 1820 2407 1888 gloria
2458 1820 2714 1890 unigeniti
2756 1823 2934 1876 habita
2982 1822 3181 1895 [Creg.,
3216 1824 3397 1895 gloriae
3444 1828 3656 1901 habite]
3706 1846 3805 1900 per

2238 1917 2506 1973 naturam,
2555 1910 2676 1963 aliis
2707 1908 2903 1980 (Idem,
2934 1912 3057 1985 alia]
3099 1924 3315 1984 accepta
3358 1932 3455 1985 per
3494 1920 3741 1986 gratiam.
3775 1940 3809 1975 »ο

2234 1998 2491 2068 Intellige,
2522 1998 2589 2054 de
2632 2015 2735 2067 qua
2766 2009 2955 2055 natura
2996 2002 3255 2058 dixisset:
3289 2003 3354 2056 In
3384 2007 3496 2074 ipso
3546 2018 3798 2077 conceptu

2235 2087 2401 2141 Deum
2430 2090 2681 2159 prodisse.
2710 2089 2840 2145 Item
2872 2094 2936 2147 de
2958 2108 3042 2158 eo,
3074 2096 3213 2163 quod
3245 2096 3539 2151 adversarii
3562 2100 3801 2155 maxime

2241 2178 2344 2232 sibi
2395 2178 2647 2249 opitulari
2691 2181 2981 2245 aestimant,
3033 2184 3172 2250 quod
3215 2183 3461 2240 Christus
3508 2189 3802 2245 advocatus

2238 2270 2311 2323 sit
2334 2285 2431 2339 pro
2452 2270 2606 2325 nobis
2634 2272 2772 2339 apud
2793 2271 3025 2337 Patrem,
3074 2274 3371 2331 clarissimo
3399 2280 3669 2345 prmconio
3700 2281 3804 2335 iste

2235 2360 2397 2415 Pater
2419 2370 2637 2415 sanctus
2663 2362 2934 2432 patefecit,
2964 2366 3229 2435 quomodo
3260 2367 3330 2422 sit
3379 2368 3691 2435 advocatus,
3721 2372 3806 2425 di-

2236 2466 2362 2506 cens
2388 2452 2442 2505 in
2465 2452 2722 2508 vicesimo
2757 2455 2989 2509 secundo
3013 2455 3148 2510 libro
3184 2456 3333 2527 (Cap.
3370 2459 3500 2529 li):
3556 2478 3573 2507 ι
3604 2460 3802 2530 Unige-

2234 2541 2347 2596 uito
2368 2543 2508 2595 enim
2530 2542 2624 2598 Dei
2650 2544 2786 2599 Filio
2812 2560 2908 2614 pro
2929 2547 3143 2600 homine
3159 2547 3518 2615 interpellare,
3552 2558 3633 2602 est
3662 2550 3802 2619 apud

2234 2643 2561 2688 cozeternum
2587 2634 2799 2688 Patrem
2832 2637 3001 2705 ipsum
3024 2652 3143 2691 esse
3170 2637 3439 2692 hominem
3465 2636 3640 2710 [σι-ες.
3663 2640 3805 2710 seip-

2234 2735 2349 2775 sum
2368 2720 2657 2795 hominem]
2670 2724 3036 2780 demonstrare
3054 2743 3065 2778 :
3081 2726 3236 2793 eique
3256 2742 3351 2797 pro
3365 2728 3595 2781 humana
3613 2735 3802 2781 natura

2234 2827 2467 2881 rogasse,
2498 2823 2581 2869 est
2619 2815 2862 2870 eamdem
2884 2826 3126 2871 naturam
3154 2817 3204 2871 in
3233 2817 3524 2872 divinitatis
3562 2833 3671 2870 sua:
3696 2816 3811 2871 cel—

2234 2904 2467 2961 situdine
2479 2906 2796 2975 suscepisse.
2812 2927 2828 2959 »
2849 2907 3121 2976 Cognosce
3137 2908 3277 2975 quod
3302 2907 3600 2961 nullatenus
3621 2906 3806 2976 unige-

2235 2994 2378 3048 nitus
2395 2993 2504 3047 dici
2518 3002 2714 3063 potest,
2748 2996 2848 3049 nisi
2881 3010 3037 3051 verus
3064 2998 3133 3049 sit
3161 2996 3345 3049 Filius.
3376 2996 3450 3050 De
3475 2995 3621 3049 nullo
3638 2993 3804 3062 adop-

574 3082 717 3136 nullo
756 3084 1180 3139 testimoniorum
1218 3086 1453 3154 pondere
1477 3086 1673 3140 duritia
1704 3086 1884 3140 cordis
1909 3086 1985 3139 tui
2009 3100 2138 3141 con-
2164 3076 2211 3139 C
2242 3086 2351 3139 tivo
2388 3092 2564 3154 poteSt
2592 3085 2698 3139 dici
2736 3087 3058 3155 unigenitus,
3095 3087 3216 3155 quia
3255 3088 3433 3155 plures
3473 3094 3597 3139 sunt
3642 3100 3803 3153 quam

575 3176 674 3227 teri
706 3176 897 3239 valeat,
944 3177 1221 3232 mollescat
1263 3188 1317 3233 et
1344 3179 1667 3233 dissolvatur
1716 3181 1975 3248 sanguine
2026 3180 2139 3234 veri

576 3263 668 3316 Dei
706 3265 911 3319 Domini
956 3269 1125 3321 nostri
1150 3267 1276 3323 Jesu
1303 3270 1523 3334 Christi,
1567 3270 1657 3339 qui
1688 3268 1888 3324 ell‘usus
1923 3278 2006 3325 est
2042 3268 2141 3340 pro

574 3354 743 3407 salute
772 3362 880 3406 tua.
912 3355 1051 3410 Deus
1089 3368 1171 3411 est
1196 3374 1342 3424 vere,
1376 3361 1466 3428 qui
1492 3368 1542 3413 te
1566 3376 1662 3414 suo
1693 3360 1951 3430 sanguine
1982 3360 2136 3415 rede-

575 3448 692 3511 mit,
738 3458 791 3501 et
820 3447 909 3501 Dei
938 3448 1103 3503 Filius
1148 3466 1291 3516 vere,
1322 3454 1412 3520 qui
1440 3454 1505 3506 de
1535 3453 1779 3521 sepulcro
1817 3444 2135 3507 resurrexit.

573 3538 729 3591 Cazde
755 3536 907 3609 [Cod.
935 3538 1137 3603 Puris.,
1171 3538 1334 3611 Cade]
1361 3556 1521 3609 super
1547 3541 1798 3609 lapidem,
1836 3543 1927 3611 qui
1959 3556 2141 3611 repro-

557 3631 729 3705 ‘batus
751 3632 913 3685 cstab
927 3631 1336 3696 aedificantibus,
1367 3640 1426 3685 ut
1451 3632 1825 3701 confringatur
1850 3634 2141 3693 obstinatio

574 3720 751 3773 cordis
784 3722 857 3774 tui
899 3720 1109 3792 (Matth.
1154 3737 1265 3784 xxi,
1306 3719 1417 3790 44).
1475 3719 1591 3773 Noli
1626 3729 1887 3789 spectare,
1930 3720 2141 3789 quando

574 3808 639 3861 de
679 3810 814 3863 cmlo
841 3820 1054 3864 corruat
1080 3828 1241 3881 super
1267 3820 1339 3876 te,
1368 3819 1423 3865 et
1447 3820 1635 3865 contra
1668 3818 1718 3863 te
1748 3809 1900 3881 [ϐοά.
1939 3808 2138 3874 Paris.,

575 3900 863 3969 conterat].
897 3902 1163 3955 Horrihile
1188 3910 1270 3955 est
1301 3903 1443 3955 enim
1472 3901 1709 3955 incidere
1734 3901 1786 3953 in
1816 3916 2004 3955 manus
2032 3914 2142 3954 om-

576 3993 866 4064 nipotentis
892 3992 982 4044 Dei
1016 3992 1199 4061 (Hebr.
1233 4009 1288 4055 x,
1316 3992 1426 4063 51).

646 4083 725 4134 lll.
754 4082 877 4135 Ideo
916 4074 1021 4135 tam
1065 4082 1254 4151 prolixi
1298 4082 1563 4136 sermonis
1603 4082 1969 4152 praefationem
2014 4082 2136 4147 feci,

574 4174 699 4241 quia
726 4174 1003 4245 segnitiem
1031 4183 1176 4228 tuam
1204 4174 1468 4229 suscitare
1501 4176 1810 4239 voluissem,
1845 4184 1905 4231 ut
1939 4192 2138 4246 cogno-

575 4280 755 4321 sceres
790 4276 985 4320 nostrae
1010 4268 1299 4322 voluntatis
1328 4269 1394 4322 de
1418 4276 1506 4322 tua
1535 4269 1705 4323 salute
1734 4268 2004 4323 allectum.
2034 4269 2139 4323 Sed

576 4365 785 4425 tempus
812 4364 914 4420 est,
945 4366 1003 4409 ut
1031 4367 1228 4411 nostrae
1256 4374 1461 4411 memor
1488 4358 1859 4425 promissionis
1882 4358 2015 4411 alios
2044 4358 2139 4410 tibi

2239 3168 2376 3228 unus
2394 3190 2512 3240 ;nec
2525 3176 2807 3245 quisquam
2830 3192 2894 3230 ex
2918 3178 3180 3247 adoptivis
3206 3178 3259 3231 in
3282 3178 3538 3231 unitatem
3561 3188 3805 3244 persona

2239 3282 2360 3321 cum
2409 3265 2504 3320 Dei
2540 3266 2677 3321 Filio
2727 3277 3029 3338 assumptus
3074 3278 3176 3331 est,
3228 3284 3326 3322 nec
3381 3268 3446 3321 ad
3501 3267 3803 3321 divinitatis

2238 3356 2458 3425 gloriam
2512 3357 2811 3411 exaltatus:
2858 3359 3020 3412 etiam
3067 3374 3164 3413 nec
3209 3360 3398 3413 unicus
3426 3357 3642 3427 pr0prie
3696 3358 3804 3412 dici

2238 3456 2435 3516 potest,
2467 3450 2605 3504 sicut
2633 3450 3028 3518 probatissimis
3059 3450 3218 3520 paulo
3263 3458 3386 3502 ante
3434 3450 3576 3502 beati
3620 3448 3801 3517 Augu-

2240 3540 2365 3594 stini
2395 3540 2714 3594 testimoniis
2727 3538 2998 3593 Christum
3020 3540 3217 3593 dictum
3242 3553 3361 3592 esse
3384 3537 3802 3600 declaravimus;

2241 3639 2295 3681 et
2320 3629 2523 3682 sanctis
2549 3644 2761 3696 quoque
2798 3629 3079 3687 missarum
3110 3643 3172 3680 ac
3218 3628 3516 3679 orationum
3556 3625 3807 3693 precibus

2241 3718 2458 3771 beatum
2487 3717 2801 3785 Gregorium
2826 3717 3067 3785 posuisse
3095 3716 3341 3783 superius
3368 3716 3719 3769 ostendimus.

2310 3805 2397 3860 IV.
2439 3806 2578 3876 Ergo
2604 3813 2658 3859 et
2689 3800 2875 3859 beatus
2915 3804 3265 3873 Hieronymus
3311 3806 3364 3857 in
3407 3803 3523 3871 ejus
3557 3805 3819 3860 versiculi,

2244 3896 2687 3967 interpretatione
2727 3897 3010 3961 consentit,
3042 3895 3128 3949 ubi
3154 3895 3414 3965 Propheta
3446 3897 3521 3949 ait
3550 3915 3562 3950 :
3598 3896 3809 3966 Respice

2240 3990 2294 4042 in
2326 4005 2436 4053 me,
2482 3998 2529 4041 et
2570 3988 2811 4041 miserere
2848 3988 2946 4041 mei
2976 4005 2993 4041 :
3018 3986 3262 4057 quoniam
3304 3988 3488 4040 unicus
3527 3996 3573 4039 et
3614 4000 3811 4056 pauper

2240 4096 2354 4133 sum
2399 4096 2491 4149 ego
2520 4076 2689 4150 (Psal.
2722 4095 2867 4145 χειν,
2898 4078 3004 4149 I6).
3031 4092 3055 4119 α
3089 4098 3107 4129 σ
3145 4078 3283 4133 Bene
3312 4094 3371 4132 se
3397 4079 3610 4132 unicum
3655 4077 3808 4136 dicit,

2242 4172 2365 4240 quia
2392 4170 2696 4240 unigenitus
2716 4179 2798 4225 est
2826 4170 2996 4223 Patris
3028 4171 3081 4223 in
3107 4184 3271 4223 carne
3300 4176 3473 4221 natus.
3507 4187 3524 4217 ι
3556 4167 3657 4231 Qui
3683 4179 3809 4219 vero

2242 4270 2401 4331 negat
2428 4261 2758 4331 unigenitum
2790 4261 2882 4313 Dei
2924 4259 3113 4312 Filium
3144 4272 3249 4325 pro-
3279 4257 3460 4309 mundi
3492 4254 3810 4325 salutevcru-

2243 4352 2459 4406 cifixum
2494 4365 2631 4413 esse,
2656 4350 2755 4403 sub
2778 4349 2966 4402 Pontio
2990 4347 3159 4401 Pilato
3189 4361 3404 4414 passum
3440 4354 3492 4399 et
3518 4346 3825 4415 sepultum,

577 4447 841 4500 advocare
856 4454 1021 4500 testes
1039 4446 1309 4514 incipiam.
1337 4446 1632 4515 Gregorius
1656 4447 1863 4501 scilicet
1885 4447 2141 4501 Romanae
2174 4415 2220 4471 υ
2243 4451 2299 4495 et
2328 4441 2483 4506 tertia
2513 4440 2598 4495 die
2636 4440 3015 4503 resnrrexisse,
3038 4438 3255 4492 omnino
3280 4439 3581 4493 contrarius
3606 4447 3689 4494 est
3719 4454 3811 4494 ca-

577 4540 723 4593 sedis
790 4538 1091 4608 episcopus,
1147 4537 1340 4591 nobilis
1383 4537 1824 4606 eloquentizevir,
1884 4546 1939 4592 et
1971 4537 2145 4606 puris-

575 4628 748 4683 simus
771 4629 823 4681 in
859 4626 1119 4681 catholica
1162 4626 1264 4681 fide
1303 4628 1509 4695 doctor,
1534 4628 1716 4683 multis
1756 4628 1809 4682 in
1840 4628 1973 4683 locis
2000 4629 2139 4681 litte-

576 4734 759 4773 rarum
785 4734 1003 4773 suarum
1033 4719 1361 4788 unigenitum
1387 4735 1678 4789 verumque
1702 4720 1795 4774 Dei
1821 4720 2012 4773 Filium
2039 4720 2141 4773 Re—

576 4812 906 4878 demptorem
922 4818 1159 4865 uestrum
1173 4826 1293 4864 esse
1310 4819 1552 4865 testatur.
1578 4811 1718 4865 Dicit
1731 4812 1873 4864 enim
1900 4810 1951 4861 in
1966 4808 2139 4877 primo

579 4898 855 4955 Moralium
910 4900 1048 4955 libro
1102 4902 1167 4955 de
1188 4901 1324 4955 Filio
1370 4900 1462 4955 Dei
1490 4902 1563 4955 ita
1604 4899 1754 4971 (Cap.
1792 4899 1915 4967 23):
1953 4915 1970 4946 ε
2008 4896 2143 4962 Quia

576 4992 678 5045 etsi
711 4991 989 5061 adoptivus
1026 4994 1254 5061 quisque
1298 4992 1439 5045 filius
1470 4993 1536 5046 ad
1571 4988 1965 5060 percipiendam
2004 4987 2143 5041 divi-

580 5082 804 5136 nitatem
843 5080 1091 5149 proiiciat
1135 5079 1339 5150 [Greg.,
1389 5079 1644 5150 prolicit],
1694 5094 2031 5148 nequaquam
2066 5087 2146 5132 ta-

582 5189 703 5229 men
744 5182 805 5227 ut
849 5175 990 5229 Deus
1031 5176 1349 5229 naturaliter
1396 5184 1556 5239 esset,
1600 5175 1811 5245 accipit.
1851 5195 1869 5227 ι
1905 5176 2035 5231 Item
2076 5178 2144 5231 .in

583 5267 768 5321 eodem
805 5266 961 5332 libro,
993 5268 1133 5336 quod
1162 5266 1409 5321 Christus
1434 5265 1587 5321 Iesus
1632 5282 1737 5320 non
1768 5266 1835 5320 sit
1862 5282 1959 5335 per
1987 5269 2147 5337 adop-

583 5358 783 5413 tionem
815 5360 975 5423 lilius,
1002 5360 1142 5413 inter
1178 5360 1279 5413 alia
1312 5358 1391 5413 sic
1418 5360 1491 5412 ait
1518 5357 1671 5428 (Cap.
1704 5358 1793 5428 28)
1825 5378 1837 5413 :
1873 5378 1891 5411 ‹
1926 5360 2144 5421 Omnes,

587 5446 854 5515 inquiens,
906 5449 994 5518 qui
1025 5450 1078 5503 in
1109 5448 1211 5503 fide
1236 5447 1347 5503 Deo
1377 5458 1689 5515 nascuntur,
1739 5459 1975 5524 superat,
2022 5450 2147 5520 quia

658 5564 683 5593 ⁸
724 5551 782 5608 S.
812 5552 955 5609 IIier.
985 5556 1138 5610 Brev.
1167 5557 1390 5615 Psalter.

2246 4530 2442 4585 tholieo
2470 4529 2785 4584 universalis
2818 4530 3067 4585 Ecclesia:
3104 4530 3365 4600 symbolo,
3396 4531 3449 4583 in
3494 4546 3601 4599 quo
3644 4529 3810 4583 veris—

2246 4625 2378 4680 sime
2408 4625 2723 4680 decantatur
2766 4623 2885 4679 luec
2926 4625 3102 4679 omnia
3145 4624 3197 4676 in
3226 4624 3499 4693 unigenito
3540 4621 3634 4677 Dei
3673 4618 3811 4676 Filio

2245 4717 2385 4772 facta
2408 4732 2554 4782 esse,
2580 4716 2718 4770 sicut
2745 4717 2932 4769 beatus
2959 4715 3269 4785 Fulgentius
3288 4713 3589 4767 luculentus
3628 4713 3813 4767 catho-

2242 4807 2359 4862 licze
2390 4807 2510 4863 ﬁdei
2547 4808 2777 4877 scriptor
2811 4805 2860 4859 in
2892 4805 3111 4876 epistola
3150 4818 3310 4873 quam
3338 4802 3405 4855 ad
3441 4801 3659 4855 Petrum
3685 4801 3813 4857 Dia-

2244 4911 2433 4955 cenem
2475 4897 2768 4960 direxerat,
2812 4896 3043 4949 ostendit
3087 4908 3204 4947 esse
3250 4906 3433 4945 verum
3479 4890 3572 4945 Dei
3616 4891 3819 4947 Filium

2243 4985 2509 5047 eumdem,
2540 4985 2630 5053 qui
2658 4999 2847 5054 passus
2893 4990 2995 5040 est.
3020 4990 3265 5035 mortuus
3304 4987 3461 5047 atque
3492 4982 3815 5036 resurrexit.

2246 5075 2345 5143 Qui
2388 5083 2508 5144 post
2548 5074 2774 5143 plurima
2802 5070 3079 5125 catholica:
3118 5069 3240 5123 fidei
3283 5070 3601 5126 documenta
3628 5071 3811 5140 hujus-

2246 5165 2387 5219 modi
2431 5164 2497 5217 de
2533 5161 2747 5215 Christo
2788 5160 3008 5227 protulit
3036 5162 3354 5215 sententiam
3378 5160 3403 5198 δ
3434 5180 3447 5217 :
3481 5182 3499 5213 ‹
3527 5161 3696 5217 Natus
3729 5168 3811 5216 est
3884 5182 3889 5185 ·

2245 5256 2411 5318 enim;
2438 5252 2629 5322 inquit,
2670 5252 2734 5305 de
2759 5251 2939 5315 Patre,
2973 5251 3114 5306 Deus
3149 5254 3415 5319 Verbum;
3454 5260 3611 5307 natus
3640 5251 3811 5307 estde

2248 5352 2436 5405 matre,
2470 5343 2701 5397 Verbum
2726 5358 2854 5397 caro
2871 5341 3097 5428 factum.
3132 5345 3279 5400 Unus
3304 5346 3465 5414 igitur
3487 5354 3647 5415 atque
3671 5346 3808 5401 idem

2248 5436 2390 5490 Deus
2421 5434 2517 5490 Dei
2544 5434 2710 5489 Filius
2735 5443 2892 5491 natus
2913 5445 3034 5492 ante
3063 5437 3277 5502 sazcula,
3299 5444 3355 5491 et
3381 5444 3541 5492 natus
3569 5437 3622 5491 in
3642 5449 3810 5492 sacu-

2325 5547 2351 5586 b
2386 5546 2447 5620 gs.
2480 5545 2728 5620 Fulgent.
2760 5546 2845 5620 De
2882 5546 3008 5620 Fide
3042 5549 3106 5603 ad
3150 5549 3363 5605 Petrum
3412 5564 3527 5620 cap.
3575 5547 3629 5611 2,
3659 5559 3804 5600 num.

2260 5616 2341 5683 I0,
2380 5617 2458 5679 ll,
2487 5627 2541 5669 et
2572 5618 2729 5685 paulo
2757 5618 2911 5683 infra,
2945 5619 3027 5686 I6,
3062 5620 3141 5673 Π.
