4226 6204
442 248 545 307 989

1104 241 1512 302 ΒΟΟΜΑΤΙΕΑ.
1552 273 1620 282 --
1649 240 1804 294 ADV.
1844 236 2234 292 ELII‘ANDHM
2272 236 2450 289 LIBRI
2488 237 2571 290 IV.
2614 267 2676 274 ——
2706 236 2828 290 LIB.
2872 236 2954 289 IV.

3546 225 3653 281 9.90

420 350 516 425 ‘to,
543 369 597 415 et
624 367 851 426 utraque
878 356 1127 411 naliVitaS
1151 355 1307 408 unius
1331 361 1431 415 est.
1464 351 1629 405 Filius
1658 349 1785 412 Βείς
1815 362 1998 402 verum
2029 353 2072 408 Α
2101 364 2272 409 utero.
2304 352 2395 406 llle
2421 352 2653 406 hominis
2682 357 2888 405 tantum
2916 358 3141 402 matrem
3169 356 3407 401 sanctam
3440 344 3657 398 Mariam

442 452 608 507 etiam
632 451 697 505 de
734 449 919 503 eodem
946 434 1134 500 matris
1159 453 1312 498 utero
1340 444 1477 497 idem
1502 441 1647 495 Deus
1672 442 1832 494 homo
1857 436 1995 509 [exi—

446 544 541 606 vit,
582 550 637 596 et
678 542 733 594 in
772 537 1013 607 sepulcro
1043 536 1180 589 idem
1225 536 1365 588 Deus
1402 534 1563 588 homo
1612 529 1781 585 factus
1809 527 1996 593 jacuit,

442 638 504 685 et
524 629 593 685 ab
618 627 806 683 inferis
847 626 985 680 idem
1016 625 1155 677 Dens
1188 620 1368 694 hamo]
1404 620 1583 674 factus
1608 619 1693 672 die
1723 619 1875 671 tertia
1916 631 2002 670 re—

451 720 701 776 surrexit.
733 739 750 771 ι
780 718 909 771 item
938 718 988 770 in
1010 716 1193 769 eadem
1222 714 1443 782 epistola
1469 727 1483 764 :
1510 731 1528 761 ‹
1556 711 1779 777 Quibus,
1807 709 1997 777 inquit,

451 810 628 866 verbis
668 809 1024 879 explicabitur
1057 806 1235 860 carnis
1264 805 1404 858 illius
1431 802 1742 857 excellentia
1771 799 2002 869 singula-
2045 793 2053 799 ’

453 903 546 967 ris,
589 899 741 970 cuius
784 900 959 953 divina
994 905 1076 950 est
1120 912 1184 949 ex
1222 896 1331 963 ipsa
1362 894 1441 947 sui
1490 892 1840 961 conceptione
1884 905 2003 958 per-

452 992 612 1047 sena?
645 1012 665 1044 ι
702 989 930 1045 Attende
974 987 1101 1055 quid
1140 986 1310 1039 dicit:
1344 1002 1361 1034 ι
1396 983 1560 1051 Cujus
1603 992 1675 1034 est
1724 981 1897 1033 divina
1942 994 2004 1031 ex

452 1081 561 1149 ipsa
581 1080 662 1133 sui
686 1078 1012 1148 conceptione
1036 1090 1270 1144 persona.
1300 1071 1380 1125 An
1416 1072 1607 1139 aliquis
1636 1069 1795 1123 audet
1824 1068 2003 1121 dicere

453 1168 787 1238 adoptionem
816 1181 935 1221 esse
968 1166 1019 1218 in
1049 1163 1228 1218 divina
1252 1164 1486 1231 “persona
1512 1160 1628 1213 Filii
1660 1159 1787 1213 Dei?
1812 1157 2000 1213 Totam

455 1260 629 1327 itaque
654 1254 1032 1327 proprietatem
1055 1267 1225 1315 suam,
1252 1266 1409 1319 quam
1434 1249 1621 1303 habuit
1647 1255 1770 1301 ante
1790 1246 2002 1307 saecula,

454 1349 626 1401 divina
655 1345 889 1402 servavit
914 1358 1140 1413 persona
1172 1342 1223 1395 in
1265 1355 1323 1395 se
1366 1341 1497 1408 ipsa,
1528 1338 1654 1393 licet
1702 1337 2006 1391 humanitas

454 1415 862 1508 coniungeretur
894 1434 1084 1489 divinm
1114 1447 1353 1501 persona:
1383 1430 1503 1484 Filii
1531 1429 1643 1483 Dei.
1677 1448 1695 1479 ι
1745 1428 1813 1481 Et
1850 1424 2007 1496 paulo

452 1535 569 1596 post
597 1544 610 1579 :
641 1544 659 1577 ι
693 1525 832 1580 Deus
857 1522 1180 1591 unigenitus,
1207 1521 1297 1589 qui
1328 1521 1451 1575 dum
1497 1518 1886 1585 conciperetur,
1916 1528 2007 1569 ve—

455 1615 667 1669 ritatem
711 1612 889 1668 carnis
934 1611 1137 1680 accepit
1178 1624 1244 1664 ex
1284 1609 1518 1679 Virgine.
1565 1608 1670 1661 Ista
1715 1621 1875 1661 causa
1905 1612 2004 1667 est,

2098 444 2321 514 putabat
2367 442 2503 503 ﬁeri,
2547 442 2773 497 alterum
2820 455 3113 511 agnoscens
3160 439 3249 508 qui
3314 446 3437 492 ante
3480 434 3660 489 omnia

2101 545 2339 603 tempora
2366 548 2429 586 ex
2473 533 2629 585 Patre
2657 540 2813 584 natus
2836 539 2947 592 est;
2981 529 3202 582 alterum
3245 543 3474 596 namque
3516 541 3658 587 eum,

2099 625 2189 693 qui
2237 624 2288 677 in
2331 622 2661 691 plenitudine
2708 630 3004 688 temporum
3046 620 3335 673 carnaliter
3356 623 3419 672 ex
3444 619 3663 683 Virgine

2102 715 2261 767 homo
2291 712 2463 765 factus
2490 719 2590 775 est.
2619 712 2728 763 Vos
2758 712 3003 778 equidem
3036 725 3137 762 non
3168 710 3358 762 minori
3392 709 3665 776 impietate.

2101 802 2306 869 decepti
2356 799 2663 853 verumDei
2696 800 2883 852 Filium
2918 798 3073 851 vultis
3101 812 3242 859 esse,
3277 797 3367 865 qui
3414 805 3539 850 ante
3563 811 3663 848 ste-

2102 891 2217 943 eula
2241 898 2397 943 natus
2421 897 2504 941 est
2534 903 2598 941 ex
2625 887 2813 948 Patre;
2848 888 2995 940 illum
3034 902 3182 950 vero,
3222 886 3311 954 qui
3350 900 3417 940 ex
3434 884 3665 954 Virgine

2103 991 2261 1034 natus
2291 990 2393 1044 est,
2426 980 2730 1047 adoptivum
2765 980 2927 1032 ﬁlium
2957 976 3049 1032 Dei
3080 997 3092 1033 :
3124 978 3380 1032 addentes
3408 986 3463 1031 et
3492 978 3667 1031 adhuc

2103 1072 2229 1125 huic
2257 1070 2613 1124 incredulitati
2641 1078 2833 1122 vestrae
2870 1068 3010 1122 aliud
3051 1069 3339 1137 impietatis
3367 1083 3553 1136 genus,
3586 1066 3659 1121 di-

2103 1170 2287 1216 centes
2330 1161 2495 1214 Deum
2537 1177 2654 1213 esse
2704 1175 2888 1212 verum
2926 1160 3013 1227 qui
3052 1174 3115 1211 ex
3151 1158 3258 1211 Deo
3298 1168 3455 1211 natus
3484 1165 3583 1217 est.
3617 1166 3663 1209 et

2104 1253 2268 1305 Deum
2313 1250 2727 1320 nuncupativnm
2759 1290 2772 1311 ,
2818 1250 3089 1302 hominem
3134 1248 3280 1301 illum
3328 1249 3418 1317 qui
3458 1248 3523 1301 de
3554 1248 3664 1299 V'ir-

2104 1343 2227 1409 gine
2256 1340 2425 1394 factus
2458 1348 2538 1392 est
2570 1358 2581 1390 :
2620 1348 2780 1407 atque
2815 1354 2973 1408 super
2994 1340 3108 1392 lucc
3138 1337 3407 1392 dualitatis
3434 1339 3668 1401 nomina,

2106 1434 2159 1488 id
2199 1442 2303 1496 est,
2346 1431 2590 1485 veritatis
2627 1440 2682 1484 et
2720 1430 3152 1499 nuncupationis,
3199 1431 3540 1500 proprietatis
3570 1430 3671 1501 [et]

2107 1520 2437 1593 adeptionis;
2501 1519 2663 1574 nimia
2715 1521 2955 1574 czecitate
3014 1520 3357 1575 obscuratum
3417 1520 3676 1575 habentes

2106 1627 2225 1677 cor,
2247 1610 2424 1667 dicitis
2447 1627 2610 1665 unum
2655 1611 2823 1666 Deum
2862 1626 2980 1666 esse
3004 1620 3059 1665 et
3080 1627 3244 1665 umtm
3269 1611 3484 1677 Filium,
3513 1627 3674 1681 quem
3720 1640 3737 1652 -

448 1721 557 1774 qua
587 1705 727 1759 Deus
769 1702 941 1758 factus
970 1710 1051 1757 est
1096 1701 1234 1755 ﬁlius
1269 1699 1488 1770 virginis
1533 1699 1734 1762 .‘tlarire,
1762 1706 1815 1750 et
1844 1696 2009 1750 Maria
2044 1694 2082 1751 Β
2110 1720 2206 1757 vos
2234 1718 2422 1756 verum
2446 1700 2613 1756 Deum
2649 1708 2703 1754 et
2730 1701 3168 1770 nuncupativum,
3192 1702 3467 1771 proprium
3508 1701 3675 1756 ﬁlium

450 1795 602 1865 virgo
628 1802 800 1849 mater
844 1792 984 1848 facta
1024 1801 1107 1848 est
1147 1793 1405 1861 unigeniti
1440 1793 1551 1847 Dei.
1589 1812 1606 1843 ι
1644 1791 1815 1847 Unum
1845 1790 2010 1859 siqui-

454 1886 573 1940 dem
604 1892 660 1939 et
684 1882 829 1937 illum
872 1883 1199 1952 unigenitum
1223 1883 1378 1937 beata
1409 1882 1571 1951 Virgo
1599 1882 1780 1949 genuit
1806 1881 2008 1943 Deum;

455 1988 559 2028 non
587 1973 741 2036 duos,
771 1987 933 2025 unum
962 1986 1146 2027 verum
1172 1970 1359 2035 Deum,
1386 1978 1441 2024 et
1468 1970 1694 2023 alterum
1732 1985 2009 2039 nuncupa-

456 2061 643 2126 tivum,
671 2060 809 2116 sicut
836 2072 1015 2115 vestra
1056 2058 1191 2115 solet
1214 2057 1479 2113 afﬁrmare
1507 2059 1851 2128 perversitas.
1880 2058 2010 2112 Item

454 2155 508 2207 in
536 2155 722 2208 eadem
750 2166 775 2193 ο
803 2170 815 2205 :
845 2171 861 2203 ι
893 2152 1115 2220 Quando
1143 2152 1196 2205 in
1230 2148 1458 2205 Iordane
1480 2151 1769 2204 secundum
1796 2164 2009 2205 carnem

458 2244 754 2312 baptizatus
800 2252 885 2297 est
922 2243 1228 2311 unigenitus
1261 2242 1401 2296 Deus
1431 2262 1448 2294 ι
1482 2242 1620 2296 Ecce
1650 2243 1838 2296 beatus
1886 2241 2013 2295 Ful-

456 2332 667 2407 gentius
715 2330 884 2395 illum,
933 2332 1023 2400 qui
1071 2332 1125 2384 in
1174 2330 1403 2385 Iordane
1453 2331 1742 2385 secundum
1797 2345 2013 2385 carnem

455 2422 755 2493 baptizatus
794 2429 896 2487 est,
928 2434 1086 2490 super
1114 2436 1271 2490 quem
1300 2427 1519 2489 paterna
1549 2418 1776 2472 intonuit
1806 2434 1929 2482 vox,
1962 2427 2017 2473 et

457 2511 689 2583 Spiritus
716 2518 934 2566 sanctus
971 2510 1021 2563 in
1051 2510 1226 2578 specie
1268 2507 1524 2563 columba:
1563 2508 1854 2573 descendit,
1896 2508 2017 2570 uni-

456 2602 695 2673 genitum
739 2599 906 2655 Deum
952 2601 1254 2655 conﬁtetur.
1298 2600 1427 2655 ltem
1474 2598 1563 2668 qui
1606 2612 1763 2668 supra
1792 2599 1846 2653 in
1877 2597 2016 2652 libro

458 2693 648 2756 tertio,
693 2692 785 2762 qui
839 2700 1175 2761 nuncupatur
1222 2692 1286 2746 de
1332 2689 1681 2746 Sacramenta
1728 2690 2017 2745 Dominica:

458 2780 749 2849 passionis;
798 2781 922 2850 quia
973 2780 1293 2850 Redemptor
1340 2790 1543 2843 noster,
1586 2782 1782 2850 inquit,
1828 2789 2019 2834 auctor

458 2869 601 2933 viue,
642 2869 761 2923 ideo
810 2869 1043 2922 a'Petro
1093 2869 1329 2937 apostolo
1376 2869 1714 2937 perducetur,
1765 2870 2015 2939 quoniam

460 2957 603 3013 Deus
642 2974 803 3013 verus
846 2952 1235 3022 incunctanter,
1282 2974 1384 3013 non
1429 2960 2018 3030 autem908nuncu-

2110 1804 2165 1848 et
2194 1793 2502 1863 adoptivum
2543 1791 2711 1845 multa
2755 1806 3065 1847 sermonum
3102 1793 3360 1846 varietate
3398 1793 3591 1861 szepius
3622 1794 3674 1847 in

2111 1885 2245 1937 duos
2281 1883 2409 1936 deos
2440 1890 2497 1935 et
2522 1882 2574 1936 in
2604 1882 2735 1937 duos
2776 1881 2914 1937 ﬁlios
2941 1882 3190 1938 dividatis
3232 1882 3510 1954 [dividilis]
3544 1903 3554 1937 :
3583 1899 3680 1938 no-

2110 1988 2230 2026 men
2252 1970 2526 2025 dualitatis
2558 1972 2927 2025 tantummodo
2966 1973 3018 2026 in
3047 1972 3291 2041 personis
3318 1982 3676 2034 exsecrantes,

2110 2063 2203 2117 sed
2231 2062 2284 2115 in
2316 2060 2417 2114 ﬁde
2443 2060 2658 2129 propria
2690 2060 2917 2114 ﬁrmiter
2946 2076 3059 2114 rem
3086 2060 3357 2116 dualitatis
3396 2062 3680 2115 ostenden-

2114 2161 2211 2205 tes.
2252 2149 2356 2204 Sed
2399 2150 2561 2219 legite
2608 2149 2915 2217 diligentins
2957 2150 3239 2219 synodales
3283 2149 3492 2205 liltellos
3537 2151 3676 2203 beati

2112 2240 2292 2310 Cyrilli
2321 2240 2598 2304 antistitis,
2623 2247 2685 2293 ut
2719 2241 3055 2307 cognoscatis
3091 2241 3255 2294 vestri
3294 2240 3494 2294 erroris
3520 2240 3681 2307 origi-

2112 2344 2234 2385 nem
2268 2344 2333 2384 ex
2362 2344 2630 2385 venenosa
2665 2328 2896 2383 Nestorii
2930 2330 3152 2384 ebullire
3176 2330 3447 2399 voragine,
3475 2346 3538 2382 ac
3564 2346 3682 2383 vos-

2083 2419 2371 2496 _metipsos
2403 2433 2466 2472 ex
2500 2418 2642 2472 illius
2675 2418 3000 2474 sanctissimi
3028 2418 3226 2481 Patris,
3252 2417 3392 2473 beati
3420 2420 3682 2488 siquidem

2113 2508 2319 2577 Cyrilli,
2365 2507 2560 2562 litteris
2605 2507 2888 2578 corrigite;
2928 2516 3213 2577 sequentes
3254 2508 3554 2563 ebarissimi
3586 2524 3677 2562 ve-

2114 2600 2211 2653 stri
2240 2598 2507 2668 quondam
2529 2597 2743 2661 Felicis,
2772 2612 2913 2652 nunc
2941 2606 3117 2652 autem
3148 2599 3314 2653 nostri
3339 2598 3639 2666 exemplum
3664 2614 3679 2651 :

2116 2690 2206 2759 qui
2235 2690 2375 2743 viam
2418 2688 2661 2743 veritatis
2702 2703 3050 2758 cognoscens,
3083 2694 3187 2741 non
3224 2687 3440 2742 erubuit
3476 2678 3678 2743 erroris

2118 2781 2198 2835 sui
2242 2778 2484 2833 conﬁteri
2522 2778 2902 2847 ignorantiam,
2948 2785 3003 2831 et
3040 2790 3143 2847 per
3165 2776 3322 2831 ﬁdem
3370 2778 3685 2833 catholicam

2118 2872 2309 2927 unitati
2336 2871 2591 2925 Ecclesia:
2618 2868 2816 2925 Christi
2843 2870 3076 2939 seipsum
3104 2871 3487 2939 compaginari.
3518 2872 3685 2926 Pona-

2118 2980 2239 3019 mus
2267 2973 2443 3018 tamen
2471 2978 2640 3031 pauca
2670 2975 2733 3014 ex
2773 2960 2916 3015 illius
2958 2968 3084 3015 ante
3112 2961 3372 3015 nominati
3411 2961 3588 3018 Patris
3629 2963 3687 3016 li-

459 3047 670 3117 palivus
697 3047 996 3103 credendus
1037 3048 1128 3113 sit,
1162 3049 1235 3102 ita
1258 3056 1379 3117 post
1403 3048 1625 3118 plurima
1658 3049 1920 3105 subinfert
1944 3051 1972 3090 δ
2000 3069 2011 3104 :
2044 3044 2089 3103 C
2120 3056 2258 3111 bello
2288 3053 2611 3115 testimonia,
2641 3059 2906 3121 quatenus
2949 3066 3017 3106 ex
3047 3050 3256 3105 illorum
3286 3051 3513 3106 lectione
3537 3053 3687 3107 intel-

467 3157 486 3191 ι
516 3139 593 3195 Ex
619 3155 726 3211 quo
754 3140 920 3208 igitur
945 3139 1086 3194 Deus
1113 3140 1233 3194 vita:
1259 3148 1445 3195 auctor
1474 3142 1743 3195 hominem
1773 3141 1825 3195 in
1848 3142 2021 3196 unita-

464 3238 569 3285 tem
589 3244 833 3300 personte
861 3231 1112 3298 suscepit,
1143 3246 1210 3283 ex
1232 3245 1337 3299 quo
1366 3228 1498 3301 [Αι.,
1530 3246 1595 3284 ex
1621 3230 1707 3301 eo]
1740 3230 1829 3299 ille
1863 3231 2022 3285 homo

463 3334 655 3383 nomen
671 3320 801 3372 vitae
822 3320 1058 3373 auctoris
1079 3308 1325 3389 obtinuit.
1356 3338 1375 3370 ι
1401 3318 1533 3384 Quis
1553 3327 1730 3387 potest
1754 3319 1876 3372 vita:
1906 3331 2023 3372 esse

464 3415 671 3471 auctor,
714 3406 813 3459 nisi
855 3421 1013 3461 verus
1056 3406 1229 3461 Deus?
1257 3405 1409 3472 Quod
1438 3407 1628 3460 beatus
1669 3405 1859 3460 Petrus
1903 3421 2023 3475 per-

463 3497 645 3565 spicue
670 3503 897 3549 testatur
923 3495 974 3548 in
1004 3492 1269 3559 sermone,
1298 3508 1455 3564 quem
1482 3495 1668 3548 habuit
1688 3495 1753 3549 ad
1777 3494 2017 3559 Judmos;
2086 3516 2097 3525 ι

462 3596 583 3656 post
604 3588 706 3642 alia
731 3587 1053 3642 excellenter
1072 3586 1297 3656 prolata.
1329 3588 1430 3641 hoc
1460 3601 1670 3655 quoque
1696 3587 1981 3641 subnexuit
2005 3604 2018 3639 :

474 3672 573 3729 Vos
599 3692 732 3738 vero,
766 3675 956 3743 inquit.
982 3684 1216 3729 sanctum
1238 3684 1285 3728 et
1304 3675 1507 3743 justum
1536 3674 1758 3745 negastis
1790 3684 1909 3729 ante
1937 3674 2021 3743 fa—

463 3764 590 3816 ciem
636 3762 819 3828 Pilati,
847 3764 1121 3833 judicante
1146 3748 1251 3817 illo
1295 3764 1508 3828 dimitti,
1548 3773 1596 3817 et
1630 3765 1828 3833 petistis
1857 3765 2023 3817 virum

465 3851 778 3905 homicidam
821 3854 1007 3907 donari
1036 3854 1192 3907 vobis.
1242 3855 1512 3907 Auctorem
1542 3871 1657 3908 vero
1687 3855 1804 3908 vita:
1830 3856 2022 3907 intere-

464 3942 649 4007 ntistis,
678 3944 1038 4010 suspendentes
1061 3945 1115 3997 in
1140 3944 1279 4009 ligno
1304 3945 1438 4013 (Act.
1471 3960 1551 4007 Ill,
1582 3946 1688 4015 M).
1719 3945 1869 4011 Quod
1895 3946 2023 3999 olim

468 4022 671 4098 lloyses
708 4028 888 4083 divino
917 4030 1107 4100 dignus
1158 4031 1365 4099 eloquio
1419 4032 1729 4099 prophetico
1778 4034 2026 4102 praedixit

466 4119 651 4187 Spiritu
674 4116 931 4181 futurum,
963 4118 1050 4172 ubi
1081 4119 1156 4171 ait
1184 4134 1197 4171 :
1236 4117 1440 4172 Videbis
1462 4122 1616 4173 vitam
1639 4131 1781 4173 tuam
1799 4123 2027 4190 penden-

470 4218 568 4262 tem
589 4218 706 4265 ante
728 4220 795 4273 te,
812 4219 856 4264 et
878 4209 1028 4282 [non]
1059 4210 1231 4264 credes
1253 4212 1367 4266 vita:
1389 4221 1491 4265 tua:
1514 4211 1687 4283 (Deut.
1706 4228 1893 4277 xxvm,
1914 4213 2023 4283 66).

540 4318 602 4372 V.
644 4318 757 4373 Hoc
796 4320 953 4374 velim
994 4321 1289 4375 certissime
1328 4337 1422 4377 vos
1460 4338 1801 4393 cognoscere,
1851 4340 1884 4378 ο
1920 4325 2022 4379 viri

472 4403 664 4460 fratres
692 4407 850 4476 hujus
888 4409 1185 4477 adoptionis
1210 4410 1261 4464 in
1305 4411 1517 4466 Christo
1548 4422 1859 4475 assertores.
1886 4415 2026 4484 quod

473 4491 727 4558 quidquid
758 4493 947 4547 beatus
974 4494 1202 4563 Cyrillus
1222 4497 1599 4555 Alexandrina:
1616 4502 1867 4557 Ecclesiae
1895 4520 2026 4573 pon-

474 4579 599 4633 tifex
634 4580 875 4651 synodali
908 4585 1220 4638 auctoritate
1247 4586 1408 4654 impio
1452 4592 1725 4658 respondit
1757 4592 2025 4655 Nestorio,

473 4670 623 4724 vobis
677 4686 987 4739 reSponsum
1037 4687 1153 4726 esse
1200 4674 1401 4742 absque
1446 4676 1605 4731 dubio
1649 4680 1829 4734 sciatis
1861 4695 1874 4732 :
1903 4682 2027 4749 quia

475 4758 709 4825 ejusdem
743 4762 940 4815 erroris
972 4763 1217 4836 impietas
1244 4763 1480 4831 ejusdem
1528 4768 1763 4822 veritatis
1810 4786 2029 4840 respon-

475 4848 711 4904 sionibus
738 4852 941 4905 destrui
987 4854 1158 4907 debet.
1189 4853 1326 4907 Nihil
1352 4866 1583 4923 prorsus
1630 4865 1797 4911 restat
1824 4857 2027 4929 [Forte,

475 4935 657 5007 distat}
692 4948 883 4994 vestra:
910 4942 1143 5009 perﬁdiae
1173 4950 1315 4999 secta
1345 4945 1413 4997 ab
1440 4943 1749 4999 inﬁdelitate
1778 4945 2028 5011 Nestorii,

477 5026 577 5079 nisi
614 5030 753 5095 quod
780 5030 865 5085 ille
896 5034 949 5085 in
980 5043 1147 5089 matre
1175 5035 1392 5105 Virgine
1421 5036 1637 5101 erravit,
1678 5052 1774 5090 vos
1812 5038 1865 5090 in
1894 5038 2029 5092 Filio

478 5115 707 5172 Christo.
752 5118 842 5174 llle
884 5126 1110 5177 asseruit
1148 5126 1356 5180 beatam
1392 5127 1661 5197 Virginem
1689 5126 1782 5180 Dei
1812 5129 2029 5197 genitri-

478 5221 590 5260 cem
618 5223 722 5264 non
750 5224 887 5287 esse,
916 5227 1009 5266 vos
1034 5228 1159 5268 vero
1184 5214 1478 5279 aﬁirmatis,
1506 5232 1604 5272 nec
1628 5216 1794 5270 Deum
1821 5233 2027 5283 verum,

432 5298 435 5299 ⁷
482 5311 575 5351 nec
604 5297 696 5353 Dei
724 5314 849 5354 vere
874 5299 1064 5355 Filium
1100 5318 1237 5369 esse,
1268 5308 1356 5376 qui
1390 5316 1545 5362 natus
1571 5318 1650 5362 est
1678 5324 1741 5363 ex
1783 5310 2029 5378 virginali

550 5458 572 5485 ει
599 5444 671 5523 _S.
701 5445 939 5514 Fulgent.
990 5449 1062 5523 De
1106 5450 1235 5505 Fide
1274 5455 1338 5506 ad
1375 5453 1609 5523 Petrum,
1642 5471 1757 5523 cap.
1803 5457 1853 5512 9.
1882 5473 2027 5510 num.

483 5512 566 5574 59.,
599 5512 1020 5590 integeetextus.
1044 5520 1131 5590 ita;
1144 5531 1295 5573 sonat
1322 5537 1334 5572 :
1364 5522 1557 5577 «Filius
1583 5512 1725 5579 solus
1749 5534 1847 5581 est.
1876 5540 2035 5590 super

484 5598 639 5651 quem
671 5598 768 5637 vox
801 5584 884 5637 illa
912 5587 1069 5640 soliu'
1105 5587 1275 5641 Patris
1302 5592 1550 5655 insonuit,
1594 5593 1804 5661 quando
1841 5595 1892 5646 in
1919 5584 2036 5647 Jor—

2122 3146 2318 3215 ligatis,
2350 3144 2476 3213 quid
2505 3158 2599 3213 per
2642 3142 2947 3209 hominem,
2980 3141 3119 3195 serie
3158 3139 3309 3211 [ϐοά.
3342 3141 3540 3206 Paris.,
3564 3142 3690 3210 quid

2120 3253 2218 3305 per
2247 3250 2461 3290 omnem
2491 3233 2706 3303 seriem]
2741 3234 3041 3288 litterarum
3069 3250 3311 3297 suarum,
3344 3234 3511 3288 astrui
3545 3234 3690 3289 velit.

2190 3345 2277 3399 Ἣ.
2316 3344 2456 3398 Dicit
2488 3345 2666 3416 itaque
2702 3345 2759 3397 in
2803 3360 2864 3397 ea
2908 3345 3154 3413 epistola,
3198 3359 3357 3413 quam
3404 3347 3470 3399 ad
3517 3347 3687 3415 ipsum

2121 3434 2315 3487 direxit
2351 3432 2652 3486 Nestorium
2683 3433 2824 3486 inter
2858 3442 3048 3487 caetera
3076 3434 3155 3488 sic
3186 3452 3198 3486 :
3230 3454 3246 3484 ε
3281 3434 3383 3498 ita,
3425 3436 3692 3504 inquiens,

2122 3523 2391 3579 Christum
2422 3537 2584 3575 unum
2627 3531 2681 3575 et
2730 3522 3010 3576 Dominum
3057 3522 3389 3584 conﬁtemur.
3422 3542 3528 3579 non
3574 3535 3691 3579 tan-

2121 3629 2280 3684 quam
2315 3613 2582 3666 hominem
2604 3628 2725 3667 cum
2757 3614 2933 3668 Verbo
2964 3616 3249 3669 adorantes
3270 3655 3283 3676 ,
3315 3630 3384 3669 ne
3411 3616 3687 3669 divisionis

2123 3704 2365 3773 quaedam
2400 3704 2607 3772 species
2648 3704 2960 3766 inducatur;
2999 3705 3090 3757 sed
3121 3720 3283 3758 unum
3316 3704 3504 3758 Filium
3534 3721 3689 3759 eum-

2123 3780 2349 3860 demque
2390 3793 2695 3847 adorantes.
2745 3812 2761 3843 »
2811 3793 2941 3847 Item
2988 3794 3040 3847 in
3090 3794 3291 3864 synodo
3330 3795 3691 3851 celeberrimae.

2124 3881 2499 3943 auctoritatis,
2546 3896 2665 3949 qua:
2708 3892 3032 3952 congregata
3074 3893 3156 3939 est
3207 3886 3259 3938 in
3308 3886 3570 3955 Ephesina
3616 3888 3690 3942 ei-

2124 3972 2289 4025 vitate
2329 3980 2516 4025 contra
2547 3973 2721 4041 ipsum
2761 3973 3089 4040 Nestorium,
3133 3978 3210 4032 sic
3249 3978 3313 4032 de
3339 3977 3554 4034 Christo
3585 3979 3698 4049 ipse

2122 4060 2353 4129 Cyrillus
2399 4069 2632 4115 testatur
2673 4062 2877 4132 (Epist.
2922 4064 2943 4116 1
2978 4066 3043 4117 ad
3072 4067 3365 4121 monachos
3400 4066 3653 4139 Egypti)
3683 4089 3695 4123 :

2131 4166 2148 4197 ι
2188 4146 2301 4201 Νοη
2350 4150 2659 4212 hominem,
2715 4151 2826 4213 ait,
2873 4160 2925 4205 et
2977 4154 3209 4207 Verbum
3261 4156 3697 4221 duos‘Cbristos.

2127 4238 2355 4292 alterum
2400 4239 2706 4304 sublimem,
2741 4250 2795 4295 et
2820 4241 3045 4296 alterum
3074 4244 3372 4309 subditum;
3411 4247 3503 4300 sed
3533 4247 3698 4302 Deum

2126 4336 2181 4381 et
2229 4328 2498 4383 hominem
2552 4346 2717 4385 unum
2771 4334 3125 4402 eumdemque
3182 4334 3501 4389 conﬁtemur
3546 4338 3735 4389 (Ihair

2132 4427 2292 4472 stum.
2348 4439 2365 4470 ι
2423 4420 2673 4490 Nunquid
2730 4438 2833 4476 non
2888 4425 3023 4479 duos
3076 4424 3320 4480 Christus
3382 4428 3698 4491 conﬁtetur,

2129 4524 2291 4561 unum
2337 4508 2642 4574 sublimem,
2688 4520 2743 4564 et
2781 4513 3010 4567 alterum
3056 4516 3372 4582 su‘-jectum,
3428 4520 3515 4585 qui
3570 4520 3699 4573 dicit

2127 4612 2293 4649 unum
2336 4597 2609 4651 Christum
2644 4614 2831 4653 verum
2864 4602 3050 4665 Deum,
3090 4613 3144 4657 et
3173 4604 3397 4659 alterum
3429 4623 3697 4675 nuncupa—

2127 4686 2325 4747 tivum;
2357 4686 2440 4740 vel
2470 4703 2635 4741 unum
2666 4687 2973 4754 Dominum,
3001 4701 3054 4746 et
3086 4693 3311 4748 alterum
3356 4695 3607 4747 servum?
3634 4678 3695 4749 Et

2128 4775 2284 4843 paulo
2312 4784 2464 4843 post:
2498 4796 2519 4825 ς
2554 4776 2937 4847 Nuncupamur
2968 4784 3163 4836 etenim
3194 4799 3290 4836 nos
3315 4783 3430 4850 ipsi
3456 4799 3552 4852 per
3580 4801 3699 4853 gra-

2133 4866 2260 4919 tiam
2285 4864 2398 4924 Dci.
2426 4875 2791 4921 verumtamen
2830 4884 2934 4922 non
2968 4869 3038 4923 ita
3070 4871 3210 4923 Deus
3243 4868 3431 4933 Filius,
3474 4873 3565 4924 sed
3606 4890 3698 4926 na-

2135 4966 2253 5010 tura
2291 4958 2459 5025 magis
2495 4966 2549 5011 et
2577 4959 2825 5023 veritate,
2856 4960 2979 5015 licet
3015 4976 3141 5014 caro
3178 4961 3249 5013 sit
3277 4960 3467 5015 factus.
3505 4983 3521 5013 ι
3552 4964 3618 5017 Et
3646 4967 3698 5019 in

2132 5048 2474 5115 sequentibus
2507 5047 2659 5101 inﬁt:
2692 5066 2710 5098 ‹
2741 5047 2846 5102 Nos
2869 5049 3079 5116 quidem
3112 5058 3162 5101 et
3200 5058 3384 5104 sancto
3425 5053 3569 5106 uncti
3611 5069 3698 5107 su-

2135 5151 2253 5190 mus
2276 5135 2440 5206 909
2466 5135 2690 5206 Spiritu,
2715 5137 3016 5205 adoptionis
3042 5138 3301 5207 siquidem
3327 5141 3557 5194 ditamur
3581 5158 3700 5211 gia-

2138 5225 2232 5286 tia,
2255 5240 2615 5295 vocamurque
2634 5226 2793 5278 etiam
2816 5226 2915 5287 dii;
2944 5236 3140 5281 nostrm
3166 5244 3293 5282 vero
3320 5239 3445 5282 natu
3457 5246 3527 5283 rm
3553 5246 3701 5285 men-

2138 5326 2320 5365 suram
2378 5327 2483 5365 non
2522 5313 2843 5381 ignoremus.
2896 5311 3092 5368 Sumus
3130 5316 3270 5369 enim
3317 5331 3381 5369 ex
3433 5325 3598 5379 terra.
3646 5330 3702 5375 et

2140 5465 2272 5584 gone
2323 5464 2610 5517 secundum
2659 5479 2872 5517 carnem
2912 5468 3209 5536 baptizatus
3262 5480 3343 5523 est
3398 5472 3701 5541 unigenitus

2189 5548 2297 5584 t‘llﬁ.
2334 5552 2350 5583 ι

2189 5548 2297 5584 (³118.
2334 5552 2350 5583 ι

2216 5603 2240 5640 b
2279 5601 2419 5655 l-lem
2447 5604 2512 5656 ad
2535 5602 2943 5657 Trasinumdnm
2977 5620 3172 5673 regem.
3202 5623 3317 5677 cap.
3354 5610 3432 5665 l2.
