4238 6204
592 227 688 281 291

1407 229 1467 283 Β.
1506 229 1566 282 F.
1602 229 1827 285 ALBlNl
1864 228 1991 287 SEU
2029 227 2299 283 ALCL’lNl
2348 226 2624 282 Ol’ERL'll
2664 225 2840 282 PARS
2878 226 2958 282 Ill.

3672 226 3799 280 .292

526 388 529 391 ,
594 336 894 392 habitamus
915 339 1051 394 inter
1070 327 1271 394 servos:
1294 342 1360 395 Et
1379 342 1463 395 ille
1480 351 1585 408 est,
1607 358 1711 398 non
1735 344 1789 398 in
1809 342 2005 411 quibus
2025 356 2137 405 nos,
2168 346 2217 400 Α
2244 338 2411 407 ipsum
2436 338 2713 392 exinaniri!
2741 338 2965 408 formam
2990 338 3122 392 servi
3147 338 3431 408 suscipiens
3475 335 3694 409 (Philip.
3734 353 3798 405 ιι.

592 426 686 480 sed
726 435 914 480 natura
960 442 1084 482 vere
1126 427 1310 495 Filius,
1339 439 1395 485 et
1428 433 1667 487 omnium
1692 432 1964 487 Dominus.
1995 450 2016 484 ι
2045 431 2143 485 At-

597 514 755 569 tende
796 516 1100 585 diligentius
1147 520 1413 586 quomodo
1462 522 1713 577 discrevit
1756 522 1895 576 inter
1953 532 2146 576 nostra

595 606 891 675 adoptionis
913 608 1244 677 dignitatem,
1271 619 1327 664 et
1350 614 1644 668 naturalem
1680 615 1735 668 in
1760 614 1973 669 Christo
2010 615 2144 671 Filio

595 693 711 759 Dei,
764 697 854 765 qui
904 712 968 751 ex
1007 698 1222 767 Virgine
1268 709 1427 755 natus
1476 711 1599 767 est,
1652 706 1971 759 veritatem:
2004 707 2145 775 quod

594 785 766 841 adhuc
807 788 1164 857 perspicacius
1205 790 1260 844 in
1307 794 1651 862 sequentibus
1700 812 1823 850 mox
1862 798 2143 852 ostendere

594 873 844 926 curavit:
882 893 900 923 ι
935 873 1218 941 Quocirca,
1266 878 1531 948 inquiens,
1582 897 1645 936 ex
1685 884 1889 938 duabus
1926 886 2139 954 quidem

592 960 751 1015 rebus
776 960 1152 1028 indubitanter,
1178 967 1454 1023 divinitate
1471 978 1527 1023 et
1550 972 1901 1039 humanitate,
1927 976 2141 1029 Emma-

591 1046 714 1099 nuel
756 1056 855 1101 est.
903 1050 1281 1106 Verumtamen
1316 1070 1450 1110 unus
1488 1056 1745 1112 Dominus
1788 1056 1943 1136 Jesus
1983 1045 2161 1114 Chri?

594 1141 728 1198 stus,
759 1151 1002 1205 unusque
1036 1147 1092 1193 et
1126 1155 1252 1194 vere
1288 1141 1473 1207 Filius,
1501 1143 1643 1199 Deus
1680 1146 1839 1201 simul
1869 1156 1924 1201 et
1950 1147 2134 1212 homo;

589 1231 766 1278 etnon
790 1226 948 1280 homo
972 1227 1112 1283 Deus
1136 1229 1327 1295 factus,
1355 1231 1454 1286 sub
1475 1234 1781 1301 aequalitate
1807 1236 2013 1300 horum,
2044 1239 2136 1306 qui

587 1327 683 1381 per
700 1316 955 1384 gratiam;
994 1318 1086 1372 sed
1113 1318 1253 1373 Deus
1278 1320 1455 1388 potius
1496 1337 1670 1397 verus.
1708 1343 1725 1374 ι
1761 1324 1910 1395 Vide,
1949 1326 2134 1390 lector,

586 1410 642 1454 et
667 1401 899 1470 intelligo
925 1420 1085 1473 quam
1107 1406 1419 1464 ﬁducialitcr
1436 1410 1705 1466 Christum
1738 1414 1793 1468 in
1816 1414 2021 1469 duabus
2042 1431 2138 1469 na-

588 1494 723 1547 turis
748 1494 994 1559 aﬁirmat,
1023 1498 1163 1566 quod
1192 1492 1263 1552 Sit
1290 1516 1425 1555 unus
1446 1510 1513 1565 et
1536 1494 1711 1557 Filius}
1730 1505 1893 1559 etiam
1931 1517 1986 1559 et
2012 1521 2135 1561 vere

589 1582 748 1647 Deus,
797 1600 901 1638 non
947 1588 1237 1643 secundum
1274 1592 1499 1658 gratiam
1543 1592 1683 1647 sicut
1722 1610 1839 1660 nos.
1885 1595 2131 1661 Attende,

586 1674 899 1729 subsecutus
924 1677 1036 1731 ait:
1069 1697 1086 1728 ι
1115 1678 1294 1734 Palam
1336 1696 1465 1749 ergo
1503 1692 1608 1749 est,
1646 1685 1770 1755 quia
1800 1687 2019 1742 unitatis
2048 1704 2136 1744 res

586 1775 853 1835 assumpta
879 1770 1183 1823 necessario
1204 1771 1418 1839 quidem
1444 1774 1716 1841 proprium
1741 1775 1931 1832 Filium
1957 1778 2135 1833 decla-

588 1854 726 1907 ravit
750 1854 863 1920 Dei,
895 1858 985 1924 qui
1020 1872 1085 1910 ex
1131 1868 1317 1913 sancta
1343 1861 1558 1932 Virgine
1584 1872 1685 1919 est.
1710 1885 1729 1916 ι
1762 1866 1913 1930 Item,
1944 1876 2003 1921 ut
2038 1870 2134 1923 ad-

589 1944 808 1996 versarii
844 1944 1143 2001 destrueret
1173 1950 1334 2013 dicta,
1363 1954 1630 2008 contrario
1646 1957 1825 2024 posuit
1857 1972 2136 2026 argumen-

587 2040 738 2085 tum:
775 2052 791 2083 ι
826 2033 929 2089 Sed
972 2037 1017 2089 si
1063 2046 1145 2091 est
1188 2038 1454 2105 Christus,
1503 2043 1701 2111 inquit,
1758 2060 1928 2115 neque
1971 2036 2136 2103 Filius

587 2136 725 2184 vere,
763 2138 933 2192 neque
975 2127 1291 2182 naturaliter
1334 2129 1493 2196 Deus,
1523 2134 1618 2187 sed
1658 2136 1817 2189 homo
1857 2152 2023 2206 purus
2052 2154 2137 2192 sc-

586 2213 809 2265 cundum
834 2228 949 2277 nos,
981 2224 1034 2268 et
1062 2216 1355 2273 divinitatis
1375 2234 1660 2288 organum;
1709 2225 1896 2279 salvati
1921 2228 2133 2295 quidem

586 2315 766 2355 sumus
794 2318 895 2356 non
924 2303 975 2357 in
1004 2303 1112 2359 Deo
1141 2307 1548 2375 quodammodo,
1595 2312 1688 2366 sed
1718 2314 1780 2366 in
1825 2330 1929 2368 uno
1966 2316 2135 2384 magis

585 2392 871 2467 secundum
919 2409 1034 2457 nos,
1089 2397 1347 2451 moriente
1384 2414 1481 2467 pm
1530 2403 1700 2466 nobis,
1740 2410 1794 2457 ct
1845 2404 2132 2459 virtutibus

585 2484 768 2538 alienis
818 2487 1153 2541 resnscitato.
1189 2506 1207 2538 ι
1239 2488 1305 2542 Et
1350 2490 1402 2543 in
1446 2490 1551 2545 ﬁne
1595 2494 1905 2547 eorumdem
1932 2509 2133 2549 sermo-

584 2586 755 2624 nunr:
791 2591 808 2622 ι
837 2572 1069 2628 Colimus
1098 2584 1275 2630 autem
1306 2593 1408 2631 non
1434 2594 1627 2649 purum
1653 2581 1942 2647 hominem,
1973 2583 2127 2637 absit!

581 2658 673 2711 sed
717 2659 881 2714 Deum
920 2663 1095 2731 potius
1141 2666 1474 2736 naturaliter,
1524 2685 1628 2725 non
1677 2671 1979 2747 ignorantes
2018 2674 2133 2744 ejus
2190 2730 2193 2731 ν

581 2746 825 2814 gloriam,
844 2748 976 2804 licet
999 2750 1171 2807 factus
1196 2755 1282 2808 sit.
1313 2775 1333 2809 ι

653 2874 758 2927 Vll.
798 2873 932 2939 Quid
962 2892 1094 2945 opus
1126 2890 1210 2934 est
1244 2882 1395 2950 plura
1432 2886 1676 2955 excipere
1702 2889 1935 2959 ejusdem
1966 2893 2129 2949 libelli

582 2962 903 3044 testimonia,
935 2964 1057 3019 dum
1089 2968 1140 3019 in
1172 2968 1439 3039 Ephesina
1478 2974 1692 3030 civitate
1733 2979 1801 3033 ad
1829 2980 1930 3035 hoc
1956 2983 2127 3051 ipsum
2157 3001 2203 3061 (ς

580 3062 870 3106 conventus
893 3057 1226 3112 sacerdotum
1246 3060 1445 3117 Christi
1470 3079 1537 3119 ex
1563 3065 1789 3123 diversis
1811 3073 1991 3126 mundi
2011 3088 2133 3141 para

581 3144 723 3198 tibus
747 3147 1006 3200 adunatus
1034 3157 1135 3213 est,
1164 3158 1223 3235 ut
1247 3152 1544 3208 destrueret
1572 3157 1710 3211 hanc
1742 3160 1913 3228 ipsam
1941 3162 2132 3233 iniqui-

580 3233 706 3287 tatis
736 3243 955 3298 sectam,
981 3237 1031 3289 in
1059 3253 1162 3307 qua
1184 3233 1283 3294 vos
1311 3257 1431 3296 cum
1456 3245 1966 3315 Nestorioirretitos
1991 3268 2127 3320 esse,

579 3321 720 3374 nulla
740 3331 822 3376 est
851 3324 1112 3381 dubitatio
1141 3342 1154 3381 :
1182 3331 1321 3397 quod
1350 3334 1648 3393 certissime
1679 3336 1917 3404 ejusdem
1944 3345 2131 3412 synodi

580 3411 787 3473 litteras
806 3414 1039 3483 legentes
1064 3434 1352 3487 agnoscere
1379 3425 1623 3490 potestis,
1643 3429 1688 3481 si
1713 3428 1888 3497 aliqua
1912 3411 2131 3488 invobis

580 3504 855 3559 rationalis
880 3518 1139 3564 creatura:
1169 3514 1429 3580 particula
1452 3515 1787 3575 remanserit.
1816 3523 1927 3579 Hoc
1959 3526 2128 3581 solum

576 3594 729 3649 vobis
760 3604 926 3649 restat
954 3600 1196 3678 remedii,
1228 3610 1285 3655 ut
1315 3613 1424 3658 tota
1447 3610 1639 3663 mentis
1664 3611 1940 3669 alacritate
1965 3618 2125 3671 relin-

576 3687 753 3755 quatis
799 3687 1164 3746 inﬁdelitatem
1212 3693 1354 3749 illius
1394 3695 1622 3753 Nestorii
1663 3713 1822 3771 atque
1865 3715 2126 3774 vestram,

486 3846 487 3849 η
577 3788 694 3841 qua:
736 3776 919 3842 procul
961 3778 1121 3858 dubio
1161 3794 1228 3834 ex
1274 3782 1431 3838 unius
1470 3787 1663 3842 radicis
1698 3791 1976 3860 impietate
2002 3812 2128 3865 pro-

577 3864 759 3915 cessit.
788 3863 893 3917 Aut
918 3866 976 3917 si
1016 3868 1117 3921 hoc
1158 3884 1265 3922 non
1305 3872 1563 3940 placuerit
1591 3879 1895 3947 pertinacia:
1916 3863 2125 3949 vestrae,

578 3953 766 4004 scitote
795 3954 1091 4009 certissime
1133 3960 1505 4021 ecclesiastica:
1544 3973 1876 4028 auctoritatis
1902 3990 2127 4031 censura

579 4058 675 4096 vos
701 4058 818 4095 cum
847 4043 936 4098 illo
965 4046 1126 4099 etiam
1156 4053 1477 4109 aeternaliter
1516 4059 1845 4117 damnandos
1875 4078 2012 4131 esse,
2036 4068 2150 4135 qui‘

579 4135 919 4189 s'erenitatem
968 4138 1241 4195 catholicae
1290 4144 1409 4198 ﬁdei
1457 4163 1551 4215 per
1598 4154 1792 4209 multas
1841 4157 2129 4211 orientales

580 4222 762 4276 mundi
796 4234 975 4291 partes
1003 4242 1111 4282 sua:
1146 4232 1381 4299 perﬁdia:
1409 4238 1616 4293 nebulis
1659 4243 2016 4309 obumbravit,
2043 4256 2125 4299 at-

2247 426 2321 496 6).
2366 427 2499 502 Item
2530 434 2596 481 .ut
2632 440 2795 480 unam
2823 426 3131 481 ostenderet
3171 426 3223 480 in
3250 426 3465 481 Christo
3490 443 3799 498 personam,

2246 516 2351 570 alio
2400 516 2517 570 loco
2544 516 2658 570 ait:
2686 515 2752 568 Et
2796 532 2886 586 ego
2928 518 2974 569 si
3010 517 3134 586 quid
3173 516 3380 581 donavi,
3425 518 3481 572 in
3524 534 3798 588 personam

2245 604 2437 659 Christi
2468 606 2659 660 donavi
2687 605 2771 676 (II
2801 603 2924 660 Cor.
2958 623 3021 671 ιι,
3063 607 3168 685 l0).
3200 620 3225 649 ι
3262 626 3280 656 ι
3310 608 3430 678 Egit
3467 609 3610 664 enim
3650 616 3800 664 utra-

2243 710 2345 763 que
2373 696 2543 750 l'orma
2574 710 2697 750 cum
2725 694 2947 750 alterius
2973 697 3362 759 communione,
3391 706 3453 751 ut
3476 697 3664 753 beatus
3687 697 3799 756 Leo

2243 785 2341 848 ait,
2384 785 2526 853 quod
2571 784 2848 854 proprium
2888 792 2972 839 est
2997 784 3180 850 Verbi,
3210 786 3403 840 Verba»
3427 785 3634 841 scilicet
3670 801 3799 858 ope-

2242 881 2415 936 rante,
2456 873 2600 942 quod
2628 874 2789 928 Verbi
2818 882 2920 938 est,
2950 888 3111 929 carne
3137 884 3482 943 exsequente,
3512 875 3653 945 quod
3678 890 3798 931 car-

2242 962 2325 1016 nis
2347 968 2450 1016 est.
2478 962 2653 1017 Unum
2681 963 2873 1017 horum
2902 972 3149 1018 coruscat
3173 964 3468 1029 miraculis,
3500 965 3643 1023 aliud
3675 981 3796 1021 suc-

2240 1051 2440 1104 cumbit
2480 1040 2704 1117 injuriis.
2736 1051 2802 1104 Et
2828 1052 2965 1105 sicut
2992 1052 3223 1107 Verbum
3264 1052 3332 1107 ab
3369 1054 3672 1122 mqualitate
3696 1070 3794 1124 pa-

2238 1148 2405 1193 terna:
2450 1139 2633 1209 glorite
2675 1155 2780 1194 non
2830 1139 3050 1204 recedit,
3104 1142 3177 1195 ita
3219 1141 3391 1214 [caro]
3439 1152 3493 1198 et
3545 1153 3791 1200 naturam

2237 1226 2407 1281 nostri
2434 1228 2645 1296 generis
2673 1243 2777 1281 non
2814 1228 3045 1305 reliquit.
3072 1229 3220 1285 Unus
3247 1231 3388 1285 enim
3417 1232 3662 1301 idemque
3686 1242 3814 1299 est,.

2236 1316 2377 1382 quod
2405 1331 2544 1386 saepe
2579 1317 2860 1373 dicendum
2902 1327 3006 1384 est,
3044 1306 3169 1373 vere
3212 1320 3301 1373 Dei
3342 1320 3531 1386 Filius,
3573 1330 3627 1377 et
3670 1338 3796 1380 vere

2236 1406 2468 1461 hominis
2495 1407 2654 1462 ﬁlius.
2686 1428 2705 1460 ι
2740 1409 3013 1464 Videtisne
3062 1411 3202 1479 quod
3248 1411 3436 1465 beatus
3468 1408 3577 1466 Leo
3599 1413 3789 1481 prteci-

2234 1510 2370 1563 puus
2397 1495 2671 1551 catholica:
2700 1497 2819 1551 ﬁdei
2848 1497 3043 1552 Doctor
3066 1513 3248 1553 verum
3278 1498 3370 1554 Dei
3401 1499 3591 1557 Filium
3635 1501 3793 1556 Chri-

2234 1592 2376 1638 stum
2389 1586 2706 1651 «conﬁtetur,
2735 1593 2789 1641 et
2810 1602 2997 1641 verum
3033 1588 3264 1642 hominis
3285 1588 3489 1643 ﬁlium?
3517 1589 3612 1644 Ubi
3644 1590 3793 1646 inve-

2168 1665 2208 1721 B
2238 1674 2392 1729 nistis
2424 1675 2476 1728 in
2508 1675 2737 1729 humana
2762 1691 2885 1731 eum
2910 1691 3028 1731 esse
3048 1688 3239 1732 natura
3269 1678 3572 1749 adoptivum
3601 1679 3787 1748 ﬁlium,
3812 1714 3816 1720 -

2236 1773 2291 1819 et
2314 1781 2419 1820 non
2448 1782 2653 1832 verum,
2684 1769 2786 1823 nisi
2818 1784 2885 1823 ex
2913 1768 3248 1835 Nestoriana,
3276 1773 3360 1827 vel
3389 1783 3577 1828 vestra:
3604 1776 3792 1846 impie-

2236 1855 2361 1909 tatis
2405 1857 2738 1911 temeritate?
2783 1858 2910 1913 ltem
2941 1859 3054 1930 ipse
3085 1860 3190 1916 Leo
3237 1862 3289 1914 in
3333 1864 3517 1917 eadem
3565 1866 3789 1935 cpistola

2235 1945 2301 1998 ad
2326 1944 2636 2001 Flavianum
2662 1948 3225 2017 episcopumdirecta,
3258 1951 3324 2005 de
3351 1967 3456 2021 qua
3486 1956 3792 2022 superiores

2233 2034 2349 2102 ejus
2387 2049 2662 2092 sermones
2687 2038 2945 2093 traximus
2977 2057 2989 2092 :
3029 2058 3045 2089 ι
3081 2039 3180 2107 Qui
3218 2043 3358 2095 enim
3384 2058 3543 2098 verus
3569 2054 3673 2109 est,
3702 2047 3787 2103 in-

2234 2122 2443 2188 quiens,
2473 2122 2632 2187 Deus,
2662 2124 2800 2179 idem
2835 2142 2995 2181 verus
3038 2136 3119 2181 est
3167 2130 3345 2194 homo,
3372 2140 3427 2185 et
3473 2134 3674 2189 nullum
3708 2145 3792 2191 est

2236 2208 2286 2260 in
2315 2208 2416 2262 hac
2443 2210 2646 2264 unitate
2678 2214 3033 2277 mendacium,
3065 2216 3189 2270 dum
3217 2217 3379 2287 910
3407 2221 3631 2276 invicem
3665 2233 3792 2279 sunt

2232 2306 2287 2352 et
2317 2299 2587 2355 humilitas
2614 2302 2844 2357 hominis
2872 2313 2924 2359 et
2952 2304 3170 2360 altitudo
3190 2306 3429 2363 Deitatis.
3458 2306 3631 2367 sltem
3655 2327 3788 2381 quo.

2232 2403 2335 2456 que
2356 2389 2408 2441 in
2436 2391 2621 2444 eadem
2646 2391 2863 2447 homilia
2895 2394 2958 2450 dc
2978 2394 3162 2451 Natale
3184 2397 3394 2457 Domini
3415 2401 3490 2454 ait
3519 2402 3668 2474 (Cap.
3696 2406 3785 2477 8):

2178 2498 2181 2501 λ
2238 2494 2256 2525 ι
2294 2475 2518 2542 Quidam
2548 2495 2693 2545 vero,
2729 2482 2991 2551 inquiens,
3029 2492 3174 2541 tanta
3200 2487 3420 2556 perﬁdia
3457 2491 3699 2560 involuti,
3730 2475 3791 2552 ut

2231 2566 2502 2622 Christum
2533 2571 2697 2628 Deum
2730 2572 3008 2640 majorem,
3036 2584 3088 2630 et
3114 2578 3281 2631 Deum
3325 2581 3586 2637 minorem
3630 2595 3786 2653 puta-

2232 2658 2406 2711 veriut
2436 2660 2757 2714 credendum
2786 2678 2922 2732 esse.
2954 2684 2973 2717 ›
3002 2664 3187 2722 Nonne
3212 2669 3326 2723 haec
3354 2679 3529 2727 vestra
3560 2674 3789 2731 inﬁdeli—

2216 2732 2313 2799 ‘tas
2349 2762 2482 2800 nova
2509 2748 2643 2803 duos
2669 2749 2798 2805 deos
2821 2752 2990 2822 ﬁngit,
3022 2771 3185 2809 unum
3216 2759 3496 2828 majorem,
3527 2771 3583 2817 et
3618 2764 3779 2820 alium

2230 2835 2514 2902 minorem,
2544 2838 2667 2892 dum
2712 2840 2985 2896 Christum
3012 2848 3202 2901 asserit
3227 2852 3514 2907 secundum
3542 2854 3789 2911 divinita-

2233 2931 2336 2976 tem
2358 2939 2541 2979 verum
2568 2941 2685 2981 esse
2708 2928 2895 2996 Deum,
2924 2933 2975 2985 id
3000 2942 3082 2987 est
3104 2935 3389 3004 majorem;
3412 2949 3466 2994 et
3494 2947 3785 3003 secundum
3859 2928 3864 2934 ³

2231 3013 2615 3070 humanitatem
2658 3024 3071 3090 nuncupativum
3111 3026 3299 3091 Deum,
3338 3030 3391 3087 id
3416 3041 3499 3087 est
3525 3036 3785 3092 minorem

2153 3142 2158 3147 .
2230 3099 2433 3155 Deum?
2452 3102 2561 3159 Nec
2589 3106 2660 3161 ibi
2683 3123 2809 3162 vera
2836 3112 3011 3173 unitas
3035 3128 3152 3167 esse
3181 3118 3379 3183 poterit
3397 3136 3657 3189 personze,
3696 3128 3785 3183 ubi

2232 3199 2341 3245 tam
2369 3193 2539 3249 divisa
2560 3206 2645 3251 est
2672 3202 2949 3267 potestatis
2972 3202 3317 3273 inaequalitas.

2301 3301 2387 3357 IX.
2429 3302 2564 3359 lluic
2594 3297 2819 3375 quoque
2864 3313 3204 3369 sanctissimo
3242 3332 3391 3385 papa:
3432 3319 3597 3377 Leoni
3641 3326 3787 3397 Vigi-

2229 3392 2332 3449 lius
2374 3395 2527 3461 paria
2566 3398 2631 3453 de
2675 3399 2881 3454 duabus
2910 3403 2962 3458 in
3011 3405 3224 3460 Christn
3260 3414 3465 3470 naturis
3498 3422 3559 3468 et
3579 3392 3787 3476 unitate

2226 3496 2467 3551 personae
2501 3487 2664 3541 sentit
2707 3488 2760 3541 in
2804 3491 2919 3545 suis
2964 3491 3266 3560 Opusculis,
3310 3514 3429 3567 qua:
3454 3511 3641 3559 contra
3680 3505 3786 3562 Ne-

2227 3573 2376 3625 storii
2416 3574 2739 3645 impietatem
2780 3579 2861 3632 vel
2902 3582 3153 3652 Eutychis
3177 3587 3409 3645 veridico
3437 3592 3573 3661 stylo
3595 3609 3787 3651 exara-

2226 3663 2330 3728 vit;
2360 3666 2449 3718 ubi
2487 3666 2714 3734 plurima
2744 3685 2974 3739 namque
3006 3674 3071 3728 de
3109 3678 3434 3744 proprietate
3472 3691 3784 3740 naturarum

2229 3754 2281 3806 in
2311 3754 2548 3821 Christo,
2574 3767 2629 3813 et
2658 3760 3024 3829 singularitate
3068 3768 3225 3829 unius
3252 3785 3494 3837 persona:
3523 3776 3777 3831 mirabili-

2230 3851 2312 3896 ter
2348 3847 2615 3913 exposuit.
2656 3848 2819 3917 Cujus
2866 3853 3142 3908 catholicae
3183 3855 3301 3911 ﬁdei
3349 3858 3557 3915 litteras
3602 3864 3647 3919 si
3695 3866 3783 3933 pia

2228 3941 2405 3987 mente
2424 3933 2603 4005 legere
2629 3938 2938 4007 dignemini,
2968 3943 3103 3998 forte
3124 3946 3412 4003 miserante
3434 3949 3541 4005 Deo
3563 3952 3618 4007 in
3642 3955 3784 4010 viam

2226 4021 2603 4085 ecclesiastica:
2630 4028 2777 4093 pacis
2804 4032 3143 4095 pervenietis.
3172 4034 3309 4088 Dicit
3349 4039 3490 4093 enim
3520 4040 3659 4095 inter
3681 4059 3786 4099 ca-

2230 4116 2364 4173 tera,
2398 4126 2516 4178 qua:
2547 4112 2719 4169 lticide
2760 4117 2825 4168 de
2856 4104 3069 4173 Christo
3091 4124 3374 4182 exsecutus
3403 4136 3485 4182 est
3514 4130 3541 4169 δ
3572 4150 3584 4182 :
3622 4150 3639 4182 ι
3676 4132 3784 4189 Sed

2235 4197 2496 4263 Verbum,
2518 4201 2709 4270 inquit,
2734 4215 2950 4273 propter
2987 4224 3199 4266 carnem
3235 4228 3384 4268 suam
3422 4217 3580 4281 homo
3602 4208 3699 4285 sit,
3728 4231 3778 4277 et

579 4325 683 4379 ‘lue
706 4312 840 4366 ideo
859 4311 1005 4378 iusto
1038 4294 1240 4384 iudicio
1272 4323 1339 4377 ah
1364 4326 1550 4380 eadem
1578 4294 2128 4390 universali
2161 4331 2208 4389 Ι)
2232 4303 2357 4388 “3”
2385 4301 2600 4390 p13“?
2623 4294 2855 4390 virbum
2883 4296 3023 4351 Deus
3048 4300 3151 4390 .5“;
3189 4310 3243 4356 et
3273 4304 3525 4373 quidquid
3552 4318 3643 4363 es"
3661 4326 3783 4378 pm‘

580 4399 793 4453 Sata’naz
822 4402 1044 4479 traditus
1067 4404 1121 4457 in
1148 4420 1456 4478 perpetuam
1485 4417 1853 4481 perditionem.

656 4511 781 4565 \‘lll.
820 4511 925 4567 Sed
954 4521 1011 4566 ut
1037 4516 1219 4571 sciatis
1254 4536 1350 4575 nos
1378 4538 1552 4591 neque
1580 4542 1701 4580 cum
1742 4528 2003 4595 Nestorio,
2032 4548 2126 4587 ne.—

581 4617 687 4669 que
710 4610 833 4656 eum
878 4610 1053 4657 vestra
1084 4604 1391 4664 inﬁdelitate
1421 4604 1690 4668 Christum
1733 4616 1786 4670 in
1825 4618 1959 4673 duas
1997 4621 2130 4678 divi-

583 4689 709 4743 dere
748 4706 1027 4759 personas;
1080 4707 1249 4762 neque
1297 4712 1417 4751 cum
1472 4699 1709 4771 Eutyche
1753 4704 2022 4761 Christum
2073 4709 2128 4761 in

584 4795 741 4833 unam
780 4783 1409 4854 ennfunderenaturam;
1439 4792 1531 4844 sed
1568 4809 1694 4849 vere
1734 4797 1864 4850 duas
1909 4807 2128 4853 naturas

581 4871 823 4939 proprias
847 4883 901 4925 et
920 4874 1203 4941 perfectas,
1226 4885 1281 4930 et
1299 4893 1456 4931 unam
1481 4896 1761 4948 personam
1786 4898 1880 4939 ore
1899 4894 1948 4940 et
1970 4891 2129 4943 corde

580 4951 843 5013 catholico
890 4964 1221 5020 conﬁtemur.
1273 4966 1330 5020 In
1380 4968 1470 5021 illo
1517 4986 1675 5035 unus,
1705 4974 1757 5026 id
1803 4982 1885 5027 est
1926 4974 2125 5045 [Forte,

582 5048 765 5120 idem],
815 5050 953 5102 Deus
998 5060 1052 5104 et
1085 5056 1243 5109 homo
1289 5065 1373 5110 est
1401 5055 1664 5113 Christus.
1718 5062 1859 5117 Duas
1902 5080 2129 5135 namque

583 5149 823 5201 naturas,
870 5155 987 5207 quae
1031 5153 1153 5196 sunt
1193 5146 1244 5198 in
1288 5138 1372 5211 eo,
1418 5148 1548 5202 duas
1594 5147 1792 5205 formas
1838 5156 2129 5210 nominavit

586 5228 890 5295 Apostolus,
917 5231 1003 5284 ubi
1036 5232 1111 5283 ait
1138 5249 1150 5283 :
1180 5232 1280 5296 Qui
1305 5233 1420 5289 eum
1453 5240 1508 5290 in
1545 5238 1714 5308 [arma
1738 5240 1829 5294 Dei
1856 5253 2002 5308 esset,
2033 5262 2133 5298 non

589 5318 822 5381 rapinam
844 5318 1123 5372 arbitratus
1138 5330 1209 5372 est
1225 5337 1395 5377 essese
1419 5328 1669 5395 aequalem
1696 5330 1822 5394 Deo,
1846 5331 1933 5385 sed
1956 5344 2134 5387 semet-

659 5428 685 5455 ⁶
729 5419 783 5475 S.
810 5424 937 5485 Leo,
966 5427 1118 5491 epist.
1148 5429 1214 5483 28
1245 5432 1309 5483 ad
1328 5432 1653 5504 Flavianum,
1686 5456 1802 5508 cap.
1836 5443 1885 5494 4.

2231 4379 2404 4446 prium
2432 4379 2625 4445 Verbi,
2648 4383 2716 4435 sit
2739 4398 3016 4440 commune
3048 4386 3189 4457 [cum
3218 4406 3407 4457 carne;
3435 4404 3490 4451 et
3524 4399 3780 4467 quidquid
3848 4386 3862 4401 ’

2230 4475 2313 4521 cst
2330 4470 2602 4537 proprium
2625 4474 2824 4537 carnis,
2847 4490 3129 4531 commune
3148 4479 3240 4551 sit]
3264 4498 3385 4538 cum
3412 4486 3587 4542 Verbo
3612 4508 3625 4540 :
3648 4506 3782 4557 quo-

2231 4556 2374 4609 niam
2392 4558 2622 4613 Verbum
2646 4571 2701 4616 ct
2718 4578 2842 4618 caro
2865 4581 3002 4621 unus
3022 4580 3105 4623 est
3127 4569 3372 4628 Christus
3398 4585 3451 4629 et
3477 4594 3578 4632 una
3602 4556 3781 4648 perso-

2229 4662 2316 4700 na.
2333 4667 2350 4698 ι
2380 4648 2445 4703 Et
2463 4643 2627 4705 multa
2650 4654 2749 4708 alia
2773 4656 3026 4725 legentes,
3057 4670 3110 4714 et
3129 4662 3214 4730 pie
3239 4665 3588 4736 intelligentes
3602 4643 3676 4725 de
3691 4686 3779 4726 ve-

2233 4735 2409 4801 ritate,
2430 4754 2547 4806 quze
2573 4742 2627 4795 in
2647 4742 2859 4802 Christo
2889 4756 2991 4811 est,
3010 4763 3104 4804 seu
3134 4752 3197 4807 de
3223 4735 3443 4819 duarum
3466 4772 3776 4818 naturarum

2232 4826 2661 4916 proprietatibus,
2677 4846 2770 4885 seu
2790 4834 2856 4888 de
2878 4836 3241 4905 singularitate
3265 4846 3418 4900 unius
3446 4862 3707 4916 personae,
3724 4852 3779 4913 in

2240 4908 2477 4976 ejusdem
2499 4914 2675 4972 Patris
2696 4918 2887 4976 litteris
2912 4924 3137 4981 inveniri
3157 4940 3420 4996 poterunt.
3441 4908 3546 4989 ἰξρο
3561 4913 3665 4997 non
3816 4932 3842 4960 ³
3888 4918 3891 4919 ν

2233 5000 2468 5067 praefatis
2494 5002 2740 5062 Patribus
2773 5013 3069 5081 praecipuus
3091 5018 3271 5069 rhetor
3304 5022 3603 5081 Victorinus
3627 5030 3777 5085 valde

2233 5090 2423 5144 similia
2443 5093 2555 5147 suis
2580 5094 2819 5152 innexuit
2843 5100 3306 5173 disputationibus,
3336 5114 3421 5179 qui
3449 5114 3514 5165 du
3536 5116 3777 5171 Tuiliana
3830 5134 3833 5137 ‘

2233 5178 2411 5241 schola
2434 5181 2500 5234 ad
2522 5181 2657 5235 bella
2682 5189 2942 5252 processit
2961 5193 3233 5249 ccclesiast
3259 5178 3471 5261 ca,itam
3492 5204 3640 5258 fortis
3660 5206 3777 5261 ﬁdei

2233 5264 2478 5321 defensor
2488 5268 2677 5335 factus,
2693 5288 2849 5341 quam
2875 5277 3049 5336 clarus
3062 5284 3197 5337 inter
3211 5290 3450 5344 rhetores
3463 5294 3771 5350 habebatur.

2234 5351 2455 5421 Scripsit
2483 5359 2624 5413 enim
2641 5361 2693 5413 in
2728 5363 2863 5418 libro
2892 5370 3161 5427 catholica:
3191 5374 3308 5429 ﬁdei
3346 5382 3515 5445 primo
3536 5386 3599 5437 de
3620 5386 3775 5440 Chri—

2304 5467 2328 5503 b
2369 5468 2910 5547 VLigilipgTapsensis
2971 5480 3087 5531 libr.
3151 5502 3183 5536 ιι

2304 5484 2328 5503 υ
2377 5484 2589 5587 vugmus
2629 5484 2910 5539 't'apsensis
2972 5484 3087 5531 libr.
3151 5502 3183 5536 ιι
3244 5498 3422 5542 contra
3483 5495 3776 5559 Eutultcn.

2234 5542 2358 5585 tom.
2394 5538 2433 5588 \'
2463 5538 2501 5589 ll
2530 5540 2627 5591 RB.
2664 5540 2786 5605 PD,
2818 5560 2957 5597 num.
2982 5551 3029 5597 7.
3590 5562 3603 5571 '
