4238 6208
488 226 592 278 293

1168 223 1578 279 DOGMATICA.
1620 254 1687 262 ——
1724 222 1881 275 ADV.
1924 193 2317 301 ELII’ANDUM
2353 223 2528 278 LIBRI
2570 225 2655 279 IV.
2684 254 2753 263 ~-—
2779 224 2904 278 LIB.
2949 224 3037 280 IV.

3618 194 3723 281 2st

488 346 573 391 sto
617 335 688 389 ita
726 347 751 375 ι
790 349 806 387 :
842 351 860 384 ι
908 334 1035 397 Nos,
1084 334 1278 404 inquit,
1316 334 1543 388 dicimus
1589 348 1708 389 esse
1745 334 1899 388 nobis
1947 332 2047 387 Pa—
2074 331 2121 388 Α
2149 332 2303 385 sibilo
2322 342 2403 387 est
2430 335 2574 387 enim
2600 334 2716 389 sine
2741 333 2843 387 fide
2864 335 3075 403 placere
3099 334 3231 407 [Deo
3261 352 3273 387 :
3316 335 3584 390 credendo
3627 348 3723 389 rt"

490 435 626 482 trem
664 426 850 490 Deum,
879 433 935 480 et
962 426 1212 480 maxime.
1245 424 1375 491 Qua’
1389 426 1455 480 de
1479 440 1640 481 causa
1666 434 1723 480 et
1745 425 1897 495 juxta
1925 426 2052 496 quid

492 512 631 569 Deus
657 510 821 584 (Vict.
853 528 973 581 quae
998 527 1159 567 causa
1180 521 1237 566 et
1253 514 1404 583 juxta
1426 513 1586 582 quid?
1610 514 1861 583 quoniam
1886 512 2050 584 Deus]

492 601 760 659 charitate
784 600 1311 671 prtcdestinavitnos
1339 602 1393 656 in
1419 603 1757 672 adoptionem
1780 617 1877 671 per
1900 602 2055 657 Chri-

490 700 654 743 stum.
683 688 931 756 Nunquid
971 697 1025 743 et
1059 687 1333 743 Christum
1366 704 1463 758 per
1491 690 1831 760 adoptionem
1861 691 2054 744 Filium

492 775 633 832 Deus
658 778 851 832 habet?
877 776 1063 832 Nullus
1091 792 1252 839 ausus
1274 785 1358 832 est
1377 777 1576 833 dicere.
1612 799 1630 832 ι
1665 780 1733 833 Et
1754 780 1805 833 in
1828 794 2056 848 sequen-

492 868 636 922 tibus
660 868 688 906 δ
714 884 727 918 :
766 884 785 916 ι
816 866 913 921 Dei
941 866 1102 937 igitur
1121 866 1290 921 Filius
1314 865 1579 931 Christus,
1610 867 1703 921 filii
1730 876 1783 922 et
1808 883 1935 933 nos;
1962 868 2056 922 sed

491 974 591 1013 nos
633 972 733 1027 per
773 958 1135 1028 adoptionem,
1170 973 1268 1013 nos
1299 973 1396 1028 per
1419 955 1604 1014 Jesum
1636 958 1933 1023 Christum,
1961 974 2058 1013 nos

494 1045 659 1119 {Vict
696 1046 817 1119 vos]
840 1055 901 1102 nt
924 1047 1017 1102 ﬁlii
1046 1048 1289 1118 dispersi.
1328 1046 1465 1103 Num
1492 1057 1547 1103 et
1586 1047 1831 1103 Christus
1863 1049 1942 1103 sic
1968 1048 2057 1102 Fi-

493 1135 630 1209 lius?
650 1133 853 1190 Natura
879 1136 1042 1206 igitur
1065 1136 1220 1192 Iesus
1255 1136 1443 1201 Filius,
1473 1151 1570 1191 nos
1597 1152 1692 1206 per
1716 1137 2057 1206 adoptionem

496 1226 610 1281 filii.
651 1226 804 1294 Quod
845 1234 1037 1279 natura
1068 1226 1140 1280 sit
1174 1224 1339 1288 filius,
1371 1225 1483 1295 ipse
1506 1225 1636 1280 dicit
1659 1239 1800 1294 saepe
1830 1243 1841 1277 :
1877 1224 2055 1290 Pater,

492 1316 692 1385 gratias
720 1317 813 1369 tibi
854 1331 971 1386 ago,
1016 1315 1155 1385 quod
1196 1331 1277 1369 me
1317 1315 1511 1368 audisti
1538 1313 1718 1384 (Joan.
1743 1331 1817 1377 xu,
1847 1315 1956 1386 LI),
1980 1323 2052 1379 et,

496 1402 676 1469 Pater,
707 1404 851 1458 salva
880 1419 962 1457 me
985 1420 1050 1457 ea:
1072 1405 1172 1458 ista
1199 1404 1329 1459 hora
1348 1425 1367 1455 ι
1396 1403 1577 1475 (Joan.
1606 1420 1707 1468 xu,
1733 1404 1844 1475 27).

562 1490 630 1545 Χ.
672 1490 892 1555 Horum,
939 1492 1175 1562 inquam,
1225 1492 1667 1561 omniumyquos
1718 1493 2056 1548 enumeravi-

496 1597 635 1646 mus,
661 1581 979 1637 auctoritate
1002 1581 1218 1636 testium
1244 1582 1573 1637 confidentes
1602 1589 1792 1646 estote,
1821 1581 1922 1635 viri
1948 1580 2056 1635 fra-

2155 437 2214 475 ro
2236 431 2444 502 oportet
2470 438 2567 477 nos
2595 423 2871 495 accedere]
2921 424 2988 478 ad
3017 424 3185 478 Deum
3223 422 3375 496 (Cod.
3428 425 3604 489 Paris,
3657 428 3726 499 ad

2155 513 2481 585 Dominum].
2512 514 2701 568 Omnia
2728 525 2896 569 vestra
2948 516 3183 578 honesta,
3236 515 3366 571 dicit
3416 514 3720 585 Apostolus,

2153 617 2270 654 cum
2298 601 2479 655 ordine
2507 602 2662 670 facite
2698 602 2747 673 (1
2778 600 2901 656 Cor.
2947 619 3057 665 xxv,
3094 603 3205 666 40).
3254 604 3339 657 Et.
3366 603 3419 657 in
3459 604 3564 659 alio
3608 605 3726 659 loco

2154 699 2353 744 sanctzc
2384 690 2675 761 Scriptura:
2712 691 2908 745 dicitur
2945 709 2956 744 :
2991 691 3245 745 Ordinote
3282 693 3338 747 in
3367 708 3449 746 mc
3496 694 3725 747 charita-
3804 700 3807 705 ‘

2154 789 2255 831 teni
2283 778 2458 849 (Cant.
2501 796 2561 841 ιι,
2598 781 2672 851 4).
2696 780 2953 834 Ordinata
2983 780 3592 850 charitascst,primum
3606 798 3724 837 crc-

2155 867 2285 921 dere
2317 869 2382 921 dc
2406 870 2514 923 Deo
2542 885 2661 939 qua:
2690 871 2742 923 in
2771 870 2966 924 divinis
2998 870 3255 939 leguntur
3276 870 3449 936 libris,
3512 880 3567 925 et
3603 881 3722 931 pust

2158 958 2729 1035 ﬁdcin,intelligentite
2752 965 3089 1020 devotionem
3125 966 3402 1022 adbibere.
3432 957 3557 1021 'Sed
3605 983 3720 1032 vos,

2156 1061 2215 1106 ut
2240 1052 2564 1121 patefactum
2594 1064 2697 1118 est,
2728 1056 2918 1110 ordine
2955 1066 3282 1132 praepostero
3322 1058 3580 1113 accedere
3606 1058 3723 1113 vul-

2158 1144 2227 1197 tis
2264 1144 2331 1197 ad
2360 1144 2547 1207 Deum,-
2575 1154 2943 1214 praeponentes
2969 1147 3216 1201 humana:
3264 1148 3587 1218 conjectum
3622 1150 3721 1203 fri-

2156 1231 2594 1304 bnlosaleortc,
2620 1233 2871 1305 frivolas].
2908 1236 3235 1291 ratiunculas
3284 1237 3562 1293 catholica:
3602 1237 3724 1292 fltlci

2157 1321 2433 1385 soliditati,
2473 1323 2710 1377 volentes
2736 1324 2884 1394 prius
2908 1325 3227 1395 intelligere,
3257 1335 3313 1382 et
3343 1328 3577 1383 secundo
3606 1328 3725 1382 loco

2155 1414 2396 1468 credere.
2419 1415 2572 1481 Quod
2601 1416 2859 1485 propheta
2887 1418 3179 1486 prohibuit,
3205 1418 3293 1474 ubi
3318 1418 3394 1473 ait
3420 1436 3433 1474 :
3466 1420 3588 1472 Nisi
3614 1436 3723 1473 cre-

2154 1504 2418 1569 dideritis,
2478 1522 2584 1559 non
2629 1506 2928 1577 intelligetis
2973 1506 3128 1571 (lsai.
3174 1523 3269 1574 vn,
3321 1508 3383 1573 9,
3434 1509 3723 1565 secundum

2154 1594 2354 1667 LXX];
2386 1596 2694 1667 significans
2723 1599 2999 1653 miraculis
3024 1599 3219 1654 divinis
3243 1601 3419 1669 primo
3456 1601 3612 1655 fidem
3642 1614 3723 1655 cs-

494 1680 626 1735 tres,
654 1680 709 1725 et
737 1673 1090 1743 vosmetipsos
1110 1688 1177 1729 ex
1207 1672 1587 1728 sacratissimis
1616 1672 1827 1728 illorum
1849 1675 2054 1743 paginis
2088 1653 2131 1712 B
2157 1699 2215 1738 se
2257 1653 2636 1752 péﬁsigndam,
2662 1692 2715 1739 et
2743 1694 2925 1755 postea
2976 1653 3343 1759 ἰηιθιιίεεηῖἰω
3380 1688 3517 1743 dona
3544 1703 3574 1742 a
3613 1688 3724 1743 Deo

376 1770 389 1781 ·
493 1759 761 1829 corrigite,
812 1769 975 1830 atque
1007 1762 1250 1818 adunate
1290 1763 1345 1817 in
1387 1762 1724 1818 confessione
1777 1762 2056 1819 catholicae

493 1846 615 1903 fidei
666 1848 955 1904 universali
1000 1851 1255 1908 Ecclesiae
1311 1852 1542 1919 Christi,
1588 1856 1886 1912 recolentes
1926 1856 2057 1928 quid

491 1937 720 1991 eximius
764 1938 1083 2006 praedicator
1118 1940 1357 2015 gentium
1396 1942 1658 2001 Hebraieo
1691 1946 1933 2001 scribens
1955 1961 2054 2015 po-

492 2026 636 2095 pulo,
664 2035 983 2081 enumerata
1029 2044 1222 2099 magna
1262 2040 1569 2087 sanctorum
1602 2034 1945 2089 multitudine
1973 2042 2055 2089 te-

494 2116 677 2179 stium,
708 2112 991 2181 adiunxit:
1022 2116 1282 2172 Habentes
1324 2127 1498 2174 autem
1532 2128 1731 2191 tantam
1772 2122 1958 2177 nubem
1982 2131 2058 2175 te-

491 2206 668 2265 stium,
719 2203 1027 2273 deponentes
1070 2223 1218 2262 omne
1258 2210 1540 2278 ponduset
1581 2213 1923 2266 circumstans
1963 2228 2054 2266 nos

484 2302 780 2363 'peccatum,
794 2314 886 2367 per
896 2298 1200 2364 patientiam
1211 2314 1484 2354 curramus
1498 2300 1566 2354 ad
1576 2302 1897 2371 propositum
1908 2301 2055 2356 nobis

492 2396 752 2441 certamen
788 2387 972 2457 (Hebr.
1014 2404 1112 2449 xu,
1145 2389 1217 2458 l).
1250 2389 1526 2460 Deponitc,
1557 2389 1775 2457 fratres,
1805 2392 2055 2461 deponite

492 2477 595 2530 lioe
621 2478 865 2545 pessimae
886 2477 1039 2531 inﬁde
1050 2478 1213 2532 litatis
1236 2472 1463 2546 pondus,
1490 2488 1545 2533 et
1570 2494 1836 2549 perversae
1860 2480 2055 2535 doctri-

493 2582 574 2621 na:
618 2566 935 2630 sarcinulas,
963 2575 1018 2621 et
1054 2568 1409 2622 circumstans
1450 2568 1630 2624 cordis
1658 2570 1822 2623 vestri
1860 2570 2052 2625 ostiola

489 2656 879 2712 incredulitatis
906 2665 1207 2728 peccatum.
1256 2656 1607 2712 Revertentes
1632 2659 1962 2713 revertimini
1996 2660 2051 2715 in

489 2747 660 2801 lucem
690 2763 892 2815 serena:
916 2749 1181 2813 veritatis,
1208 2757 1262 2803 et
1288 2749 1547 2804 unitatem
1578 2750 1855 2805 catholica:
1878 2751 2047 2821 pacis.

487 2836 683 2891 Iterum
717 2839 1020 2907 iterumque
1048 2848 1420 2903 rememorate,
1445 2856 1580 2911 quos
1608 2844 1879 2910 posuerim
1899 2844 2051 2898 vobis

487 2935 673 2991 tcstcs,
697 2935 752 2981 et
784 2927 994 2982 illorum
1036 2928 1203 2998 magis
1238 2929 1628 3001 probatissimis
1663 2930 1865 2984 credite
1899 2931 2049 2986 testi-

486 3017 702 3089 moniis,
723 3033 882 3087 quam
916 3011 1241 3072 inanissimis
1276 3026 1469 3073 vestra:
1497 3020 1820 3074 temeritatis
1846 3020 2049 3077 ratiun-

484 3106 637 3160 culis.
677 3105 804 3172 Quae
833 3105 1001 3176 major
1028 3115 1203 3176 potest
1229 3123 1346 3163 esse
1382 3108 1734 3179 blasphemia,
1764 3126 1925 3180 quam
1954 3111 2047 3166 Dei

486 3192 663 3248 Patris
702 3195 1007 3250 testimonio
1053 3211 1157 3250 non
1205 3198 1422 3252 credere
1471 3200 1536 3253 de
1566 3198 1702 3253 Filio
1731 3215 1851 3267 suo,
1887 3216 2046 3271 quem

485 3287 647 3341 semel
676 3294 730 3340 et
756 3287 991 3341 secundo
1017 3284 1220 3342 cmlesti
1261 3304 1395 3343 voce
1434 3303 1591 3343 suum
1622 3305 1760 3355 esse,
1791 3292 1955 3345 etiam
1994 3302 2049 3346 et

485 3374 757 3438 dilectum,
791 3376 1047 3429 testatur?
1074 3375 1260 3441 Qualis
1294 3376 1540 3445 impietas
1583 3386 1686 3442 est,
1728 3379 2046 3448 evangelica:

486 3479 589 3517 non
612 3464 831 3518 credere
857 3460 1191 3528 auctoritati,
1217 3465 1423 3519 Veteris
1447 3464 1686 3535 Novique
1717 3467 2046 3527 Testamenti

488 3552 665 3621 divina
705 3542 959 3621 spernere
999 3552 1175 3607 dicta?
1221 3552 1405 3620 Qualis
1430 3557 1755 3624 perversitas
1798 3565 1880 3613 est
1921 3573 2046 3627 pro-

484 3641 713 3709 pheticis
733 3649 895 3706 atque
909 3642 1215 3711 apostolicis
1236 3644 1604 3698 contradicere
1616 3646 1856 3716 paginis?
1872 3644 2044 3713 Quam

485 3728 711 3785 nefanda
747 3739 824 3797 et_,
843 3731 1004 3801 impia
1029 3734 1302 3787 temeritas
1338 3749 1457 3789 esse
1488 3734 1835 3805 dignoscitur,
1877 3740 2043 3795 totius

484 3821 665 3875 mundi
704 3822 983 3876 doctorum
1025 3816 1276 3877 resistere
1310 3824 1708 3895 pmdicationi?
1737 3828 1831 3883 Vel
1879 3844 2041 3898 quam

434 3967 445 3974 ,
484 3909 679 3962 misera
708 3909 989 3965 infelicitas
1009 3919 1113 3977 est,
1144 3913 1380 3982 qualibet
1403 3916 1755 3983 perversitate
1778 3919 2038 3975 unitatem

481 4003 679 4050 sancta:
717 3996 812 4051 Dei
854 3998 1104 4069 Ecclesia:
1145 4002 1414 4065 scindere,
1452 4012 1508 4057 et
1532 4005 1821 4072 quemlibet
1868 3992 2040 4063 homi-

483 4100 606 4137 num
636 4100 667 4139 a
701 4074 1012 4159 compagine
1038 4091 1316 4145 charitatis
1354 4092 1585 4160 seipsum
1622 4108 1891 4162 separare,
1923 4099 2038 4154 sine

478 4179 631 4248 cujus
658 4182 913 4237 societate
932 4184 1007 4237 nil
1034 4184 1144 4240 Deo
1168 4185 1378 4255 placere
1398 4188 1682 4258 Apostolus
1701 4200 1945 4249 testatur.
1994 4242 2015 4259 ,

2156 1774 2443 1842 precanda.
2466 1774 2588 1829 Ideo
2618 1772 2816 1829 frustra
2840 1783 3017 1830 vestra
3041 1775 3248 1830 laborat
3273 1770 3517 1842 scientia,
3540 1777 3724 1832 voien-

2159 1850 2240 1916 tes
2259 1862 2407 1930 prius
2430 1862 2749 1940 intelligere,
2805 1871 2862 1917 et
2881 1871 3063 1933 postea
3112 1865 3362 1930 credere;
3408 1867 3532 1919 dum
3574 1867 3725 1936 prius

2155 1959 2241 2005 est
2261 1952 2501 2014 credere,
2527 1960 2580 2005 et
2616 1961 2799 2021 postea
2832 1954 3146 2026 intelligere.
3178 1956 3330 2023 Quod
3355 1958 3541 2011 beatus
3577 1957 3725 2026 prin—

2155 2057 2282 2113 ceps
2323 2041 2685 2111 apostolorum
2725 2045 2921 2108 sciens,
2970 2045 3095 2100 dum
3137 2046 3452 2116 interrogati
3497 2047 3721 2115 apostoli

2154 2132 2371 2187 fuerunt
2416 2134 2484 2188 ab
2510 2134 2759 2203 ipsoDco
2785 2134 3016 2199 Christo,
3056 2136 3184 2204 quid
3213 2136 3278 2190 de
3327 2135 3502 2206 seipso
3556 2136 3724 2188 senti-

2156 2230 2295 2287 rent,
2325 2223 2407 2278 vel
2431 2224 2477 2277 si
2507 2224 2657 2278 abire
2702 2224 3012 2289 voluissent,
3044 2226 3183 2280 sicut
3213 2226 3416 2290 cmteri,
3465 2225 3555 2293 qui
3600 2238 3721 2278 eum

2155 2314 2505 2380 reliquerunt,
2538 2315 2813 2382 respondit
2836 2314 3028 2370 Petrus
3050 2332 3188 2396 unus
3211 2331 3310 2386 pro
3333 2316 3599 2377 omnibus,
3639 2316 3721 2368 th

2152 2404 2323 2472 magis
2332 2418 2517 2459 omnes
2532 2405 2587 2459 in
2600 2420 2707 2459 uno
2726 2423 2738 2458 :
2757 2405 2995 2472 Domine,
3013 2408 3082 2461 ad
3096 2425 3247 2479 quem
3262 2408 3448 2463 ibimus
3464 2409 3495 2462 7?
3511 2409 3683 2477 inquit
3702 2424 3715 2469 ;

2154 2491 2303 2545 verba
2323 2492 2438 2545 vita
2457 2503 2665 2547 caterua:
2688 2493 2863 2548 habes.
2895 2494 2961 2548 Et
2988 2512 3080 2549 nos
3104 2496 3441 2568 credidimus,
3460 2508 3508 2550 et
3537 2513 3722 2567 cogito.

2151 2568 2337 2649 rimus,
2352 2586 2475 2656 quia
2496 2594 2618 2640 tues
2642 2582 2877 2640 Christus
2905 2585 3074 2641 Filius
3090 2587 3186 2641 Dei
3200 2586 3255 2657 (J
3260 2604 3382 2641 oon.
3403 2604 3475 2652 vt,
3503 2586 3590 2651 69,
3610 2586 3719 2655 7(1).

2151 2677 2280 2745 Qua:
2306 2679 2469 2733 verba
2499 2678 2807 2749 apostolica:
2849 2677 3205 2734 confessionis
3240 2680 3312 2732 ita
3357 2688 3573 2733 sanctus
3611 2677 3719 2731 Au-

2149 2768 2394 2837 gustinus
2438 2770 2709 2837 exponens
2742 2768 2818 2821 ait
2862 2779 2883 2806 ε
2921 2780 2936 2819 :
2978 2784 2997 2816 t
3037 2767 3285 2830 Domine,
3314 2768 3382 2820 ad
3426 2784 3577 2837 quem
3622 2768 3717 2821 ibi-

2148 2858 2304 2910 mus?
2332 2857 2561 2925 Repellis
2584 2872 2681 2911 nos
2706 2872 2735 2909 a
2769 2866 2836 2921 te,
2865 2857 2927 2911 da
2948 2857 3100 2912 nobis
3128 2857 3349 2912 alterum
3383 2859 3551 2925 te.Ad
3566 2869 3717 2929 quem

2149 2946 2377 2999 ibimus?
2421 2945 2501 3018 [Si
2525 2963 2554 3000 a
2582 2954 2631 2999 te
2654 2942 2970 3011 recedimus,
2995 2946 3061 3001 ad
3087 2949 3244 3015 quem
3282 2948 3480 3003 ibimus
3498 2949 3543 3017 ?|
3591 2947 3715 3003 γει--

2152 3034 2215 3088 ba
2242 3035 2356 3088 vita:
2388 3046 2594 3089 eterna:
2608 3035 2782 3088 habes.
2811 3034 2997 3089 Videte
3024 3035 3473 3103 quemadmodum
3501 3035 3711 3101 Petrus,

2156 3127 2315 3181 dante
2336 3126 2461 3188 Deo,
2497 3135 2771 3180 rccreante
2787 3126 2988 3196 Spiritu
3002 3135 3206 3192 sancto,
3232 3126 3521 3193 intellexit;
3552 3129 3712 3191 unde,

2148 3216 2251 3270 nisi
2280 3218 2404 3293 quia
2438 3217 2846 3272 cretliditverba
2874 3219 2995 3273 vita:
3022 3240 3024 3242 ν
3050 3228 3266 3279 {sternte
3302 3217 3484 3290 [Aug.,
3541 3220 3708 3283 Unde,

2148 3306 2252 3360 nisi
2278 3308 2402 3375 quia
2433 3307 2694 3361 credidit?
2728 3306 2888 3361 Verba
2911 3310 3028 3363 vitta
3056 3319 3263 3363 a'ternte
3291 3311 3511 3383 habes]?
3538 3313 3711 3369 Vitam

2145 3395 2289 3447 enim
2318 3402 2575 3449 aeternam
2616 3396 2782 3450 babes
2821 3397 2873 3449 in
2924 3398 3321 3453 ministratione
3367 3403 3611 3471 corporis
3660 3418 3715 3458 et

2147 3484 2422 3553 sanguinis
2451 3485 2549 3552 tui,
2577 3494 2623 3540 et
2652 3500 2746 3541 nos
2768 3485 3080 3544 credidimus
3110 3497 3158 3546 ct
3193 3492 3571 3565 cognouimus.
3594 3493 3707 3555 Neu

2146 3577 2493 3645 cognovimus
2519 3588 2574 3633 et
2608 3581 2895 3645 credimus,
2928 3582 3019 3637 sed
3064 3586 3389 3643 credidimus
3418 3600 3471 3644 et
3508 3606 3706 3663 cogno-

2145 3666 2346 3722 scimus
2367 3667 2546 3739 [Aug.,
2572 3671 2961 3745 cognovimus].
2993 3674 3327 3731 Credidimus
3349 3680 3513 3744 enim,
3542 3689 3709 3737 utco-

2144 3771 2546 3827 gnosceremus.
2578 3758 2713 3813 Nam
2743 3761 2787 3816 si
2814 3764 2966 3831 prius
3024 3778 3365 3833 cognoscere,
3409 3774 3463 3822 ct
3514 3769 3707 3827 deinde

2143 3847 2364 3901 credere
2393 3849 2637 3913 velimus,
2668 3866 2767 3905 nec
2786 3867 3110 3923 cognoscere
3134 3870 3232 3910 nec
3287 3859 3509 3915 credere
3558 3864 3701 3919 valc-

2140 3952 2339 3991 remus.
2378 3937 2515 4003 Quid
2536 3941 2880 4008 credidimus,
2909 3953 2963 3997 et
2991 3946 3117 4014 quid
3141 3951 3522 4016 cognovimus?
3561 3954 3700 4022 Quia

2140 4034 2197 4079 tu
2215 4042 2268 4079 es
2293 4023 2529 4081 Christus
2552 4027 2723 4083 Filius
2754 4030 2868 4097 Dei,
2892 4032 2946 4087 id
2966 4043 3067 4097 est,
3095 4037 3217 4104 quia
3250 4038 3366 4106 ipsa
3405 4040 3512 4095 vita
3540 4053 3701 4099 mter-

2138 4126 2283 4172 natu
2306 4134 2385 4174 es.
2422 4139 2440 4171 ι
2474 4119 2585 4174 Hac
2613 4123 2824 4191 cognita
2856 4127 3160 4193 apostolica:
3195 4133 3531 4191 auctoritatis
3574 4153 3703 4193 con-

2138 4208 2387 4275 fessione,
2432 4212 2567 4265 hanc
2615 4214 2849 4283 regulam
2883 4219 3188 4286 sequimini,
3230 4223 3372 4278 hunc
3412 4229 3705 4285 confessio-

549 4269 653 4339 91
665 4271 707 4339 ι
746 4271 834 4325 XI.
853 4273 991 4344 Ergo
1015 4274 1241 4343 plurima
1254 4276 1319 4331 de
1335 4286 1641 4334 sanctorum
1657 4280 1875 4337 Patrum
1889 4300 2037 4355 opus.

2154 4302 2233 4357 nis
2259 4303 2503 4357 ordinem
2529 4313 2725 4368 tenete,
2758 4315 2818 4359 ut
2863 4310 3083 4376 possitis
3135 4313 3201 4366 ad
3258 4307 3583 4384 agnitionem
3609 4336 3707 4373 ve-

428 4424 429 4429 η
479 4359 615 4414 culis
657 4361 846 4433 collegi
888 4366 1211 4431 testimonia,
1247 4375 1300 4422 et
1317 4369 2031 4443 multoplurapotuissem,si

478 4464 585 4503 non
600 4451 760 4513 nimis
780 4452 994 4523 longum
1008 4466 1152 4511 esset
1172 4474 1186 4510 :
1211 4458 1387 4513 sciens
1403 4476 1617 4531 quoque
1634 4462 1747 4518 haec
1768 4465 2029 4535 suﬁcere,

478 4538 559 4591 vel
588 4541 759 4609 magis
781 4545 1211 4610 superabundare
1232 4548 1327 4614 illi,
1362 4552 1447 4605 cui
1472 4552 1613 4607 Deus
1639 4569 1732 4608 cor
1760 4559 1933 4625 aperit
1965 4561 2033 4615 ad

476 4630 817 4685 credendum.
839 4631 916 4687 Illi
941 4649 1089 4699 vero,
1112 4636 1201 4703 qui
1229 4639 1480 4707 obturato
1507 4644 1668 4699 corde
1684 4626 1741 4698 in
1772 4662 1867 4701 sua
1906 4665 2033 4704 con-

476 4720 592 4777 fidit
618 4723 927 4791 pertinacia,
954 4725 1029 4778 nil
1048 4724 1258 4791 sufﬁcit,
1280 4730 1403 4797 quia
1444 4730 1583 4786 illius
1603 4708 1859 4804 gehennzi:
1885 4738 2029 4795 futu-

476 4823 571 4863 rus
592 4819 693 4865 est.
719 4810 877 4865 Novit
897 4812 1170 4878 Dominus,
1198 4816 1290 4883 qui
1325 4824 1451 4871 sunt
1482 4816 1617 4886 ejus,
1646 4830 1701 4875 et
1754 4825 1873 4881 vias
1909 4828 2001 4883 illo

474 4912 594 4952 rum
638 4903 895 4981 agnoscit.
938 4902 1181 4960 Scientes
1214 4908 1401 4962 scitote
1424 4910 1564 4978 quod
1602 4911 1901 4981 ignorantia
1936 4904 2030 4975 vel

414 5052 417 5053 γ
474 4995 587 5042 stra
633 4979 731 5043 vos
758 5003 1016 5048 excusare
1064 5010 1170 5050 non
1202 4998 1428 5074 poterit,
1474 4999 1599 5067 quia
1629 4979 1749 5070 'qni
1800 5005 2026 5074 ignorat,

472 5078 810 5151 Ignorabitur
846 5081 898 5152 (1
925 5081 1046 5137 Cor.
1081 5072 1326 5161 ιινξὸὃ).
1354 5088 1520 5144 Multo
1549 5091 1719 5160 magis
1745 5072 1935 5151 discite
1950 5098 2028 5151 .ab

472 5178 559 5231 eo,
589 5166 681 5237 qui
713 5166 788 5220 ait
821 5182 837 5220 :
864 5166 1060 5224 Discite
1082 5189 1114 5225 a
1139 5190 1238 5241 me,
1284 5179 1411 5247 quia
1436 5179 1575 5255 mitis
1602 5194 1716 5232 sum
1748 5190 1795 5232 et
1815 5181 2026 5239 humilis

471 5257 627 5311 corde
654 5255 868 5330 (Matth.
899 5274 975 5324 xi,
996 5258 1087 5332 29)
1112 5279 1125 5315 :
1158 5265 1247 5332 qui
1268 5268 1429 5321 etiam
1447 5271 1699 5324 sanandis
1716 5270 1917 5325 solebat
1942 5276 2026 5329 di-

471 5359 624 5401 cere:
656 5344 815 5403 Fides
833 5359 925 5403 tua
952 5359 1001 5404 te
1028 5350 1227 5407 salvum
1246 5357 1364 5425 fecit
1394 5358 1586 5430 (Marc.
1610 5377 1664 5424 x,
1690 5361 1800 5431 52).
1822 5362 2023 5433 Impos-

510 5454 803 5539 .fghlarius
832 5458 1134 5517 Victorinus
1158 5460 1285 5517 Afer
1313 5465 1373 5519 in
1392 5466 1757 5539 Responsione
1791 5470 1858 5525 ad
1889 5471 2026 5527 Can-

470 5522 651 5578 didum
680 5524 999 5591 Arrianum._

2132 4395 2308 4450 ritatis
2318 4396 2620 4464 pervenire.
2636 4397 2914 4453 Abstinete
2926 4415 3021 4454 vos
3034 4417 3061 4453 a
3075 4382 3339 4472 colloquiti
3354 4409 3697 4478 nugacitatic,

2130 4484 2295 4539 nolite
2322 4486 2549 4539 scrutari
2598 4488 2877 4549 scrutinia,
2928 4505 2995 4543 ne
3050 4490 3311 4548 deficiatis
3358 4495 3412 4549 in
3461 4496 3697 4551 efficacia

2130 4574 2329 4635 vestra,
2358 4580 2603 4641 putantes
2625 4588 2720 4627 vos
2741 4576 3009 4643 sapientes
3042 4590 3184 4641 esse,
3212 4594 3333 4633 cum
3380 4581 3694 4651 insipientes

2132 4664 2474 4717 inveniamini
2508 4664 2643 4717 fleri.
2681 4663 2857 4717 Nolite
2889 4666 2998 4718 alta
3036 4684 3234 4734 sapere,
3272 4671 3362 4722 sed
3409 4671 3691 4733 humilibus

2130 4756 2500 4807 consentientes
2525 4765 2683 4807 estote
2708 4754 2880 4824 (Rom.
2926 4772 3024 4820 ιιι,
3056 4757 3160 4828 16).
3194 4758 3298 4823 Qui
3332 4760 3433 4814 mel
3473 4764 3692 4819 multum

2128 4844 2429 4907 manducat,
2461 4859 2565 4897 non
2581 4854 2652 4897 est
2678 4846 2722 4898 ei
2742 4844 2944 4909 bonum,
2970 4857 3014 4899 et
3041 4849 3129 4916 qui
3152 4860 3416 4913 scrutator
3430 4862 3505 4907 est
3527 4857 3691 4924 maje-

2128 4938 2295 5001 statis,
2344 4936 2660 5006 opprimetur
2684 4957 2716 4992 a
2748 4938 2917 5008 gloria
2942 4940 3120 5010 (Prov.
3156 4956 3285 5007 xxv,
3327 4944 3439 5017 27).
3483 4928 3676 5006 [ueras—

2128 5034 2277 5079 satus
2302 5041 2430 5079 vero
2442 5026 2673 5092 animus,
2702 5029 2968 5083 etcarnali
2984 5032 3367 5090 wnsuetudine
3393 5036 3683 5107 involutus,

2128 5114 2229 5168 nisi
2261 5113 2463 5183 Spiritu
2494 5116 2589 5173 Dei
2619 5118 2972 5183 illuminante,
3004 5137 3197 5189 purum
3229 5126 3472 5181 veritatis
3500 5128 3681 5184 lumen

2127 5206 2366 5273 aspicere
2395 5208 2697 5263 nullatenus
2722 5210 2879 5264 valet.
2924 5211 3061 5266 Nihil
3089 5213 3250 5283 igitur
3276 5218 3445 5287 magis
3494 5226 3684 5273 vestrae

2125 5298 2338 5351 obsistit
2386 5298 2748 5369 intelligentiae
2810 5319 2990 5358 veram
3044 5320 3367 5375 cognoscere
3395 5307 3560 5385 ﬁdem
3616 5308 3683 5363 de

2126 5385 2337 5440 Christo
2360 5387 2584 5441 Domino
2622 5386 2732 5443 Deo
2754 5399 2957 5456 nostro,
2988 5407 3145 5460 quam
3184 5394 3417 5448 carnalis
3459 5408 3683 5450 consue-

2195 5475 2221 5513 δ
2258 5473 2400 5527 Idem
2424 5474 2543 5529 libr.
2572 5492 2588 5529 ι
2612 5478 2865 5532 adversus
2890 5479 3070 5532 Arium
3099 5480 3201 5531 BB.
3229 5479 3354 5541 PP.,
3384 5488 3509 5535 tom.
3539 5484 3605 5536 IV

2200 5554 2218 5579 τ
2256 5542 2311 5593 S.
2346 5544 2477 5613 Aug.
2505 5544 2684 5596 Tract.
2718 5561 2863 5597 xxvlt
2893 5547 2943 5598 in
2966 5546 3115 5601 Joan.
3149 5563 3293 5600 num.
3325 5551 3358 5603 9
