4226 6200
383 271 482 331 297

1193 275 1603 332 ῸΟΟΜΑΤΙΟΑ.
1648 307 1716 318 --
1753 276 1969 334 EPIST.
2016 273 2328 332 IiLll’ANDI
2370 274 2460 329 AD
2503 273 2814 330 FELICEM.

3524 282 3628 342 298

384 389 597 460 dignum
626 387 680 442 in
704 387 795 442 ﬁlii
824 403 1051 458 persona
1089 390 1344 440 testimas.
1387 389 1525 454 Quid
1582 387 1749 446 fuisti.
1793 397 1943 442 ante—
1979 398 2024 450 Α
2056 390 2359 442 necessaria
2391 398 2536 442 esset
2567 390 2678 443 ha‘c
2703 391 2910 444 novitas
2933 392 3208 448 nontintnn
3254 397 3448 466 populo
3475 401 3630 454 (Zhri-

384 493 544 548 quam
586 488 638 532 te
684 492 801 531 mea
847 478 1136 545 respiceret
1181 479 1371 547 pietas,
1438 478 1746 547 priusquam
1805 486 1949 532 tuam

386 579 631 622 naturam
653 567 706 620 in
733 582 1014 638 personam
1046 566 1386 636 proprietatis
1417 581 1550 620 mete
1586 560 1946 629 assumei‘eni;

387 669 438 712 te
458 656 780 730 gloriﬁcans,
810 673 917 711 non
940 672 1024 710 me
1046 656 1328 710 minuens?
1349 655 1535 710 Nonne
1582 665 1633 710 te
1685 653 1860 733 inveni
1900 659 1949 709 in

387 731 638 820 sanguine
665 757 755 806 luo
771 746 1060 815 iacentem,
1087 749 1138 801 in
1173 747 1452 817 sanguine,
1479 747 1718 828 inquam,
1754 731 1846 802 tuo
1872 765 1950 823 ιιιο

388 839 659 894 volutum?
707 836 992 892 Umbilicus
1026 848 1147 892 tuus
1179 855 1281 892 non
1304 848 1377 893 est
1401 837 1672 910 praecisus,
1721 836 1950 891 membra

387 941 476 982 tua
504 945 606 984 non
640 925 848 998 fuerunt
885 925 994 983 sale
1033 927 1187 982 solita
1216 925 1430 1001 (Ezech.
1486 945 1593 991 xvr,
1645 927 1720 999 4).
1757 918 1966 1002 Nonne

389 1018 687 1077 durissimis
721 1016 998 1076 diabolicae
1026 1021 1242 1076 smvitize
1271 1019 1500 1075 vinculis
1527 1030 1579 1076 te
1606 1021 1787 1077 inveni
1818 1022 1950 1092 liga~

389 1119 514 1172 tum,
543 1120 599 1165 et
625 1111 784 1164 modo
812 1126 896 1165 me
928 1109 1097 1164 Deum
1141 1125 1351 1174 verum,
1379 1111 1462 1165 vel
1491 1109 1688 1166 Filium
1714 1113 1808 1166 Dei
1863 1128 1953 1166 ve-

375 1215 504 1254 rum
532 1200 776 1256 conﬁteri
805 1200 1069 1270 despicis"
1093 1199 1310 1270 Regem,
1347 1198 1782 1270 Redemptorem,
1811 1198 1951 1272 -Sal_-

389 1299 728 1360 vatoremquc
755 1299 904 1345 tuum
940 1290 1130 1354 saltem
1174 1306 1259 1344 me
1285 1291 1565 1346 nominare
1594 1290 1948 1348 reformidas:

388 1381 478 1434 sed
507 1380 836 1449 adoptivum,
887 1381 961 1434 tui
999 1395 1097 1449 per
1140 1380 1319 1436 omnia
1340 1380 1592 1447 similem,
1632 1396 1954 1451 servumque

388 1471 820 1536 conditionalem,
855 1471 938 1526 vel
973 1472 1305 1538 captivitatis
1326 1470 1546 1529 nomine
1591 1480 1834 1528 notatum
1861 1488 1954 1542 ap-

388 1561 586 1631 pellare
610 1561 696 1615 vel
720 1563 883 1616 etiam
927 1561 1151 1618 credere
1190 1577 1294 1616 non
1336 1565 1568 1618 dubitas.
1594 1563 1952 1618 Recessittibi

389 1653 454 1708 ab
485 1653 663 1709 animo
702 1661 938 1722 paterna:
977 1653 1123 1708 vocis
1161 1652 1464 1708 testiﬁcatio
1493 1671 1504 1706 :
1532 1651 1702 1708 Filius
1728 1668 1872 1709 meus
1899 1671 1952 1707 es

2060 481 2254 540 stiann,
2289 495 2457 547 quare
2487 481 2588 533 hoc
2618 482 2847 549 apostoli
2900 498 3003 536 non
3054 487 3501 555 praedicaverunt,
3535 508 3631 547 nec

2059 568 2108 619 in
2139 569 2248 620 suis
2307 566 2500 622 litteris
2527 571 2682 624 nobis
2712 582 2994 626 exaratum
3033 575 3408 645 reliquerunt?
3437 582 3630 638 Procul

2056 656 2218 708 dulio
2248 656 2382 710 alius
2428 658 2648 726 spiritus
2681 675 2776 729 per
2817 671 2868 714 te
2897 661 3152 730 praedicat
3191 665 3471 728 _t‘.hristum
3501 675 3624 726 ado~

2055 745 2256 811 ptivnm
2308 744 2472 800 ﬁlium
2504 753 2560 801 et
2595 752 3011 818 nuncnpativnm
3066 753 3231 808 Deum
3265 775 3276 809 :
3331 759 3465 814 alius
3503 777 3632 816 vero

2054 848 2150 900 per
2172 835 2444 903 apostolos
2496 835 2770 890 Christum
2804 839 2896 891 Dei
2950 841 3198 896 virtutem
3229 855 3281 899 et
3307 846 3396 914 Dei
3422 852 3630 919 Sapiett~

2057 924 2205 988 tiam,
2249 923 2417 980 Deum
2466 942 2650 981 verum
2698 938 2750 983 et
2777 932 3054 998 proprium
3105 933 3196 988 Dei
3229 936 3462 1005 Filium;
3495 959 3625 1011 quo—

2055 1028 2175 1066 rum
2212 1014 2581 1084 prmdicationi
2633 1032 2729 1070 nos
2778 1026 2890 1071 toto
2937 1021 3099 1075 corde
3143 1028 3530 1094 consentimus,
3556 1032 3631 1086 nil

2054 1107 2274 1162 omnino
2299 1125 2486 1164 eorum
2513 1110 2772 1168 addentes
2811 1114 2893 1165 vel
2922 1110 3222 1171 minuentes
3251 1123 3631 1178 sacratissima:

2055 1197 2330 1262 doctrinm,
2362 1198 2448 1252 vel
2476 1200 2765 1254 universali
2803 1203 3088 1271 symbolo,‘
3120 1206 3203 1260 vel
3255 1210 3632 1269 ecclesiastica:

2054 1288 2466 1354 consuetudini;
2521 1290 2615 1344 sed
2657 1293 3013 1362 nosmetipsos
3064 1298 3206 1351 intra
3255 1302 3511 1356 terminos
3542 1320 3633 1374 pa-

2057 1386 2222 1432 terna:
2272 1380 2602 1447 traditionis,
2630 1389 2689 1448 ct
2728 1385 3006 1440 catholica}
3063 1388 3182 1443 ﬁdei
3229 1392 3509 1446 veritatem
3546 1399 3633 1447 tir-

2054 1470 2216 1525 miter
2270 1478 2590 1536 statuentes,
2632 1475 2890 1544 Quidquid
2940 1478 2992 1530 in
3041 1479 3249 1534 illorum
3283 1487 3634 1539 sanctissimis

2056 1560 2250 1630 legitur
2279 1561 2492 1626 litteris,
2519 1564 2635 1616 sine
2663 1565 2995 1622 dubitatione
3028 1567 3295 1628 credimus
3323 1584 3378 1626 et
3416 1576 3631 1629 ﬁducia-

2055 1649 2176 1705 liter
2201 1652 2596 1732 praedicamus;
2642 1641 2870 1710 scientes
2911 1660 3210 1714 certissime
3240 1666 3380 1731 quod
3420 1664 3633 1718 laudan-

389 1754 466 1809 tu,
495 1761 586 1814 ego
611 1743 762 1798 hodie
787 1744 940 1813 genui
964 1753 1012 1797 te
1036 1743 1207 1814 (Psal.
1253 1762 1311 1808 tt,
1338 1742 1414 1814 ἲ).
1460 1743 1525 1798 Ει
1551 1760 1617 1799 ne
1654 1744 1946 1810 dubitares,
1982 1741 2028 1800 Β
2056 1740 2122 1812 da
2152 1751 2276 1796 sunt
2332 1743 2590 1811 mysteria
2647 1743 2762 1806 Dei,
2817 1761 2922 1798 non
2982 1749 3192 1802 ratione
3250 1752 3581 1806 discutienda
3617 1773 3625 1803 :

389 1836 453 1889 de
474 1849 577 1903 qua
599 1835 824 1889 dixisset
844 1844 1054 1898 natura,
1078 1852 1198 1892 mox
1225 1837 1501 1908 subjungit
1524 1857 1535 1890 :
1557 1837 1776 1898 Postulo
1803 1858 1833 1894 α
1853 1858 1950 1904 me,

389 1935 433 1978 et
463 1924 596 1977 dabo
623 1924 714 1977 tibi
742 1934 914 1993 gentes
928 1925 1282 1979 Im'rcditateut
1309 1937 1453 1979 luant
1485 1928 1502 1996 (
1516 1927 1670 1992 lbid.,
1697 1928 1771 1997 8).
1811 1927 1955 1984 Olli.-

393 2016 530 2069 vioni
559 2013 751 2068 dedisti
773 2029 962 2070 versus
1011 2013 1245 2086 ejusdem
1299 2020 1575 2088 propheta:
1635 2021 1685 2074 in
1749 2019 1955 2090 psalmo

393 2122 545 2169 χχιιι,
577 2107 664 2159 ubi
688 2121 774 2161 me
807 2107 1093 2177 quinquies
1119 2123 1298 2179 regem
1321 2095 1820 2181 glorize‘pracdicare
1849 2111 1954 2180 non

395 2197 717 2264 formidavit,
757 2198 1075 2271 adiecitque,
1125 2210 1184 2256 ut
1231 2203 1399 2258 scires
1441 2201 1508 2260 de
1558 2220 1668 2273 quo
1703 2205 1951 2260 diceret:

393 2289 642 2344 Dominus
672 2290 820 2358 {ortis
857 2301 904 2344 et
926 2303 1123 2360 potem,
1149 2293 1401 2348 Dominus
1417 2304 1596 2364 potem
1648 2295 1701 2349 in
1751 2295 1953 2364 pra‘lio.

393 2379 564 2460 Etiam.
583 2389 638 2433 et
656 2380 756 2434 hoc
788 2381 970 2434 addit:
1014 2382 1268 2436 Dominus
1318 2385 1564 2437 uirtutum
1612 2386 1719 2454 ipse
1762 2396 1836 2438 est
1869 2401 1958 2438 rex

392 2469 568 2538 gloriae
610 2469 781 2542 (Psal.
808 2473 1160 2544 xxtn,8,10).
1193 2473 1433 2548 Itemque
1456 2476 1510 2530 in
1543 2475 1649 2532 alio
1689 2477 1892 2545 psalmo
1943 2496 1954 2528 :

393 2559 549 2626 Deus,
566 2561 828 2632 judicium
851 2573 996 2616 tuum
1020 2565 1125 2632 regi
1153 2564 1243 2629 da,
1273 2574 1320 2618 et
1353 2566 1620 2635 justitiam
1671 2556 1816 2619 tuum
1850 2568 1958 2635 ﬁlio

342 2716 346 2717 ί
396 2648 707 2720 rrgis(Psal.
740 2668 882 2716 uxr,
917 2652 1004 2722 l);
1033 2652 1126 2722 qui
1152 2655 1316 2710 etiam
1361 2655 1629 2722 Propheta
1687 2658 1961 2711 inultoties

395 2741 553 2794 variis
592 2740 997 2810 allegationibus
1019 2757 1105 2797 me
1143 2759 1368 2813 regnare
1397 2754 1656 2810 testatur.
1740 2748 1961 2816 Insuper

395 2839 452 2884 ut
495 2833 791 2886 certissime
809 2834 1000 2897 scires,
1037 2835 1104 2889 de
1140 2851 1245 2904 qua
1274 2837 1739 2904 natut'a’dhisset,
1786 2841 1858 2892 ait
1906 2840 1958 2891 in

393 2923 622 2992 quodam
664 2923 780 2977 loco
817 2941 829 2975 :
856 2923 1108 2979 Dominus
1131 2928 1358 2995 regnavit
1389 2944 1420 2978 α
1441 2925 1585 2996 ligno
1616 2926 1789 2995 (Psql.
1836 2943 1956 2992 xcv,

398 3015 512 3085 I0);
547 3029 612 3067 ne
657 3015 930 3068 dubitares
956 3015 1201 3070 eumdem
1232 3018 1613 3086 perpetualiter
1684 3033 1955 3089 regnasse,

394 3118 547 3172 quem
574 3105 624 3158 in
655 3105 795 3174 ligno
831 3120 1147 3175 suspensum
1173 3122 1292 3163 esse
1317 3109 1512 3172 vidisti.

465 3195 596 3250 XIV.
637 3195 742 3249 Sed
771 3204 921 3261 ette,
975 3197 1247 3266 Etipande,
1298 3199 1453 3254 video
1480 3207 1531 3256 te
1583 3202 1956 3255 immemorem

395 3297 509 3336 esse
535 3285 913 3338 beneﬁciorum
933 3300 1194 3339 meorum.
1228 3285 1480 3357 Nunquid
1509 3305 1616 3342 non
1643 3302 1745 3359 ego
1774 3299 1826 3345 te
1851 3293 1946 3346 tuli

396 3375 460 3426 de
496 3374 651 3429 domo
677 3375 839 3442 patris
866 3375 963 3437 tui,
989 3384 1041 3432 et
1074 3377 1225 3443 posui
1255 3384 1308 3432 te
1359 3392 1577 3446 pascere
1613 3393 1829 3449 gregem
1857 3397 1951 3449 po—

398 3464 503 3532 puli
533 3461 636 3517 mci
664 3464 684 3516 ‘l
721 3462 850 3518 Oleo
874 3473 1059 3520 sancto
1083 3481 1202 3520 meo
1229 3468 1357 3520 uniti
1386 3476 1453 3529 te,
1488 3478 1546 3522 ut
1595 3484 1745 3524 esses
1773 3471 1876 3524 dux
1904 3471 1958 3524 in

400 3554 552 3607 domo
578 3554 755 3608 Patris
784 3554 908 3607 mei.
941 3555 1090 3625 Elogi
1123 3564 1197 3620 te,
1225 3564 1284 3609 ut
1309 3571 1456 3612 esses
1490 3557 1662 3613 ﬁdelis
1687 3574 1878 3616 servus
1901 3569 1956 3614 et

403 3643 661 3709 prudens;
692 3651 744 3696 et
790 3645 1038 3699 constitui
1079 3654 1130 3699 te
1153 3660 1314 3714 super
1371 3645 1626 3702 familiam
1659 3665 1866 3719 meam,
1899 3659 1959 3704 ut

403 3733 553 3785 dares
598 3733 647 3786 ei
686 3733 738 3787 in
796 3741 1033 3802 tempore
1082 3735 1247 3788 tritici
1286 3751 1615 3803 mensuram,
1654 3746 1708 3791 et
1755 3739 1988 3810 cibaria,

401 3818 734 3887 dispensares
757 3823 961 3877 ancillis
986 3824 1138 3877 meis.
1176 3823 1254 3878 Tu
1296 3841 1422 3881 vero
1468 3826 1739 3894 sprevisti,
1770 3838 1818 3880 et
1863 3830 1953 3881 de-

401 3911 615 3976 spexisti
667 3926 770 3975 me,
801 3920 855 3966 et
895 3915 1170 3967 setninasti
1223 3914 1465 3968 clancula
1515 3931 1674 3968 manu
1721 3917 1956 3983 perfidite

403 4001 660 4054 zizaniam
690 4003 742 4055 in
767 4003 941 4056 medio
987 4003 1287 4072 purissimae
1316 4006 1436 4059 ﬁdei
1491 4006 1689 4062 tritico.
1723 4007 1957 4076 Projeci-

401 4090 468 4142 sti
493 4105 578 4143 me
605 4101 724 4158 post
764 4099 967 4162 tergum
1017 4103 1186 4156 tuam,
1247 4103 1304 4148 ut
1334 4093 1426 4148 tibi
1473 4095 1696 4150 fecisses
1739 4112 1952 4151 nomen.

403 4179 695 4248 Despexisti
720 4195 876 4235 omne
901 4182 1184 4237 consilium
1210 4197 1386 4238 meum
1411 4201 1425 4249 ;
1457 4185 1586 4252 quid
1615 4184 1798 4248 facies,
1830 4184 1956 4240 dum

402 4281 596 4335 venero
652 4270 922 4338 requirere
966 4272 1244 4341 pecuniam
1297 4289 1493 4339 meam,
1524 4290 1682 4344 quam
1716 4275 1809 4330 tibi
1837 4276 1957 4330 dedi

405 4359 874 4428 multiplicandam,
897 4379 1002 4416 non
1032 4362 1134 4435 [ut]
1169 4365 1523 4420 absconderes
1554 4365 1695 4419 illam
1723 4366 1821 4420 sub
1842 4366 1958 4434 pul-

404 4461 529 4501 vcre
565 4450 764 4501 terrae?
792 4449 869 4503 Tu
900 4451 1077 4519 itaque
1095 4467 1202 4506 non
1233 4452 1402 4508 solum
1423 4454 1779 4522 multiplicare
1809 4455 1957 4509 illam

404 4522 580 4606 segnis
607 4535 769 4599 fuisti,
798 4552 903 4590 non
955 4540 1088 4594 dans
1116 4541 1261 4595 illam
1304 4544 1707 4610 ,nummulariis,
1751 4553 1810 4599 ut
1836 4551 1959 4600 cum”

405 4647 563 4687 usura
612 4632 932 4702 recepissem
976 4633 1117 4701 quod
1141 4650 1319 4688 meum
1355 4647 1479 4691 est:
1513 4640 1606 4699 sed
1655 4637 1960 4693 adulterino

403 4725 722 4781 numismate
750 4724 848 4779 sub
876 4738 996 4778 meo
1021 4725 1232 4780 nomine
1255 4726 1478 4796 signasti
1497 4742 1638 4791 eam,
1665 4738 1718 4781 et
1739 4739 1962 4799 argento

405 4815 816 4884 septempliciter
839 4823 1066 4885 purgato
1118 4814 1346 4869 scoriam
1375 4815 1679 4871 immiscere
1722 4817 1958 4878 tentasti,

406 4920 573 4974 caupo
600 4905 772 4960 factus
791 4905 1026 4974 perﬁdus
1050 4921 1065 4969 ;
1097 4921 1202 4959 non
1221 4919 1409 4961 servus
1428 4906 1662 4974 prudens
1687 4914 1744 4961 et
1766 4905 1958 4970 ﬁdelis,

407 4995 499 5049 sed
520 5009 706 5050 servus
731 5010 958 5064 nequam
987 5006 1041 5050 et
1075 4995 1300 5050 inﬁdelis
1331 5012 1344 5050 :
1391 4998 1484 5068 qui
1509 5013 1594 5051 me
1616 5013 1722 5052 non
1749 5006 1958 5053 tantum

408 5085 598 5139 durum
624 5083 927 5146 Dominum,
956 5085 1050 5138 sed
1085 5100 1297 5138 servum
1320 5087 1588 5154 captivum
1617 5101 1810 5140 vocare
1837 5085 1962 5140 soli—

410 5184 494 5229 tus
519 5183 619 5228 est.
652 5172 789 5240 Quid
814 5173 882 5226 ad
910 5174 1025 5227 haec
1047 5188 1401 5243 responsurus
1435 5176 1564 5239 eris,
1586 5189 1622 5230 ο
1645 5174 1964 5243 praedicator

411 5263 729 5332 adoptionis,
756 5270 810 5315 et
836 5273 1067 5316 assertor
1094 5264 1500 5333 nuncupationis
1529 5265 1581 5317 in
1609 5264 1824 5320 Christo
1850 5265 1964 5320 Deo

412 5354 503 5408 Dei
526 5354 682 5418 Filio,
709 5353 833 5408 dum
853 5353 965 5406 haec
989 5360 1043 5404 et
1067 5352 1172 5406 alia
1198 5354 1365 5407 multo
1386 5354 1538 5422 plura
1563 5356 1660 5408 tibi
1688 5357 1741 5409 in
1772 5354 1963 5410 faciem

412 5442 781 5516 objiciuntur?
830 5443 1004 5509 Quare
1035 5456 1138 5494 non
1184 5446 1356 5513 primo
1403 5445 1639 5498 omnium
1693 5446 1962 5515 cogitasti,

415 5551 531 5604 quae
556 5535 758 5587 utilitas
784 5543 926 5587 esset
952 5531 1202 5586 Ecclesire
1248 5533 1444 5587 Christi
1489 5533 1540 5586 in
1568 5535 1668 5588 hac
1711 5533 1966 5602 pradica-

415 5627 558 5680 tione
586 5625 901 5693 adoptionis,
960 5623 1041 5676 vel
1093 5624 1144 5674 in
1190 5625 1418 5678 nominis
1442 5626 1879 5695 nuncupatione?
1911 5626 1966 5678 Si

804 5713 1075 5770 Ρηιιοι..
1110 5712 1208 5771 CI.

1988 4421 2037 4480 D

2055 1832 2180 1901 quia
2211 1834 2753 1902 incomprehensibilia
2805 1848 2923 1890 sum
2959 1839 3166 1907 judicia
3208 1842 3343 1910 ejus,
3370 1853 3415 1895 ct
3441 1845 3632 1896 iniure—

2056 1921 2318 1990 stignbiles
2347 1924 2439 1975 rit;-
2483 1924 2776 1992 cjus.»Quis
2831 1929 2964 1980 enim
3019 1931 3252 1999 cognovit
3295 1933 3636 1986 sensum-Do-

2054 2011 2308 2070 mini,aut
2337 2013 2810 2081 quisconsiliarius
2833 2017 2951 2086 ejus
2981 2018 3076 2086 fuit
3100 2019 3274 2090 (Rom.
3311 2038 3384 2086 XI,
3409 2024 3493 2087 55,
3521 2025 3631 2093 34).

2057 2101 2288 2153 Tantum
2336 2102 2511 2155 divina
2542 2103 2709 2156 voluit
2756 2106 3113 2174 providentia,
3156 2120 3214 2162 ut
3250 2114 3638 2168 rescriberetur

2059 2191 2110 2242 in
2149 2190 2470 2262 evangelicae
2495 2193 2829 2250 celsitudinis
2867 2199 3266 2264 auctoritatem,
3298 2211 3632 2257 sanctorum-

2057 2299 2160 2350 que
2185 2285 2403 2338 Patrum
2433 2286 2798 2354 probabilibus
2833 2289 2999 2361 914
3037 2291 3253 2354 litteris,
3284 2303 3544 2362 quantum
3571 2297 3638 2350 ad

2059 2374 2567 2440 nostramsutlicere
2616 2377 2842 2431 salutem
2866 2381 3094 2435 censuit.
3145 2381 3253 2436 Illis
3300 2392 3513 2438 utamur
3544 2401 3637 2439 no-

2060 2463 2294 2518 minibus
2338 2464 2403 2518 de
2429 2463 2664 2532 Christo,
2697 2483 2816 2536 qua:
2841 2468 2893 2522 in
2944 2467 3118 2523 Veteri
3148 2470 3403 2542 Novoque
3448 2472 3632 2527 Testa-

2060 2561 2240 2607 mento
2271 2553 2615 2608 inveniuntur
2634 2557 2856 2624 scripta.
2888 2556 3129 2613 Suilii-itit
3155 2562 3312 2616 nobis
3335 2563 3636 2631 apostolica:

2061 2646 2404 2700 anetoritatis
2431 2646 2697 2712 doctrina,
2721 2657 2777 2702 et
2797 2649 3186 2704 catholicorum
3216 2651 3434 2706 Patrum
3479 2654 3636 2724 longo

2063 2734 2602 2802 temporeevplorata
2630 2733 2776 2788 ﬁdes.
2827 2736 3095 2803 Quidquid
3119 2738 3190 2790 illi
3223 2738 3286 2792 de
3314 2740 3526 2794 Christo
3557 2745 3634 2796 di-

2062 2831 2276 2883 xerunt,
2319 2824 2558 2876 dicamus
2606 2835 2658 2875 et
2689 2839 2806 2888 nos,
2852 2840 2957 2877 uno
2988 2827 3070 2894 pia
3101 2828 3416 2883 credulitate
3461 2840 3637 2885 tenea-

2062 2929 2201 2978 mus,
2229 2915 2489 2984 quidquid
2517 2917 2584 2968 ab
2620 2915 2738 2969 aliis
2782 2918 2936 2971 nobis
2984 2910 3136 2974 sacro
3182 2922 3430 2990 dogmate
3476 2925 3639 2978 tradi—

2065 3014 2176 3059 tum
2208 3022 2326 3060 esse
2374 3007 2694 3061 inveniatur.
2757 3008 2925 3062 Aliter
2965 3007 3156 3073 Judtei,
3197 3013 3284 3080 qui
3341 3015 3391 3066 iu
3450 3015 3637 3067 umbra

2064 3096 2195 3168 legis
2223 3107 2558 3163 erraverunt,
2586 3099 2941 3167 impingentes
2965 3099 3016 3152 in
3045 3100 3276 3170 lapidem
3306 3102 3638 3166 ochnsiOIiis.

2060 3189 2128 3243 dc
2154 3188 2510 3257 Redemptore
2533 3189 2716 3243 mundi
2745 3197 3068 3243 censuerunt
3103 3209 3114 3242 :
3151 3191 3307 3246 aliter
3330 3211 3426 3249 nos
3449 3196 3501 3248 in
3523 3195 3641 3250 luce

2059 3280 2351 3348 evangelici
2367 3279 2665 3348 splendoris
2684 3280 3019 3335 ambulantes
3042 3281 3339 3351 intelligere
3361 3285 3636 3340 debemus.

2059 3372 2163 3424 Illis
2185 3373 2439 3438 parvulus
2468 3382 2625 3425 natus
2644 3380 2746 3435 est,
2769 3372 2923 3428 nobis
2945 3373 3085 3430 ﬁlius
3115 3376 3270 3431 datus
3290 3385 3391 3431 est.
3451 3377 3506 3432 Si
3538 3379 3642 3432 illis

2059 3476 2244 3514 servus
2279 3461 2616 3529 :enigmatico
2641 3463 3023 3529 prophetarum
3068 3479 3316 3519 sermone
3345 3470 3642 3535 promissus

2059 3558 2160 3608 est.
2192 3551 2347 3604 nobis
2379 3549 2635 3604 Dominus
2661 3561 2715 3603 et
2745 3551 2836 3604 Dei
2867 3551 3055 3616 Filius,
3106 3554 3239 3606 sicut
3267 3556 3344 3608 sol
3373 3558 3554 3612 oriens
3584 3560 3635 3612 in

2059 3648 2320 3693 a'ternum
2340 3649 2490 3692 ortus
2535 3649 2616 3693 est
2647 3639 2807 3692 diem.
2855 3639 2933 3694 Illi
2964 3642 3368 3706 eruciﬁxerunt,
3404 3644 3454 3696 in
3481 3660 3640 3712 qncttt

2060 3748 2164 3784 non
2190 3731 2570 3792 crediderunt;
2615 3745 2714 3784 nos
2768 3729 3149 3800 gloriﬁccmus,
3182 3732 3234 3782 in
3281 3746 3438 3798 quem
3469 3733 3636 3786 credi-

2059 3837 2197 3874 mus.
2231 3820 2339 3874 Nos
2367 3829 2648 3874 cantcmns
2707 3820 2776 3872 illi
2819 3835 2938 3873 cum
2966 3818 3111 3872 omni
3163 3820 3366 3873 ecclesti
3406 3821 3634 3874 militia:
3676 3893 3679 3898 Α

2060 3911 2242 3964 Gloria
2293 3911 2347 3964 in
2381 3908 2598 3962 excelsis
2641 3908 2748 3961 Deo
2800 3909 2949 3978 (Luc.
2985 3926 3046 3974 ιι,
3093 3910 3203 3979 li),
3235 3922 3496 3980 quatenus
3525 3914 3640 3983 ejus

2058 3999 2298 4067 piissima
2339 3998 2705 4052 misericordia
2738 4000 2891 4054 nobis
2939 4002 3122 4054 donet‘
3143 4017 3328 4071 pacem
3359 4014 3410 4057 et
3442 4005 3637 4060 bonam

2061 4087 2388 4142 voluntatem
2418 4088 2471 4140 in
2501 4089 2678 4143 terris.

2129 4184 2244 4243 XV.
2285 4186 2581 4241 Credamus
2625 4201 2754 4255 ergo
2781 4202 2902 4241 eum
2947 4187 3041 4242 Dei
3070 4203 3192 4244 vere
3220 4188 3408 4254 ﬁlium,
3440 4200 3492 4246 et
3514 4207 3640 4247 con-

2063 4279 2308 4334 ﬁteantur
2355 4293 2476 4332 eum
2535 4278 2600 4331 de
2649 4279 2866 4349 Virgine
2915 4290 3122 4344 natmn,
3173 4297 3360 4336 verum
3393 4282 3557 4336 Deum
3586 4295 3641 4339 ct

2064 4385 2251 4424 verum
2282 4371 2577 4432 hominem,
2609 4384 2773 4422 unum
2797 4368 2890 4424 Dei
2911 4370 3128 4434 Filium,
3152 4372 3426 4439 proprium
3449 4383 3501 4427 et
3524 4389 3638 4441 per-

2064 4461 2283 4520 fectum,
2325 4474 2511 4514 verum
2544 4460 2884 4514 etviventcm
2915 4461 2968 4512 in
3011 4460 3227 4524 saecula,
3270 4470 3324 4514 et
3364 4462 3638 4516 laudemus

2065 4547 2439 4602 miserationes
2481 4545 2620 4613 ejus,
2674 4557 2730 4598 et
2782 4561 3099 4602 veneremur
3148 4551 3441 4617 potentiam
3480 4548 3634 4616 ejus;

2062 4635 2187 4702 quia
2213 4635 2330 4704 ipse
2352 4643 2438 4688 est
2463 4649 2557 4688 rex
2604 4633 2804 4703 gloriae,
2834 4643 2890 4687 et
2914 4649 3006 4688 rex
3053 4652 3258 4704 regum,
3282 4648 3336 4692 et
3383 4639 3638 4693 Dominus

2065 4723 2477 4788 dominantium,
2508 4731 2562 4776 et
2592 4722 2732 4777 Deus
2759 4723 3000 4788 deorum,
3059 4732 3114 4777 et
3138 4725 3278 4780 Deus
3309 4743 3558 4797 magnus,
3585 4741 3640 4784 et

2068 4813 2208 4866 Deus
2257 4813 2618 4881 omnipotens,
2673 4820 2728 4867 et
2752 4827 2910 4868 verus
2958 4813 3053 4868 Dei
3090 4813 3275 4869 Filius.
3327 4816 3432 4872 Per
3461 4820 3636 4888 ipsum
3698 4863 3708 4876 ,

2063 4903 2314 4956 universa
2338 4912 2521 4956 creata
2544 4909 2707 4967 sunt;
2735 4917 2833 4972 per
2859 4905 3032 4972 ipsum
3062 4905 3310 4958 universa
3339 4916 3637 4964 restaurata

2064 5002 2208 5059 sunt,
2242 5010 2360 5063 qua:
2384 4995 2437 5047 in
2487 4993 2660 5059 uelis,
2685 5002 2741 5048 et
2762 5009 2881 5063 qua:
2927 4995 2978 5048 in
3007 4995 3166 5048 terris
3215 5005 3359 5049 sunt.
3401 4997 3514 5066 Ipse
3544 5003 3639 5056 ho-

2066 5085 2290 5148 minem,
2320 5099 2440 5138 cum
2487 5099 2594 5138 non
2635 5094 2799 5148 esset,
2829 5087 3067 5148 creavit;
3103 5086 3214 5154 ipse
3263 5087 3527 5154 perditum
3556 5104 3638 5141 res

2017 5212 2030 5226 .
2065 5173 2336 5230 formavit.
2400 5172 2518 5240 Ipse
2563 5181 2648 5228 est
2700 5175 2863 5228 totius
2903 5175 3186 5244 potestatis
3228 5188 3473 5241 summa;
3525 5175 3638 5244 ipse

2068 5277 2152 5322 est
2177 5266 2461 5318 thesaurus
2488 5262 2767 5328 virtutum,
2798 5266 2918 5321 fons
2937 5267 3075 5330 vitm,
3107 5266 3446 5336 pulchritudo
3469 5266 3632 5333 pacis.

2067 5355 2183 5423 Ipse
2210 5362 2293 5408 est
2317 5353 2415 5408 llos
2437 5354 2693 5421 paradisi,
2725 5356 2815 5421 qui
2855 5357 2920 5410 de
2948 5357 3099 5426 virga
3139 5356 3333 5410 radicis
3369 5354 3518 5408 Iesse
3539 5372 3636 5409 no-

2070 5454 2241 5499 strum
2271 5445 2513 5497 ascendit
2553 5444 2603 5494 in
2628 5446 2835 5498 orbem.
2889 5447 3004 5516 Ipse
3033 5457 3114 5502 est
3153 5445 3451 5500 convivium
3478 5463 3637 5517 ange-

2069 5534 2262 5596 lorum,
2287 5532 2550 5587 festivitas
2593 5544 2924 5598 sanctorum,
2949 5537 3093 5590 salus
3137 5535 3488 5589 inﬁrmorum.
3521 5538 3638 5604 Ipse

2073 5635 2153 5679 est
2185 5624 2390 5678 amicus
2439 5638 2619 5688 verus,
2661 5624 3002 5679 consiliarius
3053 5626 3240 5679 salutis
3271 5635 3493 5690 nostrat,
3523 5627 3636 5680 dia-

3057 5718 3129 5776 10
