4238 6196
588 246 688 301 3ιῖ

1394 248 1454 303 Β.
1496 248 1557 302 F.
1596 248 1821 303 ALBISI
1860 247 1989 304 SEU
2029 246 2303 302 ALCUINI
2358 248 2642 306 OPERUH
2681 250 2858 306 PARS
2891 253 2978 307 Ill.

3714 248 3820 303 358

587 364 727 418 ritur
766 361 869 416 sibi
905 377 1001 431 per
1039 361 1359 417 calumniam
1402 363 1661 432 imputari
1690 363 1833 432 quod
1862 364 1994 417 duos
2025 362 2163 416 filios
2191 365 2239 422 Α
2263 364 2392 419 dum
2435 380 2554 419 esse
2599 366 2930 421 decerneret.
2978 366 3110 423 Vide
3153 373 3308 421 notas
3349 365 3413 419 D.
3458 362 3713 421 Bemaxdi
3758 366 3827 421 de

589 434 831 503 diceret;
863 448 925 486 ex
959 448 1063 500 qua
1094 433 1309 503 quidem
1340 433 1561 503 querela
1585 431 1831 495 infertur,
1863 434 1915 486 in
1944 448 2117 503 pugna
2138 471 2154 495 ,

592 502 680 554 illa
711 511 894 556 contra
925 503 1168 555 Eunomii
1196 511 1251 555 et
1277 502 1599 569 Apollinaris
1623 504 1948 556 assertiones
1975 516 2159 556 susce-

592 582 677 637 pta
713 573 835 625 talia
869 573 1152 626 'l'beodoio
1175 572 1471 634 excidisse,
1500 587 1564 624 ex
1594 572 1786 639 quibus
1824 572 1958 627 duos
1998 572 2066 625 ab
2094 585 2159 624 eo

593 644 730 694 Illios
761 641 923 693 fuisse
949 642 1203 695 admissos
1233 640 1342 707 jam
1373 653 1483 711 tum
1513 640 1675 709 aliqui
1693 642 2032 711 colligerent.
2065 640 2161 711 De:

592 723 733 764 mem
761 721 811 763 et
836 715 898 764 de
926 711 1171 765 Nestorio
1196 727 1261 763 ex
1290 710 1510 764 historia
1538 709 1879 764 manifestum
1907 719 1991 763 cst
2017 709 2161 778 quod

591 777 655 833 ad
711 795 989 834 evcvssum
1038 796 1206 849 usque
1258 789 1445 834 contra
1494 778 1724 833 Arianos
1773 777 2155 841 decertaverit,

583 850 802 918 jamque
833 867 990 920 supra
1017 868 1080 903 ex
1107 850 1351 918 epistolis
1374 850 1489 920 ejus
1515 850 1759 917 quaedam
1793 851 2159 912 recitavimus,

588 936 651 972 ex
682 922 876 990 quibus
907 930 1051 990 patet
1085 921 1184 973 hoc
1209 921 1394 974 contra
1421 920 1649 990 Arianos
1674 927 1942 973 certamen
1973 934 2161 973 ansam

589 992 756 1041 errori
790 989 853 1040 de
878 989 1073 1059 duplici
1106 990 1245 1053 lilio,
1276 990 1446 1043 altero
1476 989 1681 1043 scilicrt
1703 989 1958 1059 naturali,
1990 989 2161 1042 altero

588 1059 838 1129 adoptivo
869 1058 1177 1129 praebuisse.
1211 1058 1581 1127 Apertissimis
1608 1058 1787 1111 verbis
1833 1059 1885 1129 id
1930 1060 2162 1129 habetur

588 1127 641 1181 in
666 1127 885 1197 cpistola
902 1128 1125 1183 Joannis
1149 1129 1463 1182 Antiocheni
1482 1168 1497 1191 ,
1518 1137 1571 1181 et
1594 1128 1947 1195 quorumdam
1974 1128 2162 1183 Orien-

584 1198 804 1268 talium,
832 1200 926 1268 qui
948 1198 1465 1268 Constantinopolim
1506 1199 1652 1252 missi
1688 1198 1931 1268 fuerant,
1959 1200 2025 1268 ad
2041 1197 2177 1268 _Rl_l-'

585 1266 698 1321 fnm
742 1266 1133 1329 Thessalorum,
1164 1278 1290 1322 tom.
1324 1268 1388 1322 IV
1418 1266 1584 1322 Cone.
1631 1267 1795 1321 Μειηεὶ
1817 1308 1829 1329 ,
1858 1268 1961 1321 col.
1993 1266 2157 1329 HIS,

585 1338 673 1410 ubi
704 1339 773 1410 ita
795 1348 981 1391 contra
1005 1338 1260 1410 Cyrillum
1282 1337 1701 1410 Alexandrinum
1727 1348 2131 1410 conqueruntur
2145 1355 2158 1388 :

589 1427 607 1456 ι
638 1408 719 1461 Ad
752 1408 863 1462 haec
903 1407 1364 1489 eos_exnsecratu£
1396 1409 1485 1487 qui
1533 1407 1868 1489 evangelicas
1910 1407 2164 1489 apostoli-

583 1490 783 1544 casque
814 1493 970 1532 voces
994 1478 1060 1531 de
1085 1477 1302 1531 Christo
1326 1476 1937 1547 Dominodistinguunt,
1968 1476 2163 1547 uthhu-

584 1548 740 1628 miles
759 1548 974 1628 quidem
1001 1547 1067 1599 ad
1092 1548 1511 1628 liuiiianita‘tenr,
1528 1544 1897 1628 divinas'vero
1922 1545 1987 1599 ad
2010 1544 2163 1625 Chri:

585 1618 653 1671 sti
686 1613 1022 1670 divinitatem
1050 1616 1303 1671 referant.
1335 1616 1486 1683 Quod
1513 1616 1697 1670 Ariani
1741 1625 1795 1669 et
1839 1613 2159 1669 Eunomiani

582 1688 877 1760 sentientes
896 1727 921 1760 ,A
942 1687 1279 1760 humilesque
1308 1687 1720 1760 dispensationis
1748 1700 1906 1741 voces
1932 1685 1998 1739 ad
2026 1684 2156 1760 di_vi-
2184 1700 2233 1760 Β

583 1758 805 1810 nitatem
834 1756 1161 1821 referentes,
1192 1752 1358 1811 Deum
1393 1752 1623 1810 Verbum
1655 1763 1960 1809 creaturam
1989 1762 2045 1808 et
2072 1752 2157 1806 fa-

582 1835 790 1880 cturam
812 1867 828 1889 .
857 1826 1185 1896 alteriusque
1215 1825 1558 1889 substantiae,
1586 1833 1641 1880 et
1668 1824 1817 1879 Patri
1844 1823 2161 1893 inaequalem

583 1910 705 1951 esse
733 1896 1002 1952 afﬁrmare
1028 1911 1136 1950 non
1164 1896 1494 1950 dubitarunt.
1526 1915 1545 1947 ι

652 2005 834 2062 XVIII.
869 2005 1107 2078 Amplior
1124 2023 1427 2078 progressus
1467 2005 1870 2078 Nestor-ianismi
1899 2022 1964 2059 ea:
1992 2006 2163 2075 impu-

655 2025 834 2062 ᾹὛΙΙΙ.
869 2025 965 2060 AM
1005 2025 1107 2061 ιιον
1124 2025 1427 2078 progressus
1467 2025 1869 2060 n'esronanumz
1899 2025 1964 2059 επ
1992 2025 2163 2075 tmpu-

580 2078 825 2146 gnatione
851 2025 1265 2145 Apoﬁinart’smi.
1290 2106 1364 2117 --
1386 2076 1686 2145 Ampliores
1715 2085 1893 2130 tamen
1920 2090 2165 2146 progres-

580 2144 673 2199 sus
705 2147 792 2200 hic
818 2144 1232 2228 error-sumpsit
1274 2160 1340 2200 ex
1384 2144 1561 2228 pugna
1608 2144 2161 2228 contranApollina‘ri-

582 2225 724 2278 stas,
754 2231 847 2270 seu
867 2256 882 2279 ,
910 2218 998 2285 qui
1030 2232 1096 2270 ex
1127 2215 1322 2271 borum
1352 2215 1476 2270 sinu
1501 2216 1781 2286 prodiere,
1815 2215 2161 2286 Synusiastas

580 2295 846 2355 suscepta.
873 2286 1068 2341 lterato
1085 2286 1198 2355 jam
1228 2287 1549 2349 notavimus,
1575 2285 1720 2354 ipsos
1743 2285 1906 2340 etiam
1932 2286 2162 2338 Arianos

581 2355 647 2425 ad
672 2370 795 2408 eum
823 2370 1061 2410 errorem
1088 2354 1334 2410 deviasse
1360 2371 1467 2425 quo
1493 2365 1793 2410 statuerant
1812 2355 2052 2425 Verbum
2082 2354 2161 2407 di-

580 2424 762 2478 vinum
793 2425 845 2481 in
878 2427 1091 2480 homine
1120 2424 1397 2495 assumpto
1422 2426 1613 2480 anima:
1645 2426 1760 2480 loco
1799 2424 1996 2487 fuisse,
2026 2424 2161 2477 adeo

580 2502 640 2566 ut
687 2496 898 2566 passio,
946 2512 1093 2566 mons
1137 2505 1450 2566 creteraaque
1496 2495 1839 2549 inﬁrmitates
1886 2496 2159 2566 in‘ipsum

581 2510 640 2548 ut
687 2510 898 2619 passm,
946 2512 1093 2550 mors
1137 2510 1450 2566 creteraaque
1496 2510 1839 2549 mnrmitates
1886 2512 1937 2548 tn
1985 2510 2159 2563 ipsum

581 2565 689 2618 Ver
728 2580 815 2618 um
861 2564 1192 2629 reciderent,
1229 2565 1463 2633 illudque
1505 2580 1572 2619 ex
1617 2564 1965 2633 consequenti
2009 2576 2161 2617 crea-

579 2644 731 2697 tura,
768 2649 872 2688 non
903 2635 1040 2690 Deus
1069 2634 1351 2688 dicendum
1380 2643 1541 2689 esset.
1572 2633 1860 2697 Adoptavit
1899 2635 2040 2687 hunc
2070 2645 2159 2685 er-

580 2714 757 2787 rorem
805 2712 1008 2787 postea.
1041 2704 1398 2787 Apollinaris,
1446 2718 1551 2757 non
1580 2704 1794 2773 quidem
1824 2704 2159 2787 divinitatem

581 2775 741 2846 Verbi
770 2790 890 2827 eum
918 2774 1134 2829 Arianis
1161 2791 1379 2846 negans,
1406 2790 1707 2846 pernegaris
1735 2785 1916 2829 tamen
1940 2774 2159 2846 Christo

578 2843 844 2907 animam,
896 2851 989 2898 aut
1035 2842 1269 2899 mentem
1317 2842 1509 2899 saltem
1561 2842 1851 2899 humanam
1899 2842 2177 2904 adfuisse,

580 2921 933 2984 statueusque
961 2928 1083 2966 eum
1116 2914 1245 2984 (Dei
1277 2914 1483 2968 scilicet
1510 2913 1701 2966 Filium
1725 2955 1737 2977 ,
1771 2928 1867 2967 seu
1893 2909 2153 2984 Verbum)

578 2982 751 3054 instar
789 2979 974 3054 organi
1018 2979 1450 3039 circumferentia
1491 2984 1733 3051 corporis
1761 2998 1916 3054 nsum
1948 2979 2152 3054 fuisse;

576 3053 776 3124 quippe
818 3052 932 3107 lieri
980 3068 1084 3107 non
1115 3054 1355 3124 potuisse
1384 3061 1439 3107 ut
1472 3054 1631 3107 homo
1661 3052 1929 3121 perfectus
1958 3052 2161 3124 existe-

581 3132 681 3176 ret.
714 3123 981 3193 Ubigenim
1012 3123 1279 3193 perfectus
1306 3124 1486 3187 homo,
1514 3124 1585 3178 ibi
1612 3132 1668 3176 et
1692 3131 1967 3193 peccatum
1987 3164 2012 3193 ,ν
2029 3123 2161 3193 duo-

576 3208 682 3261 que
708 3192 944 3262 pcrfecta
975 3192 1026 3247 in
1056 3210 1218 3247 unum
1248 3194 1469 3249 conflari
1496 3209 1599 3246 non
1625 3192 1809 3262 posse,
1840 3202 1945 3246 etc.
1990 3192 2161 3262 Atha-

579 3260 765 3315 nasius
784 3262 878 3316 lib.
906 3278 922 3315 ι
946 3264 1011 3319 de
1035 3263 1249 3316 Incarn.
1276 3272 1463 3315 contra
1489 3260 1806 3330 Apollinar.,
1833 3278 1888 3314 n.
1910 3262 1963 3315 2.
1998 3260 2160 3313 Erro-

580 3346 694 3385 rem
740 3333 883 3385 hunc
925 3334 1171 3386 hausisse
1209 3333 1449 3386 creditur
1474 3331 1800 3401 Apollinaris
1826 3345 1892 3384 ex
1921 3330 2159 3400 phIIOsO-

578 3401 721 3524 phire
767 3401 1052 3484 Platonica:
1103 3402 1563 3484 fontibusnteste
1606 3401 1858 3483 Neinesio
1906 3401 2158 3482 episcopo

601 3486 847 3524 tmeseno
889 3480 1043 3524 initio
1089 3472 1209 3524 Ilbl'l
1254 3474 1319 3524 de
1363 3472 1563 3524 hatura
1591 3473 1864 3524 hominis:
1898 3490 1916 3521 ι
1942 3471 2154 3524 Altum.

601 3471 847 3525 Cmeseno
889 3472 1043 3525 initio
1089 3472 1209 3526 libri
1254 3474 1319 3525 de
1363 3471 1563 3525 Natura
1591 3472 1864 3526 hominis:
1898 3490 1916 3521 ι
1942 3471 2154 3540 Aliqui,

579 3541 786 3611 Inquit,
820 3541 872 3593 in
904 3543 1100 3611 quibus
1128 3551 1212 3597 est
1236 3542 1504 3603 Plotinus,
1537 3542 1681 3607 aliud
1721 3555 1841 3596 esse
1880 3542 2156 3605 animum,

577 3612 723 3667 aliud
750 3611 1155 3674 intelligentiam
1188 3619 1517 3674 statuentes,
1564 3627 1633 3665 ex
1672 3612 1845 3664 tribus
1882 3611 2159 3664 hominem

580 3691 827 3753 constare
854 3678 1065 3746 volunt,
1098 3697 1351 3753 corpore,
1379 3684 1582 3753 animo,
1614 3679 1980 3753 intelligentia.
2013 3678 2161 3745 Quos

578 3749 742 3807 etiam
766 3753 1127 3823 Apollinarius
1149 3749 1365 3823 secutus
1390 3764 1499 3815 est,
1530 3751 1808 3806 Laodicea:
1832 3750 2116 3823 episcopus
2143 3766 2155 3801 :

580 3836 705 3892 nam
730 3820 831 3875 hoc
855 3825 1123 3892 opinionis
1146 3839 1254 3877 suae
1274 3822 1421 3890 jacto
1446 3823 1813 3884 fundamento,
1836 3820 2047 3892 reliqua
2063 3835 2159 3892 suo

581 3891 817 3965 dogmati
868 3890 1252 3965 convenienter
1295 3893 1554 3965 astruxit.
1592 3912 1609 3943 ι
1647 3892 1799 3965 Tom.
1856 3890 1967 3944 VIII
2020 3890 2156 3965 Bibl.

580 3958 728 4013 Patr.
767 3958 934 4029 Lugd.
957 4001 971 4022 ,
1006 3962 1096 4013 fol.
1128 3962 1252 4014 619.
1295 3962 1498 4015 Praeter
1535 3961 1647 4028 jam
1689 3962 1987 4028 assignatas
2033 3959 2159 4017 talia

578 4030 854 4083 asserendi
903 4031 1166 4087 rationes.
1218 4044 1409 4099 nempe
1451 4032 1594 4098 quod
1637 4029 1961 4099 Apollinaris
2002 4029 2159 4083 Chri-

577 4106 721 4171 stum
752 4110 975 4167 peccato
1004 4100 1301 4171 subjectum
1331 4099 1466 4163 fore,
1496 4108 1591 4154 aut
1616 4101 1667 4153 in
1698 4102 1830 4153 duos
1858 4099 1995 4153 lilios
2024 4099 2159 4154 divi—

580 4168 813 4223 dendnm
847 4168 1165 4234 timeret,'si
1198 4181 1375 4226 mente
1403 4172 1633 4226 humana
1666 4172 1919 4238 praeditus
1948 4172 2159 4225 dicere-

578 4246 685 4300 tur,
715 4241 853 4295 alias
884 4242 1103 4311 insuper
1130 4241 1294 4296 fuisse
1324 4258 1429 4296 non
1460 4244 1557 4297 abs
1596 4240 1947 4295 fundamento
1973 4238 2157 4306 conje-

577 4316 840 4363 cturatur.
884 4311 1104 4374 Ariani,
1131 4312 1342 4365 etiamsi
1366 4313 1600 4368 Verbum
1626 4326 1738 4363 rem
1777 4320 2014 4365 creatam
2037 4325 2158 4363 esse

2262 433 2600 489 Montfaucon
2641 436 2879 504 epistol:e
2909 436 3080 491 sancti
3112 435 3388 491 Athanasii
3418 436 3484 490 ad
3509 434 3825 504 Adelphium

2258 505 2573 575 praemissas
2593 503 2725 560 tomi
2755 505 2775 559 Ι
2803 505 3034 575 Operum
3065 513 3203 574 part.
3236 522 3274 560 ιι
3294 545 3308 567 .
3339 503 3433 557 fol.
3465 503 3589 575 910.
3619 503 3731 558 Hoc
3757 520 3825 575 ex

2258 588 2443 627 errore
2489 574 2580 627 alii
2614 588 2898 629 emanasse
2936 574 3204 638 videntur,
3246 588 3392 643 quos.
3417 574 3743 629 Athanasius
3772 574 3826 630 in

2258 643 2414 712 epist.
2440 644 2508 696 ad
2528 642 2829 711 Epictetum
2855 654 3096 699 recenset
3122 660 3175 696 n.
3200 643 3235 696 2
3255 642 3271 705 ,⁷
3294 643 3475 712 illique
3502 643 3554 695 in
3580 658 3645 712 eo
3668 644 3827 712 positi

2259 711 2415 794 erant
2442 714 2807 794 quodcorpns
2831 729 2894 768 ex
2924 712 3103 794 Maria.
3116 712 3352 794 genitum
3378 711 3539 766 Verbi
3562 711 3826 767 divinitati

2261 782 2331 836 sit
2358 780 2813 838 consubstantiale
2842 801 2856 836 :
2887 782 3028 852 quod
3060 780 3292 852 Verbum
3325 782 3379 836 in
3418 796 3636 837 carnem
3657 822 3674 846 ,
3700 795 3824 837 ossa

2258 860 2313 906 et
2340 852 2561 920 capillos
2585 860 2641 905 et
2668 852 2721 905 in
2751 851 2919 906 totum
2950 866 3142 920 corpus
3170 851 3239 904 sit
3266 858 3559 917 mutatum,
3590 859 3645 905 et
3671 866 3701 905 a
3732 867 3821 906 na-

2261 929 2382 975 tura
2420 936 2513 975 sua
2551 921 2876 986 desciverit;
2916 920 3056 990 quod
3100 921 3334 990 Verbum
3380 935 3483 975 non
3522 936 3587 975 cx
3627 920 3825 990 Maria,

2258 990 2353 1043 sed
2378 1003 2442 1043 ex
2470 1006 2567 1044 sua
2593 991 2759 1061 ipsius
2785 989 3083 1061 substantia
3104 989 3354 1061 passibile
3378 991 3479 1044 sibi
3503 1005 3699 1061 corpus
3719 989 3830 1061 for-

2261 1062 2517 1124 maverit;
2546 1059 2687 1130 quod
2714 1060 2828 1131 ipsa
2856 1059 3203 1131 deitasAPatri
3230 1059 3704 1131 consubstantialis
3722 1060 3830 1114 cir-

2261 1131 2494 1199 cumcisa
2514 1170 2529 1194 ,
2560 1128 2813 1197 crocique
2845 1129 3002 1199 pﬂixa
3032 1128 3221 1190 fuerit,
3255 1137 3359 1183 etc.
3397 1128 3549 1184 Haud
3574 1130 3825 1199 equidem

2262 1146 2494 1183 cumcisa
2514 1170 2529 1194 ,
2560 1146 2813 1197 crocique
2881 1146 3002 1184 Inxa
3032 1146 3221 1190 tuerit,
3255 1146 3359 1183 etc.
3397 1146 3549 1184 naua
3574 1146 3825 1199 equidem

2262 1198 2489 1253 dixerim
2529 1200 2785 1255 absurdis
2813 1146 2960 1255 hisce
2986 1198 3327 1268 opinionibus
3354 1200 3527 1269 ipsum
3554 1198 3829 1269 Apolliuaf

2262 1283 2375 1338 rem
2420 1268 2749 1332 adbmsisse;
2795 1272 2922 1338 quin
2965 1267 3402 1338 contrariumiei
3445 1267 3827 1338 libro‘Leontii

2228 1335 2231 1338 ⁴
2260 1335 2542 1406 Byzantini
2566 1345 2693 1392 tom.
2722 1340 2742 1393 I
2770 1335 2916 1394 Lect.
2938 1338 3118 1394 Canis.
3144 1338 3273 1393 edit.
3298 1337 3560 1406 Basnage,
3586 1335 3676 1390 fol.
3702 1336 3827 1404 600,

2260 1406 2550 1480 colligitur,
2578 1408 2665 1480 ubi
2691 1408 2743 1480 is
2768 1407 3121 1480 fragmentum
3147 1407 3387 1480 epistolae
3409 1406 3734 1478 Apollinaris
3760 1407 3830 1480 ad

2263 1474 2612 1546 Serapionem
2648 1478 2734 1532 his
2775 1474 2953 1533 ver'bis
2986 1476 3152 1532 refert
3180 1474 3195 1530 Ξ
3228 1495 3246 1525 ι
3280 1474 3477 1531 Eorum
3521 1484 3699 1531 autem
3736 1477 3829 1546 qui

2261 1545 2446 1602 dicunt
2467 1561 2683 1602 carnem
2714 1547 2824 1602 Deo
2849 1546 3359 1616 consubstantialem
3378 1587 3393 1611 ,
3420 1561 3667 1616 magnam
3695 1545 3831 1616 iusa-

2261 1616 2405 1687 niam
2442 1618 2891 1687 damnavimus.»
2920 1617 3050 1671 Item
3092 1614 3451 1687 fragmentum
3493 1614 3561 1671 ex
3606 1615 3830 1687 epistola

2260 1683 2499 1756 ejusdem
2535 1686 2603 1742 ad
2638 1686 2951 1756 Dionysium
2982 1704 2994 1739 :
3026 1704 3045 1737 ι
3078 1683 3232 1755 Quod
3268 1693 3446 1742 autem
3483 1683 3653 1756 nemo
3676 1686 3833 1742 nobis

2262 1755 2379 1811 haec
2396 1756 2631 1826 obiicere
2651 1753 2860 1825 potest,
2881 1772 3001 1826 quae
3021 1753 3207 1811 contra
3230 1756 3489 1826 quosdam
3506 1753 3650 1809 dicta
3672 1763 3797 1810 sunt
3814 1794 3829 1819 ,

2263 1824 2604 1880 manifestum
2640 1835 2726 1880 est
2761 1842 2826 1881 ex
2864 1824 2962 1891 iis,
2988 1842 3107 1896 qua:
3131 1824 3345 1895 semper
3366 1826 3681 1896 scripsimus
3698 1864 3711 1887 ,
3739 1840 3831 1878 ne-

2261 1908 2367 1962 que
2405 1910 2623 1949 carnem
2660 1895 2958 1951 Salvatoris
2992 1895 3023 1951 e
3052 1896 3191 1951 etelo
3225 1908 3379 1960 esse,
3403 1895 3577 1963 [tenue
3609 1908 3829 1949 carnem

2260 1965 2513 2035 ejusdem
2523 1966 2835 2021 substantia:
2857 1980 2975 2020 esse
2996 1980 3118 2019 cum
3139 1965 3272 2029 Deo,
3293 1972 3557 2035 quatenus
3578 1973 3663 2021 est
3679 1978 3831 2028 caro,

2260 2042 2315 2088 et
2352 2048 2457 2089 non
2496 2034 2673 2100 Deus;
2703 2035 2847 2089 Deus
2878 2043 3090 2100 autem,
3123 2034 3388 2100 quatenus
3411 2034 3559 2087 unita
3584 2041 3667 2089 est
3691 2034 3834 2088 divi-

2259 2104 2414 2175 nitati
2455 2105 2509 2158 in
2547 2120 2707 2159 unam
2748 2120 3054 2175 personam.
3091 2125 3109 2157 ι
3141 2104 3205 2158 Et
3229 2104 3389 2173 paulo
3415 2104 3597 2175 infra;
3633 2104 3831 2175 cAna-

2261 2174 2443 2245 thema
2484 2175 2647 2245 igitur
2685 2172 2765 2230 sit'
2787 2175 2879 2245 qui
2917 2190 3023 2229 non
3062 2175 3191 2230 dicit
3215 2172 3433 2239 carnem
3455 2189 3523 2229 ex
3551 2172 3750 2239 Maria,
3776 2182 3832 2227 et

2259 2244 2351 2312 qui
2388 2244 2549 2307 dicit,
2589 2258 2708 2298 eam
2740 2244 2957 2300 carnem
2990 2260 3111 2300 esse
3148 2251 3350 2297 naturae
3386 2259 3492 2298 non
3525 2250 3750 2308 creata,
3778 2252 3834 2298 et

2261 2314 2527 2383 ὃμοούσισν
2565 2314 2709 2379 Deo,
2762 2315 2869 2370 imo
2912 2324 2968 2370 et
3005 2315 3096 2382 qui
3140 2314 3305 2377 dicit,
3342 2314 3678 2383 divinitatem
3700 2328 3845 2383 esse.

2259 2382 2574 2467 patibilem,
2610 2392 2767 2467 et__ex
2807 2386 2919 2467 ipsa
2963 2400 3083 2439 esse
3104 2382 3621 2467 passionesanimg.
3653 2404 3671 2435 ι
3696 2382 3833 2467 Inte—

2262 2452 2386 2524 rim,
2417 2455 2519 2524 etsi
2546 2452 2869 2524 Apollinaris
2898 2455 3011 2524 ipse
3036 2470 3066 2508 a
3090 2452 3362 2523 perversis
3384 2453 3534 2524 hisce
3552 2452 3833 2524 dogmati-

2259 2521 2360 2577 bus
2385 2521 2771 2578 alienus'fuerit
2787 2565 2801 2586 ,
2831 2541 2897 2579 ex
2919 2521 3296 2594 ipsius—tamen
3322 2522 3505 2594 schola
3528 2521 3711 2577 eorum
3739 2539 3831 2578 as-

2260 2602 2495 2664 sertores
2516 2595 2857 2664 prodierant,
2881 2590 3084 2664 hosque
3106 2594 3247 2646 inter
3269 2590 3654 2664 famosimagis
3669 2600 3841 2664 erant—

2264 2662 2299 2732 ii
2326 2664 2417 2732 qui
2443 2660 2661 2732 carnem
2688 2663 2887 2718 Christi
2914 2660 3089 2718 Verbo
3113 2660 3626 2717 consubstantialem
3652 2662 3835 2717 defen-

2264 2730 2487 2803 debant,
2503 2731 2631 2786 dicti
2652 2741 2935 2803 propterea
2958 2742 3347 2797 Συνουσὶασται,
3370 2740 3462 2786 aut
3482 2734 3573 2803 qui
3597 2732 3830 2788 Verbum

2260 2801 2314 2854 in
2338 2816 2589 2873 carnem,
2626 2800 2789 2866 ossa,
2808 2803 3055 2873 capillos,
3101 2817 3291 2873 nervos
3327 2814 3382 2857 et
3416 2803 3471 2857 in
3499 2800 3673 2873 totum
3694 2817 3833 2873 icor-

2298 2887 2358 2925 us
2394 2871 2561 2926 fuisse
2586 2871 2912 2928 conversum
2951 2872 3295 2937 asserebant,
3323 2888 3427 2943 qua
3450 2872 3664 2942 quidem
3689 2872 3743 2943 in
3772 2886 3833 2927 re

2287 2943 2490 3013 iutychi
2510 3012 2521 3013 ί
2538 2944 2895 3013 pneludentes
2931 2944 3330 2998 distinctionem
3345 2940 3683 3005 'naturarum
3716 2940 3832 3011 jam

2182 3039 2233 3105 ο
2265 3012 2379 3065 tum
2414 3013 2465 3067 in
2493 3012 2712 3067 Christo
2738 3013 3090 3068 sustulerant.

2331 3122 2472 3176 XIX.
2514 3122 2917 3191 Apollinarium
2964 3121 3102 3175 male
3145 3121 3361 3192 quidam
3405 3123 3733 3190 bnpugnant.
3761 3150 3834 3192 -τ-

2259 3190 2605 3246 Insurrcxere
2642 3200 2825 3246 contra
2850 3192 3027 3246 hosce
3062 3190 3275 3246 errores
3312 3190 3493 3259 plures
3522 3206 3587 3244 ex
3626 3191 3828 3246 sanctis

2260 3262 2531 3324 Patribus,
2556 3262 2668 3315 etsi
2688 3262 2808 3330 quis
2834 3260 2989 3319 alius.
3016 3270 3163 3315 certe
3186 3258 3404 3315 sanctus
3423 3258 3748 3315 Athanasius
3777 3262 3832 3315 in

2260 3332 2484 3401 epistola
2524 3332 2592 3385 ad
2630 3332 2927 3401 Epictetum
2964 3331 3209 3386 Corinthi
3244 3331 3551 3401 episcopum
3580 3330 3831 3401 eossoli-

2259 3400 2859 3471 dissimis_argumentis
2892 3402 3208 3456 confutavit.
3250 3400 3420 3456 Fuere
3451 3408 3630 3454 tamen
3656 3400 3833 3453 denuo

2259 3473 2348 3541 qui
2371 3514 2384 3534 ,
2416 3464 2532 3526 zelo
2566 3464 2742 3526 ni’nus
2771 3472 3018 3540 prudenti
3052 3474 3104 3525 in
3133 3486 3365 3541 pugnam
3392 3471 3646 3533 excitati,
3674 3485 3830 3535 cum,

2259 3552 2419 3594 prout
2454 3558 2520 3594 ex
2556 3490 2743 3594 stmcto
2773 3542 2972 3594 Cvrillo
3010 3558 3074 3594 ac
3110 3541 3335 3594 Leontio
3364 3538 3660 3594 szantino
3693 3554 3830 3594 smne

2258 3538 2419 3611 prout
2454 3558 2520 3597 ex
2556 3538 2743 3596 sancto
2773 3538 2972 3612 Cyrillo
3010 3558 3074 3596 ac
3110 3538 3335 3596 Leontio
3364 3538 3660 3609 Byzantino
3693 3554 3836 3609 saepe

2260 3612 2631 3674 meminimus,
2681 3612 3078 3680 Seripturarum
3123 3626 3283 3665 voces
3329 3619 3517 3680 contra
3551 3612 3834 3680 ΔΣιοιρτιυσιὸι-

2261 3702 2422 3741 στας.
2463 3696 2569 3733 non
2604 3682 2733 3734 satis
2781 3678 3032 3734 accurate
3060 3680 3394 3739 dividerent,
3426 3678 3481 3731 in
3512 3678 3831 3733 divisionem

2260 3764 2613 3818 personarum
2652 3750 2798 3802 fuere
2834 3749 2995 3818 lapsi,
3026 3764 3090 3801 ac
3122 3750 3174 3802 in
3213 3750 3391 3816 specie
3420 3746 3568 3801 illum
3597 3749 3664 3802 de
3699 3748 3837 3803 Filio

2262 3820 2515 3899 adoptivo
2541 3819 2713 3899 quoad
2745 3818 3126 3899 humanitatem
3156 3834 3397 3899 errorem
3428 3818 3528 3873 sibi
3552 3818 3832 3899 proprium

2262 3886 2523 3944 fecerunt.
2558 3886 2791 3943 Notavit
2824 3889 2876 3941 id
2907 3886 3018 3955 fam
3058 3897 3277 3942 sanctus
3307 3886 3632 3943 Athanasius
3658 3886 3831 4011 ?51

2262 3960 2317 4011 in
2354 3960 2577 4011 epistola
2614 3961 2845 4011 primum
2883 3960 3073 4011 citata.
3106 3959 3193 4011 ubi
3235 3968 3518 4011 postquam
3564 3958 3831 4011 Anolina‘

2261 3960 2317 4013 in
2354 3960 2577 4029 epistola
2614 3961 2845 4029 primum
2883 3960 3073 4020 citata,
3106 3959 3193 4012 ubi
3235 3968 3518 4029 postquam
3564 3958 3836 4029 Apolliua4

2261 4028 2517 4084 ristarnm
2543 4028 2753 4084 errores
2781 4031 3079 4092 recensuit,
3105 4029 3176 4082 ita
3203 4028 3378 4099 pergit
3402 4044 3456 4082 ιι.
3485 4028 3550 4092 2,
3574 4028 3664 4099 fol.
3693 4030 3798 4083 902
3818 4066 3832 4080 .

2267 4119 2285 4150 ι
2309 4101 2425 4167 Quo
2450 4109 2606 4170 pacto
2632 4101 2732 4153 viri
2761 4100 2849 4170 qui
2876 4100 3125 4154 dicuntur
3148 4098 3435 4170 Christiani
3458 4099 3539 4151 vel
3562 4098 3836 4166 ambigere

2262 4172 2377 4224 ausi
2417 4168 2572 4229 sunt,
2603 4172 2741 4224 sitne
2768 4169 3054 4231 Dominus,
3087 4170 3179 4237 qui
3217 4186 3281 4221 ex
3322 4168 3485 4221 Maria
3521 4177 3681 4221 natus
3714 4174 3832 4231 est,

2261 4240 2560 4295 substantia
2593 4250 2647 4295 et
2688 4248 2879 4292 natura
2908 4254 3002 4292 sua
3033 4238 3201 4292 Filius
3230 4238 3355 4300 Dei,
3385 4237 3831 4289 secundum'catn

2264 4325 2385 4365 nem
2416 4325 2543 4363 vero
2570 4324 2635 4362 ex
2665 4306 2869 4361 semine
2898 4307 3096 4369 David,
3124 4314 3178 4358 et
3203 4321 3268 4358 ex
3310 4319 3471 4360 carne
3496 4314 3695 4361 sanctae
3723 4304 3835 4359 Ma-

577 4378 803 4448 vellent,
836 4381 965 4434 illud
996 4373 1341 4434 nihilominus
1384 4381 1683 4435 adorabant
1708 4395 1723 4441 ;
1772 4380 1915 4432 unde
1955 4379 2156 4447 passim
2187 4388 2239 4448 ι)
2263 4380 2355 4432 rize
2376 4378 2568 4448 ortus?
2589 4377 2817 4448 Quinam
2840 4390 2966 4448 vero
2990 4390 3054 4428 ea
3082 4375 3385 4430 temeritate
3410 4373 3653 4448 fuerunt,
3680 4384 3738 4429 ut
3755 4376 3835 4430 di-

578 4446 687 4501 illis
712 4450 1001 4519 exprobrat
1027 4449 1355 4513 Athanasius
1381 4450 1525 4519 quod
1555 4464 1668 4503 rem
1698 4457 1935 4519 creatam
1962 4446 2157 4500 adora-

579 4525 701 4571 rent
724 4518 881 4587 eique
907 4520 1191 4573 servirent.
1224 4519 1460 4586 Quazstio
1488 4527 1668 4573 autem
1711 4518 1937 4572 ulterior
1976 4532 2159 4572 move-

577 4587 757 4650 batur,
787 4605 856 4644 an
895 4590 1057 4644 etiam
1090 4590 1323 4644 Verbum
1368 4590 1641 4645 hominem
1684 4587 1885 4643 factum
1929 4587 2158 4641 adorare

578 4656 803 4725 liceret;
833 4668 891 4715 et
918 4670 1063 4715 recte
1099 4660 1152 4714 id
1196 4676 1254 4716 se
1292 4661 1471 4716 facere
1499 4659 1905 4715 arbitrabantur
1936 4655 2117 4711 Ariani
2137 4699 2153 4721 ,

576 4743 643 4802 eo
683 4731 857 4800 quod,
888 4740 949 4786 ut
978 4747 1115 4787 vane
1159 4734 1452 4802 putabant.
1484 4732 1677 4786 animm
1717 4729 1897 4802 locum
1924 4728 2156 4802 Verbum

579 4798 751 4867 ipsum
776 4803 1065 4866 obtineret,
1094 4798 1216 4857 cuin
1236 4819 1267 4857 e
1287 4812 1475 4858 contra
1496 4802 1771 4858 Christum
1798 4808 1858 4853 ut
1886 4800 2157 4853 hominem

578 4870 912 4925 adorandum
939 4887 1060 4927 esse
1089 4882 1378 4940 negarent,
1409 4874 1492 4937 si,
1519 4880 1581 4926 ut
1607 4879 1725 4925 erat
1763 4869 2154 4940 catholicorum

577 4942 874 5010 sententia,
906 4938 1181 5010 perfectus
1205 4945 1365 4997 homo
1402 4951 1581 5006 esset;
1613 4948 1775 5009 atque
1807 4940 1891 4993 ita
1934 4938 2157 5010 intelligi

577 5009 738 5092 debet
762 5007 1188 5092 quodgjnepist.
1217 5014 1282 5065 ad
1308 5011 1663 5092 Adelphium,
1690 5007 1747 5065 ιι.
1778 5010 1832 5076 7,
1874 5010 1951 5092 ait
1990 5007 2158 5062 Atha-

577 5080 793 5144 nasins,
821 5080 1030 5136 scilicet
1054 5080 1283 5135 Arianos
1308 5080 1593 5135 Dominum
1623 5081 1678 5133 in
1708 5095 1872 5133 came
1898 5088 2157 5147 tanquam

578 5148 631 5201 in
674 5151 876 5217 templo
917 5152 1238 5206 existean
1282 5152 1512 5205 adorare
1552 5149 1713 5205 nolle.
1743 5149 2070 5217 Apollinaris
2096 5155 2158 5201 ut

576 5218 945 5277 difficultatem
977 5222 1045 5275 ab
1073 5221 1287 5274 Arianis
1314 5230 1518 5275 motam
1538 5262 1553 5283 ,
1581 5218 1647 5272 ad
1675 5218 2009 5288 solummodo
2037 5231 2159 5288 lpo—

575 5287 816 5346 cietenus
846 5292 1005 5346 talem
1033 5292 1294 5354 cvitaret,
1322 5307 1389 5346 ac
1416 5291 1587 5361 ipsum
1618 5291 1779 5361 etiam
1806 5287 2008 5361 Christi
2034 5287 2159 5343 cor-

574 5370 677 5424 pus
722 5362 1053 5417 adoranduin
1097 5375 1217 5416 esse
1260 5376 1357 5430 pro
1396 5358 1546 5423 uret,
1591 5360 1787 5414 rationi
1829 5358 2157 5430 Arianorum

576 5435 799 5503 eatenus
820 5446 1099 5503 assensum
1126 5428 1381 5502 prmbuit,
1412 5440 1678 5503 quatenus
1703 5430 1935 5503 Verbum
1963 5428 2157 5503 animm

574 5496 724 5553 vices
747 5502 1021 5571 suppleam
1042 5496 1343 5558 statuerant
1361 5544 1376 5566 ,
1403 5496 1539 5559 adeo
1558 5542 1575 5567 ,
1600 5509 1662 5555 ut
1683 5516 1749 5555 ex
1774 5500 1952 5571 Verbo
1976 5498 2158 5571 divino

574 5573 633 5620 et
659 5566 865 5643 natura
880 5571 1113 5643 humana
1140 5571 1452 5643 imperfecta
1477 5566 1644 5643 unum
1671 5566 2155 5643 pcrfeclumgquasi

576 5635 867 5694 conﬂatm
885 5680 900 5706 ,
930 5641 1137 5711 hocque
1162 5635 1388 5698 in'statu
1412 5657 1518 5697 una
1547 5635 1861 5697 adoratione
1882 5680 1895 5704 ,
1926 5638 2155 5693 adoran-

2260 4457 2464 4508 cerent,
2493 4446 2790 4509 Christum,
2818 4445 2907 4514 qui
2934 4460 3096 4499 carne
3120 4460 3310 4513 passus
3335 4452 3390 4499 et
3414 4446 3703 4501 crucifixus
3725 4453 3830 4508 est,

2258 4531 2364 4571 non
2390 4530 2511 4569 esse
2533 4516 2816 4569 Dominum
2842 4523 2896 4569 et
2916 4514 3247 4571 Salvatorem
3266 4557 3280 4580 ,
3305 4531 3369 4571 ac
3392 4515 3586 4581 Deum,
3610 4516 3835 4571 Filium-

2258 4601 2364 4656 que
2388 4586 2594 4640 Patris?
2616 4584 2722 4638 Aut
2743 4586 3013 4655 quomodo
3036 4585 3326 4641 Christian
3351 4588 3537 4641 volunt
3558 4600 3835 4656 nuneupa-

2260 4652 2305 4711 ri
2322 4699 2337 4721 ,
2361 4656 2449 4726 qui
2474 4656 2657 4711 dicunt
2678 4656 2729 4710 in
2752 4652 2997 4711 sanctum
3022 4658 3292 4712 hominem
3311 4697 3327 4722 ,
3350 4657 3573 4727 perinde
3591 4652 3757 4727 atque
3776 4652 3833 4707 in

2257 4723 2423 4781 unum
2449 4744 2513 4798 es
2542 4728 2843 4798 prophetis,
2871 4728 3085 4783 venisse
3112 4723 3377 4789 Verbum,-
3404 4740 3507 4780 nec
3532 4726 3707 4795 ipsum

2208 4830 2210 4833 -
2258 4800 2458 4853 minem
2487 4792 2687 4852 factum
2718 4796 2914 4858 fuisse,
2941 4812 3008 4852 ex
3040 4798 3203 4853 Maria
3241 4792 3828 4865 corpus_aai_nmendo,

2258 4869 2352 4923 sed
2397 4868 2562 4923 alium
2607 4883 2727 4923 esse
2772 4866 3069 4932 Christum,
3121 4875 3179 4922 et
3223 4862 3389 4920 aliain
3434 4862 3531 4918 Dei
3558 4862 3831 4931 Verbum,

2256 4940 2402 5062 quod
2426 4946 2553 4993 ante
2580 4937 2803 4993 Mariam
2831 4945 3039 5021 et.aute
3063 4935 3257 5018 sagula
3283 4931 3450 5017 Filius
3475 4940 3592 5017 erat
3615 4932 3834 5018 Patria?

2306 5012 2367 5062 ut
2399 5024 2528 5074 qua,
2558 5022 2760 5074 quaeso,
2805 5015 3013 5062 ratione
3049 5006 3361 5060 Christiani.
3383 5004 3601 5069 fuerint,
3634 5019 3728 5074 qut
3752 5006 3835 5061 dt-

2258 5023 2760 5134 Si’itqfiian‘i“§§é
2801 5023 3013 5131 res:
3049 5023 3344 5129 ⁸3⁸33ιέ³
3358 5023 3736 5131 ’ὁέπὲτιὲιῗιέ
3752 5023 3825 5129 ῗτ

2258 5147 2414 5228 Qnod
2443 5163 2573 5228 vero
2605 5146 2931 5228 mert‘iones
2963 5146 3094 5228 istm
3109 5152 3291 5228 ortum
3326 5159 3395 5228 ex
3427 5146 3833 5228 inpugnatione

2528 5214 3135 5297 traxerintnmanifeste
3172 5214 3439 5297 colligitur
3473 5214 3541 5271 ex
3580 5214 3678 5300 iis,
3710 5231 3831 5286 qua:

2258 5289 2569 5338 immediate
2590 5300 2646 5338 η.
2672 5285 2712 5338 3
2736 5285 3011 5338 subiungit
3029 5284 3387 5338 Athanasius:
3410 5304 3431 5337 ι
3458 5285 3585 5338 Hauc
3604 5303 3659 5338 ιιι
3683 5301 3831 5338 com-

2258 5285 2569 5345 immediate
2590 5300 2646 5342 η.
2672 5285 2712 5349 ὅ
2736 5285 3011 5355 subiungit
3029 5285 3387 5342 Athanasius:
3410 5304 3431 5337 ι
3458 5285 3585 5343 Hmc
3604 5286 3659 5342 in
3683 5285 3831 5342 com-

2258 5357 2540 5413 mentariis
2580 5362 2767 5421 erant,
2808 5355 2917 5418 ait,
2960 5354 3185 5411 diversis
3224 5356 3442 5426 quidem
3481 5357 3692 5422 verbis,
3735 5355 3830 5411 sed

2257 5426 2455 5494 quibus
2481 5439 2589 5497 una
2625 5426 2921 5497 eademque
2960 5426 3226 5497 sententia
3266 5426 3456 5497 visque
3494 5426 3829 5497 impietatem

2257 5493 2509 5564 spectans
2550 5494 2743 5549 inerat.
2786 5493 3016 5566 Propter
3061 5496 3147 5566 illa
3189 5493 3387 5566 mututi
3423 5493 3825 5566 disceptabat.

2258 5566 2770 5687 cpncerttabantque,
2798 5566 2886 5634 qui
2902 5564 2979 5621 Vde
3002 5565 3336 5622 confessione
3360 5564 3587 5620 Patrum
3609 5564 3826 5619 Nicena

2259 5652 2289 5705 g
2312 5648 2464 5688 orian
2492 5649 2574 5687 ur.
2610 5652 2629 5683 ι
