4246 6196
623 248 727 303 375

1465 245 1522 298 Β.
1568 247 1625 298 l".
1667 243 1892 298 ALBINI
1933 241 2061 297 εει]
2102 242 2378 298 ALCUlNl
2413 241 2696 298 OPERL'M
2734 243 2912 299 PARS
2948 245 3032 301 Ill.

3767 245 3871 302 376

623 365 782 427 vobis,
812 375 913 419 etc.
947 364 1162 432 scripsit
1192 377 1206 413 :
1250 378 1269 410 ι
1303 359 1419 415 Non
1451 363 1583 416 dixit
1615 381 1624 413 :
1659 361 1769 414 Hoc
1805 360 1976 432 sapite
2014 359 2067 410 in
2105 373 2196 432 δοῖ
2231 368 2267 420 Α
2302 357 2572 413 lubentius
2589 357 2929 432 adoptarunt,
2940 375 3048 432 quo
3067 361 3307 416 securius
3327 361 3620 432 fortiusque
3639 360 3874 432 Appelli-

623 436 732 498 his,
765 435 906 505 quod
933 446 989 508 e_t_
1019 428 1072 487 iii
1104 433 1280 508 Verbo
1315 432 1452 495 Deo,
1481 432 1624 508 quod
1653 446 1775 508 cum
1808 431 1860 482 in
1893 430 2062 508 forma
2090 428 2196 508 Dei

619 498 797 568 esset;
832 504 1079 559 svrvilem
1121 502 1344 556 formam
1387 498 1634 568 accepit:
1666 501 1757 553 sed
1800 515 1929 552 voce
1974 498 2196 562 Christi,

621 586 871 642 tanquam
911 575 1123 641 utrinsq
1161 589 1190 625 e
1233 580 1436 625 natum
1485 573 1754 624 notionem
1796 569 2198 642 eoinplectcnte

618 638 865 712 accepta,
907 644 1023 696 sine
1062 638 1298 712 periculo
1330 642 1473 693 illum
1517 650 1566 693 et
1609 642 1754 712 servi
1791 638 2016 690 formam
2042 653 2198 712 surn-

615 707 784 782 psiss'e
816 707 1106 774 asseverat,
1139 722 1190 764 et
1223 711 1673 782 Deurnqrmninat,
1706 709 1969 782 dictorum
1992 707 2109 782 vim
2145 708 2197 760 in

616 779 928 836 naturarum
953 783 1262 836 dualitatem
1290 780 1545 834 inoffense
1569 791 1807 846 partiens
1858 799 1874 828 ι
1898 779 2197 830 (lonlirma-

614 861 701 905 tur
730 853 780 905 id
805 868 867 907 ex
901 853 1352 906 anathematismo
1381 851 1414 904 6
1444 851 1611 904 sancti
1643 847 1824 916 Cyrilli
1847 889 1859 907 ,
1890 847 1978 913 qui
2010 848 2082 899 ita
2112 861 2196 901 so-

615 933 706 976 nat
736 937 748 974 :
782 941 798 971 ι
843 925 898 976 Si
935 924 1054 991 quis
1095 924 1184 976 Dei
1229 923 1399 975 Patris
1432 922 1662 974 Verbum
1689 918 1887 991 Christi
1917 917 2080 991 Deum
2098 917 2195 991 _vel

614 983 1045 1046 Dominum'e'sse
1071 991 1298 1055 dixerit,
1327 1001 1382 1045 et
1411 1006 1514 1043 non
1549 991 1726 1058 potius
1762 989 1924 1039 Deum
1955 985 2111 1058 simul
2141 983 2195 1040 et

615 1063 882 1114 hominem
921 1065 1170 1117 emndem
1218 1061 1497 1114 confessus
1538 1057 1730 1119 fuerit,
1768 1067 2034 1124 quatenus
2065 1057 2195 1109 Ver—

612 1132 732 1184 bum
756 1147 884 1186 caro
900 1131 1097 1189 factum
1121 1140 1220 1194 est,
1241 1130 1534 1202 secundum
1557 1130 1883 1202 scripturas,
1905 1127 2218 1202 anathema

609 1203 695 1274 sit.
731 1222 750 1274 ι
788 1203 1020 1267 Verbum
1060 1202 1235 1274 igitur
1260 1200 1437 1254 Patris
1473 1198 1774 1274 Dominum
1799 1197 2057 1274 assumpti
2099 1197 2193 1249 lio-

611 1265 805 1337 minis,
837 1274 975 1327 hunc
1005 1265 1134 1326 vero
1165 1271 1305 1324 illius
1332 1284 1546 1324 servum
1576 1283 1695 1322 esse
1725 1265 2193 1337 dicebantNesto-

611 1342 783 1407 riani,
825 1342 978 1410 cujus
1013 1339 1242 1410 formam
1283 1340 1384 1395 sibi
1429 1339 1592 1392 Filius
1625 1346 1861 1410 mternus
1903 1336 2104 1410 u_nivi_t_,
2136 1345 2193 1390 et

607 1406 857 1473 uniendo,
889 1406 988 1466 seu
1013 1412 1066 1466 in
1104 1411 1192 1465 illa
1223 1408 1396 1464 forma
1423 1410 1735 1470 habitando,
1765 1415 1821 1460 ut
1848 1407 1944 1472 ipsi
1974 1406 2190 1474 quidem

603 1482 1016 1542 existimabant.
1057 1483 1407 1550 semetipsum
1435 1479 1759 1550 exinanivit,
1794 1477 1870 1550 uti
1901 1476 2076 1550 denuo
2105 1492 2190 1550 re-

608 1551 710 1607 fert
737 1560 955 1606 sanctus
970 1551 1198 1618 Cyrillus
1224 1545 1275 1604 in
1296 1549 1518 1618 epistola
1544 1549 1610 1602 ad
1642 1549 1927 1602 Monachus
1947 1545 2185 1618 .Egymi,

605 1637 750 1674 num.
780 1622 845 1674 Μ
867 1611 1090 1675 ιοηι.Ἰν
1111 1611 1419 1686 Conc.,col.
1447 1618 1570 1680 602,
1597 1619 1843 1686 inquiens
1869 1635 1879 1667 :
1903 1635 1921 1666 ‹
1953 1611 2188 1683 Respon-

2299 433 2626 500 narlstarum
2661 429 2890 496 impetus
2919 429 3022 484 illis
3048 433 3265 500 reprimi
3299 433 3401 486 sibi
3432 429 3699 487 visi'sunt.
3722 429 3874 488 Licet

2298 499 2440 552 enim
2462 497 2575 565 jam
2602 501 2981 554 antecedenter
3001 501 3055 554 in
3079 497 3253 569 pugna
3279 503 3534 556 adversus
3557 501 3786 558 Arianos
3805 503 3873 555 ad

2298 569 2669 640 similesginter
2689 569 2921 622 divinam
2947 570 3343 640 humanamque
3368 572 3736 626 distinctiones
3757 572 3875 639 qui—

2297 639 2419 706 dam
2442 637 2640 705 delapsi
2665 647 2863 703 essent,
2891 639 3183 706 proximius
3206 637 3385 694 tamen
3405 650 3516 696 tum
3543 650 3663 696 erat
3685 637 3872 696 contra

2298 705 2646 779 Synusiastas
2686 707 2739 760 in
2776 705 2903 779 sinu
2929 708 3250 779 Apollinaris
3287 722 3441 764 natos
3481 721 3788 776 certamen;
3820 720 3877 764 et

2295 791 2420 830 cum
2458 778 2542 830 isti
2586 792 2802 830 carnem
2836 777 3012 832 Verbo
3044 779 3550 834 consubstantialem
3593 796 3712 835 esse
3760 779 3873 834 vel-

2296 847 2435 906 lent,
2468 856 2782 900 naturarum
2809 847 2930 900 inde
2957 847 3323 904 confusionem
3358 850 3698 913 inducentes,
3727 852 3873 907 omni

2295 925 2733 985 argumentorum
2754 916 2806 988 vi
2833 915 3044 971 illarum
3070 918 3371 974 differentia
3395 921 3557 974 etiam
3578 930 3699 988 post
3721 921 3876 974 unio—

2293 993 2420 1060 nem"
2451 985 2831 1054 prepugnanda
2851 996 3000 1060 erat:
3033 988 3134 1060 Et
3155 989 3256 1042 fuit
3296 991 3342 1044 is
3379 991 3541 1044 etiam
3571 985 3877 1060 pnecipuus

2293 1056 2615 1128 scriptorum
2635 1095 2649 1117 ,
2683 1070 2819 1128 quos
2842 1055 3002 1128 987
3030 1058 3080 1111 in
3105 1058 3334 1113 decursu
3364 1060 3523 1128 hujus
3550 1055 3874 1128 paragraphi

2292 1139 2322 1198 β
2353 1135 2494 1179 coetu
2527 1125 2982 1198 Nestorianor’unf
3012 1128 3326 1191 citavimus,
3367 1125 3593 1198 scopas,
3629 1125 3877 1198 quamvis

2294 1195 2505 1266 incaute
2541 1194 3005 1266 jaculandoultra
3050 1213 3171 1251 eum
3210 1194 3477 1266 progressi
3517 1194 3877 1252 sinu—Auctor

2293 1264 2413 1337 libri
2447 1273 2634 1337 contra
2660 1264 3006 1337 Syriusiastas
3031 1268 3081 1337 id
3121 1264 3253 1322 satis
3290 1264 3477 1337 aperte
3515 1270 3713 1332 innuit,
3746 1269 3872 1321 dum

2291 1335 2626 1402 locosmpius
2648 1335 2813 1388 citato
2835 1335 2911 1388 ait
2940 1349 2953 1388 :
2989 1354 3008 1386 ι
3046 1335 3102 1390 Si
3128 1339 3250 1402 quis
3273 1335 3403 1392 velit
3430 1340 3648 1394 abusive
3677 1338 3872 1391 Filium

2292 1402 2601 1476 Deipeum
2649 1403 2882 1476 Verbum
2926 1404 3094 1458 ﬁlium
3137 1402 3304 1461 David
3341 1410 3617 1462 nominare
3652 1416 3876 1476 propter

2292 1473 2385 1528 Dei
2411 1473 2570 1527 Verbi
2603 1473 2892 1542 templum,
2921 1476 3062 1542 quod
3090 1491 3153 1530 ex
3194 1477 3357 1531 David
3381 1487 3489 1542 est,
3519 1473 3788 1540 nominet;
3817 1485 3874 1530 et

2292 1545 2472 1606 illum,
2505 1543 2597 1613 qui
2628 1552 2709 1597 est
2751 1558 2815 1617 ex
2860 1546 3064 1599 semine
3090 1545 3255 1617 David
3281 1588 3294 1611 ,
3323 1547 3518 1601 Filium
3552 1548 3642 1602 Dei
3676 1549 3871 1617 gratia.

2290 1628 2394 1666 non
2422 1612 2612 1699 natura
2644 1612 2903 1699 appellet,
2936 1615 3205 1699 naturales
3242 1627 3424 1685 patres
3452 1632 3555 1671 non
3583 1612 3868 1699 ignorans,

605 1692 729 1761 deat
759 1691 926 1755 illum,
952 1692 1043 1761 qui
1072 1700 1261 1746 natura
1291 1683 1355 1744 ac
1403 1705 1528 1761 vere
1553 1683 1724 1761 Filius
1743 1696 1845 1750 est,
1873 1695 1928 1738 et
1951 1685 2103 1761 liber,
2133 1694 2189 1740 et
2224 1698 2263 1757 Β
2294 1698 2467 1761 neque
2491 1683 2732 1761 ordinem
2755 1685 3104 1761 subvertens,
3133 1683 3307 1756 neque
3335 1702 3475 1749 eum,
3505 1689 3595 1761 qui
3618 1683 3872 1761 incorpo-

603 1759 778 1815 Patris
806 1755 1036 1816 Vcrbum
1061 1768 1200 1824 erat,
1230 1771 1284 1816 ct
1319 1761 1373 1814 in
1404 1760 1676 1815 Gcnitoris
1703 1757 1873 1811 forma
1900 1755 2183 1819 existebat,

605 1849 665 1884 ac
694 1832 741 1901 ei
765 1833 985 1901 arqualis
1008 1842 1147 1897 erat,
1176 1833 1228 1885 in
1254 1831 1492 1892 homine,
1521 1844 1679 1901 quem
1709 1825 1981 1901 mulieuin
2013 1826 2185 1901 lucem

602 1896 1185 1981 cdiditninhahitasse;
1225 1910 1390 1981 atque.
1419 1896 2089 1981 hucteriderethiddquid
2122 1897 2187 1951 de

601 1971 988 2035 exinanitione,
1018 1971 1100 2025 vel
1129 1966 1518 2031 humiliatione,
1545 1967 1622 2019 vel
1649 1967 1861 2022 servilis
1890 1966 2074 2019 forum
2101 1982 2187 2018 as-

602 2041 904 2109 sumptione
925 2054 1150 2109 usquam
1177 2042 1426 2094 traditur.
1454 2040 1559 2094 Sed
1587 2040 1720 2092 heus
1742 2048 1818 2098 tu,
1840 2037 2084 2109 quisquis
2105 2051 2182 2109 es,

601 2107 790 2165 canine
815 2119 924 2166 tute
948 2107 1114 2165 solam
1141 2113 1302 2165 divini
1331 2111 1490 2167 Verbi
1519 2111 1569 2162 in
1595 2109 1811 2162 homine
1839 2107 2184 2160 inhabitatio.

599 2195 720 2233 nem
770 2181 836 2235 ad
887 2184 1223 2234 statuendam
1277 2181 1420 2232 illam
1470 2179 1888 2232 cxinanitioncm
1935 2184 2018 2230 sat
2067 2191 2184 2229 esse

597 2250 914 2303 existimas?
942 2251 1179 2318 nihilque
1214 2251 1389 2305 inesse
1417 2249 1636 2318 periculi
1665 2246 1977 2318 arbitraris,
2006 2247 2048 2299 si
2079 2263 2182 2298 una

600 2318 698 2372 hac
731 2322 938 2374 ratione
970 2316 1199 2374 Verbum
1228 2316 1475 2374 servilem
1507 2319 1735 2372 formam
1761 2316 2084 2384 suscepisse,
2111 2324 2184 2369 ta-

599 2386 811 2457 lemque
841 2391 1233 2446 bumiliationis.
1257 2391 1469 2443 modum
1506 2389 1790 2457 pertulisse
1824 2389 2124 2457 statuatur?
2159 2406 2176 2437 ι

598 2458 663 2511 Et
689 2456 833 2511 nunt.
868 2462 930 2513 t3
958 2461 1193 2529 ejusdem
1228 2460 1466 2528 epistolm
1503 2456 1685 2521 narrat
1729 2458 1893 2529 fuisse
1922 2456 2179 2524 quosdam

599 2530 738 2581 luter
767 2526 998 2584 Nestorii
1041 2526 1301 2588 asseclas,
1337 2531 1426 2596 qui
1472 2530 1607 2581 hanc
1635 2526 2053 2581 exinanitionem
2091 2536 2182 2579 aut

597 2601 808 2653 servilis
838 2600 1022 2653 formae
1047 2600 1464 2669 assumptionem
1490 2613 1592 2651 non
1619 2599 1715 2666 ipsi
1747 2598 1938 2659 Verbo,
1967 2596 2060 2649 sed
2084 2597 2180 2650 soli

598 2669 830 2731 homini,
866 2686 1021 2738 quem
1052 2669 1282 2724 Verbum
1312 2669 1411 2723 sibi
1444 2669 1686 2730 unierat,
1714 2669 2075 2738 ascriberent;
2114 2680 2180 2738 ex

599 2753 703 2810 quo
770 2736 1035 2810 colligitur
1081 2741 1200 2794 illos
1247 2740 1492 2808 equidem
1543 2740 1594 2791 in
1649 2738 1979 2810 exponendis
2032 2736 2179 2810 Pauli

594 2809 775 2859 verbis
804 2807 908 2877 pro
930 2826 1078 2863 more
1127 2807 1501 2863 hrcrcticorum
1544 2824 1648 2862 non
1690 2807 1819 2860 nihil
1851 2808 1918 2861 ab
1954 2808 2180 2861 invicem

597 2880 912 2941 recessisse;
953 2881 1005 2931 in
1038 2879 1138 2931 hoc
1175 2888 1352 2931 tamen
1393 2879 1623 2931 maxime
1662 2877 1823 2930 fuisse
1860 2880 2174 2937 concordes,

592 2949 736 3016 quod
765 2949 1036 3002 Christum
1058 2989 1071 3010 ,
1103 2957 1160 3001 ut
1187 2950 1456 3001 hominem
1478 2989 1489 3009 ,
1520 2964 1704 3000 verum
1738 2948 1930 3008 Patris,
1962 2949 2092 3016 quin
2125 2956 2180 3000 et

593 3018 759 3084 ipsius
799 3019 954 3072 Verbi
1004 3020 1358 3088 assumptoris
1399 3032 1614 3088 servum
1647 3017 1812 3071 fuisse
1846 3019 2178 3088 arbitraren-

595 3071 698 3138 tur.
730 3071 1024 3141 Audiamus
1049 3071 1279 3159 desuper
1314 3088 1489 3140 adhuc
1531 3087 1924 3159 Theodoretum
1947 3071 1982 3159 ,ς
2003 3087 2176 3159 quiin
2211 3071 2251 3130 Ο
2283 3084 2668 3152 Apollinarium
2716 3071 2789 3137 ita
2833 3085 3104 3159 disserens
3130 3103 3164 3159 _:

594 3159 1007 3222 reprehensione
1036 3157 1465 3212 anathematismi
1492 3157 1648 3209 modo
1671 3158 1900 3224 primum
1931 3157 2079 3210 citati
2108 3157 2177 3208 ita

596 3228 950 3280 ratiocinator
981 3248 990 3279 :
1028 3249 1044 3275 ι
1078 3230 1272 3282 Beatus
1300 3230 1514 3296 quidem
1546 3227 1745 3296 Paulus
1767 3268 1779 3290 ,
1810 3227 1952 3294 quod
1977 3242 2179 3278 assum—

596 3246 950 3280 rauocmatur
981 3248 990 3279 :
1028 3249 1044 3275 ι
1078 3246 1272 3282 matus
1300 3247 1314 3279 ‹
1341 3246 1514 3280 niuem
1550 3246 1745 3296 rauius
1767 3268 1779 3290 ,
1810 3246 1951 3294 quod
1977 3246 2178 3278 assum—

595 3305 742 3363 ptum
777 3307 856 3350 est
890 3314 915 3348 a
947 3300 1055 3352 lico
1093 3300 1288 3360 Verbo,
1317 3246 1548 3351 iormam
1581 3298 1715 3349 servi
1744 3296 1972 3366 appellat
2008 3316 2019 3348 :
2049 3313 2178 3364 quo-

597 3366 739 3417 niam
772 3382 896 3420 vero
923 3369 1172 3421 unionem
1215 3369 1508 3437 assumptio
1536 3370 1812 3435 prmcessit
1832 3408 1845 3430 ,
1880 3368 1943 3420 de
1974 3384 2180 3420 assum—

597 3437 779 3502 ptione
808 3446 983 3490 autem
1013 3440 1280 3492 disserens
1305 3435 1445 3502 idem
1473 3438 1658 3491 beatus
1688 3437 1882 3491 Paulus
1902 3478 1916 3499 ,
1949 3435 2195 3493 formam'

595 3501 733 3557 Servi
776 3508 1058 3575 appellavit
1088 3516 1336 3560 naturam
1379 3501 1738 3573 assumptam;
1774 3524 1876 3560 non
1917 3508 2055 3560 ultra
2097 3508 2176 3559 lo-

592 3590 715 3628 cu'n
764 3578 926 3632 habet
973 3580 1166 3631 unione
1212 3579 1353 3630 facta
1402 3576 1674 3630 servitutis
1703 3592 1915 3629 nomen.
1960 3577 2092 3628 Nam
2133 3580 2174 3632 si

593 3646 733 3704 idem
774 3647 1059 3716 Apostolus
1099 3648 1341 3702 scribens
1381 3647 1463 3702 his
1525 3649 1611 3712 qui
1658 3647 1709 3697 in
1752 3647 1894 3697 illum
1938 3646 2176 3716 credide-

594 3725 734 3788 ran_t,
763 3713 975 3773 dicebat
1009 3737 1019 3770 :
1055 3718 1239 3788 Itaque
1253 3719 1373 3788 jam
1394 3734 1495 3769 non
1522 3727 1596 3767 est
1624 3730 1818 3788 servus,
1848 3716 1934 3766 sed
1963 3713 2134 3766 Filius
2157 3731 2173 3764 :

591 3794 646 3836 et
677 3786 935 3857 Dominus
970 3786 1298 3857 discipulis:
1338 3787 1462 3838 Iam
1508 3803 1607 3838 non
1646 3786 1814 3838 dicam
1854 3803 1942 3837 vos
1981 3801 2173 3848 servos,

592 3856 680 3906 δέ*ίί
721 3860 948 3920 amicos;
990 3856 1157 3911 multo
1201 3858 1370 3925 magis
1420 3857 1669 3924 prmiitim
1716 3863 1908 3908 nostra:
1949 3864 2170 3914 naturm,

590 3938 688 3990 per
713 3938 870 3991 quem
897 3936 949 3978 et
974 3940 1073 3979 nos
1099 3927 1398 3993 adoptiOnis
1421 3929 1617 3977 dmium
1651 3926 1880 3978 assecuti
1912 3941 2114 3984 sumus,
2145 3944 2170 3982 a

590 3995 726 4047 servi
759 3997 1218 4062 cognominatione
1250 3995 1506 4046 liberatus
1527 4001 1624 4047 est.
1653 3994 1816 4046 Deum
1846 3995 2006 4062 igitur
2045 3995 2173 4048 fate—

589 4080 709 4138 mur
733 4066 893 4118 etiam
921 4065 1243 4138 ipsaniservi
1270 4065 1586 4138 lormam,et
1608 4065 1872 4138 credimus
1895 4064 2173 4131 Propheta!

587 4136 748 4185 etiam
793 4132 1012 4206 puerum
1063 4133 1464 4188 Emmanuelem
1490 4132 1799 4206 appellanti
1828 4177 1861 4206 ,γ
1889 4143 1940 4186 et
1988 4144 2169 4206 natum

586 4204 809 4276 puerum
869 4206 1041 4276 magni
1091 4206 1305 4276 consilii
1349 4204 1630 4272 angelum,
1685 4220 1744 4256 ac
1801 4205 2168 4258 admirabilem

588 4274 979 4336 consiliarium,
1013 4284 1065 4328 et
1092 4277 1255 4327 Deum
1286 4274 1498 4335 fortem,
1532 4286 1584 4328 et
1614 4281 1928 4342 potestatem
1961 4277 2166 4328 haben-

587 4352 690 4412 tem
716 4384 727 4404 ,
774 4354 826 4397 et
867 4345 1176 4412 principem
1203 4346 1379 4411 pacis;
1413 4354 1727 4410 pati-eritque
1766 4344 1928 4395 futuri
1961 4346 2159 4397 seculi.

587 4411 966 4487 Verumtamen
993 4411 1129 4487 idem
1153 4411 1418 4480 PrOpheta
1438 4413 1598 4465 etiam
1625 4423 1742 4477 post.
1769 4414 2015 4487 unionem
2032 4431 2164 4487 pne:
2200 4429 2247 4487 ι)

587 4482 771 4533 rlicans
799 4482 1054 4549 assumpti
1083 4490 1361 4546 naturam,
1390 4497 1601 4535 servum
1633 4482 1863 4548 appellat
1888 4497 2009 4533 eum
2034 4524 2046 4544 ,
2075 4484 2166 4550 qui

586 4559 666 4604 est
704 4567 766 4602 ex
809 4553 1010 4604 semine
1048 4551 1307 4612 Abrahzr,
1341 4553 1419 4606 sic
1457 4551 1641 4604 dicens
1677 4569 1686 4601 :
1725 4550 1913 4603 Sen-us
1943 4568 2086 4605 meus
2114 4569 2165 4604 es

585 4633 663 4692 (it,
693 4621 876 4683 Israel,
898 4631 940 4692 et
967 4622 1018 4672 in
1041 4633 1086 4673 te
1108 4622 1439 4691 glori/imber
1457 4621 1635 4692 (lsaia’
1658 4627 1821 4688 κως).
1845 4622 1908 4673 Et
1933 4623 2160 4676 iterum:

587 4690 673 4742 Sic
702 4693 863 4760 inquit
897 4691 1163 4752 Dominus,
1195 4695 1280 4760 qui
1310 4690 1550 4759 formarit
1578 4709 1657 4744 me
1686 4709 1748 4745 ea;
1789 4705 1930 4743 utero
1964 4711 2162 4746 serram

586 4763 707 4823 sibi,
750 4772 852 4815 etc.
900 4780 917 4812 ι
958 4760 1175 4814 Fatetur
1212 4762 1457 4830 equidem
1491 4764 1590 4816 hoc
1628 4762 1743 4817 loco
1775 4763 2160 4823 Theodoretus.

586 4832 853 4906 hominem
892 4839 1223 4906 assumptum
1263 4831 1400 4883 facta
1433 4834 1627 4906 unione
1651 4834 2014 4906 servumdici
2058 4850 2160 4906 non

585 4901 796 4972 debere,
825 4919 944 4956 cum
973 4901 1191 4972 propter
1210 4903 1349 4956 hanc
1374 4902 1622 4972 unionem
1651 4903 1745 4954 Dei
1772 4910 1824 4972 et
1846 4901 1963 4972 Filii
1987 4905 2167 4971 appel«

586 4968 782 5023 latione
804 4968 1114 5026 hortaretur.
1134 4973 1381 5026 Attamen
1407 4971 1449 5023 si
1474 4978 1744 5039 spectetur
1763 4968 2167 5038 Christus—prm-

585 5040 695 5092 cise
729 5056 830 5109 qna
862 5044 1053 5106 homo,
1091 5059 1305 5098 servum
1336 5055 1456 5095 cum
1501 5039 1845 5109 nihilominus
1885 5044 2167 5094 nominan—

588 5108 891 5182 durnesse,
924 5123 979 5166 et
1005 5113 1162 5182 hujus
1189 5115 1351 5168 etiam
1383 5110 1648 5182 opinionis
1678 5108 2082 5182 fundamentum
2111 5113 2165 5164 in

585 5179 764 5250 verbis
793 5179 939 5235 Isaiae
974 5197 1030 5234 se
1054 5179 1466 5250 deprehendisse
1484 5181 1772 5241 existimat,
1799 5179 2016 5234 minime
2036 5195 2168 5248 pon-

586 5247 779 5320 derans
817 5247 1277 5306 necessario—imas
1308 5255 1359 5306 in
1391 5252 1605 5306 Christo
1637 5250 1785 5320 sequi
1822 5247 2096 5317 ρρτεοιιάε.
2121 5251 2166 5304 εί

564 5318 754 5396 ‘eidem
776 5362 788 5384 ,
818 5330 877 5396 ut
905 5321 1128 5386 homini,
1154 5338 1335 5376 veram
1363 5325 1684 5392 prepricque
1710 5318 1907 5374 dictam
1939 5321 2168 5375 servitu-

587 5395 690 5438 tem
723 5393 1038 5444 ascriberet.

657 5458 789 5516 XIV.
827 5461 1094 5525 Principia
1120 5461 1219 5513 ista
1246 5461 1362 5513 ideo
1389 5462 1708 5521 potissimum
1737 5460 2033 5514 statuebant
2062 5459 2168 5513 Ne-

584 5530 802 5581 storium
827 5544 920 5602 ,_ut
935 5533 1304 5602 confusionem
1344 5543 1652 5602 naturarum
1682 5534 1739 5602 in
1765 5529 1972 5584 Christo
2005 5531 2167 5582 evita-

588 5605 710 5671 τένδει
748 5627 814 5672 ς-ς
835 5600 912 5672 Et
933 5600 1054 5656 haec
1069 5601 1282 5672 demum
1312 5601 1520 5672 potiora
1546 5601 1696 5656 fuere
1723 5601 2163 5656 Nestorianorum

589 5668 873 5729 principia.
900 5670 980 5724 ha:
1003 5668 1349 5726 natabiliores
1370 5686 1554 5727 eorum
1570 5673 1920 5736 asscrtioncs,
1945 5685 2081 5740 quas
2101 5685 2166 5724 eo

2293 1753 2424 1806 ralis
2448 1762 2551 1817 est,
2581 1754 2742 1822 etiam
2766 1768 2961 1822 corpus
2987 1756 3187 1816 dicens,
3213 1753 3266 1810 et
3288 1766 3411 1810 ante
3435 1753 3626 1813 saecula
3651 1772 3718 1811 ex
3767 1753 3875 1810 Deo

2291 1832 2344 1896 et
2379 1838 2446 1878 ex
2479 1822 2663 1876 David.
2702 1821 2908 1896 Corpus
2949 1840 3054 1877 non
3092 1835 3173 1880 est
3209 1827 3576 1896 incorporale;
3610 1828 3751 1896 Quod
3789 1836 3872 1880 est

2289 1894 2563 1956 deorsum,
2593 1907 2697 1946 non
2727 1901 2812 1948 est
2850 1895 2914 1963 de
2944 1909 3184 1959 sursum;
3219 1894 3472 1963 quod—est
3509 1894 3640 1950 ante
3659 1897 3871 1959 secula,

2290 1979 2394 2017 non
2423 1970 2506 2035 est
2529 1977 2596 2035 ex
2630 1964 2835 2017 semine
2861 1962 3059 2027 David;
3087 1962 3472 2035 quodpassum
3499 1977 3602 2030 est,
3639 1983 3745 2019 non
3785 1976 3868 2020 est

2290 2033 2650 2101 impassibile;
2695 2048 2794 2087 nec
2827 2035 2967 2087 enim
3012 2033 3118 2088 ista,
3150 2038 3217 2089 ad
3252 2033 3500 2092 éumdem
3539 2037 3868 2091 intellectum
3899 2083 3908 2090 .

2289 2102 2674 2166 obvertuntur;
2703 2118 2828 2173 quae
2855 2113 2980 2158 sunt
3002 2107 3261 2173 corporis,
3287 2123 3392 2162 non
3416 2116 3542 2161 sunt
3569 2108 3661 2160 Dei
3685 2106 3867 2166 Verbi,

2287 2181 2341 2227 et
2371 2189 2488 2244 qua:
2532 2183 2658 2227 sunt
2698 2172 2787 2230 Dei
2831 2175 3023 2238 Verbi,
3068 2172 3171 2229 non
3205 2178 3362 2230 habet
3399 2192 3612 2244 corpus.
3643 2175 3873 2230 Naturas

2287 2243 2659 2315 contiteamur,
2689 2252 2743 2315 et
2768 2244 3194 2315 dispensationes
3218 2260 3322 2300 non
3352 2243 3691 2315 abnegemus.
3729 2265 3747 2296 ι
3781 2245 3872 2301 Vi-

2288 2315 2382 2368 des
2402 2313 2670 2385 quomodo
2696 2314 2796 2367 hoc
2818 2313 2937 2385 loco
2965 2323 3150 2385 auctor
3171 2316 3273 2370 iste
3299 2316 3465 2370 tilium
3486 2313 3554 2369 ex
3582 2315 3746 2368 Maria
3776 2321 3891 2385 ge-‘

2285 2385 2458 2438 nitum
2485 2383 2656 2453 gratia
2684 2391 2886 2436 tantum
2920 2383 3012 2438 Dei
3041 2384 3232 2439 Filium
3259 2400 3378 2442 esse
3414 2396 3634 2449 statuat,
3667 2395 3720 2440 et
3751 2383 3872 2453 qui-

2288 2456 2408 2508 dem
2430 2470 2493 2507 ex
2519 2467 2580 2507 ea
2606 2453 2830 2516 ratione,
2853 2455 3014 2522 quod.
3029 2470 3148 2523 quze
3170 2465 3294 2509 sunt
3311 2457 3490 2520 Verbi,
3509 2471 3615 2510 non
3639 2455 3870 2509 debeant

2286 2526 2506 2578 attribui
2549 2524 2790 2591 corpori,
2832 2541 2932 2578 nec
2969 2525 3201 2580 vicissim
3241 2527 3592 2594 proprietates
3627 2526 3873 2593 corporis

2287 2594 2462 2648 Verbo
2491 2595 2684 2647 ascribi
2704 2610 2728 2658 ;~
2745 2610 2850 2662 quo
2885 2609 3015 2648 sane
3041 2597 3172 2648 nihil
3203 2594 3346 2649 aliud
3379 2597 3623 2658 intendit,
3658 2595 3758 2648 nisi
3784 2612 3871 2649 er-

2285 2680 2461 2717 rorem
2500 2663 2928 2717 adversariorum
2966 2680 3186 2718 suorum
3224 2663 3490 2729 refutare,
3542 2667 3631 2734 qui
3674 2672 3870 2734 corpus

2286 2734 2484 2788 Christi
2535 2734 2711 2787 Verbo
2758 2735 3215 2788 consubstantiale
3267 2737 3535 2796 dixerant,
3587 2736 3868 2802 utriusque

2285 2806 2438 2873 proin
2487 2812 2707 2857 naturas
2749 2803 2800 2856 in
2843 2819 2998 2857 unam
3042 2804 3448 2860 confundentes.
3502 2807 3651 2861 Unde
3690 2815 3738 2860 et
3788 2806 3867 2859 in-

2285 2877 2401 2944 quit
2432 2895 2443 2926 :
2479 2893 2496 2924 ι
2535 2874 2766 2945 Naturas
2798 2876 3172 2939 conliteamur,
3213 2884 3267 2929 et
3296 2877 3721 2945 dispensationes
3758 2892 3867 2930 non

2287 2943 2635 3014 abnegemus.
2678 2963 2696 2994 ι
2731 2943 2982 2998 Eamdem
3019 2954 3330 2999 naturarum
3369 2943 3737 3000 confusionem
3773 2947 3869 3000 ad-

2284 3016 2540 3085 versariis
2559 3015 2669 3068 suis
2680 3014 2967 3085 exprobrat
2984 3015 3294 3070 Theodorus
3314 3016 3452 3070 libro
3467 3017 3659 3085 quarto
3681 3024 3866 3070 eontra

3217 3103 3234 3134 ι
3275 3087 3487 3141 Vestras
3524 3088 3685 3154 igitur
3723 3086 3865 3154 leges

2284 3163 2599 3221 sequentes,
2633 3162 2687 3207 et
2727 3168 2756 3205 a
2796 3162 2882 3205 tua
2915 3155 3173 3220 sapientia
3205 3157 3548 3209 constitutam
3591 3157 3861 3209 obversio-

2285 3240 2427 3286 nem,
2459 3224 2564 3276 imo
2590 3224 2758 3292 magis
2785 3224 3186 3278 subversioncm
3215 3225 3584 3292 suscipientes,
3609 3239 3727 3292 age,
3750 3241 3865 3278 om-

2283 3294 2566 3346 nia‘simul
2606 3293 3029 3356 confundamus,
3071 3304 3122 3346 et
3165 3293 3305 3348 nulla
3333 3293 3441 3361 jam
3485 3297 3552 3349 sit
3589 3297 3862 3359 discretio,

2282 3380 2381 3417 nec
2415 3364 2500 3417 Dei
2528 3364 2732 3426 formm,
2759 3379 2854 3417 nec
2881 3365 3016 3417 servi
3047 3363 3252 3430 fortnas,
3284 3380 3379 3421 nec
3411 3365 3502 3419 Dei
3535 3366 3736 3434 templi,
3767 3381 3866 3420 nec

2281 3435 2422 3500 ejus,
2457 3436 2546 3503 qui
2585 3436 2635 3487 in
2671 3435 2865 3503 templo
2904 3437 3189 3501 habitavit,
3225 3453 3321 3491 nec
3356 3435 3506 3504 ejus,
3538 3438 3626 3504 qui
3660 3437 3866 3490 solutus

2280 3514 2392 3568 est,
2424 3521 2518 3558 nec.
2547 3504 2695 3573 ejus,
2728 3508 2818 3573 qui
2849 3506 3160 3569 suscitavit,
3186 3515 3291 3560 etc.
3327 3528 3343 3558 ι
3381 3506 3532 3560 Tom.
3581 3506 3648 3559 lx
3692 3508 3857 3560 Cone.

2281 3577 2383 3627 col.
2417 3575 2548 3633 206,
2585 3590 2730 3628 num.
2764 3577 2814 3628 8.
2845 3575 2909 3628 Et
2940 3578 3175 3643 apertius
3196 3577 3368 3631 adhuc
3393 3575 3514 3630 libr.
3547 3577 3703 3629 tertio
3733 3591 3863 3628 con-

2282 3651 2362 3695 tra
2395 3644 2687 3712 Apollinar.
2715 3645 2815 3698 col.
2846 3646 2969 3706 203,
3005 3662 3149 3699 num.
3198 3646 3219 3698 l
3266 3664 3279 3699 :
3333 3665 3350 3694 ι
3386 3645 3499 3698 Νοη
3541 3653 3717 3697 tamen
3749 3643 3862 3697 exi-

2280 3714 2608 3765 stimandum
2635 3715 2788 3767 nobis
2831 3724 2912 3766 est
2947 3716 3110 3767 Deum
3142 3716 3204 3768 de
3232 3715 3452 3783 Virgine
3482 3724 3664 3767 natum
3699 3728 3817 3768 esse
3845 3732 3859 3769 :

2281 3783 2382 3835 nisi
2414 3784 2551 3836 forte
2577 3784 2590 3835 i
2616 3784 2712 3836 lem
2742 3783 3159 3836 existimandum
3189 3785 3340 3838 nobis
3365 3792 3464 3845 ost,
3493 3793 3541 3836 et
3574 3784 3715 3851 quod
3760 3800 3859 3836 na-

2280 3863 2390 3905 tum
2416 3864 2516 3917 est,
2551 3861 2605 3905 et
2633 3854 2772 3921 quod
2803 3861 2886 3906 est
2908 3854 2963 3924 in
2990 3862 3115 3924 nato
3140 3853 3351 3920 templo,
3383 3863 3435 3908 et.
3465 3855 3553 3924 qui
3582 3855 3645 3924 in
3664 3854 3865 3924 templo

2278 3933 2359 3976 est
2392 3925 2529 3977 Deus
2561 3924 2813 3977 Verbum.
2852 3943 2869 3974 ι
2905 3923 2967 3976 Et
2993 3923 3149 3995 paulo
3175 3923 3310 3976 infra
3345 3943 3356 3976 :
3397 3942 3413 3972 ι
3451 3923 3505 3978 Si
3537 3925 3699 3995 igitur
3733 3923 3858 3979 enm

2277 4009 2441 4048 carne
2486 4010 2605 4048 cum
2655 4006 2837 4047 natum
2883 4009 3000 4046 esse
3045 3994 3253 4057 dicunt;
3289 3995 3429 4063 quod
3461 3994 3638 4049 autem
3671 4005 3859 4049 natum

2276 4073 2379 4127 est,
2406 4065 2545 4119 Deus
2578 4081 2643 4117 ex
2687 4065 2795 4117 Deo
2843 4074 2896 4118 et
2927 4066 3397 4119 consubstantialis
3432 4065 3577 4119 Patri
3615 4073 3726 4129 est,
3768 4081 3862 4120 ne-

2277 4150 2427 4215 cesse
2453 4147 2552 4197 est,
2584 4136 2684 4215 hoc
2720 4144 2772 4215 ct
2795 4150 3010 4215 carnem
3039 4136 3233 4215 dicere.
3277 4155 3293 4186 ι
3330 4136 3607 4191 Nestorius
3637 4134 3860 4215 ejusque

2277 4205 2513 4259 fautOres
2559 4206 2826 4258 multoties
2868 4207 3002 4258 hanc
3045 4208 3211 4273 ipsam
3244 4216 3556 4259 naturarum
3585 4205 3858 4258 confusio-

2276 4291 2395 4328 nem
2444 4285 2630 4329 saneto
2687 4277 2885 4342 (Ἰν-1110
2941 4275 3163 4339 aliisque
3206 4275 3483 4326 catholicis
3521 4275 3857 4342 objecerunt,

2273 4359 2337 4396 eo
2365 4349 2504 4412 quod
2541 4345 2627 4397 isti
2662 4346 2892 4396 Verbum
2931 4359 2996 4394 ex
3035 4344 3194 4394 Maria
3236 4352 3414 4412 natum
3440 4358 3556 4395 esse
3595 4345 3856 4396 dicerent.

2275 4411 2553 4465 Nestorius
2602 4413 2815 4478 quidem
2846 4414 2922 4482 in‘
2974 4413 3130 4479 epist.
3174 4413 3237 4464 ad
3266 4411 3608 4465 Caelestinum
3640 4428 3856 4482 papam,

2274 4482 2428 4534 Tum.
2475 4483 2540 4534 ιν
2574 4484 2735 4534 Cone.
2776 4481 2876 4534 col.
2913 4482 3070 4536 10:22.
3120 4483 3194 4533 ait
3226 4500 3236 4532 :
3271 4500 3290 4531 ι
3335 4482 3482 4537 Unde
3517 4492 3572 4536 et
3614 4481 3720 4537 nos
3751 4499 3856 4538 non

2274 4552 2536 4604 modicam
2583 4551 2981 4619 corruptionem
3033 4554 3363 4606 orthodoxize
3410 4555 3547 4622 apud
3595 4555 3855 4622 quosdam

2272 4622 2360 4674 hic.
2392 4622 2718 4693 reperientes
2746 4634 2798 4676 et
2825 4623 2902 4676 ira
2931 4633 2981 4676 et
3009 4624 3224 4677 lenitate.
3252 4624 3392 4677 circa
3422 4639 3591 4693 a‘grus
3615 4623 3857 4693 quotidie

2271 4695 2489 4746 utimur.
2529 4692 2619 4746 Est
2656 4694 2795 4747 enim
2844 4695 3102 4764 :egritudo
3152 4712 3252 4764 non
3299 4692 3497 4762 parva,
3540 4695 3631 4748 sed
3673 4692 3856 4764 afﬁnis

2268 4764 2537 4832 putredini
2586 4761 2914 4832 Apollinaris
2953 4774 3006 4816 et
3046 4765 3180 4816 Arii.
3233 4761 3562 4816 Deminicam
3611 4761 3755 4832 enim
3798 4763 3852 4817 in

2269 4831 2484 4888 homine
2508 4831 2758 4889 unionem
2786 4837 2851 4888 ad
2881 4833 3154 4900 cujusdam
3192 4831 3700 4899 contemporationis
3724 4846 3855 4887 oon-

2270 4905 2535 4959 fusionem
2568 4905 2936 4968 commiscent,
2963 4903 3094 4955 adeo
3118 4911 3178 4955 ut
3218 4902 3432 4968 quidam
3463 4901 3600 4969 apud
3630 4917 3726 4956 nos
3748 4903 3851 4957 cle-

2269 4975 2432 5028 rici...
2465 4984 2719 5043 tanquam
2751 4973 3301 5043 hmreLiciagrotent,
3326 4979 3378 5023 et
3399 4982 3580 5040 aperte
3603 4971 3853 5042 blaspbe~

2269 5053 2418 5098 ment
2479 5041 2644 5098 Deum
2712 5044 2944 5112 Verbum
2993 5041 3144 5112 Patri
3191 5043 3542 5112 homousion,
3591 5051 3848 5112 tanquam

2267 5114 2493 5186 originis
2524 5114 2738 5186 initium
2772 5113 2838 5166 de
2874 5111 3213 5186 Christotoco
3251 5111 3470 5182 Virgine
3507 5111 3847 5186 sumpsisset,

2269 5192 2324 5236 et
2355 5179 2477 5237 cum
2505 5182 2700 5251 templo
2730 5196 2828 5235 suo
2865 5179 3162 5236 aediﬁcatus
3188 5190 3330 5236 esset
3345 5179 3366 5243 ,ἡ
3397 5191 3450 5237 et
3480 5179 3848 5239 carni'oonse‘

2269 5252 2448 5320 pultus
2471 5254 2850 5319 ;'carnemque
2885 5251 3073 5305 dicunt
3097 5260 3220 5320 post
3253 5256 3699 5310 resurrectionem
3737 5269 3846 5308 non

2267 5324 2551 5378 miscuisse
2572 5336 2812 5389 carnem,
2843 5321 2936 5375 sed
2962 5322 3013 5373 in
3044 5329 3289 5376 naturam
3322 5325 3578 5378 transisse
3605 5325 3841 5387 deitatis,

2270 5399 2344 5464 et,
2372 5399 2431 5444 ut
2460 5393 2513 5446 in
2538 5392 2853 5464 compendio
2882 5390 3078 5464 dicam,
3118 5392 3370 5464 deitatem
3400 5393 3664 5464 Unigeniti
3693 5401 3750 5464 et
3775 5395 3844 5447 ad

2269 5463 2530 5533 originem
2546 5460 2843 5528 conjunctae
2855 5462 3033 5533 carnis
3053 5461 3312 5527 referunt,
3328 5460 3845 5520 etcominortiticant

2270 5531 2456 5593 carni,
2484 5546 2703 5586 carnem
2733 5545 2859 5586 vero
2886 5531 3224 5600 coniunctam
3262 5534 3448 5588 deitati
3478 5535 3547 5589 ad
3585 5534 3841 5588 deitatem

2271 5603 2529 5671 transisse
2556 5601 2929 5671 blasphemant
2953 5603 3068 5670 ipso
3094 5606 3258 5658 verbo
3287 5603 3658 5660 deiﬁcationis.
3687 5600 3839 5667 Quod

2271 5670 2401 5728 nihil
2429 5670 2571 5728 aliud
2598 5670 2699 5735 est,
2731 5671 2829 5726 nisi
2859 5679 3137 5742 utramque
3163 5687 3522 5744 corrumpere.
3559 5694 3575 5726 ι
3605 5672 3840 5728 Joannes
