4246 6190
492 231 586 289 ιιι

1343 237 1400 290 n.
1443 236 1504 291 ιη’.
1548 235 1770 291 annm
1811 235 1942 292 seu
1983 235 2258 293 “cum
2297 235 2581 293 OPERUM
2621 208 2799 294 usus
2839 239 2923 294 ιιι.

3653 238 3760 297 ΗΞ

489 364 594 420 set,
627 361 681 406 et
708 351 763 406 in
792 348 966 407 forma
1005 350 1183 422 Patris
1212 351 1398 422 Ij‘ilius,
1432 368 1536 407 non
1564 354 1805 422 rapinam
1833 349 2066 422 urbiiru-
2095 356 2143 415 Α
2174 350 2328 405 linito
2357 359 2596 422 tempore
2629 353 2680 407 in
2713 361 2942 407 mortem
2969 352 3318 419 contradidit,
3351 351 3484 407 nihil
3533 352 3754 408 interim

488 439 573 480 tus
600 433 675 478 est
700 439 810 477 esse
847 438 902 495 se
929 421 1182 495 wqualem
1211 420 1339 495 D_eo,
1387 422 1477 477 sed
1505 420 1732 495 seipsum
1757 421 2064 495 exinanivit,

489 498 716 565 formam
744 493 879 565 serri
901 491 1215 565 assumens,
1235 491 1292 565 Si
1321 502 1502 546 autem
1530 491 1707 547 factus
1731 499 1814 565 est
1859 491 2064 565 homo,

488 560 782 631 assumpsit
801 569 981 634 autem
1004 570 1060 617 et
1079 562 1231 634 servi
1248 561 1513 634 formam,
1526 561 1798 634 quomodo
1827 560 2070 616 censebit

486 649 738 705 parvum,
771 640 825 686 ct
851 633 1268 705 dispensationis
1320 632 2063 705 rationibus__incon_ggtum,

487 701 775 775 appellari,
807 710 863 775 et
891 701 1011 757 esse
1039 702 1360 775 apostolum,
1392 711 1449 758 et
1491 701 1844 775 pontiﬁcem?
1879 701 1944 754 Et
1974 702 2066 770 qui

487 771 801 829 mensuram
842 771 1200 829 humanitatis
1239 782 1440 828 nostra:
1473 771 1581 827 non
1611 771 1932 842 dedignaiits
1961 781 2064 835 est,

485 845 755 913 quomodo
816 844 1150 914 repudianda
1198 843 1428 914 duceret
1471 841 1786 914 humana?)
1845 841 1926 914 Et
1946 851 2070 910 post

472 911 656 985 pauca
685 916 758 969 ita
782 911 959 986 pergit
992 933 1004 968 :
1055 933 1073 966 ι
1103 915 1292 986 Itaque
1343 913 1388 986 si
1433 928 1597 967 unum
1629 912 1815 966 dicunt
1857 911 2023 986 filium
2048 953 2063 976 ,

485 982 634 1041 nullo
681 982 846 1056 modo
887 982 1295 1056 partionies'in
1344 985 1510 1056 duos,
1540 997 1708 1056 unum
1759 998 1825 1036 ex
1863 982 2069 1056 semine

486 1057 684 1119 David,
716 1065 772 1111 et
801 1052 965 1109 alium
1003 1071 1070 1111 ex
1100 1055 1232 1110 Deo
1255 1053 1416 1109 Patre
1464 1053 1743 1122 Verbum;
1795 1052 2068 1122 quomodo

483 1141 590 1180 non
622 1127 820 1182 laedunt
846 1135 1268 1189 sacramentum,
1290 1127 1589 1193 partientes
1610 1119 2067 1193 dispensationem

485 1198 597 1250 Deo
624 1205 679 1252 et
730 1196 972 1250 homini?
1009 1197 1077 1250 Et
1124 1211 1233 1250 non
1281 1196 1461 1266 potius
1507 1209 1673 1266 unum
1720 1201 1777 1247 et
1819 1193 2063 1266 eumdem

484 1267 654 1321 Deum
686 1276 740 1322 et
767 1266 1041 1322 hominem
1068 1281 1189 1322 esse
1223 1263 1430 1330 dicunt,
1461 1272 1522 1319 ut
1567 1264 1677 1318 sint
1699 1264 1881 1317 omnia
1928 1263 2066 1332 ejus,

481 1348 537 1391 et
573 1353 694 1407 qua:
739 1337 953 1402 divina,
1006 1344 1062 1392 et
1084 1352 1206 1407 quas
1247 1335 1516 1407 humana?
1553 1333 1692 1407 Nam
1721 1332 1937 1407 quando
1966 1332 2071 1407 ali-

484 1353 537 1391 et
612 1353 694 1394 ua:
739 1353 953 1402 omna,
1006 1353 1206 1407 etquae
1247 1353 1516 1390 numana!
1556 1353 1692 1387 nam
1760 1353 1937 1388 uauao
1967 1353 2070 1387 au-

484 1353 636 1477 quid,
661 1408 804 1477 quod
834 1407 1005 1462 Deum
1027 1408 1264 1461 maxime
1285 1407 1464 1477 decet,
1477 1404 1552 1477 de
1581 1404 1697 1473 ipso
1721 1353 1944 1477 giciiur,
1966 1404 2070 1477 hoc

483 1473 634 1533 certe
654 1473 968 1532 omnimodo
996 1485 1052 1532 ct
1077 1491 1266 1548 verum
1286 1491 1408 1548 esse
1437 1474 1697 1548 dicimus;
1725 1473 2068 1548 peninonim

485 1549 663 1618 ipsum
689 1561 814 1603 esse
836 1548 1057 1603 scimus.
1089 1547 1161 1618 Et
1202 1545 1247 1618 si
1292 1543 1834 1618 humaue_qui‘d'piam
1864 1543 2069 1618 dictum

483 1613 682 1684 fuerit,
721 1619 888 1674 etiam
947 1618 1050 1674 hoc
1099 1616 1466 1672 admittemus.
1520 1613 1854 1670 Confitemur
1881 1614 2064 1679 enim,

483 1688 628 1759 ειυοά
657 1683 800 1745 Deus
821 1696 907 1775 est
928 1688 1175 1775 ίιιρπηβ
1199 1696 1256 1775 ει
1290 1686 1686 1775 senuisse“
1703 1683 2066 1775 Ἀριδαίξέξὲ
2096 1714 2144 1775 B

483 1753 794 1814 mensuram
846 1773 946 1830 per
999 1758 1237 1830 humana
1285 1753 1650 1830 agnoscimus.
1703 1754 1868 1830 Miliia
1908 1753 2065 1830 enim

484 1830 710 1885 millium
741 1825 1053 1886 sanctorum
1075 1825 1389 1891 angelorum
1417 1826 1731 1880 ministrant
1756 1825 1830 1891 ei,
1852 1831 1907 1880 et
1937 1825 2071 1879 divi-

482 1917 613 1954 num
647 1900 763 1971 ejus
806 1900 1064 1971 thronum
1113 1894 1472 1955 circumstant
1521 1896 1815 1971 seraphim.
1846 1894 2071 1971 Quando

486 1965 690 2027 autem'
705 1969 880 2025 factus
909 1978 993 2025 est
1033 1970 1216 2034 homo,
1247 1978 1476 2024 vocatus
1504 1976 1588 2022 est
1611 1966 1775 2022 etiam
1800 1965 2068 2034 pontifex,

485 2057 594 2122 ιιοει
626 2041 770 2122 quosi
796 2049 1054 2122 ειηίιιιιιιη
1081 2033 1284 2122 misti
1301 2040 1426 2122 ,θρίξ
1450 2036 1673 2122 οπερ-τοι
1717 2033 2069 2122 audiam,

483 2112 580 2166 sed
608 2110 753 2182 quod
778 2112 891 2182 sibi
911 2110 1015 2182 ipsi
1039 2119 1098 2166 et
1123 2110 1272 2165 Patri
1289 2110 1422 2182 ﬁdei
1448 2117 1652 2164 nostra:
1669 2110 2068 2182 centussiouem

487 2179 823 2251 procuraret.
868 2179 1108 2237 Audiens
1159 2181 1305 2251 quod
1331 2180 1531 2251 dictus
1553 2186 1639 2251 est
1658 2179 1920 2251 sacerdos
1946 2191 2070 2247 pro-

483 2247 604 2321 pter
633 2251 1048 2317 humanitatem,
1078 2247 1400 2306 erubescis?
1437 2247 1644 2305 Deinde
1667 2247 1936 2321 quomodo
1962 2263 2070 2302 non

487 2319 787 2393 admiratus
811 2337 891 2384 es,
925 2323 1068 2393 quod
1092 2337 1199 2377 non
1228 2321 1536 2393 secundum
1555 2319 1902 2393 sacerdotum
1929 2334 2066 2393 nio:

485 2407 624 2456 rem,
650 2392 805 2446 alteri
831 2389 1084 2448 detulerit
1130 2391 1386 2448 sacrificii
1414 2390 1634 2445 modum
1651 2406 1668 2460 ;7
1695 2453 1698 2460 ν
1720 2389 1814 2460 sed
1839 2389 1942 2460 sibi
1967 2389 2070 2459 ipsi

485 2463 675 2538 potius
690 2470 747 2516 et
780 2461 958 2527 Patri,
988 2471 1076 2538 ιιιΔ
1098 2462 1254 2518 dixi?
1305 2460 1534 2538 Quando
1568 2457 1735 2538 dicis,
1769 2457 2069 2538 indignum

485 2527 608 2587 esse
641 2532 782 2596 Deo,
820 2532 1204 2597 utsacriﬂcet,
1237 2527 1499 2600 astipulor
1537 2537 1594 2584 et
1615 2543 1734 2600 ego.
1768 2527 1875 2600 Sed
1902 2527 1948 2582 Si
1983 2543 2071 2582 so-
2116 2555 2118 2558 -

485 2603 598 2657 lum
626 2611 792 2668 esset,
819 2611 874 2656 et
907 2603 1112 2673 abs‘que
1138 2617 1302 2658 carne
1329 2598 1588 2673 Verbum,
1624 2598 1772 2654 recte
1799 2598 2022 2673 diceres
2051 2613 2066 2651 :

485 2682 544 2727 at
569 2688 716 2734 vero,
732 2666 878 2746 quia
909 2666 1111 2746 factum
1137 2680 1221 2729 est
1242 2687 1406 2746 caro_,_
1430 2670 1553 2746 vide
1578 2677 1635 2746 et
1674 2666 2071 2746 suci-ineuntem

483 2739 1158 2823 propterhurnnnitatem;
1187 2743 1332 2823 etin
1358 2739 1714 2823 dignitatibus
1737 2739 2072 2823 ultrancrea-

487 2809 664 2866 turam
687 2813 828 2868 sicut
849 2813 1052 2869 Deum:
1081 2813 1326 2869 considet
1349 2809 1494 2866 enim
1516 2826 1642 2867 cum
1673 2810 1787 2864 Deo
1811 2817 1865 2864 et
1884 2809 2066 2864 Patre.

487 2883 672 2953 Itaque
697 2891 755 2938 et
777 2883 897 2938 vide
919 2884 1094 2953 ipsum
1117 2880 1856 2953 sacriﬁcantem_secundnm_
1871 2881 2067 2953 huma-

487 2949 748 3018 nitatem,
795 2949 1161 3009 considentem
1193 2960 1376 3006 autem
1421 2959 1485 3006 ut
1525 2950 1714 3005 Deum.
1758 2949 1900 3014 Quid
1923 2951 2070 3004 enim

487 3023 619 3078 dicit
647 3024 838 3079 beatus
864 3023 1103 3078 Paulus?
1125 3022 1303 3077 Talem
1325 3021 1576 3074 habemus
1603 3018 1899 3088 pontiﬁcem
1920 3060 1935 3082 ,
1979 3019 2070 3088 qui

485 3094 720 3149 consedit
763 3095 820 3148 in
857 3094 1074 3149 dextera
1121 3093 1294 3147 throni
1344 3079 1722 3162 magnitndinis
1749 3079 1808 3142 in
1853 3079 2069 3162 escelsis
2095 3079 2142 3139 C

487 3162 675 3236 (Hebr:
707 3163 852 3236 vni).
886 3164 1133 3236 Scientes
1178 3163 1344 3233 igitur
1382 3155 1527 3232 quod
1554 3157 1732 3236 factus
1755 3166 1852 3236 esi
1884 3155 2067 3236 homo,

484 3227 787 3308 cum_Deu_s_
811 3227 964 3290 esset
989 3235 1096 3308 (est
1124 3227 1306 3308 autem
1333 3227 1473 3308 unus
1495 3238 1554 3285 et
1579 3230 1721 3308 idern
1753 3227 1963 3308 Filius),
1991 3227 2071 3308 illi

488 3303 672 3358 omnia
695 3300 1025 3370 tribuemus,
1062 3313 1124 3360 ut
1165 3304 1290 3370 uni;
1339 3309 1397 3358 et
1423 3300 1840 3371 dispensationis
1881 3301 2072 3357 modos

489 3389 596 3427 non
617 3374 1006 3444 ignorabimus,
1030 3374 1374 3444 cogitationis
1393 3373 1506 3427 vim
1529 3385 1744 3440 semper
1764 3371 1989 3444 provide
2015 3379 2071 3428 et

489 3446 761 3569 ἴξιιέειιιθι·
784 3444 852 3567 aii
875 3445 1243 3570 g6bedientiam
1271 3443 1389 3514 ejus
1413 3449 1813 3499 convertentes.
1854 3462 1873 3496 ι
1911 3443 2066 3500 Τοιιι.

600 3529 724 3570 onc.
750 3529 814 3570 co
839 3557 851 3568 .
951 3555 966 3568 .

600 3529 724 3570 onc.
750 3529 851 3570 00L
878 3529 966 3570 ῧῧ.

561 3585 652 3639 XI.
693 3584 914 3640 Falsum
939 3603 1050 3641 esse
1069 3585 1199 3640 dicit
1226 3583 1368 3656 quod
1404 3581 1633 3639 Verbum
1657 3583 1714 3636 in
1734 3589 1929 3636 natura
1946 3598 2072 3652 pro-

487 3656 605 3723 pria
632 3657 699 3709 sit
724 3656 988 3723 possibile,
1016 3659 1062 3711 si
1091 3658 1149 3710 in
1191 3666 1384 3709 natura
1411 3660 1685 3723 assumpta
1714 3667 1928 3723 passum
1956 3661 2071 3723 ista-

487 3720 689 3778 luatur.
710 3720 851 3790 Quin
872 3727 946 3780 ait
965 3720 1177 3782 omnino
1200 3741 1405 3780 necesse
1431 3738 1540 3776 esse
1566 3730 1620 3774 ut
1642 3722 1813 3790 ipsum
1842 3720 2070 3774 Verbum

484 3809 582 3862 pro
618 3796 764 3848 nobis
794 3807 1056 3852 mortuum
1080 3813 1190 3851 esse
1205 3803 1495 3859 asseratur,
1515 3808 1634 3845 cum
1656 3807 1804 3845 secus
1825 3793 2070 3846 meritum

486 3863 863 3937 satischtionis
889 3868 1169 3921 subsistere
1198 3874 1439 3937 nequeat.
1472 3892 1544 3937 -τ-
1580 3862 1715 3937 Cum
1743 3877 1874 3916 vero
1904 3864 2072 3937 insta-

489 3932 961 4006 rent_Nestoriani,
991 3932 1371 4006 dicerentque,
1399 3932 1763 4006 ex_doctrina,
1789 3948 1897 4006 qua
1919 3933 2072 3989 Chri-

488 4011 628 4075 stus,
651 4005 816 4059 etiam
843 4014 902 4058 ut
926 4006 1109 4069 homo,
1135 4004 1299 4062 verus
1317 4021 1438 4061 esse
1466 4004 1612 4059 Deus
1639 4004 1918 4075 statuitur,
1947 4019 2072 4075 pas-

457 4090 462 4093 ·
490 4074 722 4140 sionem,
753 4082 1005 4137 mortem,
1033 4075 1270 4145 aliasque
1300 4077 1552 4130 humanae
1599 4081 1809 4145 naturaa
1840 4073 2069 4129 infirmi-

488 4153 656 4206 tates,
681 4160 777 4201 seu
809 4144 1245 4214 imperis-ctiones
1260 4145 1531 4214 divinitati
1547 4144 1766 4214 ascribi,
1800 4145 2066 4198 Verbum-

486 4229 594 4284 que
617 4214 858 4293 divinum
879 4212 1133 4293 passibile
1152 4215 1278 4293 dici,
1299 4213 1539 4293 reposuit
1560 4212 1817 4293 Cyrinus,
1843 4214 2070 4293 inﬁmi-

491 4282 666 4352 pturis
696 4282 896 4358 ubique
917 4287 1040 4358 legi,
1064 4285 1206 4358 quod
1230 4282 1392 4358 Pater
1412 4282 1648 4358 cmlestis
1672 4282 1846 4350 ipsum
1867 4283 2070 4358 filium

489 4351 560 4428 ex
590 4368 650 4428 se
685 4355 755 4408 ab
779 4351 993 4428 aitemo
1017 4351 1258 4428 genitum
1302 4355 1451 4428 hisce
1477 4351 1729 4407 omnibus
1764 4354 2066 4428 tradiderit,

2172 422 2495 477 incommodi
2517 423 2734 491 propria
2758 431 2950 477 natura
2972 425 3247 494 sustinens
3275 439 3289 477 :
3318 424 3494 494 ipsum
3518 438 3756 492 namque

2170 499 2224 545 et
2246 493 2354 545 vita
2387 501 2490 557 est,
2531 501 2586 546 et
2620 501 2818 546 caetera
2846 493 3026 548 omnia
3057 493 3445 549 viviﬁcans’est
3478 511 3491 546 :
3532 508 3755 547 verum—

2141 571 2374 627 .tamen,
2414 563 2534 632 qua:
2555 563 2735 617 carnis
2761 570 2906 627 sunt,
2932 561 3097 618 veluti
3123 563 3342 633 propria
3359 564 3414 618 in
3439 577 3498 618 se
3525 562 3758 618 transfe-

2171 648 2315 694 rens,
2343 641 2396 685 et
2418 641 2650 706 mortem
2674 647 3010 702 perpessum,
3039 650 3103 706 ac
3130 633 3612 706 resurgens,_quod
3633 643 3757 688 erat

2171 718 2268 771 pro
2293 702 2544 775 omnibus
2569 712 2858 766 mortuum,
2880 705 3100 774 pr0prio
3137 702 3402 775 sanguine
3453 704 3755 759 humanum

2171 787 2340 841 genus
2356 773 2634 844 expiasse,
2659 781 2715 827 et
2742 773 3006 842 quotquot
3028 790 3126 844 per
3149 773 3421 830 terrarum
3447 775 3638 828 orbem
3658 775 3757 830 de-

2171 851 2318 911 gunt,
2353 842 2462 897 Deo
2492 851 2548 896 et
2570 842 2723 913 Patri
2739 842 3091 913 acquisivisse
3110 845 3328 900 dicitur.
3361 864 3378 898 ι
3415 845 3748 913 Dein,num.

2173 928 2301 985 xxv,
2328 913 2565 985 ostendit
2597 911 2848 985 meritum
2904 915 3290 985 redemptionis
3315 931 3382 970 ex
3422 928 3487 969 eo
3511 912 3628 969 solo
3652 914 3757 970 b'a-

2172 983 2307 1056 beri,
2332 983 2476 1056 quod
2499 983 2621 1056 ipse
2650 983 2816 1038 Filius
2839 983 3288 1056 mternusjaaterni
3317 985 3494 1056 Patris
3520 992 3755 1056 mortem

2172 1054 2226 1107 in
2256 1054 2418 1134 canae
2444 1055 2662 1134 propria
2690 1054 2993 1134 pertulerit.
3031 1074 3050 1106 ‹
3069 1055 3220 1134 Unus
3240 1054 3617 1134 ergo,_‘inquit,
3640 1069 3758 1110 om-
3783 1100 3787 1104 .

2171 1139 2268 1178 nes
2315 1124 2576 1195 dignitate
2609 1124 2876 1194 praestans
2895 1141 2995 1195 pro
3021 1126 3274 1181 omnibus
3309 1124 3559 1180 animam
3599 1139 3755 1180 suam

2169 1195 2370 1264 posuit,
2397 1203 2452 1248 et
2495 1195 2822 1250 teconomica
2851 1195 3083 1264 quadam
3132 1197 3342 1251 ratione
3390 1208 3610 1251 carnem
3657 1209 3756 1264 per

2171 1273 2403 1320 mortem
2426 1279 2531 1319 non
2548 1265 2680 1318 nihil
2702 1265 2972 1320 humiliari
2997 1267 3224 1320 sinebat.
3242 1267 3442 1322 Verum
3459 1264 3754 1321 secundum

2171 1335 2448 1405 propriam
2478 1342 2724 1389 naturam
2749 1377 2761 1399 ,
2810 1337 2864 1389 in
2893 1350 3052 1405 quam
3081 1335 3261 1392 nullus
3285 1336 3456 1402 dolor,
3490 1334 3635 1389 nulla
3664 1350 3756 1389 ca-

2171 1404 2251 1458 dit
2277 1405 2588 1475 perpessio,
2620 1405 2866 1461 eamdem
2910 1404 3141 1461 mertem
3176 1407 3417 1462 vicissim
3459 1406 3752 1471 destruxit,

2172 1476 2410 1548 quo_bac
2437 1476 2694 1532 nimirum
2734 1476 2940 1532 ratione
2969 1477 3248 1548 corruptio
3273 1478 3329 1543 in
3345 1477 3592 1548 omnium
3635 1490 3763 1548 cor-

2171 1544 2395 1616 poribus
2423 1553 2794 1611 enervaretur,
2823 1544 3453 1616 mortisque'imperium
3493 1544 3755 1616 dissolve-

2173 1624 2345 1670 retur.
2368 1615 2603 1679 Etenim,
2630 1623 2691 1670 ut
2720 1617 2775 1670 in
2818 1615 2990 1673 Adam
3011 1615 3200 1672 omnes
3244 1615 3577 1682 moriuntur,
3623 1615 3702 1671 sic
3724 1631 3757 1671 e

2173 1687 2453 1741 contrario
2479 1687 2532 1740 iu
2557 1684 2774 1742 Christo
2801 1701 2991 1742 omnes
3020 1687 3379 1755 vivificamur.
3405 1687 3589 1755 Neque
3609 1684 3758 1741 enim

2174 1771 2238 1811 ea
2287 1770 2406 1824 qua:
2445 1757 2513 1811 ad
2540 1756 2768 1812 salutem
2798 1764 3040 1813 nostram
3072 1743 3297 1824 faciunt,
3334 1743 3629 1812 secundum
3655 1771 3754 1811 na-

2173 1836 2352 1881 turam
2395 1826 2636 1882 divinam
2681 1826 3026 1897 perfecisset,
3078 1828 3125 1884 si
3173 1827 3479 1891 secundum
3506 1836 3756 1897 naturam

2172 1899 2464 1972 humanam
2515 1896 2747 1953 mortem
2799 1898 2970 1954 nostri
3023 1915 3188 1972 causa
3227 1913 3353 1972 non
3384 1896 3754 1972 sustinuisset.

2172 1967 2426 2024 Traditur
2447 1971 2679 2038 namque
2712 1975 2941 2040 mortem
2961 1969 3139 2040 primo
3159 1969 3448 2040 oppetiisse
3481 1975 3540 2040 ut
3560 1968 3754 2040 homo;

2173 2053 2299 2122 mox
2324 2052 2568 2122 vero_per
2591 2031 2686 2122 'idl1
2697 2031 2850 2122 quod
2873 2031 3288 2122 sua-na-tura'est
3311 2039 3475 2122 Deus,
3507 2039 3563 2122 in
3585 2038 3755 2122 vitam

2169 2107 2349 2164 denuo
2376 2107 2617 2165 rediisse.
2653 2109 2711 2164 Si
2725 2107 2900 2179 igitur
2925 2111 3477 2174 mortemsecundum
3503 2107 3757 2179 Scriptu—

2173 2195 2262 2236 ras
2290 2194 2516 2249 corpore
2544 2195 2651 2235 non
2671 2177 2938 2251 pertulit,
2979 2195 3155 2251 neque
3201 2179 3394 2250 spiritu
3452 2177 3758 2233 viviﬁcatus

2172 2251 2369 2305 revixit
2391 2263 2626 2321 quoque.
2659 2251 2813 2316 Quod
2838 2251 2884 2305 si
2914 2265 3045 2307 vero
3086 2251 3142 2305 in
3168 2252 3337 2306 vitam
3363 2267 3471 2306 non
3500 2263 3752 2321 resurre-

2171 2331 2281 2384 ιιι,
2337 2321 2469 2376 fides
2498 2319 2684 2377 nostra
2713 2336 2850 2375 vana
2876 2332 2980 2387 est,
3013 2329 3068 2377 et
3092 2322 3147 2376 in
3188 2320 3427 2387 peccatis
3454 2319 3754 2374 etiamnum

2171 2390 2369 2461 sepulti
2390 2389 2653 2458 iacemus.
2685 2389 2822 2445 Nam
2847 2389 2999 2459 iuxta
3025 2392 3169 2447 beati
3191 2389 3346 2447 Pauli
3373 2390 3676 2445 doctrinam
3699 2389 3756 2443 in

2169 2469 2402 2516 mortem
2433 2461 2574 2517 illius
2619 2461 2880 2532 baptizati
2915 2477 3161 2527 sumus;.
3188 2469 3758 2532 peccatorumtplere-

2170 2533 2482 2587 missionem
2506 2548 2604 2602 per
2622 2529 2939 2602 sanguinem
2964 2532 3109 2586 illius
3129 2529 3481 2588 obtinuimus.
3508 2550 3526 2582 ι
3557 2529 3759 2602 Eadem

2171 2610 2328 2672 urget
2363 2610 2419 2655 et
2445 2597 2596 2657 num.
2648 2597 3022 2674 26,7dic‘itque
3060 2612 3292 2674 mortem
3329 2602 3636 2674 nullatenus
3665 2600 3758 2654 de-

2171 2671 2452 2734 structum,
2489 2680 2602 2735 aut,
2632 2673 2776 2742 quod
2799 2671 2939 2726 idem
2970 2680 3074 2738 est,
3097 2673 3519 2728 satisfactionem
3541 2671 3756 2742 pienam

2169 2742 2537 2813 propeccatis
2559 2741 2762 2798 nostris
2789 2743 3087 2813 prmstitam
3131 2760 3239 2800 non
3269 2759 3410 2809 esse,
3442 2741 3557 2797 nisi
3579 2741 3757 2812 ipsum

2172 2812 2409 2868 Verbum
2433 2813 2674 2869 divinum
2706 2812 2934 2869 mortem
2959 2829 3058 2870 oro
3088 2816 3244 2870 nobis
3272 2815 3326 2868 in
3352 2829 3517 2870 carne
3546 2824 3757 2866 assum—

2170 2889 2260 2954 pta
2307 2883 2593 2956 tolerassei
2609 2890 2899 2956 statnatur.
2946 2879 3026 2939 En
3056 2885 3187 2956 Aejus
3213 2886 3378 2940 verba
3410 2900 3424 2938 :
3464 2903 3481 2934 ε
3511 2882 3682 2936 Porro
3708 2879 3757 2935 si
3798 2943 3802 2947 _

2172 2968 2346 3022 neque
2373 2968 2535 3009 verus
2567 2954 2663 3009 Dei
2709 2954 2878 3008 Filius
2913 2963 2998 3009 est
3041 2954 3291 3010 Christus
3311 2996 3326 3018 ,
3358 2967 3532 3022 neque
3557 2960 3753 3006 natura

2174 3022 2335 3095 Deus,
2369 3024 2641 3095 sedteque
2668 3038 2733 3077 ac
2760 3039 2860 3078 nos
2886 3023 3023 3078 nihil
3047 3025 3218 3087 aliud,
3255 3041 3415 3095 quam
3449 3022 3635 3095 homg,
3664 3029 3759 3075 aut

2175 3092 2470 3164 divinitatis
2527 3094 2977 3164 instrumentum,
3036 3092 3378 3164 nequaquam
3413 3108 3535 3164 per
3579 3092 3752 3164 Deum

2172 3161 2396 3234 salutem
2434 3163 2708 3218 consecuti
2741 3179 2958 3230 sumus;
2995 3165 3089 3219 sed
3120 3161 3216 3234 per
3236 3161 3396 3229 eum,
3429 3161 3542 3234 'qui
3585 3162 3758 3218 nostri

2171 3231 2363 3286 similis
2390 3234 2560 3288 nostri
2607 3249 2767 3288 causa
2816 3244 3093 3299 mortuus,
3121 3231 3452 3304 alteriusque
3467 3231 3678 3288 virtute
3703 3241 3761 3287 et

2169 3311 2435 3376 potestate
2464 3304 2820 3360 resuscitatus
2856 3315 2956 3360 est.
2992 3305 3271 3372 Quomodo
3303 3321 3434 3376 ergo
3460 3321 3608 3360 mors
3658 3318 3759 3373 per

2171 3375 2448 3430 Christum
2493 3376 2723 3446 devicta,
2750 3376 2981 3432 dicitur?
3026 3376 3204 3446 Atque
3241 3375 3517 3431 Christum
3555 3376 3620 3446 de
3661 3389 3759 3429 sua

2171 3446 2352 3500 anima
2381 3446 2450 3498 ita
2477 3445 2916 3516 pronuntiantem
2944 3445 3159 3503 audio’:
3209 3446 3379 3501 Nemo
3400 3446 3535 3502 tollit
3557 3445 3703 3516 illam
3725 3462 3759 3498 α

2171 3532 2271 3578 me,
2315 3515 2407 3589 sed
2428 3513 2520 3585 ego
2550 3532 2687 3587 pono
2725 3533 2840 3570 eam
2872 3535 2905 3570 a
2935 3534 3047 3589 me;
3085 3526 3392 3589 potestatem
3427 3518 3563 3570 enim
3584 3513 3757 3589 [labro

2169 3584 2396 3657 ponendi
2409 3584 2557 3657 eam,
2570 3596 2623 3657 ei
2635 3595 2939 3657 potesialem
2958 3584 3122 3642 habeo
3139 3605 3351 3641 rursum
3375 3585 3615 3657 sumendi
3637 3599 3759 3636 eam

2169 3653 2356 3777 81mm.
2374 3669 2428 3715 ιι.
2455 3653 2564 3724 18).
2591 3653 2692 3720 Qui
2707 3655 2852 3708 enim
2873 3664 3101 3712 mortem
3127 3657 3423 3720 nesciebat,
3453 3655 3541 3715 ille
3567 3667 3760 3708 secun-

2209 3739 2297 3776 um
2326 3725 2598 3777 nronriam
2631 3739 2851 3777 carnem
2879 3724 2933 3777 in
2957 3734 3184 3777 mortem
3215 3726 3468 3777 omnibus
3514 3739 3758 3777 commu-

2209 3739 2297 3776 um
2326 3725 2598 3849 p’rogriam
2631 3739 2851 3778 carnem
2879 3724 2933 3778 in
2957 3734 3184 3779 mortem
3215 3726 3468 3779 omnibus
3514 3739 3758 3778 commu-

2211 3809 2294 3848 em
2320 3810 2378 3848 se
2400 3811 2429 3848 a
2470 3793 2612 3849 iecit.
2639 3809 2748 3849 auo
2786 3801 2841 3846 et
2879 3809 2978 3848 nos
3003 3810 3217 3849 ououue
3259 3811 3365 3849 una
3414 3810 3537 3849 cum
3570 3795 3662 3848 illo
3689 3795 3758 3849 ad

2171 3809 2294 3848 nem
2320 3810 2378 3848 se
2400 3793 2612 3863 abiecit,
2639 3809 2748 3864 quo
2786 3801 2841 3865 et
2879 3809 2978 3848 nos
3003 3810 3217 3865 quoque
3259 3811 3365 3849 una
3414 3810 3537 3849 cum
3570 3795 3662 3848 illo
3689 3795 3758 3850 ad

2171 3865 2337 3919 vitam
2362 3880 2788 3937 resurgeremus.
2807 3864 3021 3920 Revixit
3039 3864 3182 3921 enim
3205 3865 3520 3937 desporliatis
3543 3865 3758 3930 inferis,

2171 3951 2278 3990 non
2303 3943 2364 3990 ut
2379 3936 2577 3992 nostra:
2593 3937 2919 3992 conditionis
2948 3937 3130 3999 homo,
3157 3936 3250 3992 sed
3270 3947 3330 3991 ut
3353 3936 3495 3992 Deus
3513 3938 3565 3992 in
3592 3952 3757 3992 carne

2171 4006 2450 4062 nobiscum
2472 4013 2526 4063 et
2553 4023 2718 4079 supra
2757 4024 2875 4063 nos.
2901 4005 3148 4064 Obtinuit
3186 4017 3365 4064 autem
3396 4009 3451 4063 in
3496 4009 3612 4078 ipso
3640 4018 3760 4062 tan-

2171 4091 2333 4146 quam
2364 4079 2419 4132 in
2445 4078 2632 4150 capite
2656 4079 3139 4150 incorruptionem.
3185 4078 3430 4135 Coutrita
3480 4087 3565 4134 est
3609 4093 3758 4150 mors

2171 4162 2417 4222 quoque,
2445 4148 2582 4222 dum
2603 4150 2838 4222 corpori,
2865 4148 3007 4222 quod
3036 4151 3204 4222 ipsius
3225 4150 3354 4222 vitae
3381 4148 3759 4222 erat,_hostili-

2173 4227 2256 4271 ter
2282 4218 2522 4274 insultat.
2550 4217 3014 4286 Quemadmodum
3038 4217 3184 4274 enim
3222 4219 3312 4272 illa
3341 4233 3440 4286 per
3465 4217 3638 4286 Adam
3669 4217 3754 4286 iii-

2171 4288 2264 4352 cit,
2297 4289 2370 4342 ita
2420 4303 2518 4352 per
2556 4284 2830 4343 Christum
2860 4288 3128 4342 debellata
3167 4284 3395 4342 corruit.
3430 4306 3448 4338 ι
3497 4285 3654 4340 Τοιιι.
3684 4284 3756 4340 IV

2170 4359 2335 4412 Cone.
2363 4355 2467 4412 col.
2505 4357 2608 4412 614
2632 4365 2685 4426 et
2715 4357 2797 4410 i5.
2827 4357 3070 4426 Ulterius
3103 4372 3170 4410 ex
3195 4355 3381 4426 verbis
3406 4355 3649 4426 Apostoli
3685 4355 3756 4410 ad

487 4422 784 4505 feceritque
812 4422 1108 4480 obnoxium
1133 4443 1148 4490 ;
1190 4425 1379 4497 negari
1409 4425 1630 4504 insuper
1668 4423 1953 4505 veritatem
1983 4424 2064 4477 in—
2093 4435 2142 4496 υ
2165 4427 2537 4496 Philippenses
2568 4440 2582 4480 :
2613 4424 2718 4493 Qui
2750 4443 2867 4480 cum
2897 4428 2951 4481 in
2965 4425 3148 4551 [arma
3179 4425 3275 4481 Dei
3304 4422 3468 4482 esset:
3488 4467 3500 4480 .
3531 4468 3544 4480 .
3573 4428 3749 4480 humi-

487 4494 824 4548 carnatrouis
847 4533 863 4551 .
905 4509 968 4548 ac
993 4497 1246 4551 multum
1277 4496 1681 4551 redemptionis,
1718 4508 1823 4547 ms:
1867 4494 2065 4549 admit-
2169 4497 2316 4551 liavit
2343 4498 2707 4551 semetipsum.
2734 4496 2904 4551 factus
2931 4515 2961 4551 ο
2997 4499 3173 4551 ediens
3211 4515 3374 4551 usque
3403 4499 3472 4551 ad
3511 4507 3749 4551 mortem.

485 4493 824 4567 carnatiouis
847 4533 863 4559 ,
905 4497 1246 4567 acrum-Itum
1266 4493 1681 4567 redemptionis,
1718 4493 1823 4547 nisi
1867 4494 2065 4567 admit-

488 4573 639 4618 tatur
676 4565 915 4635 Verbum
962 4563 1201 4635 divinmu
1253 4567 1356 4622 ista
1407 4563 1750 4634 incorpore,
1800 4564 1942 4635 quod
1968 4580 2066 4635 per

488 4635 746 4690 unionem
777 4634 880 4706 sibi
905 4634 1136 4690 reddidit
1157 4637 1458 4706 proprium;
1483 4634 1836 4702 sustinuisse;
1865 4634 2065 4691 exinde

488 4715 670 4760 tamen
697 4705 828 4760 illud
855 4714 966 4777 tam
983 4705 1422 4777 parumimortale
1449 4707 1660 4761 censeri
1692 4722 1867 4777 posse,
1902 4723 2065 4776 quam

486 4789 682 4849 parum
718 4775 965 4849 mortalis
995 4776 1066 4831 sit
1095 4775 1454 4849 aniinatlicei
1495 4775 1724 4849 mortem
1758 4775 2066 4849 incorpore

562 4844 747 4918 tiatur.
779 4864 798 4897 α
831 4847 1030 4918 Verum
1055 4862 1163 4916 quo
1185 4843 1398 4918 planius
1427 4844 1714 4918 fiat‘(nitiu
1742 4843 1972 4918 epistola
1997 4849 2067 4903 ad

543 4915 785 4970 ouacbos
808 4914 1046 4989 Egypti,
1074 4907 1236 4972 ἰιυιίι.
1264 4907 1355 4987 9.4)
1395 4915 1538 4989 quod
1555 4907 1793 4989 dicitur,
1833 4931 1934 4989 age
1955 4957 1972 4989 ,_
2011 4927 2067 4972 et

489 4984 545 5038 in
583 4991 840 5059 nostram
889 4984 1106 5059 quoque
1153 4984 1384 5042 mortem
1425 4984 1788 5059 inquiramus,
1821 4984 2065 5054 ejusdem

491 5056 758 5110 rationem
777 5053 1034 5112 acati-ate
1045 5059 1473 5115 consideremus.
1498 5053 1751 5126 Nunquid
1771 5053 1900 5126 ergo
1920 5070 2065 5111 mor-

489 5128 677 5181 talium
705 5126 974 5196 quispiam
1006 5140 1138 5182 ssua
1165 5137 1345 5184 mente
1373 5136 1550 5189 utens,
1573 5125 1707 5196 dum
1733 5125 1930 5195 corpus
1960 5126 2064 5180 hoc

488 5195 764 5268 terrenum
796 5199 1195 5268 exstinguitur,
1229 5215 1335 5254 una
1362 5213 1487 5255 cum
1535 5195 1624 5250 illo
1652 5196 1833 5268 ipsam
1848 5210 2064 5268 quoque

488 5267 725 5338 animam
752 5266 1027 5338 exstingui
1057 5266 1268 5323 ciuili?
1305 5268 1422 5324 Non
1446 5267 1722 5333 existimo,
1752 5266 1837 5321 vel
1866 5267 1958 5321 uni
1994 5282 2062 5321 ex

489 5337 739 5416 omnibus
764 5340 817 5394 id
997 5350 1315 5416 pequssum
1345 5357 1360 5389 :
1395 5347 1451 5393 et
1480 5346 1680 5416 tamen,
1729 5338 1871 5416 quod
1916 5354 2066 5416 corn-

490 5408 726 5464 muniter
749 5407 1014 5466 accidere
1044 5407 1214 5471 solet,
1267 5422 1380 5462 non
1406 5409 1670 5474 corporis,
1708 5407 1803 5464 séd
1829 5409 2065 5464 hominis

490 5489 640 5530 mons
669 5479 987 5603 apgetiatur.
1021 5479 1106 5535 Ad
1139 5492 1266 5533 eum
1291 5478 1472 5543 itaque
1498 5478 1714 5532 modum
1749 5488 1802 5534 et
1829 5480 1896 5535 de
1949 5481 2065 5552 ipso

490 5559 704 5603 quoque
777 5551 1081 5603 mammia
1101 5556 1312 5603 statuas
1340 5555 1484 5603 hcet.
1511 5547 1642 5602 Erat
1663 5549 1809 5603 enim
1829 5550 2062 5603 Verbum

489 5547 716 5614 quoque
732 5547 1081 5607 Emmeie
1101 5556 1312 5606 statuas
1340 5555 1484 5603 beet.
1511 5547 1642 5602 Erat
1663 5549 1809 5603 enim
1829 5547 2062 5606 Verbum

489 5615 542 5667 in
571 5631 654 5677 eo,
688 5620 827 5686 qua!
859 5637 928 5676 es
949 5617 1177 5678 muliere
1199 5627 1511 5689 susceptum
1547 5626 1698 5686 θηῑ,
1721 5626 1979 5689 tanquam
2010 5622 2064 5676 in

489 5634 542 5667 Ill
571 5634 654 5677 eo,
688 5634 827 5686 quau
859 5637 928 5676 es
949 5634 1177 5678 munere
1199 5634 1511 5689 susceptum
1547 5634 1698 5686 erat,
1721 5634 1814 5672 un
1893 5635 1979 5675 am
2010 5634 2064 5676 tu

489 5689 706 5758 proprio
728 5705 984 5762 ecrpore;
1004 5697 1107 5751 hoc
1139 5693 1314 5764 ipsum
1339 5699 1518 5745 autem
1533 5634 1905 5761 θοι-ιδυεῶ
1932 5705 2066 5761 pra:-

2169 4497 2316 4551 liavit
2343 4498 2675 4568 semetipsum
2693 4538 2707 4564 ,
2733 4496 2904 4567 factus
2931 4496 3173 4552 obediens
3211 4515 3374 4569 usque
3403 4499 3472 4551 ad
3511 4507 3753 4563 mortem,

2170 4577 2389 4641 mortem
2418 4575 2594 4641 autem
2622 4569 2793 4624 crucis
2811 4611 2824 4635 ,
2859 4578 2996 4641 etc.,
3015 4570 3210 4641 probat
3235 4570 3410 4641 ipsum
3434 4569 3628 4641 Filium
3658 4582 3754 4641 seu

2171 4639 2407 4694 Verbum
2435 4638 2675 4694 divinum
2720 4649 2952 4695 mortem
2986 4637 3041 4694 in
3075 4637 3384 4696 forma—sibi
3415 4639 3567 4693 unita
3592 4637 3755 4694 susti-

2171 4710 2376 4776 nuisse,
2401 4717 2455 4780 et
2480 4709 2628 4765 Patri
2659 4710 2711 4764 in
2740 4725 3152 4780 crucemusque
3177 4710 3516 4780 obedientem
3549 4707 3758 4780 factum

2171 4796 2313 4852 esse.
2362 4779 2708 4852 «Considera
2733 4781 2900 4852 igitur
2930 4775 3153 4852 -(inq'pit
3178 4779 3274 4833 lib.
3301 4794 3339 4852 Σ
3366 4778 3624 4852 adversus
3648 4775 3753 4832 Ne-

2174 4849 2423 4924 storium)
2459 4852 2628 4924 ιιι-ιδ»
2651 4847 2830 4924 qui'in
2860 4847 3045 4924 forma
3054 4847 3156 4905 Dei
3204 4856 3260 4903 et
3287 4847 3484 4924 _Patris_
3504 4856 3639 4924 erat,
3692 4855 3757 4904 ut

2171 4930 2294 4989 pote
2318 4918 2478 4982 Deus.
2502 4921 2591 4977 ille
2616 4918 2902 4991 character
2923 4928 2981 4974 et
3018 4918 3189 4989 ﬁgura
3219 4918 3537 4991 substantia:
3591 4919 3711 4991 ejus
3728 4960 3743 4982 ,

2170 4988 2226 5044 et
2245 4992 2337 5060 qui
2364 4992 2512 5046 nullo
2547 4990 2706 5052 modo
2735 4988 2920 5045 minor
2935 4988 3074 5060 erat,
3099 5004 3220 5060 cum
3245 5003 3344 5056 per
3359 4989 3541 5044 omnia
3567 4988 3656 5054 sit,
3695 5000 3754 5047 ct

2172 5058 2504 5144 intelligatur
2531 5059 2775 5144 aequaiis,
2794 5058 3177 5144 _exinaniver'it
3205 5060 3594 5144 semetipsum,
3613 5070 3667 5117 et

2171 5127 2527 5202 humilitatem
2553 5127 2744 5202 sponte
2778 5129 3075 5186 demiserit.
3105 5127 3224 5202 Iam
3249 5127 3497 5200 quisnam
3527 5133 3600 5188 sit
3627 5133 3749 5189 exi-
3835 5160 3841 5166 -

2171 5201 2464 5257 nanitiouis
2493 5201 2706 5262 modus,
2734 5214 2961 5269 expone,
2987 5201 3259 5269 quomodo
3287 5201 3449 5256 etiam
3476 5203 3547 5257 sit
3576 5203 3753 5258 humi-

2171 5269 2348 5354 iiatus.
2378 5273 2608 5354 fortnam
2639 5269 3100 5354 serviacclpiens,
3136 5278 3190 5326 et
3220 5286 3390 5354 usque
3418 5273 3488 5354 nd
3518 5282 3752 5354 mortem

2168 5338 2343 5395 factus
2369 5343 2648 5406 «hederis,
2680 5347 2908 5396 mortem
2931 5338 3130 5395 autem
3161 5338 3359 5397 crucis.
3405 5341 3485 5396 An
3532 5360 3638 5399 non
3668 5353 3755 5400 est

2166 5410 2418 5468 omnibus
2440 5413 2661 5466 evidens
2690 5406 2744 5464 id
2772 5411 3064 5473 humiliari,
3086 5413 3231 5480 quod
3258 5413 3495 5470 sublime
3518 5415 3611 5480 sit,
3641 5430 3752 5469 non

2167 5481 2310 5548 quod
2332 5481 2660 5540 intrinsecus
2679 5490 2734 5535 et
2756 5497 2823 5534 ex
2865 5488 3052 5539 natura
3076 5483 3403 5541 submissum
3421 5492 3475 5536 et
3502 5484 3744 5539 humile?

2168 5549 2246 5624 Id,
2277 5550 2580 5624 umidior,
2605 5557 2899 5624 exinaniri,
2925 5553 3065 5622 quod
3088 5551 3305 5624 plenum
3345 5555 3441 5616 sit,
3471 5564 3526 5624 et
3548 5553 3751 5610 nullius

2170 5622 2246 5677 rei
2296 5620 2568 5693 indigeat?
2605 5621 2738 5676 Illud
2784 5620 2958 5678 etiam
2990 5620 3237 5692 accipere
3290 5625 3433 5680 servi
3471 5623 3702 5680 formam
3731 5663 3747 5686 ,

2171 5693 2313 5761 quod
2359 5699 2483 5748 ante
2512 5694 2659 5748 illam
2693 5693 2853 5748 fuerit
2882 5694 3176 5750 secundum
3209 5700 3456 5747 naturam
3479 5694 3751 5750 liberum?
