4248 6196
569 226 674 282 415

1404 229 1466 284 n.
1506 225 1568 283 ι’.
1607 227 1830 283 suum
1864 226 1996 284 seu
2032 224 2304 283 ALCUINI
2351 221 2632 283 OPERUM
2671 198 2848 280 rans
2884 222 2967 280 ιιι.

567 338 804 412 scripsit,
819 339 982 412 ubi‘et
1006 339 1316 412 mysterium
1335 338 1719 412 incarnationis
1737 340 1992 412 singulari
2009 353 2126 412 eru-
2151 340 2200 399 Α
2225 335 2545 412 plieahiliter
2567 335 2794 412 unitum,
2826 351 2984 412 unam
3009 333 3161 390 nobis
3185 331 3310 412 Filii
3336 340 3782 412 naturam_osten-

564 409 766 463 ditione
803 409 1077 476 explanat,
1110 418 1164 463 et
1197 409 1628 464 criminatoribus
1669 409 1780 464 suis
1808 409 1922 464 toto
1948 409 2124 464 studio

561 478 763 531 obviat.
800 497 818 528 ι
853 479 991 549 Quia
1017 492 1171 549 vero,
1193 479 1211 542 (
1218 479 1288 549 ita
1318 479 1370 532 in
1398 479 1568 549 prima
1595 478 1660 549 ad
1683 479 1992 549 praedictum
2012 480 2123 549 epi-

563 548 1028 628 scoputn_epistola
1050 547 1256 628 scribit)
1276 547 1512 628 nonmihi
1540 547 1692 601 nobis
1709 547 2125 628 A_poll_inar_ii_er-

561 629 712 669 rores
754 616 1011 685 objiciunt
1055 633 1118 671 ac
1162 618 1345 671 dicunt
1388 633 1400 670 :
1441 616 1499 671 Si
1526 633 1687 670 unum
1723 617 1896 672 dicitis
1922 617 2122 672 Filium

527 732 530 734 ν
559 686 842 738 secundum
870 685 1147 806 per(ectam
1171 697 1324 757 atque
1351 688 1673 758 commistam
1714 689 1961 741 unitatem
1990 688 2122 741 illud

559 769 624 806 ea:
645 753 752 806 Deo
777 752 932 806 Patre
979 754 1174 806 ’erbum
1197 756 1451 806 hominem
1479 756 1671 806 factum
1701 766 1747 806 et
1770 758 2119 806 incarnatum.

559 769 624 806 ea:
645 753 752 807 Deo
777 752 932 808 Patre
960 752 1174 809 Verbum
1197 752 1451 809 hominem
1476 756 1671 824 factum
1701 766 1747 809 et
1770 758 2119 820 incarnatum,

561 825 736 892 utique
762 824 894 878 illud
921 826 1074 878 etiam
1101 826 1304 893 opinari
1335 836 1382 878 et
1422 825 1610 878 sentire
1635 826 1956 889 decrevistis,
1985 843 2124 880 com-

557 893 845 964 mistionern
874 894 949 947 vel
984 895 1336 961 confusione»:
1374 904 1466 948 aut
1495 897 1896 964 compactionem
1927 896 2121 964 factam

555 978 666 1015 esse
701 959 851 1033 Verbi
877 979 993 1033 enm
1016 959 1246 1033 corpore,
1278 975 1366 1017 mu
1394 975 1528 1017 certe
1552 959 1780 1032 corporis
1805 959 2123 1018 immutatio-

557 1047 673 1083 nem
707 1031 758 1084 in
787 1032 1069 1085 divinitatis
1098 1031 1359 1086 naturam.
1391 1035 1465 1087 Ea
1501 1035 1567 1088 de
1606 1031 1766 1087 causa
1794 1049 1893 1088 nos
1933 1036 2121 1088 admo-

556 1099 682 1181 dum
712 1103 1021 1181 sapienter,
1063 1109 1120 1181 ut
1147 1103 1468 1181 calumniam
1513 1103 1850 1181 repellamus,
1878 1103 2123 1181 dicimus

553 1167 682 1223 illud
712 1167 807 1224 Dei
852 1170 1025 1243 Patris
1069 1173 1302 1243 verbum
1330 1171 1518 1243 modo,
1537 1167 1626 1240 qui
1667 1187 1840 1240 neque
1877 1173 2146 1243 intelligi,‘

555 1253 729 1306 neque
756 1239 984 1308 exprimi
1016 1241 1194 1295 verbis
1217 1242 1404 1310 possit,
1435 1239 1614 1296 unisse
1638 1243 1738 1296 sibi
1755 1239 1961 1310 corpus
1983 1257 1987 1260 ‘
2006 1239 2121 1298 ani-

552 1317 764 1381 ma_t_um_
782 1310 964 1381 anima
997 1310 1362 1374 intellectuali,
1383 1319 1446 1364 'et
1473 1312 1732 1381 prodiisse
1759 1313 2026 1366 hominem
2054 1328 2119 1368 ex

551 1379 796 1452 muliere,
819 1395 922 1452 non
954 1379 1322 1452 immutatione
1347 1379 1571 1452 naturis,
1597 1382 1689 1435 sed
1713 1382 1888 1452 potius
1909 1381 2122 1452 dispen—

551 1449 749 1502 satoria
776 1448 1047 1503 voluntate
1078 1451 1243 1503 nostri
1268 1450 1492 1503 similem
1523 1448 1741 1504 factum.
1774 1451 1952 1506 Voluit
1977 1448 2119 1506 enim

552 1517 713 1588 homo
739 1518 872 1580 ﬁeri,
902 1533 1011 1588 non
1041 1533 1106 1571 eo
1141 1519 1360 1582 amisso,
1390 1520 1529 1588 quod
1553 1521 1845 1576 secundum
1875 1529 2119 1576 naturam

550 1585 693 1657 Deus
720 1595 856 1641 erat.
891 1587 995 1642 Sed
1008 1589 1262 1657 quamvis
1284 1589 1336 1643 in
1360 1585 1570 1644 nostras
1596 1605 1875 1643 mensuras
1898 1591 2119 1646 descen-
2177 1643 2181 1647 .

550 1655 799 1738 ἀει-ηερε
823 1657 961 1738 servi
993 1655 1222 1738 formam
1247 1659 1498 1738 induerit,
1529 1668 1705 1713 tamen
1732 1661 1809 1714 sic
1831 1675 2042 1738 quoque
2064 1661 2116 1738 in
2147 1679 2193 1738 Β

548 1739 659 1778 sua:
688 1725 980 1781 divinitatis
1010 1728 1348 1790 excellentia,
1381 1735 1436 1782 et
1477 1728 1529 1782 in
1558 1745 1654 1783 suo
1682 1725 1910 1783 naturali
1941 1725 2116 1783 domi-

548 1802 676 1868 natu
727 1798 1020 1868 permansit
1052 1795 1597 1868 considerantes
1639 1798 1826 1868 igitur,
1873 1807 1931 1852 ut
1974 1799 2117 1862 dixi,

548 1863 767 1937 modum
797 1865 1213 1937 humanationis,
1245 1867 1588 1937 intelliginms
1621 1863 1752 1922 duas
1783 1868 1925 1937 inter
1950 1883 2008 1923 se
2036 1870 2118 1922 in-

547 1933 847 1988 dissolubili
877 1937 1071 1990 unione
1101 1933 1660 1991 convenisse'naturas
1688 1936 1824 1992 citra
1852 1937 2118 1994 confusio-

547 2017 691 2067 nem,
734 2013 892 2073 atque
939 2006 1361 2060 immutationem
1397 2007 1596 2060 ullam:
1637 2023 1764 2062 caro
1807 2008 1950 2062 enim
1991 2023 2120 2066 caro

544 2080 674 2142 est,
701 2081 755 2126 et
801 2089 905 2127 non
936 2075 1218 2139 divinitas,
1247 2076 1457 2132 etiamsi
1501 2076 1593 2131 Dei
1639 2092 1768 2142 caro
1808 2079 1947 2138 facta
1994 2085 2114 2133 est:

546 2141 784 2217 itemque
823 2144 1076 2217 Verbum
1103 2145 1242 2199 Deus
1281 2157 1383 2210 esv,
1429 2154 1483 2200 et
1527 2162 1632 2201 non
1660 2162 1824 2217 _earo,
1874 2149 2118 2217 quamvis

544 2210 938 2284 dispensatoria
977 2215 1184 2268 ratione
1213 2217 1483 2284 propriam
1516 2217 1617 2269 sibi
1650 2210 1838 2272 fecerit
1873 2210 2113 2272 carnem.
2147 2261 2152 2267 .

544 2280 714 2350 igitur
743 2299 862 2336 cum
893 2283 944 2336 id
970 2280 1400 2349 consideramus,
1433 2285 1564 2338 nihil
1605 2285 1754 2339 illum
1779 2287 1831 2341 in
1858 2287 2117 2342 unitatem

545 2365 867 2406 concursum
895 2354 1174 2417 violamus,
1207 2355 1331 2407 dum
1359 2369 1424 2409 ex
1447 2355 1653 2410 duabus
1683 2357 1887 2410 naturis
1917 2355 2115 2412 factum

544 2435 665 2494 esse
692 2421 924 2494 dicimus
944 2440 978 2494 :_
996 2424 1087 2494 sed
1116 2432 1237 2494 post
1262 2426 1514 2479 unionem
1553 2427 2022 2482 naturasalteram
2048 2428 2116 2482 ab

543 2491 718 2562 altera
743 2507 847 2562 non
876 2491 1181 2552 dividimus,
1199 2507 1369 2562 neque
1391 2494 1442 2548 in
1469 2495 1602 2549 duos
1625 2495 1761 2550 filios
1779 2496 1928 2549 illum
1950 2512 2115 2550 unum

542 2559 1025 2630 impartibilcmque
1062 2559 1334 2626 secamus,
1376 2562 1468 2617 sed
1509 2579 1676 2617 unum
1711 2565 2003 2618 asserimus
2029 2565 2116 2618 Fi-

543 2629 693 2692 lium,
725 2641 798 2693 et,
831 2639 891 2683 ut
919 2631 1088 2684 sancti
1135 2631 1322 2686 Patres
1349 2633 1625 2696 dixerunt,
1663 2649 1822 2688 unam
1869 2639 2114 2688 naturam

544 2699 638 2752 Dei
674 2700 830 2754 Verbi
877 2701 1229 2755 incarnatam.
1270 2701 1452 2768 Itaque
1478 2713 1734 2769 quantum
1774 2704 1838 2757 ad
1866 2703 2114 2758 conside-

544 2770 771 2840 randum
799 2771 1007 2840 attinet,
1044 2780 1202 2839 atque
1223 2769 1384 2825 animi
1412 2773 1581 2826 oculis
1602 2774 1967 2840 tantummodo
1989 2788 2115 2828 con-

542 2839 927 2912 templandum,
960 2842 1222 2912 quomodo
1254 2841 1412 2895 homo
1448 2842 1620 2896 factus
1647 2843 1716 2896 sit
1745 2843 1832 2896 ille
1865 2839 2116 2912 Unigeni-

545 2917 650 2968 tus,
683 2908 814 2962 duas
859 2918 1079 2974 naturas
1109 2911 1287 2963 unitas
1328 2925 1444 2965 esse
1490 2912 1736 2975 dicimus,
1784 2928 1950 2966 unum
1972 2908 2114 2967 “vero

543 2977 818 3031 Christum
846 2986 898 3032 et
922 2978 1112 3032 Filium
1139 2988 1191 3033 et
1219 2979 1499 3032 Dominum
1522 2980 1648 3034 illud
1673 2980 1763 3034 Dei
1785 2980 1959 3036 Patris
1978 2983 2110 3037 Ver-

2223 403 2321 470 dit,
2351 407 2462 471 sed,
2493 414 2550 461 ut
2576 408 2837 469 diximus,
2879 407 3226 460 inearnatam.
3265 403 3380 458 Non
3409 405 3550 458 enim
3580 404 3778 473 ipsum,

3673 222 3793 280 “6'

2222 491 2408 540 unum,
2437 477 2491 530 in
2519 475 2602 531 his
2624 477 2750 531 solis
2776 492 2893 546 qua:
2917 477 3203 546 secundum
3239 483 3484 527 naturam
3514 474 3781 544 simplicia
3855 518 3866 524 ,

2222 553 2362 608 sunt,
2387 560 2512 600 vere
2531 546 2747 610 dicitur,
2761 544 2851 600 sed
2878 547 2936 599 in
2955 545 3037 598 his
3059 544 3218 598 etiam
3238 557 3356 613 qua:
3375 550 3499 596 sunt
3519 558 3614 613 per
3632 558 3783 600 com-

2219 615 2534 683 positionem
2570 614 2869 682 mnium-ta,
2894 613 3185 683 cujusmodi
3221 621 3303 667 est
3333 613 3493 667 homo
3512 628 3577 668 ex
3597 614 3780 669 anima

2221 693 2471 753 constans
2495 692 2548 753 et
2573 700 2814 753 corpore.
2845 683 2974 737 Nam
3004 683 3262 753 ejusmodi
3293 698 3381 738 res
3407 697 3526 736 cum
3554 683 3780 741 alterius

2221 752 2328 806 sint
2370 752 2594 822 speciei,
2637 752 2692 808 et
2729 753 2947 808 minime
2974 752 3210 820 ejusdem
3250 752 3388 822 inter
3423 767 3480 806 se
3507 753 3778 821 essentize,

2221 821 2413 876 tamen
2436 837 2555 877 cum
2583 823 2746 877 unita:
2778 831 2919 885 sunt,
2947 837 3103 876 unam
3135 821 3365 876 hominis
3406 830 3653 881 naturam
3680 824 3778 878 ab-

2221 891 2431 946 solvunt
2455 908 2470 956 ;
2509 894 2751 960 quamvis
2779 893 2914 946 adsit
2939 893 2989 945 in
3016 891 3416 960 compositionis
3446 891 3648 946 ratione
3673 892 3780 948 dif-

2217 960 2464 1022 ferentia,
2501 962 2788 1016 secundum
2808 971 3048 1017 naturam
3076 977 3254 1015 rerum
3277 962 3342 1014 ad
3366 961 3625 1015 unitatem
3648 979 3779 1017 eon-

2218 1031 2570 1085 currentium.
2600 1029 2937 1101 Supervacuc
2963 1033 3122 1098 igitur
3150 1032 3537 1085 ratiocinantur
3575 1032 3666 1100 qui
3690 1047 3780 1086 as-

2220 1107 2437 1164 serunt,
2479 1101 2656 1155 siuna
2694 1102 2764 1155 sit
2804 1109 2989 1155 natura
3016 1102 3174 1155 Verbi
3222 1101 3521 1170 incarnata,
3557 1117 3782 1170 prorsus

2219 1170 2474 1242 consequi
2519 1170 2916 1242 permistionem
2964 1180 3124 1240 atque
3164 1168 3528 1242 confusionem
3545 1168 3777 1242 laetam

2219 1237 2415 1304 fuisse,
2449 1237 2750 1311 imminuta
2771 1237 3020 1311 nimirum
3038 1237 3208 1308 atque
3233 1239 3506 1311 subtracta
3544 1239 3780 1311 hominis

2219 1319 2431 1362 natura.
2460 1308 2642 1378 Neque
2669 1310 2809 1364 enim
2840 1310 3114 1362 imminuta
3159 1323 3331 1378 neque
3365 1309 3636 1364 subtracta
3668 1309 3775 1373 est,

2217 1385 2280 1448 ut
2333 1378 2481 1432 aiunt
2507 1395 2519 1431 :
2548 1394 2672 1433 nam
2697 1379 2762 1433 ad
2786 1379 3091 1448 plenissime
3116 1378 3494 1448 declarandum
3534 1379 3674 1447 quod
3706 1381 3781 1434 sit

2218 1445 2390 1502 factus
2418 1448 2597 1511 homo,
2620 1448 2750 1504 satis
2775 1445 2857 1503 est
2879 1448 3032 1504 fateri
3063 1448 3189 1502 illud
3225 1446 3390 1502 fuisse
3416 1445 3775 1502 incarnatum.

2196 1515 2330 1572 ‘Hoe
2358 1517 2500 1571 enim
2544 1517 2588 1571 si
2625 1533 2654 1572 a
2693 1519 2846 1575 nobis
2881 1526 3164 1581 taceretur,
3195 1517 3455 1572 haberent
3480 1517 3651 1572 locum
3683 1518 3780 1571 ali-

2217 1600 2375 1655 quem
2396 1601 2578 1640 eorum
2605 1587 2912 1642 calumnia):
2938 1603 3058 1643 cum
3082 1601 3207 1641 vero
3232 1588 3536 1656 necessario
3558 1588 3781 1656 subjun-

2221 1664 2365 1708 ctum
2381 1656 2805 1720 sit,incarnatutn
2833 1673 2966 1718 esse,
2982 1657 3194 1710 ubinam
3213 1657 3350 1711 ullus
3366 1655 3776 1721 imminutionis,

2221 1725 2666 1781 subtractionisve
2689 1728 2875 1782 modus
2897 1728 3112 1782 relictus
3127 1729 3242 1782 est?
3258 1747 3277 1779 ›
3299 1725 3427 1781 Ibid.
3449 1725 3484 1779 Γ.
3507 1726 3604 1779 142
3617 1726 3774 1784 θι45.
3809 1782 3815 1789 ,

2289 1793 2424 1874 λιν.
2452 1794 2538 1850 Ea:
2565 1794 2806 1877 loquendi
2840 1798 3005 1877 modis
3049 1813 3178 1877 quos
3221 1796 3532 1850 adhibebant
3581 1795 3778 1877 {Vesto-

2220 1864 2358 1917 riani
2386 1864 2670 1935 necessario
2697 1866 2992 1935 inferendas
3017 1864 3123 1920 esse
3141 1866 3273 1920 duas
3296 1881 3542 1934 personas
3564 1866 3780 1920 demon-

2215 1941 2364 2005 strat.
2397 1931 2558 2005 Verba
2579 1931 3026 1992 Nestorianorum.
3043 1935 3275 2001 —Quod
3296 1931 3504 2003 spectat
3524 1935 3780 2005 loquendi

2216 2004 2403 2058 modos
2426 2018 2458 2058 a
2479 2003 2827 2070 Nestorianis,
2858 2015 2917 2058 ut
2939 2005 3292 2060 differentiam
3320 2003 3634 2060 naturarum
3664 2005 3778 2059 etii-

2217 2072 2397 2144 caeius
2420 2075 2781 2144 eAgprimerent
2809 2075 3072 2130 adhibitos
3091 2115 3105 2139 ,
3156 2090 3276 2129 eum
3321 2091 3510 2144 nempe
3537 2075 3736 2144 passim
3758 2116 3774 2137 .

2216 2142 2408 2214 ubi__de
2440 2142 2596 2214 Verbi
2640 2145 3007 2200 incarnatione
3035 2146 3388 2214 loquebantur
3408 2183 3424 2208 ρ
3446 2142 3595 2198 Ῑιιιὲει·
3637 2145 3778 2200 hunc
3808 2152 3810 2154 ’

2215 2220 2262 2284 et
2291 2209 2868 2284 illum‘distinguerent,
2903 2216 3093 2270 merito
3106 2209 3266 2284 'ipsis,
3287 2215 3576 2284 exprobrat
3603 2214 3776 2284 Cyril-

2213 2280 2335 2355 ξιιεζ
2341 2281 2474 2355 nihil
2500 2283 2604 2355 dici
2633 2280 2886 2352 potuisse,
2932 2301 3039 2355 quo
3067 2280 3302 2353 apertius
3329 2280 3572 2355 persona:
3598 2280 3777 2340 unitas

2214 2350 2270 2405 in
2297 2350 2513 2406 Christo
2536 2350 2903 2409 destrueretur
2921 2350 3051 2418 [uti
3094 2350 3275 2408 revera
3305 2350 3524 2407 cuilibet
3551 2370 3661 2407 rem
3690 2357 3778 2409 vel

2214 2421 2371 2493 gbvi_e_
2413 2422 2772 2493 consideranti
2816 2433 2990 2492 patet._
3020 2443 3036 2474 ι
3074 2423 3511 2493 Quandoquidem
3545 2423 3640 2493 (ait
3677 2423 3772 2478 lib.

2215 2490 2290 2544 De
2315 2489 2445 2547 Fide
2463 2492 2530 2548 ad
2557 2485 2936 2563 Theodosium)
2965 2485 3127 2549 unum
3156 2485 3425 2548 Christum
3450 2493 3501 2546 in
3533 2485 3664 2547 duos
3691 2508 3776 2548 se-

2213 2570 2476 2633 cernunt,
2521 2572 2576 2633 et
2621 2578 2802 2618 crassa
2837 2564 3060 2632 quadam
3100 2564 3435 2633 separatione
3473 2563 3613 2633 inter
3637 2564 3776 2618 hunc

2212 2636 2266 2713 et
2292 2629 2438 2684 illum
2465 2632 2702 2713 inducta,
2735 2629 3018 2713 utrumque
3045 2629 3283 2713 seorsum
3323 2647 3387 2686 ac
3415 2631 3569 2713 quasi
3597 2648 3692 2713 per
3717 2648 3776 2687 se
3813 2669 3819 2676 ς

2213 2708 2359 2772 stare
2385 2701 2739 2772 contendunt;
2764 2710 2819 2756 et
2845 2701 3069 2758 alterum
3097 2703 3332 2772 quidem,
3356 2716 3476 2772 eum
3519 2702 3776 2757 nimirum

2211 2769 2301 2836 qui
2327 2784 2393 2823 ex
2422 2769 2636 2839 Virgine
2662 2780 2819 2824 natus
2843 2780 2943 2835 est,
2984 2769 3273 2841 perfectum
3305 2771 3572 2825 hominem
3597 2789 3610 2835 ;
3645 2773 3778 2826 alte-

2211 2853 2330 2892 rum
2371 2855 2582 2911 rursum
2610 2841 2779 2911 ipsum
2807 2841 2899 2895 Dei
2941 2842 3114 2896 Patris
3137 2842 3366 2898 Verbum
3400 2857 3517 2896 esse
3547 2842 3728 2896 dicunt
3755 2857 3771 2906 ;

2211 2923 2316 2962 non
2343 2910 2470 2978 quid
2494 2910 2642 2965 inter
2666 2912 2755 2967 Dei
2795 2921 2846 2966 et
2869 2914 3045 2966 carnis
3075 2920 3317 2966 naturam
3347 2911 3558 2964 intersit
3582 2913 3774 2966 distin-

2214 2987 2456 3050 guentes,
2485 2995 2655 3048 neque
2681 2981 2817 3039 intra
2850 2982 2990 3036 solos
3009 2981 3421 3050 discrepantium
3457 2990 3774 3034 naturarum

542 3029 2114 3113 humhominemiactu—tn:etiiima—rnatum‘avsserjmus;:At
2139 3029 2184 3090 Ο
2215 3029 2475 3102 ἶετιιιίιιοέ
2515 3029 2902 3104 οδιιδίεἶοιιιεεε
2946 3053 3017 3104 ita
3049 3029 3258 3103 enimra
3287 3051 3510 3103 veritate
3549 3065 3651 3103 non
3678 3050 3776 3104 ab—

544 3116 586 3168 si
616 3117 806 3188 placet,
840 3118 977 3173 hanc
1021 3119 1190 3188 ipsam
1231 3125 1470 3173 nostram
1502 3120 1963 3188 compositionem,
2008 3135 2110 3188 qua

544 3201 729 3264 sumus
758 3187 1019 3251 homines,
1048 3187 1211 3264 990
1240 3189 1291 3242 in
1319 3187 1992 3264 exemplum’aecipiamus.
2025 3187 2110 3244 Ex

543 3255 721 3307 anima
767 3272 997 3330 namque
1047 3255 1361 3330 c—t‘corpore
1403 3255 1588 3313 sumus
1628 3255 1927 3330 compositi,
1955 3261 2111 3314 duas-

544 3339 649 3397 que
697 3333 914 3397 naturas
967 3328 1252 3390 intuemur,
1305 3329 1532 3382 alteram
1579 3328 1845 3397 corporis,
1889 3331 2110 3384 alteram

545 3393 766 3447 animae:
800 3396 890 3448 sed
921 3412 1057 3450 unus
1085 3411 1147 3450 ex
1174 3399 1449 3466 utriusque
1477 3393 1899 3454 unione'constat
1919 3402 2107 3454 homo:

544 3479 729 3539 neque
746 3480 889 3524 vero,
916 3467 1036 3535 quia
1062 3482 1125 3539 ex
1153 3466 1357 3539 duabus
1379 3470 1584 3539 naturis
1606 3470 1765 3523 homo
1786 3471 2110 3539 compositus

543 3543 643 3606 est,
700 3535 830 3588 duos
861 3546 1047 3606 putare
1086 3536 1338 3589 debemus
1371 3538 1629 3600 homines,
1681 3541 1770 3606 qui
1810 3535 1949 3593 unus
1995 3548 2106 3603 est,

543 3605 636 3656 sed
667 3620 827 3657 unum
859 3605 1102 3660 eumdem
1133 3620 1228 3673 per
1257 3605 1712 3676 compositionem.
1749 3615 1803 3660 ut
1843 3609 1985 3671 dixi,
2017 3611 2108 3676 qui

542 3689 606 3747 ex
635 3676 807 3747 anima
838 3684 1047 3730 constat
1071 3684 1122 3730 et
1151 3690 1392 3744 corpore.
1421 3676 1552 3729 Nam
1578 3680 1619 3730 si
1653 3678 2107 3747 negaverimusex

545 3745 748 3796 duabus
769 3746 1096 3815 diversisque
1121 3748 1324 3800 naturis
1355 3762 1514 3800 unum
1542 3763 1600 3800 ac
1625 3745 1792 3799 solum
1818 3762 1933 3800 esse
1960 3747 2112 3801 Chri-

544 3822 703 3875 stum,
736 3816 823 3886 qui
854 3825 986 3881 post
1013 3818 1263 3869 unionem
1309 3818 1468 3870 dividi
1520 3833 1624 3870 non
1673 3819 1870 3886 possit,
1912 3816 2106 3870 dicturi

544 3890 686 3943 sunt,
719 3884 805 3948 qui
836 3899 955 3939 cum
981 3895 1123 3939 recta
1147 3886 1247 3939 [ide
1273 3888 1466 3939 bellum
1493 3884 1711 3948 gerunt}
1745 3889 1786 3939 si
1814 3896 1978 3941 totum
2001 3902 2106 3940 una

543 3960 625 4005 est
655 3927 868 4025 tiatlura,
896 3955 1162 4025 quomodo
1191 3955 1360 4010 factus
1387 3964 1469 4009 est
1493 3927 1684 4018 zhomo,
1729 3973 1954 4025 quamve
1989 3972 2109 4008 car-

547 4035 667 4073 nem
693 4023 961 4095 propriam
989 4022 1144 4095 fecit?
1163 4032 1312 4095 etc.)
1347 4026 1497 4084 Tom.
1533 4027 1592 4087 V,
1626 4022 1762 4095 part:
1792 4043 1852 4088 tt,
1880 4027 1968 4079 fol.
2004 4025 2106 4080 536

505 4120 509 4124 -
543 4100 597 4143 ct
629 4105 739 4163 seq.
765 4089 1017 4163 tiumque
1046 4089 1230 4144 oil‘ehsi
1261 4093 1483 4163 fuissent
1509 4089 1744 4162 quidam,
1775 4097 1913 4163 quod
1943 4095 2108 4149 dixis-

545 4168 626 4211 set
653 4159 882 4228 (Iyrillus
911 4176 1067 4212 unam
1101 4168 1338 4212 naturam
1370 4159 1693 4215 incarnatam
1716 4204 1730 4227 ,
1763 4159 1816 4216 in
1847 4165 2012 4220 altera
2039 4165 2105 4217 ad

548 4229 863 4300 Successum
889 4230 1112 4298 epistola
1157 4239 1385 4283 mentem
1417 4245 1566 4282 suam
1612 4231 1837 4300 desuper
1872 4234 2122 4299 apertius-

547 4298 640 4352 dat
666 4299 844 4354 dicens
868 4319 880 4352 :
913 4319 929 4349 ι
969 4301 1173 4354 Rursus
1200 4301 1464 4370 ignorant,
1485 4300 1578 4370 qui
1604 4298 1756 4352 recta
1774 4298 2102 4369 pervertunt,

2214 3124 2492 3170 errarent:
2521 3118 2621 3172 alia
2653 3120 2791 3172 enim
2824 3121 3017 3182 carnis,
3045 3119 3144 3172 alia
3175 3133 3363 3172 rursus
3385 3119 3546 3173 Verbi
3573 3128 3654 3173 est
3680 3135 3774 3173 na—-

2215 3185 2453 3258 tura._At
2480 3186 2532 3258 hi
2564 3188 2789 3242 alterunt
2824 3203 3060 3243 seorsum
3090 3205 3152 3242 ac
3177 3204 3269 3258 per
3291 3204 3367 3253 se,
3393 3196 3643 3257 tanquam
3667 3205 3778 3244 me-

2212 3269 2329 3308 rum
2357 3255 2622 3310 hominem
2651 3267 2921 3320 statuunt;
2965 3255 3189 3314 alterum
3217 3274 3341 3312 vero
3370 3268 3426 3311 ut
3461 3255 3644 3313 verum
3671 3275 3771 3313 na-

2211 3325 2545 3396 turalemque
2588 3325 2754 3382 Deum
2786 3330 3061 3384 nominant
3091 3370 3102 3382 .
3132 3370 3181 3383 ..
3216 3328 3295 3383 Ad
3324 3329 3542 3382 verbum
3592 3340 3772 3385 autem

2210 3394 2352 3449 hunc
2393 3394 2696 3452 in’modum
2745 3399 2979 3452 scribere
3025 3400 3134 3454 ausi
3165 3406 3322 3453 sunt:
3370 3398 3469 3451 llic
3516 3400 3771 3454 siquidem

2212 3463 2424 3539 (_n_§‘_mpe
2464 3467 2560 3539 Dei
2605 3466 2779 3521 Patris
2805 3470 3068 3539 Verbum)
3119 3483 3276 3523 verus
3303 3477 3358 3522 et
3386 3463 3643 3539 naturalis
3685 3477 3776 3539 est

2210 3535 2543 3608 [filiusrilk
2570 3550 2696 3591 vero
2730 3539 2876 3607 (puta
2903 3535 3132 3608 Virginis
3174 3539 3351 3608 natus)
3392 3537 3774 3608 wquigoce__1)ci

2210 3603 2382 3674 Filius
2410 3605 2636 3668 dicitur;
2666 3614 2719 3659 et
2739 3603 2894 3673 paulo
2913 3603 3033 3674 post
3061 3609 3285 3674 iterum‘;
3315 3603 3501 3673 Utique
3519 3605 3613 3658 Dei
3647 3603 3772 3658 Ver-

2210 3672 2327 3743 bum
2357 3689 2470 3743 noni
2482 3683 2558 3743 est
2584 3672 2755 3737 homo,
2791 3677 2878 3727 sed
2906 3672 3160 3729 hominem
3186 3672 3482 3743 assumpsit.
3516 3674 3772 3739 Quando-

2209 3742 2420 3815 quidem
2454 3742 2780 3815 Unigenitus
2804 3745 2912 3811 jam
2949 3744 3068 3798 inde
3116 3746 3183 3798 ab
3232 3742 3382 3815 ipitio
3414 3760 3506 3812 per
3541 3761 3619 3806 se,
3670 3744 3764 3799 Dei

2207 3812 2445 3864 omnium
2474 3812 2678 3880 opificis
2707 3812 2872 3865 Filius
2900 3822 2981 3867 est
3005 3833 3014 3864 :
3048 3816 3205 3868 homo
3231 3812 3426 3875 autem,
3463 3829 3619 3881 quem
3644 3829 3766 3868 sus-

2207 3882 2365 3950 cepit,
2398 3898 2518 3935 eum
2554 3891 2742 3936 natura
2770 3883 2904 3938 Deus
2930 3900 3032 3937 non
3058 3886 3146 3945 sit,
3178 3894 3394 3954 propter
3421 3901 3568 3945 eum,
3589 3901 3617 3937 a
3660 3901 3768 3954 quo

2207 3962 2512 4020 assumptus
2538 3959 2638 4015 est,
2671 3954 2758 4021 qui
2785 3970 2940 4008 verus
2971 3954 3059 4007 Dei
3099 3954 3265 4007 Filius
3294 3963 3394 4015 est,
3425 3955 3607 4008 eodem
3641 3971 3767 4010 cum

2206 4023 2316 4092 ipso
2358 4024 2572 4077 nomine
2601 4024 2913 4092 appellatur.
2951 4046 2967 4075 ι
3003 4024 3153 4078 Τοιιι.
3195 4024 3259 4077 lV
3288 4024 3476 4088 Conc.,
3505 4024 3607 4080 col.
3640 4025 3762 4078 69.6.

2203 4089 2330 4145 .lure
2355 4093 2450 4164 abs
2472 4089 2784 4164 dubio—dixit
2821 4095 3049 4163 Cyrillus
3087 4111 3322 4150 crassam
3370 4110 3465 4164 per
3488 4097 3648 4149 hosce
3681 4095 3764 4148 lo-

2205 4162 2400 4228 quendi
2430 4163 2635 4226 modos,
2661 4177 2756 4228 per
2800 4162 3189 4218 diStinctionem
3218 4162 3421 4218 scilicet
3458 4165 3599 4218 inter
3625 4165 3764 4217 [tunc

2205 4239 2260 4282 et
2281 4228 2447 4295 illum,
2481 4233 2867 4295 separationem
2902 4235 3095 4295 induci,
3127 4249 3246 4287 cum
3276 4247 3432 4285 nemo
3453 4249 3556 4287 non
3582 4232 3761 4286 videat

2204 4302 2517 4369 pronomina
2539 4301 2621 4352 hic
2647 4307 2698 4369 et
2719 4301 2804 4352 ille
2826 4317 2928 4354 non
2951 4303 3136 4369 utique
3165 4303 3228 4354 de
3251 4301 3475 4363 naturis,
3498 4302 3587 4354 sed
3607 4301 3762 4369 plane

549 4382 707 4420 unam
730 4384 911 4448 revera
935 4386 1053 4423 esse
1076 4368 1316 4423 naturam
1343 4369 1494 4424 Verbi
1515 4368 1940 4448 incarnatam.“Si
1963 4370 2103 4448 enim
2131 4368 2180 4424 D
2208 4368 2272 4445 _de
2298 4369 2543 4448 personis.
2556 4368 2900 4448 intelligenda
2929 4368 3079 4448 esse,
3127 4385 3189 4422 ac
3237 4370 3386 4448 proin
3430 4371 3472 4422 si
3505 4370 3556 4424 in
3586 4368 3760 4423 Verbo

546 4452 698 4508 unus
720 4446 801 4490 est
825 4437 1010 4502 Filius,
1038 4441 1125 4508 ille
1153 4449 1339 4493 natura
1364 4455 1426 4508 aq
1451 4455 1591 4503 vere,
1626 4438 1751 4492 illud
1782 4455 1842 4491 ex
1869 4437 1976 4492 Deo
2005 4439 2104 4493 Pa-

545 4517 627 4578 tre
660 4506 885 4560 Verbum
927 4507 1260 4568 ineil‘abiliter
1291 4506 1542 4578 genitum,
1578 4510 1667 4577 qui
1699 4510 1886 4562 deinde
1916 4525 2106 4562 secun-

547 4577 671 4642 dum
700 4579 1116 4645 assumptionem
1146 4577 1321 4631 carnis
1345 4595 1446 4633 non
1477 4580 1795 4636 inanimatae,
1831 4583 1918 4633 sed
1948 4579 2103 4632 intel-

543 4645 740 4714 ligente
769 4649 942 4701 anima
973 4647 1207 4715 prmditaa
1229 4649 1422 4714 prodiit
1454 4649 1610 4702 homo
1639 4664 1704 4703 ex
1736 4650 1972 4710 muliere,
1996 4665 2101 4703 non

546 4727 825 4785 propterea
854 4720 904 4772 in
936 4719 1068 4772 duas
1095 4731 1366 4786 personas,
1390 4719 1624 4787 duosque
1652 4719 1787 4776 tilios
1816 4720 2098 4780 dividetur,

549 4801 671 4838 cum
712 4789 1069 4855 permanserit
1099 4803 1263 4848 unus,
1295 4799 1398 4838 non
1448 4794 1617 4839 tamen
1669 4790 1781 4841 sine
1822 4805 1983 4844 carne
2012 4799 2103 4843 aut

546 4863 697 4908 extra
722 4873 928 4926 corpus,
960 4861 1050 4912 sed
1080 4858 1250 4920 ipsum
1281 4855 1550 4924 prOprium
1598 4856 1819 4926 habens.
1855 4872 1948 4924 per
1983 4862 2102 4911 uni-

548 4932 712 4976 tatem
734 4925 849 4994 quae
877 4929 1099 4981 distrahi
1124 4927 1264 4980 nullo
1288 4928 1444 4978 modo
1469 4925 1652 4991 possit.
1679 4925 1778 4989 Qui
1809 4935 1983 4979 autem
2005 4928 2100 4980 hoc

547 4995 698 5059 dicit,
725 4995 768 5048 is
797 4997 938 5051 nullo
960 5013 1180 5064 prorsus
1202 4998 1357 5050 modo
1379 4995 1775 5062 permistionem
1809 5003 1897 5046 aut
1922 4995 2106 5048 confu—

549 5065 776 5128 sionem,
803 5073 892 5117 aut
917 5066 1179 5133 ejusmodi
1214 5066 1354 5121 aliud
1381 5064 1671 5131 signiﬁcat:
1704 5079 1873 5130 neque
1900 5065 1951 5118 id
1983 5079 2104 5116 rur-

548 5150 639 5188 sus
666 5143 920 5204 tanquam
948 5151 1015 5187 ex
1043 5136 1341 5190 necessaria
1379 5135 1583 5188 ratione
1606 5134 1712 5187 ullo
1741 5135 1896 5187 modo
1922 5148 2107 5187 conse-

549 5213 760 5274 qUetur.
792 5206 919 5258 Nam
946 5205 1152 5260 etiamsi
1183 5221 1317 5260 unus
1340 5206 1545 5259 dicatur
1570 5221 1597 5258 a
1628 5205 1779 5257 nobis
1805 5204 2108 5274 unigenitus

548 5273 714 5328 Filius
740 5276 833 5329 Dei
863 5277 1187 5344 incarnatus,
1215 5285 1267 5327 et
1290 5276 1446 5329 homo
1476 5275 1666 5339 factus,
1696 5290 1798 5329 non
1832 5273 2106 5344 propterea

551 5347 838 5412 permistus
876 5355 974 5408 est,
1007 5352 1064 5396 ut
1096 5342 1167 5395 illi
1196 5351 1400 5410 putant,
1443 5361 1612 5414 neque
1648 5346 1702 5398 in
1744 5342 1920 5399 carinis
1949 5353 2104 5398 natu-

552 5430 663 5468 ram
695 5418 904 5471 transiit
929 5415 1088 5471 Verbi
1118 5423 1329 5474 natura,
1359 5428 1527 5481 neque
1560 5431 1746 5474 rursus
1775 5423 1959 5470 natura
1985 5431 2104 5467 car—

552 5484 634 5537 nis
661 5487 713 5538 in
747 5488 904 5541 Verbi
935 5493 1210 5540 naturam:
1241 5483 1329 5535 sed
1353 5492 1770 5551 cumutrumque
1795 5487 1845 5538 in
1869 5502 1962 5540 sua
1985 5501 2106 5553 pro-

551 5553 778 5632 prietate
819 5556 1048 5636 naturali
1081 5561 1384 5636 permaneat
1437 5560 1490 5603 et
1518 5555 1893 5636 consideretur
1914 5597 1927 5616 ,
1952 5556 2104 5636 juxta

557 5624 814 5681 rationem
840 5626 992 5695 paulo
1025 5622 1143 5680 ante
1182 5622 1436 5680 redditam
1460 5664 1472 5688 ,
1518 5622 1850 5678 incii'abilitcr
1881 5635 1928 5680 et
1955 5622 2104 5681 inex-

2201 4435 2482 4508 incarnato
2503 4437 2571 4508 sit
2597 4436 2688 4508 hic
2703 4435 2757 4490 et
2780 4437 2886 4498 itte,
2911 4439 3041 4491 duas
3061 4435 3269 4508 quoque
3293 4439 3345 4491 in
3371 4439 3484 4506 ipso
3506 4455 3761 4508 personas

2209 4504 2437 4567 admitti,
2470 4505 2549 4559 vel
2582 4505 2757 4574 potius
2783 4523 2960 4560 veram
2989 4504 3410 4561 incarnationem
3457 4504 3616 4562 Verbi
3661 4523 3757 4562 ne~

2207 4574 2340 4641 gari,
2369 4583 2427 4647 ut
2449 4575 2572 4628 alibi
2598 4577 2788 4642 sapius
2821 4587 2998 4630 monet
3026 4577 3273 4647 Cyrinus.
3301 4577 3434 4631 lline
3463 4586 3516 4630 et
3536 4577 3760 4647 Vigilius

2208 4659 2341 4712 papa
2370 4644 2420 4697 in
2445 4647 2786 4714 responsione
2809 4647 2871 4697 ad
2896 4644 3178 4714 capitulum
3198 4645 3265 4699 20
3288 4647 3549 4699 Theodori
3573 4644 3759 4700 eadem

2209 4715 2411 4786 ratione
2454 4715 2591 4786 inter
2620 4715 2761 4770 illum
2806 4725 2858 4768 et
2902 4717 3043 4769 illum
3081 4717 3481 4783 distinguentis,
3515 4725 3573 4770 ut
3599 4732 3759 4786 supra

2208 4783 2312 4858 ita,
2352 4801 2497 4858 num.
2531 4785 2594 4858 is
2623 4787 2866 4858 vidimus.
2908 4788 3014 4840 ait:
3052 4805 3068 4836 ι
3121 4786 3176 4858 ιη
3218 4787 3578 4858 “miseri?”
3609 4783 3756 4856 “ii”

2207 4857 2342 4907 simo
2370 4856 2616 4926 capitulo,
2655 4857 2740 4909 ubi
2787 4864 3003 4910 octavus
3047 4857 3278 4926 psalmus
3309 4856 3518 4912 videtur
3542 4858 3756 4926 exponi,

2203 4932 2257 4975 et
2285 4925 2456 4978 nudus
2477 4927 2632 4999 homo
2654 4926 2888 4999 (sieutet
2908 4928 2962 4980 in
2990 4925 3106 4999 aliis
3126 4927 3236 4998 jam
3264 4928 3460 4981 dictum
3487 4929 3588 4999 est)
3612 4925 3761 4982 Chri-

2206 5000 2319 5063 stus
2344 4994 2621 5063 asseritur,
2649 5003 2700 5048 et
2722 4996 2919 5049 divisus
2943 4994 3168 5052 aV'erbb
3191 5006 3534 5063 monstratur,
3557 4994 3612 5053 et
3630 4999 3758 5051 dua-

2208 5061 2327 5114 litas
2348 5062 2615 5117 inducitur
2647 5078 3012 5137 personarum.
3053 5085 3068 5115 ι
3104 5065 3339 5137 Cumque
3379 5077 3433 5120 et
3473 5061 3583 5137 ipse
3618 5067 3760 5137 arbi-
3801 5111 3804 5113 .

2206 5137 2438 5184 traretur
2466 5145 2642 5184 veram
2675 5134 3091 5188 incarnationem
3129 5135 3179 5187 in
3209 5134 3472 5190 Theodori
3491 5134 3758 5191 Sententia

2208 5199 2494 5276 subsistere
2522 5200 2661 5276 haud
2683 5213 2852 5268 posse,
2884 5202 2935 5256 in
2960 5204 3097 5276 hunc
3118 5204 3329 5276 modum
3351 5207 3552 5276 pergit:
3584 5227 3600 5256 ε
3630 5206 3759 5272 Quae

2208 5269 2249 5321 si
2278 5269 2395 5335 quis
2423 5268 2490 5319 ita
2521 5269 2678 5337 sapit,
2789 5280 2840 5323 et
2862 5288 2964 5325 non
2987 5273 3058 5326 ita
3083 5275 3132 5327 in
3156 5268 3366 5329 Christo
3385 5268 3607 5330 Doiuino
3627 5268 3758 5330 duas

2208 5345 2426 5398 naturas
2454 5338 2841 5426 indivisibiliter
2863 5353 2914 5395 et
2952 5343 3226 5426 inconiuse
3259 5346 3435 5400 unitas
3476 5345 3754 5426 intelligat,

2208 5418 2267 5467 ut
2298 5417 2541 5463 manente
2580 5407 2872 5481 differentia
2916 5413 3220 5466 earumdem
3265 5423 3596 5475 naturarum,
3645 5407 3759 5481 ipse

2209 5494 2344 5533 unus
2392 5488 2552 5547 atque
2583 5478 2719 5532 idem
2747 5493 2900 5532 verus
2926 5482 2994 5534 sit
3025 5482 3116 5533 Dei
3144 5490 3197 5536 et
3224 5497 3379 5536 verus
3415 5483 3645 5535 nominis
3664 5478 3758 5534 Fi-

2208 5551 2325 5611 lius,
2359 5551 2641 5608 anathema
2676 5548 2762 5602 sit.
2800 5569 2815 5599 ι
2850 5548 2997 5601 Tom.
3026 5549 3094 5602 IX
3125 5550 3312 5611 Couc.,
3340 5549 3439 5602 col.
3475 5549 3559 5602 76.

2281 5621 2388 5675 XV.
2424 5618 2568 5674 Unde
2607 5620 2830 5688 fututam
2875 5630 3045 5672 eenset-
3084 5634 3257 5671 eorum
3303 5620 3665 5689 professionem
3693 5616 3755 5673 de

3839 5961 3876 6014 ﬁ.

3517 6013 4080 6196 ;_‘...:.
4157 6180 4239 6196 .,
