4246 6226
624 269 719 324 431
919 323 926 330 ,
1429 272 1484 325 Β.
1529 273 1585 325 F.
1627 272 1847 326 ALBlNl
1899 274 2026 328 SEU
2067 274 2301 328 ALCL'I.‘

2153 274 2344 328 .CL'IN'I
2395 274 2672 330 OPERUM
2711 273 2884 338 PARS
2925 277 3006 329 ll].
3044 321 3056 326 -
3319 319 3322 322 .
3729 281 3830 330 452

621 393 674 435 et
695 382 990 456 unus__Deus
1012 381 1268 456 Dominus
1306 382 1470 456 .lesus
1488 382 1754 456 Christus.
1787 383 1865 456 Ob
1894 384 2031 456 hanc
2053 386 2171 439 uni«
2201 393 2242 444 Α
2275 395 2463 456 sancto
2478 393 2534 456 et
2565 386 2731 439 Maria
2759 388 2982 456 virgine,
3035 399 3222 456 passus
3243 385 3309 456 sit
3356 400 3452 453 pro
3484 380 3712 440 humana
3744 405 3829 443 sa-

623 459 785 504 tatem
811 452 1003 504 dicitur
1037 451 1173 503 lilius
1194 452 1422 505 hominis
1442 452 1782 506 descendisse
1815 453 1880 505 de
1926 455 2081 514 ccelo.
2114 465 2172 507 et

623 521 875 573 Dominus
897 520 1072 589 gloria!
1096 520 1402 580 crucifixus,
1438 528 1490 572 et
1508 523 1584 573 sie
1609 522 2004 588 impassibiliter
2036 525 2171 576 Ver-

623 589 744 640 Imm
779 589 870 641 Dei
912 604 1122 656 passum
1149 598 1265 651 est,
1316 597 1368 641 et
1397 590 1535 642 lilius
1580 591 1808 643 hominis
1851 591 2170 648 mirabiliter

619 659 890 712 descendit
919 660 982 716 de
1012 657 1168 719 cado,
1195 667 1248 710 et
1276 658 1414 710 illius
1472 673 1676 716 manus,
1708 660 1795 725 qui
1828 661 2030 716 ereavit
2053 675 2162 714 ca:-

620 725 724 779 ium
754 736 806 779 et
832 735 1052 788 terram,
1079 726 1240 779 clavis
1268 728 1318 779 in
1369 742 1526 780 cruce
1541 727 1757 780 ‘confixa
1785 737 1899 780 est:
1933 737 1986 780 ct
2023 729 2167 782 illius

617 797 852 865 sanguis,
892 810 987 862 per
1008 811 1163 866 quem
1188 797 1366 866 omnia
1405 806 1582 849 creata
1604 806 1748 858 sunt,
1791 795 1936 866 fusus
1959 807 2039 849 est
2066 812 2164 866 pro

616 864 849 936 (minium
867 866 1031 936 salute
1060 864 1586 936 Apostoloiteslante,
1611 870 1700 936 qui
1732 865 1804 936 ait
1821 864 1928 936 :JEt
1948 864 2164 936 song-ms

618 934 743 986 Filii
781 934 875 985 Dei
933 934 1138 985 redemit
1165 950 1254 986 nos
1297 933 1347 1002 (1
1377 934 1532 989 Ιοαη.
1565 950 1600 995 t,
1643 934 1715 1002 7).
1741 954 1757 984 ι
1787 933 1945 987 Libro
1981 933 2160 988 autem

616 1020 689 1065 vi,
720 1019 868 1055 num.
895 1002 945 1064 6,
973 1004 1146 1069 arguit
1170 1003 1420 1064 Felicem,
1459 1003 1598 1070 quod
1625 1012 1826 1054 textum
1853 1003 1956 1055 divi
1980 1009 2162 1121 Augu-

616 1073 738 1121 stini
768 1072 1087 1121 corrunerit.
1105 1079 1158 1121 et
1180 1073 1268 1121 ubi
1292 1073 1376 1121 hic
1404 1082 1616 1121 sanctus
1640 1071 1796 1121 Pater
1820 1072 1884 1121 de
1910 1072 2042 1121 Filio
2085 1071 2088 1075 ’
2113 1073 2161 1121 ei

616 1073 738 1125 stiui
768 1072 1087 1138 corruperit,
1105 1079 1158 1123 et
1180 1073 1268 1124 ubi
1292 1073 1376 1124 hic
1404 1082 1616 1123 sanctus
1640 1071 1796 1123 Pater
1820 1072 1884 1124 de
1910 1072 2042 1124 Filio
2067 1071 2161 1122 Dei

615 1143 817 1194 dixerat
845 1159 857 1191 :
889 1140 1228 1207 Intpassibilis
1256 1141 1306 1192 in
1327 1156 1439 1201 suo,
1466 1139 1724 1206 passibilis
1748 1142 1798 1190 in
1822 1149 2016 1201 nostra,
2045 1140 2160 1208 ipse

611 1211 881 1277 posuerit:
933 1208 1270 1275 hnpassibilis
1314 1210 1366 1261 in
1410 1225 1526 1270 suo,
1566 1208 1819 1274 passibilis
1863 1209 1912 1259 in
1944 1209 2158 1268 alieno;

612 1280 732 1331 dein
763 1280 929 1345 pergit
962 1296 973 1327 ε
1013 1298 1027 1324 ι
1077 1279 1234 1342 Quasi
1276 1292 1467 1344 corpus
1512 1292 1685 1336 suum,
1733 1278 1870 1343 quod
1903 1278 2000 1328 sibi
2030 1290 2158 1346 pro-

610 1350 781 1413 prium
816 1347 937 1400 fecit
983 1346 1145 1400 Filius
1189 1348 1302 1407 Dei,
1352 1348 1581 1398 alienqu
1610 1356 1747 1398 esset
1783 1362 1807 1396 a
1842 1360 1915 1397 se.
1953 1363 1969 1394 ι
2020 1345 2157 1397 Sub-

607 1418 777 1484 jnngit
810 1417 961 1482 paulo
993 1425 1110 1481 post
1144 1417 1301 1467 verba
1330 1414 1559 1482 ejusdem
1587 1414 1689 1466 divi
1742 1415 2049 1484 Augustini,
2075 1417 2153 1484 vel

610 1483 781 1553 potius
831 1485 996 1551 \"tgilii
1037 1485 1319 1550 'l‘apseusis
1350 1501 1411 1535 ex
1463 1483 1818 1553 disputatione
1845 1499 1964 1553 cum
2016 1483 2154 1535 Feli-

599 1551 763 1607 {ciano
793 1555 1037 1621 episcopo
1081 1554 1274 1605 Ariano
1298 1563 1423 1606 tom.
1463 1551 1568 1603 V'lll
1601 1553 1649 1603 in
1677 1552 1912 1621 Append.
1939 1567 2053 1618 cap.
2095 1553 2147 1604 ll

609 1620 875 1678 dicentis:
931 1642 946 1670 ς
985 1622 1130 1675 Unus
1174 1631 1346 1674 autem
1384 1630 1542 1690 atque
1594 1620 2018 1690 idtierhristus
2046 1631 2151 1683 est,

602 1695 697 1758 qui
730 1702 780 1744 et
802 1691 1017 1758 injurias
1058 1701 1199 1750 totus
1225 1688 1466 1758 pertulit,
1485 1697 1537 1741 et
1571 1698 1721 1741 actus
1752 1689 1799 1758 iu
1832 1688 2150 1755 profundum

609 1757 711 1812 non
735 1757 937 1812 i'nersit.
972 1760 1046 1811 Ex
1075 1761 1175 1812 hoc
1195 1757 1347 1826 pacto
1371 1761 1421 1811 in
1452 1758 1738 1826 mediatore
1763 1757 1852 1809 Dei
1879 1765 1931 1809 et
1978 1758 2150 1809 homi-

608 1845 729 1880 num
755 1829 942 1894 injuria
969 1825 1222 1894 assumpti
1254 1827 1494 1894 corporis
1520 1825 1760 1894 affectam
1794 1827 2019 1877 fatemur
2035 1826 2150 1878 dei—

607 1907 788 1959 tatem,
806 1893 957 1949 isicut
984 1893 1261 1964 majestate
1287 1893 1578 1950 divinitatis
1618 1893 1963 1962 glorificatam
1993 1895 2146 1948 novi-

605 1982 719 2019 mus
744 1981 975 2020 carucm.
1015 1987 1031 2016 ι
1071 1963 1192 2020 Πίῐξο
1237 1966 1478 2034 profecto.
1521 1965 1716 2016 idcirco
1760 1963 1926 2034 solum
1971 1964 2151 2031 posuit

601 2036 873 2094 Alcuiuus,
905 2044 962 2087 ut
988 2033 1311 2096 ostenderet,
1345 2037 1411 2086 ob
1440 2047 1721 2094 summam,
1763 2033 2148 2099 bypostaticam

593 2119 821 2172 nempe,
871 2119 988 2171 qua:
1017 2106 1244 2159 Verbum
1294 2104 1433 2156 inter
1468 2109 1816 2172 naturamque
1862 2101 2148 2172 huma_narn

600 2168 986 2248 est,'uuion_em
1019 2173 1236 2248 Διιοιιψιι
1264 2172 1461 2231 divina,
1514 2171 1742 2248 humana
1787 2177 1963 2246 autem
2014 2168 2148 2248 Deo,

604 2243 754 2308 proin
793 2251 845 2294 et
893 2237 1189 2307 passionem
1236 2249 1562 2304 mortemque
1591 2237 1762 2289 Verbo
1793 2238 1890 2308 rite
1931 2237 2144 2308 ascribi.

602 2306 866 2378 Tetigerat
891 2306 987 2363 hoc.
1010 2319 1260 2378 punctum
1289 2309 1447 2360 etiam
1474 2308 1561 2358 lib.
1594 2321 1644 2368 v,
1671 2321 1819 2378 num._
1839 2307 1860 2356 i
1879 2307 1921 2378 l_,
1953 2306 2042 2378 ubi
2074 2317 2148 2378 ita

603 2375 829 2433 Felicem
845 2375 1156 2448 alloquitur:
1188 2397 1204 2428 ι
1227 2379 1387 2430 Addis
1406 2390 1638 2448 quoque,
1659 2376 1757 2448 ubi
1775 2375 1855 2448 _de
1872 2375 2074 2427 duabus
2093 2375 2149 2448 in

601 2450 814 2500 Christo
839 2442 1042 2500 naturis
1068 2449 1305 2514 disputas
1338 2464 1349 2495 :
1396 2442 1732 2514 [inpassibilis
1767 2442 1818 2492 in
1847 2458 1961 2514 suo,
1984 2443 2149 2514 passi-

602 2518 714 2569 bilis
750 2519 802 2567 in
832 2519 1017 2568 alieno.
1055 2511 1188 2581 Quid
1226 2514 1354 2568 dicis
1379 2553 1393 2576 ,
1445 2513 1672 2564 alienum
1709 2526 1825 2563 esse
1874 2511 1962 2561 Dei
2011 2511 2148 2563 Filio

603 2587 654 2637 in
694 2587 778 2638 illa
827 2580 1160 2652 susceptioiie
1212 2582 1727 2654 humauuitatis,’qu:e
1771 2580 1822 2632 in
1854 2588 2057 2654 tantam
2093 2590 2148 2633 et

604 2666 706 2706 tam
757 2648 1051 2707 mirabilem
1083 2670 1201 2706 cum
1233 2653 1322 2705 Dei
1353 2650 1485 2704 Filio
1533 2649 1799 2715 assumpta
1833 2657 1912 2699 est
1971 2648 2146 2701 unita-

601 2732 726 2784 tem,
759 2731 814 2773 ut
837 2738 970 2775 unus
991 2731 1147 2783 esset,
1176 2737 1277 2773 non
1303 2721 1447 2773 duo?
1471 2720 1610 2771 idem
1643 2719 1691 2768 in
1720 2717 2014 2769 divinitatis
2034 2718 2148 2782 glo-

604 2791 705 2851 ria,
753 2792 840 2856 qui
869 2801 920 2843 et
951 2793 1002 2843 in
1057 2789 1400 2843 humanitatis
1445 2786 1956 2856 iulirtnitate_,uidem
1984 2784 2147 2856 Filius

604 2859 715 2918 Dei,
771 2853 860 2925 qui
909 2869 961 2910 et
991 2859 1127 2912 filius
1171 2858 1423 2918 hominis,
1457 2865 1503 2908 et
1561 2856 1700 2907 idem
1734 2853 1889 2925 filius
1919 2853 2146 2925 hominis

601 2927 690 2993 qui
743 2922 982 2980 etvFilius
1008 2929 1117 2980 Dei.
1171 2927 1306 2992 Quid
1343 2927 1484 2977 cnim
1543 2925 1595 2975 in
1628 2925 1723 2974 hac
1777 2922 2147 2987 conjunctione

601 2997 826 3050 alienum
853 2998 1172 3065 potuitesse,
1214 2996 1333 3048 dum
1385 3009 1565 3047 omnes
1608 3000 1757 3065 actus
1803 3001 2144 3057 utrarumque

2275 454 2400 524 lute.
2449 455 2789 524 Nequaquam
2819 454 2944 524 ergo
2972 454 3216 507 dubitare
3254 455 3392 507 ullus
3422 456 3716 511 catholicus
3741 459 3833 513 de-

2269 521 2381 581 bet,
2409 539 2530 588 qma
2549 521 2662 577 Dei
2685 525 2851 577 Filius
2883 521 3106 576 traditus
3131 532 3272 577 esset
3298 539 3394 590 pro
3422 526 3606 578 mundi
3633 525 3825 581 salute.

2272 590 2370 662 Qui
2395 593 2536 644 enim
2567 601 2756 662 negat,
2786 594 2876 646 Dei
2927 594 3123 645 Filium
3171 593 3418 645 traditum
3450 609 3568 647 esse
3615 595 3680 647 ad
3711 610 3830 662 pas-
3869 609 3873 611 ·

2269 660 2493 723 sionem,
2549 660 2847 716 nullatenus
2899 663 3193 715 catholicus
3222 674 3338 714 esse
3386 664 3624 729 poterit,
3671 660 3762 718 sed
3797 683 3828 720 a

2266 729 2542 801 catholica:
2570 730 2687 801 fidei
2718 732 3045 801 professione
3076 733 3126 782 in
3171 731 3270 782 hac
3292 730 3652 801 obstinatione
3698 746 3821 801 per-

2269 799 2554 871 inauendo,
2579 800 2781 871 alienus
2811 800 3106 871 censendus
3133 810 3232 871 est.
3270 819 3286 849 ι
3323 799 3826 871 Provocatinsuper

2265 864 2354 938 lib.
2391 882 2439 918 vi
2464 876 2648 938 contra
2680 870 2908 925 Felicem
2955 869 3020 921 ad
3045 868 3220 938 verba
3237 869 3409 938 sancti
3441 869 3624 938 Cyrilli,
3647 864 3825 927 (licen-

2266 937 2331 984 tis
2365 953 2427 1006 εὼς
2469 937 2743 999 Quomodo
2770 953 2895 1006 ergo
2923 938 3171 1004 proprius
3201 937 3292 990 Dei
3325 937 3495 990 Filius
3516 940 3823 995 nominatus

2262 1012 2342 1055 est
2367 1001 2731 1073 Christus,qui
2751 1001 2908 1060 etiam
2923 1001 3158 1059 traditus
3181 1015 3264 1060 est
3291 1022 3318 1058 a
3342 1007 3450 1059 Deo
3480 1006 3636 1061 Patre
3661 1023 3821 1063 causa

2262 1074 2496 1124 omnium
2528 1075 2713 1128 salutis
2771 1085 2825 1129 et
2854 1077 3013 1128 vita)?
3038 1076 3284 1128 Traditus
3309 1084 3391 1145 est
3439 1077 3583 1128 enim
3604 1088 3823 1145 propter

2262 1151 2476 1212 peccata
2503 1153 2681 1195 nostra
2708 1185 2718 1205 ,
2747 1155 2798 1197 et
2827 1145 2937 1211 ipse
2962 1145 3267 1211 iniquitates
3290 1143 3572 1197 multorum
3593 1143 3824 1212 portavit

2260 1210 2313 1281 in
2336 1226 2565 1281 corpore
2611 1228 2705 1266 suo
2736 1215 2788 1266 in
2816 1210 2959 1281 ligno
2985 1210 3274 1266 seeundum
3300 1214 3572 1281 propheta:
3593 1210 3814 1269 Vocem.

2258 1276 2576 1352 Palautgrgn
2589 1291 2687 1344 est,
2705 1283 2825 1352 quia
2842 1276 2986 1352 dubita
3011 1282 3094 1352 res
3109 1276 3377 1348 assumpta
3395 1276 3693 1337 necessarie
3703 1300 3821 1352 pro-

2259 1349 2430 1420 prium
2453 1348 2638 1400 Filium
2659 1348 2948 1403 declaravit
2965 1351 3079 1414 Dei,
3102 1352 3187 1418 qui
3205 1360 3465 1420 exsancta
3489 1348 3815 1420 Virgitieest.

2256 1417 2458 1482 Corpus
2498 1420 2639 1486 enim
2680 1430 2795 1472 erat
2819 1435 2922 1471 non
2962 1417 3180 1470 alterius
3202 1419 3496 1487 cujuspiam
3529 1417 3816 1487 secundum

2257 1501 2376 1547 nos,
2403 1487 2494 1537 sed
2531 1485 2698 1555 magis
2738 1490 3008 1555 proprium
3055 1504 3118 1540 ex
3164 1487 3317 1540 Patre
3347 1485 3628 1542 existentis
3659 1492 3814 1545 Verbi

2257 1562 2437 1605 natum
2462 1570 2525 1606 ex
2555 1572 2670 1608 ea.»
2705 1558 2864 1610 Addit
2893 1557 3143 1609 Alcuiuus
3177 1576 3187 1607 :
3230 1575 3246 1603 ‹
3283 1557 3431 1611 Unde
3455 1559 3571 1620 tibi,
3595 1558 3814 1623 oFelix,

2255 1632 2374 1686 post
2397 1631 2541 1674 tanta
2570 1625 2730 1677 etiam
2755 1626 3054 1678 clarissima
3084 1633 3388 1678 sanctorum
3419 1627 3635 1680 Patrum
3666 1631 3815 1682 testi-

2255 1692 2432 1741 monia
2465 1701 2570 1743 tam
2592 1694 2808 1748 inimica
2852 1695 3118 1760 subrepsit
3143 1696 3435 1757 temeritas,
3460 1703 3518 1746 ut
3544 1696 3815 1750 Christum

2255 1774 2444 1827 negare
2464 1761 2950 1832 audeasproprium
2971 1762 3064 1832 Dei
3080 1761 3268 1815 Filium
3295 1763 3414 1832 ;__vel
3440 1778 3619 1816 verum
3642 1765 3814 1818 Domi-

2252 1841 2376 1899 num
2400 1845 2567 1899 esse,
2599 1831 2681 1881 vel
2723 1832 2773 1882 in
2805 1831 3016 1898 proprio
3054 1846 3276 1898 corpore
3319 1831 3594 1899 passiones
3621 1842 3815 1887 nostra:

2252 1896 2440 1948 salutis
2471 1913 2634 1951 causa
2666 1896 2941 1953 subii—sse?
2971 1919 2989 1949 ι

2320 1965 2500 2018 XXVI.
2531 1968 2610 2018 Ad
2635 1971 2964 2029 sententiam,
2990 1985 3091 2037 qua
3117 1967 3264 2022 Felix
3286 1979 3330 2022 et
3355 1969 3643 2037 Elipandus
3666 1969 3814 2023 Clu-i-

2249 2042 2384 2084 stum
2409 2045 2557 2101 prout
2581 2037 2836 2088 hominem
2863 2054 3063 2090 servum
3095 2037 3267 2090 Patris
3288 2038 3690 2092 eonditionalem
3719 2057 3807 2091 as-

2249 2101 2500 2174 scribant.
2542 2133 2610 2142 -——
2647 2104 2920 2158 Postremo
2959 2122 3078 2158 cum
3120 2107 3280 2158 etiam
3319 2106 3599 2174 Adoptiani
3645 2110 3813 2162 servi-

2251 2178 2416 2242 tutem
2448 2172 2627 2235 illam,
2651 2190 2768 2242 qua:
2798 2176 2861 2226 de
2887 2174 3099 2227 Christo
3129 2176 3179 2226 in
3211 2172 3502 2242 Scripturis
3531 2177 3809 2238 asseritur,

2250 2253 2353 2313 non
2383 2240 2448 2292 de
2479 2240 2685 2313 Verbo,
2708 2243 2798 2296 sed
2823 2243 2891 2313 de
2921 2243 3031 2313 solo
3059 2245 3278 2311 prsecise
3305 2240 3811 2313 homineassumpto

2249 2307 2350 2359 dici
2371 2323 2533 2378 posse
2559 2312 2782 2374 vellent,
2812 2307 3200 2378 Christumque,
3232 2321 3493 2378 quatenus
3518 2312 3676 2366 homo
3703 2307 3804 2376 ést,

2248 2377 2548 2430 conditione
2576 2394 2667 2431 seu
2697 2380 3014 2433 necessitate
3033 2420 3045 2443 ,
3078 2377 3181 2434 non
3213 2377 3378 2434 libera
3407 2381 3675 2436 voluntate
3704 2381 3804 2435 Pa-

2249 2445 2345 2529 tris
2385 2460 2502 2529 esse
2543 2463 2751 2529 servum
2797 2457 3127 2528 statuerent;
3165 2448 3710 2529 pro_voca_t_\l§lcuinus
3739 2450 3804 2504 ad
3848 2482 3851 2485 -

2249 2512 2385 2586 idem
2431 2515 2576 2568 Pauli
2617 2518 2984 2586 testimonium
3018 2519 3070 2569 in
3095 2512 3316 2585 epistola
3345 2519 3410 2569 ad
3438 2517 3804 2586 Pbilippenses

2247 2597 2312 2642 ιι,
2345 2583 2377 2634 8
2400 2624 2413 2644 ,
2458 2601 2563 2652 quo
2604 2585 2854 2654 Cyrillum
2891 2584 3054 2639 fuisse
3085 2583 3237 2639 usum
3274 2600 3435 2654 supra
3467 2583 3800 2650 notavimus,

2248 2665 2309 2702 ac
2350 2654 2662 2724 respondet,
2710 2656 2880 2724 ipsum
2913 2654 3144 2708 Verbum
3175 2655 3243 2714 in,
3270 2664 3455 2706 natura
3489 2655 3692 2724 1000
3719 2671 3805 2709 as-

2247 2729 2472 2791 sumpta
2499 2722 2881 2789 dispensatorie
2924 2737 3134 2791 servum
3178 2724 3350 2776 Patris
3387 2722 3675 2791 appellari,
3704 2741 3802 2779 nec

2246 2790 2573 2843 contrariqu
2606 2792 2842 2853 defendi,
2875 2791 2955 2842 vel
2984 2790 3252 2845 Christum
3283 2790 3550 2845 hominem
3582 2809 3800 2848 servum

2245 2858 2649 2929 eonditionalem
2696 2861 2795 2914 dici
2840 2874 3024 2926 posse,
3058 2862 3192 2927 quin
3227 2862 3348 2912 unio
3381 2862 3712 2929 hypostatica
3745 2863 3798 2916 in

2245 2927 2923 2994 mysterio‘lncarnatiouis
2964 2929 3194 2980 tollatur.
3256 2949 3272 2978 ι
3324 2927 3622 2982 Iste—etiam
3653 2930 3800 2985 Felix

2248 2992 2343 3065 (ait
2371 2994 2478 3065 lib._
2497 3011 2568 3058 Iv,
2603 3013 2744 3048 num.
2780 2997 2830 3065 9)
2862 2997 3000 3048 hunc
3025 2997 3430 3049 eonditionalem
3455 3013 3665 3050 servum
3695 3015 3797 3052 sa:-

602 3067 650 3117 in
679 3061 891 3118 Christo
917 3066 1428 3132 ualurarumiunius
1479 3062 1703 3129 propria»
1753 3073 1868 3109 esse
1905 3073 2141 3132 perspice
2169 3066 2211 3129 ο
2247 3061 2362 3132 pius
2406 3063 2538 3117 solet
2583 3061 2874 3126 allirmare,
2919 3080 3021 3116 non
3067 3065 3389 3131 intelligens,
3429 3067 3569 3132 quod
3610 3067 3799 3120 divinre

600 3146 801 3186 certum
856 3136 1091 3185 habetur.
1147 3153 1162 3181 I
1227 3127 1518 3183 Conlirmat
1561 3127 1734 3180 autem
1781 3135 1832 3178 ct
1890 3127 2142 3180 Alcuinus

602 3203 889 3254 doctrinam
937 3219 1082 3254 suam
1111 3202 1401 3267 Scriptum
1449 3197 1796 3268 testimoniis.
1827 3203 1878 3268 e_t_
1909 3210 2014 3268 prae
2038 3212 2142 3268 cm-

601 3272 727 3322 tcris
781 3271 988 3337 quidem
1038 3287 1098 3323 ea
1149 3264 1314 3338 urget,
1372 3271 1423 3321 in
1449 3269 1637 3338 quibus
1660 3266 1820 3338 lf‘ilius
1848 3264 1936 3315 Dei
1965 3265 2140 3338 υιιιεε-

599 3341 770 3399 nitus,
799 3334 960 3391 Filius
988 3340 1074 3392 Dei
1101 3334 1344 3407 proprius
1367 3334 1631 3407 pronohis
1661 3336 1810 3407 datus
1837 3341 1887 3384 et
1918 3334 2142 3407 traditus

585 3410 808 3475 degitur.
843 3408 956 3475 Ipse
985 3403 1127 3460 Felii
1150 3403 1480 3461 occasionem
1505 3403 1948 3475 ad‘textushosee
1975 3405 2142 3475 magis

600 3470 959 3529 discutiendos
989 3478 1222 3538 dederat,
1257 3491 1373 3527 cum
1400 3475 1634 3532 dixisset,
1675 3471 1854 3522 nullibi
1891 3471 1942 3521 in
1973 3470 2140 3522 Evan-

597 3547 733 3615 gelio
762 3545 883 3614 legi,
914 3544 1008 3596 Dei
1041 3545 1230 3615 Filium
1262 3559 1355 3611 pro
1369 3543 1530 3615 nobis
1553 3541 1712 3592 fuisse
1741 3539 1990 3615 traditum
2017 3556 2045 3615 ξ.
2074 3542 2141 3592 ad

595 3606 710 3684 qure
744 3606 1024 3682 respondet
1065 3606 1455 3684 Alcuiiiusialib.
1484 3627 1533 3684 v,
1582 3624 1724 3662 num.
1751 3609 1817 3669 8;
1855 3626 1882 3684 _«_
1919 3606 2138 3684 _Oblit_u_s

597 3677 784 3753 (Felix)
833 3677 978 3753 quod
1010 3686 1118 3751 ipse
1310 3683 1472 3753 Filius
1501 3682 1562 3732 de
1611 3695 1702 3753 sua
1753 3677 2137 3753 traditio-pedi-

599 3745 801 3807 i‘isSet':
839 3745 924 3803 Sic
983 3745 1113 3804 enim
1161 3751 1338 3802 dilexit
1371 3750 1506 3801 Deus
1538 3748 1804 3807 mundum,
1837 3756 1888 3795 ut
1944 3745 2133 3796 Filium

595 3837 743 3872 suum
801 3822 1114 3887 unigenitum
1147 3822 1289 3870 daret
1330 3818 1486 3883 (Joan
1517 3858 1527 3867 .
1555 3833 1638 3875 ιιι,
1666 3815 1770 3879 16).
1824 3813 2136 3887 Unigenitus

597 3892 771 3956 itaque
791 3884 953 3939 Filius
975 3888 1064 3940 Dei
1091 3897 1170 3939 est
1215 3888 1374 3938 Filius
1419 3887 1507 3951 qui
1545 3886 1695 3956 datus
1725 3893 1808 3956 est
1830 3884 2132 3956 plotnuiitli

597 3949 779 4009 salute.
838 3957 972 4020 Quid
1022 3972 1146 4009 vero
1189 3965 1267 4007 est
1316 3949 1494 4013 datus,
1532 3952 1632 4004 nisi
1681 3950 1939 4020 traditus?
1987 3949 2131 4011 Quod

594 4017 878 4093 Apostolus
925 4040 1132 4092 quoque
1164 4025 1438 4076 confirmat
1467 4063 1479 4083 ,
1536 4022 1716 4093 dicens
1750 4037 1759 4068 :
1794 4017 1893 4093 Qui
1927 4021 2130 4093 proprio

601 4086 736 4145 Filio
766 4112 857 4146 suo
884 4086 982 4163 non
1011 4086 1253 4160 pepercit,
1286 4093 1370 4163 sed
1391 4108 1501 4163 pro
1536 4088 1678 4163 nobis
1705 4086 2127 4163 omnibustradi-

595 4165 666 4213 dit
696 4163 841 4214 illum
874 4153 1047 4232 (Rom.
1073 4153 1207 4232 'vul,
1246 4162 1360 4232 5}).
1391 4153 1612 4232 l'tetnude
1641 4157 1836 4232 eodeni
1876 4153 1965 4204 Dei
2001 4154 2130 4206 Filio

596 4234 728 4284 idem
766 4226 1047 4296 Apostolus
1099 4231 1208 4280 ait:
1265 4226 1365 4290 Qui
1411 4226 1625 4296 tradidit
1663 4226 1985 4296 semetipsum
2036 4238 2128 4296 pro

594 4301 736 4351 nobis
767 4283 979 4367 (Epiros.
1014 4313 1065 4360 v,
1093 4299 1166 4367 2).
1205 4283 1798 4367 Qdeuretianrbeatus.
1827 4283 2014 4367 Petrus
2036 4283 2128 4367 'Ju:

592 4369 721 4418 da-is
744 4359 1055 4434 p‘ricdicans
1074 4366 1260 4417 Filium
1311 4363 1403 4415 Dei
1436 4379 1538 4415 non
1570 4359 1827 4434 dubitavit
1861 4359 2125 4434 testificari

591 4425 771 4487 dicens
810 4434 983 4484 :l)eus
1027 4432 1242 4486 Patrum
1267 4443 1558 4484 nostrorum
1599 4427 1898 4497 glori/ienuit
1936 4425 2131 4479 Filium

591 4521 738 4555 suum
764 4503 1140 4569 Jesmn,rquem
1168 4519 1254 4554 vos
1281 4502 1480 4569 quidem
1510 4497 1813 4569 tradidistis,
1838 4505 1882 4546 et
1910 4499 2131 4567 negastis

594 4584 710 4624 ante
741 4565 1139 4641 faciem‘Piluti,
1161 4565 1429 4641 judieante
1478 4569 1580 4641 illo
1595 4565 1784 4641 dimitti
1808 4578 1822 4614 :
1847 4579 1935 4641 vos
1961 4565 2130 4641 autem

593 4631 825 4692 sanctum
853 4650 898 4690 et
917 4639 1117 4709 juztum
1145 4631 1382 4705 negastis,
1412 4647 1457 4688 et
1481 4636 1674 4709 petistis
1710 4636 1876 4709 virum
1902 4631 2130 4708 'homiri-

590 4711 709 4760 dum
734 4709 851 4760 dari
868 4700 1023 4759 vobis.
1051 4700 1321 4758 Auctorem
1346 4721 1458 4757 vero
1482 4700 1592 4754 rita?
1613 4700 1957 4765 interfecistis,
1980 4714 2126 4764 quem

593 4778 727 4828 Deus
753 4778 1017 4829 suscitavit
1065 4786 1276 4827 amorte
1322 4773 1600 4844 tertiandie
1623 4769 1755 4837 (Act.
1790 4767 2002 4844 ιιμθῦη

592 4846 696 4911 lii).
730 4846 863 4910 Quid
895 4847 945 4896 in
983 4846 1066 4897 his
1090 4845 1265 4896 verbis
1296 4839 1595 4911 apostolica:
1619 4835 1949 4911 auctoritatis
1973 4835 2122 4911 dubi:

586 4902 805 4967 rationis
835 4929 951 4967 esse
978 4913 1215 4980 poterit?
1243 4902 1432 4962 Filium
1472 4909 1563 4982 Dei
1607 4902 2005 4982 testificabatur,
2036 4904 2124 4968 qui

587 4983 813 5036 traditus
841 4993 937 5040 est,
966 4977 1018 5032 et
1046 4983 1133 5047 qu‘i
1160 4989 1396 5031 mortuus
1419 4986 1518 5036 est,
1553 4977 1658 5047 imo
1674 4984 1726 5024 et
1758 4977 2120 5024 resuscitatus.

591 5050 799 5102 Addidit
826 5061 1032 5116 quoque
1059 5044 1078 5098 τ’
1106 5050 1370 5097 Auctorem
1387 5044 1676 5116 ινὶιίεηριιίς.
1701 5049 1782 5093 est
1801 5047 2123 5116 ergoauetor

593 5118 731 5178 vitaz,
766 5107 862 5169 nisi
894 5107 1055 5167 Filius
1085 5116 1198 5175 Dei,
1233 5116 1320 5180 qui
1349 5129 1442 5180 pro
1468 5111 1633 5180 salute
1657 5108 1940 5180 tnuDdi__ve_l
1961 5124 1986 5159 a
2021 5107 2125 5159 Deo

590 5174 742 5238 Patre
770 5227 782 5250 ,
815 5185 894 5236 vel
921 5201 948 5235 a
970 5185 1142 5248 seipso
1168 5174 1392 5232 traditus
1419 5179 1664 5250 dicitur‘t.
1701 5214 1793 5250 _.___._
1822 5174 2123 5250 Nidlateiius

589 5269 714 5323 ergo
756 5243 1145 5323 dividipoterit
1191 5248 1603 5323 filiusnhominis
1643 5262 1670 5296 a
1701 5244 1832 5323 Filio
1879 5243 2000 5323 Dei,
2038 5245 2123 5323 vel

592 5313 822 5388 separari
849 5339 874 5373 a
907 5313 1036 5373 Filio
1062 5320 1288 5372 hominis
1312 5317 1470 5388 Filius
1494 5315 1748 5388 Dci,quia
1771 5326 1904 5388 unus
1927 5321 2008 5365 est
2038 5313 2122 5364 Fi-

591 5384 693 5442 lius
723 5390 834 5453 Dei,
868 5391 1003 5446 Deus
1051 5397 1101 5442 et
1149 5390 1341 5447 homo,
1374 5387 1460 5452 qui
1510 5384 1733 5436 traditus
1783 5386 1857 5430 est
1909 5391 2123 5499 prepter

594 5457 776 5499 delicta
808 5468 984 5499 nnetra
1012 5459 1062 5499 in
1090 5464 1331 5499 mnrlnm-
1378 5493 1389 5499 -
1435 5493 1444 5499 .
1492 5492 1502 5499 .
1537 5491 1549 5499 .
1576 5452 1682 5499 Hoc
1707 5450 1864 5499 etiam
1889 5465 1999 5499 svm
2039 5451 2123 5499 0l0

594 5457 777 5509 delicta
808 5451 986 5510 nostra
1012 5459 1062 5509 in
1089 5464 1331 5512 mortem.
1378 5451 1405 5505 ,ί
1435 5493 1444 5503 .
1492 5492 1502 5502 .
1537 5491 1549 5502 .
1575 5452 1682 5504 Hoc
1707 5451 1864 5504 etiam
1889 5451 2124 5517 symbolo

590 5526 859 5577 t-atbolime
908 5526 1024 5576 fidei
1077 5525 1390 5576 confitemur
1421 5520 1732 5579 manifeste,
1787 5521 1922 5581 quod
1969 5517 2122 5569 .lesus

592 5595 833 5648 (Iluistus
884 5592 971 5645 Dei
1027 5593 1188 5644 Filius
1236 5591 1575 5656 unigenitus,
1621 5595 1775 5639 natus
1816 5585 1878 5635 de
1922 5585 2117 5650 Spiritu

2246 3129 2651 3197 dispensationis
2679 3143 3009 3186 sacramento
3038 3129 3615 3187 sen'us‘non‘iinaretm'
3646 3149 3659 3185 :
3693 3138 3796 3188 δοι-

2243 3196 2364 3251 licet
2387 3217 2490 3254 non
2512 3204 2831 3264 conditione,
2853 3212 2910 3254 ut
2930 3204 3170 3268 superius
3197 3203 3445 3264 diximus,
3473 3203 3663 3255 debita:
3684 3219 3797 3256 ser-

2244 3268 2424 3338 vitutis
2445 3273 2478 3332 ,'
2504 3273 2593 3325 sed
2640 3271 2911 3337 implendze
2953 3280 3184 3338 paterna)
3222 3271 3508 3324 voiuntatis
3538 3272 3590 3323 in
3621 3272 3792 3325 salute

2243 3335 2471 3407 humana
2501 3335 2795 3396 voluntaria
2823 3335 3136 3391 obedientia.
3166 3339 3296 3391 Nam
3325 3340 3375 3392 in
3403 3339 3614 3392 Christo
3643 3343 3794 3407 quid-

2241 3406 2365 3470 quid
2391 3418 2595 3473 gestum
2625 3416 2732 3467 est,
2763 3416 2929 3460 totum
2955 3408 3238 3460 voluntatis
3267 3408 3396 3471 fuit,
3427 3422 3528 3459 non
3564 3406 3793 3461 necessi-

2241 3476 2364 3544 tatis
2383 3516 2397 3536 ,
2439 3478 2526 3542 qui
2557 3477 2803 3544 Apostolo
2837 3485 3061 3529 testante
3091 3478 3385 3529 humiliavit
3412 3476 3788 3544 semetipsum,

2241 3542 2411 3597 factus
2437 3542 2688 3598 obedieus
2708 3543 2854 3596 Patri
2879 3560 3045 3612 usque
3074 3547 3139 3598 ad
3166 3554 3388 3599 mortem
3409 3585 3422 3606 ,
3451 3542 3670 3597 mortem
3697 3561 3790 3598 au-

2173 3611 2187 3624 ‘
2238 3619 2342 3663 tem
2388 3615 2578 3665 crucis.
2625 3615 2738 3665 Alia
2779 3622 2861 3665 est
2904 3611 3129 3679 namque
3159 3614 3450 3666 volnutaria
3482 3614 3786 3676 humilitas,

2237 3680 2338 3732 alia
2364 3683 2570 3739 servilis
2595 3682 2893 3735 necessitas.
2927 3681 3172 3746 Quaedam
3199 3683 3339 3733 enim
3363 3682 3427 3735 de
3450 3679 3662 3734 Christo
3690 3697 3788 3750 per

2235 3751 2610 3815 proprietatem
2654 3759 2848 3802 natura:
2913 3751 3169 3811 iicuntur,
3201 3758 3258 3801 ut
3285 3758 3396 3813 est,
3429 3750 3541 3812 via,
3591 3751 3787 3804 veritas

2234 3826 2287 3886 et
2317 3820 2421 3870 vita
2447 3836 2460 3880 ;
2509 3821 2750 3886 quredam
2790 3834 2884 3886 per
2924 3817 3359 3885 signiﬁcationem
3391 3835 3568 3871 rerum
3595 3834 3688 3885 per
3718 3819 3780 3872 il-

2235 3885 2339 3967 lim:
2368 3885 2714 3967 gerendarum
2737 3896 2771 3966 _a
2793 3885 3084 3967 ’prOphetis
3112 3888 3175 3939 de
3202 3903 3278 3966 eo_
3305 3887 3589 3966 pnedieata
3637 3898 3780 3967 sunt.

2233 3953 2346 4017 Quo
2371 3953 2563 4023 genere
2591 3953 2868 4008 locutionis
2894 3953 3103 4008 servum
3139 3953 3402 4008 nominari
3445 3971 3473 4007 a
3510 3957 3784 4023 prophetis

2233 4021 2499 4074 Christum
2531 4025 2850 4075 credendum
2880 4030 2979 4075 est.
3017 4043 3032 4070 ι
3067 4024 3141 4075 En
3170 4024 3411 4076 eumdem
3431 4063 3444 4085 ,
3477 4021 3566 4090 qui
3595 4021 3648 4076 in
3674 4021 3783 4076 ἴοι-ο

2233 4106 2316 4158 ma
2360 4091 2450 4143 Dei
2482 4092 2692 4153 fuerat,
2727 4090 2950 4145 formam
2978 4093 3116 4143 servi
3143 4094 3492 4158 assumpsisse
3511 4132 3524 4153 ,
3552 4102 3605 4145 et
3636 4093 3687 4144 in
3717 4109 3780 4145 ea

2231 4157 2373 4227 Patri
2405 4161 2470 4212 ad
2496 4161 2968 4213 'consummandum
2999 4161 3183 4213 salutis
3226 4157 3466 4213 humanae
3505 4161 3776 4227 negotium

2229 4226 2525 4303 voluntarie
2547 4230 2827 4308 senii-sse,
2846 4238 3003 4308 atque
3031 4228 3228 4308 idcirco
3260 4236 3463 4279 tantum
3490 4226 3776 4308 a-propbe.

2231 4296 2296 4347 tis
2325 4311 2534 4349 servum
2565 4297 2813 4362 appellari
2844 4299 2917 4348 ait
2941 4297 3219 4358 Alcuinus,
3266 4306 3319 4347 et
3361 4312 3480 4348 cum
3522 4295 3667 4347 Felix
3711 4311 3778 4349 ex

2233 4365 2514 4428 prarcitatis
2537 4364 2684 4416 Pauli
2724 4365 2898 4416 verbis
2937 4374 3197 4416 assertum
3239 4378 3391 4416 suum
3432 4364 3494 4416 de
3524 4365 3778 4416 servitute

2235 4433 2288 4511 in
2323 4431 2534 4511 Christo
2576 4432 2786 4511 homine
2828 4432 3039 4511 firmare
3083 4434 3357 4494 niteretur,
3401 4432 3682 4511 respondet
3724 4433 3776 4511 in

2233 4500 2372 4551 hunc
2412 4500 2622 4551 modum
2654 4517 2665 4549 :
2698 4517 2714 4545 ι
2745 4501 2887 4569 inter
2927 4500 3229 4569 plerosque,
3276 4516 3408 4567 quos
3448 4500 3581 4553 dicis
3617 4501 3774 4553 Chri-

2231 4577 2370 4619 stum
2400 4575 2582 4633 putare
2611 4583 2703 4635 per
2732 4567 3083 4621 obedientiam
3114 4567 3313 4622 servire
3343 4569 3469 4632 Deo,
3496 4583 3633 4621 unus
3659 4571 3777 4634 qui«

2231 4636 2347 4704 dem
2390 4645 2469 4688 est
2510 4637 2696 4704 beatus
2737 4635 2928 4689 Paulus
2967 4638 3255 4704 apostolus,
3279 4636 3465 4690 doctor
3506 4637 3771 4702 gentium,

2228 4703 2315 4768 qui
2348 4704 2460 4755 ait:
2503 4702 2734 4757 Christus
2774 4702 3016 4756 obediens
3055 4704 3205 4756 Patri
3246 4720 3404 4772 usque
3429 4704 3497 4755 ad
3525 4712 3772 4772 mortem,

2228 4779 2438 4840 mortem
2465 4781 2634 4823 autem
2662 4773 2825 4824 crucis
2845 4813 2856 4834 ,
2890 4784 3094 4840 propter
3119 4773 3256 4840 quod
3285 4770 3332 4824 et
3363 4772 3496 4824 Deus
3526 4770 3772 4826 exultavit

2226 4837 2370 4908 illum
2392 4877 2404 4900 ,
2428 4849 2475 4890 et
2499 4841 2636 4890 dedit
2659 4841 2704 4890 ei
2729 4837 2940 4902 nomen,
2964 4837 3098 4908 quod
3123 4837 3196 4892 est
3221 4857 3372 4908 super
3398 4856 3542 4893 omne
3569 4856 3769 4892 nomen.

2228 4904 2422 4976 Servus
2445 4908 2812 4960 conditionalis
2835 4923 2936 4960 non
2964 4904 3044 4959 est
3071 4904 3404 4976 supenoinne
3430 4923 3618 4965 nomen
3639 4946 3651 4968 ,
3679 4909 3773 4976 sed

2227 4973 2445 5043 inferius
2475 4977 2696 5028 filiorum
2729 4976 2986 5031 nomine.._
3008 4973 3344 5043 Filii'quippe
3386 4991 3573 5028 nomen
3602 4975 3772 5026 omni-

2226 5041 2323 5094 bus
2360 5045 2586 5103 sanctis,
2631 5043 2718 5095 Dei
2765 5043 3096 5108 dignatione,
3125 5041 3476 5096 eomniunitcr
3516 5043 3768 5093 donatum

2224 5121 2322 5163 est.
2352 5113 2501 5176 Quod
2527 5122 2606 5164 est
2631 5127 2755 5179 ergo
2783 5112 2908 5161 illud
2939 5112 3278 5164 evcellentius
3305 5111 3510 5164 caeteris
3534 5109 3770 5179 nomini-

2223 5180 2322 5232 bus
2362 5195 2581 5242 nomen,
2624 5176 2770 5245 quod
2813 5179 3024 5233 Christo
3067 5196 3096 5236 a
3143 5180 3477 5245 DeoPatre,
3519 5176 3772 5245 Apostolo

2225 5257 2356 5317 teste
2377 5289 2389 5310 ,
2421 5251 2600 5302 datum
2626 5244 2742 5300 esse
2771 5247 2980 5317 dicitur,
3012 5258 3229 5317 propter
3261 5244 3578 5317 'obedientiai
3605 5248 3769 5317 mira-

2224 5316 2328 5368 bile
2375 5316 2803 5370 sacramentum?
2847 5313 2974 5367 [llud
3014 5313 3246 5376 scilicet,
3288 5315 3429 5434 quod
3473 5316 3609 5368 idem
3657 5316 3770 5382 ipse

2224 5385 2489 5434 subiungit
2531 5384 2789 5434 dicendo:
2842 5383 2905 5434 Ut
2950 5385 3003 5434 in
3050 5385 3251 5434 nomine
3326 5400 3413 5434 esu
3453 5400 3599 5434 omne
3637 5398 3767 5434 aena

2223 5385 2489 5452 subjungit
2531 5384 2789 5452 dicendo:
2842 5383 2905 5435 Ut
2950 5385 3003 5435 in
3050 5385 3251 5436 nomine
3288 5383 3421 5452 Iesu,
3453 5400 3599 5435 omne
3637 5398 3767 5450 genu

2223 5451 2476 5514 ﬂectatur,
2517 5451 2823 5515 calestium,
2867 5454 3213 5510 terrestrium,
3259 5461 3305 5502 et
3345 5451 3694 5517 infernarum,
3721 5458 3767 5500 et

2217 5523 2385 5578 omnis
2415 5521 2590 5587 lingua
2630 5521 2956 5587 conﬁteatur,
2993 5521 3114 5581 quia
3142 5518 3391 5587 Dominus
3427 5519 3580 5584 Jesus
3611 5517 3764 5568 Chri-

2222 5600 2328 5639 stus
2373 5590 2424 5640 in
2468 5586 2631 5654 gloria
2676 5599 2745 5640 est
2789 5588 2884 5640 Dei
2931 5586 3124 5640 Patris.
3176 5587 3231 5640 Si
3267 5586 3378 5654 jam
3408 5589 3658 5641 Dominus
3687 5594 3779 5641 est
