4246 6184
497 305 600 358 435

1259 324 1264 328 -
1335 299 1393 352 n.
1435 297 1495 350 ι’.
1535 295 1760 350 ALBlNl
1799 292 1930 348 seu
1969 289 2243 345 ALCL’INI
2283 287 2567 344 (lPERUM
2605 265 2791 342 rans
2824 286 2910 341 lli.

3651 281 3757 337 456

495 420 550 473 in
579 416 713 469 duos
735 411 874 464 filios
893 451 905 469 .
929 410 1014 462 vel
1044 410 1179 464 duos
1217 409 1367 479 deos,
1403 407 1488 460 vel
1516 407 1804 479 duas__cu_m
1832 403 2078 458 Nestor-io
2107 406 2154 460 Δ
2182 402 2312 479 olim
2340 400 2649 479 detestabili
2677 401 2954 479 impietate
2979 397 3284 479 adoptivam
3496 398 3762 479 asseruit?

493 498 774 557 personas.
803 481 903 546 Qui
937 480 1062 557 licet
1088 479 1224 533 duas
1269 478 1445 557 palain
1492 491 1600 556 non
1639 475 1865 528 dixisset
1891 487 2075 557 perso:

498 546 630 618 itas,
678 563 854 605 tamen
897 550 1078 602 omnia
1125 565 1245 617 qum
1270 546 1498 618 'duabus
1534 546 1710 618 inesse
1745 558 1965 618 necesse
1993 551 2075 596 est

493 614 983 696 persotiisninsua
1012 614 1346 696 professione
1378 617 1596 670 fatetur.
1631 614 1804 668 Simili
1835 614 1994 696 modo
2023 621 2078 665 et

500 688 586 759 iu,
624 695 750 746 licet
779 689 952 758 fugias
980 689 1143 741 verba
1188 688 1419 759 duarum
1454 699 1862 759 personarum,_
1899 692 2076 759 ωηιξη

495 753 673 820 omnia
698 777 816 830 quae
840 753 1061 830 necesse
1087 765 1192 820 est,
1217 757 1426 830 duabus
1454 756 1629 830 inesse
1650 753 1918 830 personis,
1944 761 1997 830 te
2024 753 2077 804 in

498 837 602 890 tuis
633 823 827 886 litteris
857 829 1161 882 invenimus
1188 826 1450 895 proliteri.
1481 825 1614 890 Quis
1655 823 1801 876 enim
1839 823 2075 895 nesciat,

497 905 638 974 apud
664 915 829 974 unum
863 899 1076 952 Patrem
1116 891 1352 974 ait—erant“
1379 910 1498 974 esse
1529 908 1811 974 personam
1843 891 2078 974 adoptivi

497 962 619 1029 Filii
644 1015 659 1038 ,
691 971 917 1025 alteram
964 967 1166 1035 proprii
1198 965 1352 1038 Filii?
1388 964 1512 1038 Nec
1545 965 1689 1017 enim
1738 962 1879 1014 ullus
1926 970 2082 1030 pater

496 1035 654 1113 juxta
686 1035 1368 1113 hmnanageonsuetudinis
1413 1035 1676 1113 rationem
1715 1040 1926 1113 poterat
1952 1046 2079 1099 pro-

498 1104 674 1184 prium
701 1111 866 1184 tilium
887 1107 1303 1184 _sibi_.adoptare,
1323 1104 1479 1184 quasi
1503 1104 1736 1184 alienum
1761 1120 1773 1153 :
1803 1111 1895 1184 aui
1918 1116 2079 1169 quem

500 1169 722 1253 adoptat
758 1179 858 1234 sibi
887 1178 939 1254 in
970 1169 1158 1254 tiliuiu,
1188 1169 1390 1254 poterit:
1415 1173 1519 1254 sibi
1549 1173 1828 1254 proprium
1867 1169 2079 1251 facere,

497 1242 657 1324 quem
705 1249 1002 1324 paternitas
1054 1242 1279 1324 alterius
1326 1245 1432 1324 sibi
1462 1242 1600 1324 f_eeit‘
1634 1242 1902 1321 alienum;
1954 1242 2079 1308 quia

498 1313 722 1392 adoptio
743 1337 808 1375 ex
843 1318 1019 1392 aiieno
1061 1316 1304 1392 quolibet
1345 1314 1619 1392 efﬁcitur;
1667 1313 1916 1392 propri-us
1949 1325 2083 1392 vero

497 1380 639 1449 filiu's
683 1392 736 1445 in
787 1389 1011 1461 veritate
1053 1380 1403 1461 propiietatis
1448 1380 1994 1461 permanet-Qllnde
2029 1389 2085 1432 et

497 1467 591 1519 lib.
617 1479 668 1524 v,
705 1474 852 1514 num.
879 1452 1403 1525 imminit—Felicem
1426 1452 1745 1525 s'ibimetipsi
1773 1452 2078 1525 dissentire,

499 1550 621 1589 cum
657 1523 985 1584 verbotenus
1013 1527 1230 1594 quidem
1258 1540 1502 1594 persona:
1527 1523 2081 1594 singularitatem_seu

501 1605 769 1658 unitatem
796 1589 1138 1659 admitteret,
1173 1589 1348 1664 reipsa
1383 1603 1564 1648 autem
1597 1589 1846 1664 negaret.
1879 1589 2082 1664 «Ian-

501 1674 623 1728 dem
651 1672 743 1726 illo
768 1669 1135 1740 pervenimus,
1162 1660 1271 1725 ait;
1288 1664 1389 1740 ubi
1407 1663 1639 1740 destruis
1665 1660 1809 1740 quod
1846 1660 2081 1740 aediﬁca-

503 1745 602 1804 sti,
639 1751 694 1797 ct
736 1731 1154 1805 conﬁterisquze
1185 1735 1417 1805 negasti.
1468 1731 1587 1786 Jam
1641 1733 1854 1805 nescio,
1900 1739 2080 1784 utrum

501 1802 727 1869 subdola
757 1802 1407 1880 simulatioueprioribus
1436 1805 1544 1880 tuis
1586 1802 2083 1880 sermonibusjme-

501 1885 606 1938 lius
647 1882 979 1942 crederetur,
1022 1874 1217 1946 quibus
1258 1874 1572 1946 multimoda
1619 1874 2084 1946 argumentatione

501 1955 784 2007 veritatem
832 1939 1146 2017 impugnare
1181 1944 1463 2017 probaris;
1499 1939 1985 2017 aut_cuhi__d_iabolo
2017 1939 2085 1992 ti-

502 2039 653 2079 more
678 2010 1010 2090 perterriius'
1034 2010 1223 2090 nolens
1255 2014 1553 2090 Christum
1582 2012 1677 2066 Dei
1709 2010 1920 2090 Filium
1968 2024 2087 2090 esse

501 2080 807 2151 confiteris;
841 2086 996 2154 cujus
1042 2086 1412 2159 testimonium
1465 2083 1664 2150 ubique
1707 2081 1821 2159 ipsa
1873 2080 2089 2159 Veritas

504 2165 746 2231 recipere
775 2152 982 2231 renuit,
1014 2157 1391 2231 obmutescere
1415 2168 1539 2231 enni
1570 2152 1918 2231 pnecipiens;
1961 2152 2088 2231 quia

504 2235 596 2288 tali
621 2219 916 2285 'landatore
946 2219 1058 2296 ipse
1089 2226 1183 2296 Dei
1209 2224 1377 2278 Filius
1414 2219 1853 2296 dedignatus’est
1888 2219 2087 2296 praedi-

503 2305 637 2357 cari.
675 2302 818 2355 Dicis
847 2290 992 2352 enim
1025 2295 1272 2350 eumdem
1299 2309 1419 2348 esse
1441 2290 1635 2346 Filium
1667 2290 1782 2355 Dei,
1811 2291 1900 2356 qui
1927 2297 2010 2344 est
2035 2298 2091 2343 et

504 2374 646 2428 lilius
678 2369 934 2429 hominis,
966 2374 1019 2420 et
1045 2365 1210 2418 lilium
1243 2363 1506 2428 hominis,
1536 2363 1626 2430 qui
1658 2371 1741 2415 cst
1779 2360 1948 2415 Filius
1973 2360 2087 2423 Dei,

505 2455 564 2496 ut
593 2459 656 2496 ex
685 2442 790 2494 tuis
821 2437 1000 2492 verbis
1027 2434 1276 2510 cognosci
1308 2442 1536 2510 poterat.
1560 2431 1662 2496 Qui
1689 2430 1859 2494 illum,
1886 2431 2085 2510 inquis,

504 2514 601 2567 sibi
624 2529 687 2565 ex
719 2519 865 2563 utero
894 2503 1116 2570 matris;
1132 2503 1325 2558 scilicet
1353 2504 1417 2558 ab
1447 2505 1559 2572 ipso
1585 2511 1832 2570 conceptu
1855 2542 1868 2560 ,
1900 2503 2092 2572 insin-

506 2583 788 2648 gulurétute
818 2594 929 2630 sua:
959 2591 1195 2648 persona:
1221 2569 1509 2648 iiqunivit,
1539 2582 1694 2640 atque
1718 2569 2007 2648 conseruit,
2037 2577 2091 2620 ut

504 2640 602 2704 bci
629 2649 801 2701 Filius
824 2640 1206 2699 esset-hominis
1234 2643 1398 2709 ﬁlius.
1426 2659 1529 2694 non
1562 2640 1906 2692 mutabilitate
1941 2649 2092 2691 natu-

506 2739 579 2775 ra:
599 2761 613 2784 ,
661 2717 748 2772 scd
799 2715 1100 2785 dignatione
1119 2727 1148 2785 τί
1172 2712 1414 2785 similiter
1440 2722 1486 2785 et
1533 2710 1758 2785 hominis
1787 2709 1931 2785 ﬂius
1959 2719 2091 2785 esgei

505 2779 610 2844 Dei
632 2788 828 2851 Filius,
857 2779 967 2837 ῖιοη
997 2781 1331 2837 versibilitate
1371 2780 1677 2834 substantiw
1701 2820 1716 2842 ,
1750 2779 1840 2832 sed
1886 2780 1942 2833 in
1995 2779 2091 2851 Dei

510 2859 648 2912 Filio
684 2849 821 2911 esset
844 2872 994 2908 verus
1019 2853 1183 2922 ﬁlius.
1217 2851 1328 2905 Nec
1354 2851 1663 2922 mirandum,
1683 2858 1785 2922 est,
1815 2851 1950 2922 siab
1973 2849 2099 2922 aliis

506 2931 560 2983 in
592 2927 856 2983 catholica
881 2918 1219 2992 professione
1243 2921 1535 2992 dissentire
1552 2920 1819 2992 probaris,
1845 2920 1970 2992 dum
1994 2918 2118 2970 tibi-

508 2999 608 3067 ipsi
636 3013 733 3066 per
761 2989 1492 3067 vicesdiscordarevideris.
1518 2991 1582 3067 iln
1625 2991 1729 3042 hac
1773 2989 1919 3067 enim
1964 3001 2088 3067 sen-

510 3059 677 3123 tentia
707 3075 795 3119 tua
822 3061 1124 3119 catholicus
1151 3060 1408 3115 mstimari
1439 3060 1725 3128 potuisses,
1757 3059 1802 3112 si
1829 3059 1978 3128 prius
2008 3066 2090 3128 te-

506 3140 683 3209 ipsum
712 3138 765 3190 in
796 3131 1175 3209 pravitatetui
1204 3131 1408 3185 erroris
1441 3127 1919 3209 nonnosten‘deres.
1948 3127 2092 3180 Dicis

509 3198 711 3277 itaque,
743 3198 995 3277 utfinrDei
1029 3200 1172 3277 Filio
1198 3217 1320 3277 vero
1349 3210 1480 3277 esset
1504 3198 1678 3277 ﬁlius;
1704 3199 1749 3270 si
1779 3208 1862 3252 est
1890 3199 1943 3252 in
1965 3213 2093 3277 vero

506 3269 766 3332 Dei-Filio
798 3275 991 3336 Filius,
1024 3273 1116 3342 qui
1140 3281 1224 3325 est
1251 3271 1531 3342 Christus;
1563 3269 1727 3340 igitur
1746 3278 1800 3323 et
1823 3283 1985 3342 verus
2010 3275 2096 3342 est

505 3348 694 3409 Filius,
727 3346 852 3414 quia
878 3345 930 3397 in
954 3338 1084 3397 vero
1107 3342 1238 3414 nihil
1265 3349 1442 3414 potest
1468 3338 1804 3414 aliud_esse_,_
1821 3339 1924 3414 nisi
1956 3338 2096 3391 veri-

512 3429 616 3472 tas.
651 3417 717 3469 Et
743 3409 947 3468 nullum
983 3414 1145 3466 habet
1170 3411 1346 3464 locum
1373 3411 1591 3478 adoptio
1617 3410 1669 3460 in
1698 3409 1978 3460 nativitate
2006 3421 2096 3460 ve-

512 3487 710 3542 ritatis.
741 3484 889 3539 Unus
917 3492 1000 3535 est
1030 3497 1158 3548 ergo
1202 3481 1296 3534 Dei
1339 3477 1506 3534 Filius
1550 3477 1830 3541 Christus,
1871 3478 2012 3548 Deus
2041 3485 2097 3530 et

511 3560 675 3613 homo
704 3569 897 3616 verus,
931 3560 985 3604 et
1013 3546 1318 3620 peffectus,
1347 3558 1407 3603 ut
1447 3562 1601 3620 smpe
1620 3548 1824 3602 dictum
1853 3556 1953 3620 est.
1983 3546 2095 3602 Ad-

505 3628 688 3698 jungis
736 3639 970 3698 quoque:
1015 3618 1127 3675 non
1172 3620 1278 3673 duo
1312 3619 1412 3698 dii,
1461 3619 1616 3698 quod
1637 3626 1824 3698 contra
1866 3618 2095 3698 teipsum

509 3689 770 3769 'pugvnare'
795 3689 1138 3769 manifestu‘m
1179 3701 1282 3745 est.
1312 3689 1448 3744 Nam
1479 3689 1660 3769 siﬁduo
1695 3689 1768 3742 dii
1798 3706 1905 3745 non
1935 3697 2061 3769 sunt
2081 3729 2094 3751 ,

507 3759 637 3840 ἓνξο
665 3783 773 3822 non
797 3774 881 3820 est
907 3767 957 3840 iii
982 3779 1045 3817 eo
1070 3761 1211 3815 Deus
1232 3777 1411 3840 verus,
1437 3759 1658 3840 etﬁDeus
1682 3759 2093 3840 nuncupativus,

508 3831 604 3894 sed
630 3847 714 3894 est
742 3852 882 3890 unus
911 3835 1052 3889 Deus
1077 3848 1237 3891 verus
1258 3874 1272 3895 ,
1315 3832 1442 3900 quia
1487 3831 1630 3884 Deus
1660 3831 1861 3884 veritas
1893 3840 2011 3891 est,
2045 3835 2100 3881 et

511 3925 618 3963 non
650 3917 733 3962 est
759 3904 1037 3959 simulatio
1065 3903 1118 3955 in
1147 3917 1232 3966 eo,
1270 3903 1365 3956 sed
1395 3902 1564 3954 totius
1607 3901 1729 3956 fons
1759 3900 2026 3954 veritatis.
2073 3917 2092 3964 μ

513 3978 772 4031 Eamdent
798 3989 911 4027 rem
942 3972 1236 4038 exprobrat
1258 3972 1420 4024 etiam
1451 3971 1713 4038 Elipando
1748 3970 1841 4022 lib.
1873 3986 1909 4030 ι,
1945 3982 2094 4021 num.

512 4048 569 4110 9,
598 4046 841 4100 scribens
867 4059 880 4096 :
917 4059 937 4089 ο
954 4039 1212 4093 Firmiter
1231 4054 1465 4110 namque
1490 4041 1693 4110 absque
1717 4039 1864 4110 omni
1890 4038 2102 4092 dubita-

515 4108 659 4170 tione
689 4112 1016 4168 credendum
1041 4115 1126 4162 est
1148 4116 1203 4163 et
1225 4108 1652 4177 prmdieandur‘n,
1681 4108 1928 4163 eumdem
1956 4121 2095 4170 esse,

512 4187 605 4257 qui
647 4192 808 4257 natus
847 4188 931 4235 est
959 4195 1026 4232 ex
1068 4178 1532 4257 VirgineuDeum
1558 4194 1747 4233 verum
1795 4179 1848 4232 in
1878 4178 2100 4257 duabus

513 4248 724 4311 uaturis
752 4297 768 4319 ,
798 4262 854 4307 et
883 4265 1068 4306 verum
1096 4248 1289 4303 Filium
1318 4249 1412 4303 Dei
1441 4266 1452 4301 :
1488 4249 1561 4302 ita
1587 4258 1646 4302 ut
1680 4265 1819 4304 unus
1846 4248 1918 4303 sit
1942 4248 2100 4303 Chri-

511 4338 646 4389 stus,
673 4334 728 4380 et
753 4339 892 4379 unus
911 4322 1076 4385 Deus,
1104 4329 1158 4374 et
1183 4337 1323 4375 unus
1352 4321 1446 4375 Dei
1481 4319 1652 4374 Filius
1673 4363 1686 4385 ,
1722 4329 1777 4374 et
1805 4335 1942 4373 unus
1969 4335 2062 4373 rex
2082 4361 2096 4383 ,

513 4407 567 4450 et
612 4412 752 4451 unus
795 4394 967 4448 totius
997 4392 1181 4445 mundi
1221 4390 1491 4456 Salvator,
1543 4392 1825 4445 divinitate
1869 4391 2101 4444 consub-

2176 477 2281 529 Aut
2309 471 2354 525 si
2384 471 2522 525 hanc
2540 467 2927 539 blasphemiam
2967 467 3238 539 declinare
3268 467 3489 539 nigeris,
3522 484 3646 523 mox
3668 471 3766 539 in-

2176 542 2312 599 cidis
2355 542 2406 593 in
2455 536 2705 608 laqueum
2746 538 3016 602 Nestorii,
3049 538 3104 592 in
3151 539 3286 591 duas
3311 536 3585 608 Christum
3627 537 3766 592 divi-

2177 615 2310 667 dens
2331 607 2608 680 personas,
2636 625 2797 680 unam
2815 607 3085 680 propriam
3106 615 3162 661 et
3180 608 3408 680 alteram
3431 607 3760 680 adoptivam.

2178 683 2310 736 Nam
2333 677 2623 734 'Nestorius
2664 677 2843 747 palam
2871 679 3004 732 duas
3033 693 3140 748 non
3173 677 3474 748 nominavit
3507 677 3768 748 personas
3835 717 3838 721 ι

2180 755 2232 805 in
2263 750 2500 812 Christo,
2526 746 2706 803 omnia
2737 758 2938 812 tamen,
2964 763 3086 816 quae
3112 746 3321 802 duabus
3362 746 3540 802 inesse
3571 761 3762 816 perso-

2181 824 2264 876 nis
2295 835 2515 874 necesse
2539 827 2624 872 est
2656 834 2822 887 pravo
2854 834 3037 881 sensu,
3058 818 3121 888 id
3151 824 3266 888 est,
3287 819 3674 888 proprietatem
3710 823 3763 871 et

2179 891 2524 958 adoptionem
2559 886 2680 942 Filii
2722 888 3016 958 afﬁrmavit
3052 887 3106 940 in
3137 886 3376 958 Christo,
3403 895 3508 953 etc,
3546 907 3564 938 ι

2251 956 2420 1016 XXX.
2462 957 2810 1011 Concluditur
2831 957 3152 1027 dissertatio,
3181 966 3228 1010 et
3254 957 3566 1027 quibusdam
3595 956 3767 1010 adhuc

2184 1030 2412 1084 Walchii
2438 1028 2660 1098 argutiis
2689 1027 2947 1080 obviatur.
2971 1058 3043 1067 —
3072 1025 3329 1096 Quisquis
3361 1025 3490 1098 jam,
3519 1027 3638 1098 huic
3672 1041 3765 1098 ar-

2216 1107 2458 1162 umenta,
2488 1096 2687 1167 quibus
2713 1098 2921 1167 singula
2949 1113 3198 1167 errorum
3229 1098 3405 1166 capita
3429 1096 3691 1151 Alcuinus
3712 1097 3769 1151 in

2205 1170 2359 1225 "eliee
2387 1178 2442 1223 et
2481 1166 2742 1236 Elipando
2788 1166 3057 1222 debellare
3102 1174 3330 1236 conatus
3372 1175 3492 1230 est,
3531 1175 3710 1220 mente
3737 1181 3770 1220 a

2182 1224 2512 1310 prmjudiciis
2540 1224 2709 1310 libera
2736 1224 3113 1310 perpenderit,
3141 1235 3435 1310 nihilisane
3464 1224 3765 1310 deprehen.

2183 1305 2462 1391 det,'quod
2497 1308 2554 1389 in
2574 1305 3050 1429 scriptore—nestro
3089 1307 3213 1378 jure
3256 1305 3546 1388 vituperari
3577 1313 3762 1388 queai.

2183 1379 2442 1429 Annnme
2469 1393 2614 1429 enim
2645 1377 2734 1429 ila
2764 1378 3096 1429 concordant
3125 1385 3180 1429 et
3221 1390 3503 1429 nrmemns
3538 1391 3762 1429 sanioris

2183 1375 2442 1449 Apprime
2469 1377 2614 1432 enim
2645 1375 2734 1449 illa
2764 1375 3106 1449 concordant
3125 1375 3503 1449 etuprincipiis
3523 1376 3773 1449 sanioris

2185 1445 2488 1516 theologia,
2515 1454 2572 1500 et
2591 1447 2844 1501 methodo
2868 1445 3237 1502 ratiocinandi
3250 1445 3497 1500 veterum
3523 1445 3766 1510 Patrum,

2185 1519 2240 1573 in
2261 1533 2491 1588 quorum
2520 1516 2986 1588 lucubrationibus
3011 1516 3322 1588 evolvendis
3351 1516 3768 1588 ee_rte_solertis-

2186 1583 2357 1644 sim'us
2382 1585 2483 1640 fuit
2507 1587 2799 1651 Alcuinus,
2820 1595 2927 1652 'et,
2958 1594 3018 1658 ut
3045 1586 3233 1658 paucis
3277 1586 3460 1658 omnia
3480 1583 3764 1658 dicamus,

2185 1659 2374 1713 eadem
2397 1658 2619 1711 omnino
2645 1665 2769 1710 sunt
2796 1671 2916 1727 qua:
2947 1655 3076 1711 olim
3105 1657 3160 1711 in
3188 1655 3392 1727 Cyrillo
3420 1655 3517 1710 sua
3547 1655 3766 1727 iecerat,

2187 1744 2252 1783 ac
2279 1727 2435 1798 quasi
2462 1725 2876 1782 consecraverat
2901 1727 3161 1788 Ecclesia,
3194 1725 3352 1798 proin
3376 1732 3432 1779 et
3457 1725 3660 1798 optime
3678 1727 3772 1798 ad;

2189 1795 2362 1852 bibi—ta
2382 1806 2571 1851 contra
2592 1798 2896 1860 hzereticos,
2919 1812 3149 1864 quorum
3173 1796 3393 1866 genesin
3418 1810 3483 1850 ac
3503 1795 3772 1851 sentiendi

2179 1869 2452 1922 rationem
2476 1868 2723 1921 eamdem
2750 1883 2872 1920 cum
2899 1866 2986 1919 illa
3012 1867 3457 1920 Nestorianorum
3486 1866 3654 1920 fuisse
3675 1881 3773 1935 per

2187 1938 2474 1992 decursum
2504 1937 2665 2004 primi
2712 1945 2777 1999 et,
2798 1937 3019 1990 secundi
3043 1936 3370 2004 paragraphi
3415 1936 3522 1991 late
3549 1935 3773 1990 deduxi-

2189 2023 2327 2061 mus.
2353 2007 2462 2060 Nec
2485 2007 2664 2060 minus
2684 2006 2874 2060 idonea
2897 2008 3172 2061 exstitisse
3193 2006 3306 2061 haec
3321 2015 3636 2075 argumenta
3649 2020 3777 2061 cen-

2189 2078 2294 2131 seri
2322 2078 2536 2139 debent,
2565 2078 2707 2146 quod
2738 2077 3022 2131 conatibus
3067 2077 3278 2132 Aleuini
3309 2077 3533 2146 effectus
3558 2081 3776 2145 optatus

2191 2148 2242 2200 in
2273 2145 2625 2201 conversione
2653 2147 3088 2200 adversariorum
3119 2161 3343 2201 suorum
3385 2145 3529 2200 haud
3557 2160 3776 2214 respon-

2191 2217 2353 2281 derit,
2381 2217 2523 2285 iique
2547 2231 2736 2270 onmes
2773 2232 2803 2268 a
2832 2215 3078 2274 doctrina
3125 2217 3356 2286 pessima
3398 2228 3508 2271 non
3539 2229 3780 2270 recesse-

2191 2288 2320 2350 rint,
2339 2302 2475 2355 quos
2501 2295 2652 2339 tanto
2673 2285 2852 2339 studio
2873 2286 3310 2408 imgugnaverat;
3337 2301 3445 2354 quo
3467 2285 3681 2353 quidem
3710 2301 3779 2340 ex

2193 2357 2371 2408 canite
2399 2356 2588 2408 saltem
2636 2357 2899 2408 svnodum
2991 2356 3420 2408 atisbonensem.
3469 2356 3779 2408 iud;cesoue

2193 2357 2371 2425 capite
2399 2356 2588 2409 saltem
2636 2356 3420 2426 synodumﬂliatisbonensem,
3462 2356 3779 2426 judeesque

2194 2424 2468 2480 Romanos
2498 2424 2843 2492 reprehendit
2867 2424 3146 2480 Walchius
3172 2424 3492 2480 existimans
3518 2441 3639 2480 cum
3669 2424 3777 2480 Bu-

2193 2497 2353 2550 navio
2381 2510 2518 2565 pag.»
2542 2495 2664 2559 123,
2692 2510 2808 2559 eos,
2839 2496 2930 2565 qui
2961 2496 3014 2549 in
3045 2504 3273 2564 utroque
3295 2497 3412 2551 loco
3438 2495 3672 2549 Felicem
3706 2495 3777 2550 ad

2193 2563 2474 2620 meliorem
2500 2563 2566 2619 de
2593 2566 2811 2621 Christo
2840 2563 3166 2620 sententiam
3190 2563 3456 2621 revocare
3501 2566 3602 2619 sibi
3631 2580 3778 2618 sum-

2195 2646 2435 2704 pserunt,
2480 2635 2722 2703 legitima
2751 2635 2962 2690 ratione
2990 2651 3118 2689 usos
3144 2635 3289 2688 haud
3316 2649 3469 2698 esse,
3500 2649 3600 2689 nec
3625 2650 3780 2690 erro-

2196 2721 2282 2776 res
2307 2706 2468 2774 justis
2499 2712 2554 2759 et
2579 2706 2645 2759 ad
2677 2705 3241 2776 propositumidoneis
3268 2705 3602 2776 argumentis
3639 2720 3771 2760 con-

2195 2774 2428 2839 futasse;
2464 2790 2529 2828 eo
2573 2774 2718 2842 quod
2745 2774 2968 2829 consilia
3007 2774 3110 2829 i'sta
3144 2774 3456 2844 exspectato
3501 2775 3779 2830 caruerint

2195 2852 2414 2910 eventu,
2444 2853 2606 2912 atque
2655 2845 2706 2898 id
2749 2861 2913 2915 unum
2965 2845 3180 2915 tandem
3220 2843 3520 2910 effecerint,
3549 2854 3610 2898 ut
3639 2859 3777 2915 quas

2196 2925 2377 2986 mente
2421 2922 2744 2986 conceperat
2793 2914 2979 2979 Felix,
3026 2914 3191 2986 falsas
3232 2916 3432 2986 habere
3475 2914 3775 2986 opiniones,

2197 2984 2322 3040 ﬁcte
2351 3001 2416 3041 ac
2455 2984 2706 3040 simulate
2747 2985 3065 3039 declararet.
3099 2984 3244 3039 Bella
3275 2985 3418 3039 enim
3445 2984 3701 3049 prorsus,
3728 2985 3777 3040 si

2197 3058 2412 3126 superis
2432 3055 2769 3126 placet,th
2792 3054 2933 3110 foret
2957 3056 3345 3125 consequentia
3372 3074 3383 3107 :
3415 3054 3566 3126 Felix
3607 3056 3780 3126 haere-

2197 3123 2282 3180 siri
2308 3123 2460 3180 suam
2487 3141 2587 3179 nec
2616 3125 2942 3188 Ratisbonze,
2972 3140 3071 3179 nec
3098 3123 3282 3180 Romae
3311 3139 3378 3178 ex
3403 3125 3584 3178 animo
3619 3123 3778 3192 abjn-

2197 3197 2372 3260 ravit;
2402 3210 2531 3264 ergo
2559 3193 2856 3256 ratiocinia,
2892 3195 3087 3262 quibus
3110 3209 3234 3248 eum
3261 3193 3576 3264 defensores
3616 3204 3779 3249 rectae

2197 3265 2321 3320 tidei
2350 3266 2418 3319 ab
2441 3263 2629 3318 errore
2655 3265 2913 3318 reducere
2942 3265 3121 3318 conati
3148 3273 3293 3329 sunt,
3321 3263 3503 3331 inepta
3523 3305 3539 3328 ,
3567 3266 3774 3320 minus-

2196 3350 2302 3403 que
2331 3337 2566 3416 eonson'a
2592 3333 2758 3416 fuere.
2783 3333 3034 3414 Nunquid
3077 3336 3221 3416 enim
3250 3335 3385 3389 bene
3415 3335 3779 3416 argumentati

2197 3421 2304 3462 non
2350 3414 2474 3460 sunt
2515 3405 2706 3459 Patres
2753 3405 2996 3474 priorum
3043 3414 3276 3475 quatuor
3302 3405 3691 3472 conciliorum;
3727 3414 3785 3460 et

2199 3488 2379 3532 tamen
2428 3476 2832 3539 haaresiarchie,
2858 3490 2995 3544 quos
3023 3476 3334 3531 refutandos
3375 3485 3723 3546 susceperant
3752 3493 3784 3530 a

2198 3549 2447 3616 dogmate
2488 3547 2718 3600 exitiose
2764 3547 2940 3600 aversi
2983 3546 3142 3616 haud,
3174 3547 3332 3601 sunt?
3367 3545 3554 3616 Minus,
3579 3546 3782 3616 justam

2199 3615 2574 3673 existimamus
2601 3617 2907 3686 censuram,
2940 3631 3046 3684 qua
3074 3615 3355 3686 Walchius
3396 3628 3518 3686 pag.
3547 3615 3615 3671 70
3651 3616 3784 3670 adu-

2200 3688 2418 3741 lationis
2465 3687 2679 3741 incusat
2720 3685 3007 3739 Alcuinmn
3053 3685 3316 3754 Elipando
3355 3685 3409 3740 in
3459 3685 3574 3741 bene
3621 3687 3784 3742 verba

2200 3758 2522 3813 scribentem
2549 3770 2563 3808 :
2593 3773 2612 3804 ‹
2652 3755 2730 3807 Tu
2753 3756 2897 3808 enim
2919 3771 2996 3818 es,
3031 3755 3371 3809 sanctissime
3393 3757 3609 3823 pnesul,
3644 3756 3780 3811 civi-

2201 3836 2284 3881 tas
2306 3840 2466 3894 super
2493 3831 2732 3879 montem
2783 3825 2957 3893 posita
2981 3865 2995 3888 ,
3028 3840 3148 3893 quae
3189 3825 3493 3879 nullatenus
3530 3825 3786 3882 abscondi

2200 3905 2398 3965 potest,
2426 3894 2581 3962 cujus
2608 3909 2794 3963 murus
2826 3909 3164 3965 nequaquam
3198 3895 3357 3965 debet
3387 3895 3660 3953 insidiosis
3693 3913 3790 3952 cu-

2201 3964 2397 4021 niculis
2426 3965 2715 4036 cujuslibet
2743 3965 2981 4036 perﬁdiae
3005 3964 3204 4020 alicubi
3228 3964 3524 4036 perforari;
3554 3969 3650 4023 sed
3684 3968 3780 4021 tir-

2201 4036 2444 4109 missimo
2489 4034 2770 4109 catholica:
2815 4034 2936 4090 ﬁdei
2997 4034 3293 4109 munimine
3341 4051 3407 4091 ex
3450 4038 3599 4093 omni
3636 4045 3790 4109 parte

2199 4108 2546 4170 circumdari,
2593 4115 2652 4160 ut
2698 4107 3128 4177 inexpugnabilis
3167 4107 3405 4177 undique
3443 4109 3511 4162 ad
3557 4107 3786 4163 salutem

2200 4178 2402 4248 populi,
2430 4179 2523 4248 qui
2549 4179 2601 4232 in
2629 4185 2684 4231 te
2710 4179 2926 4247 gaudet,
2958 4187 3013 4233 et
3044 4178 3116 4232 tui
3139 4178 3253 4235 oris
3294 4178 3581 4248 imperium
3617 4178 3788 4248 respio

2202 4247 2295 4314 cit,
2337 4247 2674 4318 permaneat.
2712 4268 2731 4300 ι
2769 4249 2930 4302 Certe
2957 4247 3184 4317 quilibet
3223 4247 3609 4318 equusirerum
3637 4247 3787 4303 aesti-

2201 4316 2380 4374 mater
2404 4319 2568 4382 videt,
2595 4319 2806 4371 laudem
2835 4316 3105 4372 hanc’non
3134 4331 3380 4385 persona:
3401 4316 3669 4385 Elipandi,
3695 4318 3790 4372 sed

2201 4389 2384 4444 ofﬁcio
2416 4390 2580 4442 tribui
2606 4429 2620 4452 ,
2653 4387 2894 4456 nihilque
2924 4387 3070 4440 aliud
3109 4387 3246 4440 velle
3273 4385 3593 4450 Aleuinum,
3627 4403 3788 4456 quam

514 4466 784 4520 stantialis
806 4463 973 4525 Patri,
1005 4462 1344 4515 humanitate
1388 4451 1865 4517 consubstantialis
1905 4459 2097 4521 matri,
2130 4451 2178 4508 ο
2204 4459 2491 4514 ostendere
2531 4451 2840 4510 adversario
2877 4470 2977 4510 suo
3001 4495 3016 4518 ,
3075 4463 3336 4522 quantum
3391 4457 3462 4511 sit
3499 4451 3703 4512 crimen
3741 4458 3788 4514 si

515 4547 575 4590 ut
598 4537 671 4589 sit
701 4534 842 4588 idem
868 4547 1028 4584 verus
1053 4531 1196 4584 Deus
1223 4538 1278 4583 et
1303 4546 1462 4584 verus
1483 4532 1643 4583 homo
1672 4531 1724 4581 in
1752 4529 1960 4581 unitate
1981 4544 2105 4596 per-

516 4621 662 4661 sonte
690 4622 704 4656 ι
736 4617 900 4672 quem
924 4616 1022 4654 vos
1046 4600 1167 4672 sine
1212 4599 1375 4653 dubio
1426 4613 1548 4652 eum
1581 4597 1827 4652 Nestorio
1870 4599 1921 4672 in
1970 4597 2105 4651 duos

515 4668 942 4735 dividitis'lilios,
962 4677 1016 4725 et
1045 4670 1097 4721 in
1125 4668 1258 4721 duas
1283 4683 1561 4737 personas,
1592 4683 1691 4737 per
1717 4669 2105 4737 proprietatem

515 4757 569 4801 et
593 4743 956 4814 adoptionem.
980 4739 1094 4794 Non
1114 4738 1284 4814 igitur
1307 4739 1568 4808 magister
1609 4747 1787 4814 vester
1805 4738 2104 4814 _Ne§iorius

521 4807 733 4886 1002
772 4811 1049 4869 invenitur
1097 4807 1230 4886 duas
1278 4807 1761 4886 personasupalam
1802 4810 1855 4863 in
1891 4807 2111 4886 Christo

515 4879 779 4956 ιῖτόίῖιᾶἱ,
811 4892 1077 4956 quantum
1097 4880 1163 4934 ad
1187 4895 1287 4934 nos
1312 4880 1506 4956 iittera:
1535 4879 1677 4936 illius
1703 4880 1983 4956 pervenire
2006 4895 2106 4950 po-

520 4951 739 5010 iuerunt
768 4974 779 5008 :
810 4951 905 5009 sed
934 4951 1118 5007 omnia
1147 4966 1266 5019 qua:
1292 4951 1500 5005 duabus
1543 4966 1760 5005 necesse
1802 4960 1884 5005 est
1932 4951 2107 5005 inesse

521 5027 799 5095 personis,
829 5024 1075 5094 proferre
1096 5021 1173 5095 de
1199 5020 1420 5095 Christo
1451 5023 1735 5095 reperitur,
1765 5021 2105 5095 adoptionem

521 5090 664 5150 sicut
686 5107 742 5150 et
764 5090 862 5148 vos
891 5093 1210 5147 humanitati
1239 5090 1535 5155 ascrilzens,
1579 5102 1636 5145 et
1678 5090 1946 5145 divinitati
1980 5106 2107 5158 pro-

521 5167 808 5236 pietatem
861 5165 954 5236 ﬁlii
993 5162 1301 5236 designans.
1339 5182 1358 5213 ι
1393 5162 1462 5215 Et
1494 5162 1655 5229 paulo
1693 5171 1815 5236 post
1855 5174 2004 5236 num.
2041 5160 2106 5214 l4

525 5229 640 5288 ait:
680 5254 697 5283 ‹
739 5233 986 5287 Hortaris
1029 5245 1114 5283 me
1152 5231 1340 5282 Arium
1376 5246 1482 5284 non
1512 5246 1662 5293 esse,
1692 5229 1783 5298 qui
1816 5229 2103 5283 multorum

524 5320 619 5358 sua
651 5303 1006 5370 perversitate
1033 5299 1321 5370 maculavit
1348 5301 1511 5353 corda
1531 5339 1546 5361 ,
1572 5308 1633 5352 ut
1658 5308 1802 5354 recte
1845 5315 1949 5354 non
1987 5315 2106 5354 cre-

523 5368 730 5430 derent.
759 5371 883 5442 Ego,
909 5369 1079 5439 gloria
1109 5368 1389 5442 Deo_Jesu,
1415 5385 1688 5442 nunquam
1712 5370 1766 5423 in
1791 5371 2102 5425 barathrum

525 5446 632 5498 Arii
683 5439 932 5513 delapsus
959 5455 1110 5501 sum;
1147 5440 1240 5513 sed
1279 5448 1330 5493 tu
1366 5440 1448 5494 vel
1488 5439 1651 5493 Arius
1696 5455 1817 5495 esse
1843 5443 2100 5510 probabo-

526 5521 616 5572 vis.
653 5517 732 5566 vel
767 5511 908 5567 tuam
935 5511 1256 5567 sententiam
1289 5513 1545 5566 damnare
1582 5515 1817 5582 cogeris;
1850 5514 2106 5582 quiassee

531 5625 536 5636 ι
559 5623 566 5634 .
587 5619 600 5637 ,
624 5585 820 5637 Filium
853 5585 944 5638 Dei
975 5584 1210 5645 unicum,
1236 5584 1570 5653 unigenitum
1588 5623 1601 5646 ,
1627 5581 1893 5652 uniusque
1918 5581 2105 5652 procul

524 5655 688 5724 dubio
717 5670 982 5723 personat,
1009 5655 1322 5724 adoptivum
1358 5668 1495 5710 esse.
1522 5653 1776 5724 Nunquid
1816 5668 1920 5708 non
1960 5653 2105 5724 tuin

525 5721 964 5792 eadem'persona
987 5721 1328 5795 adoptionem
1344 5739 1463 5781 esse
1481 5721 1749 5788 afﬁrmas,
1766 5739 1924 5792 quam
1947 5721 2107 5776 Arius

2210 4531 2514 4597 episcopus,
2545 4527 2636 4594 qui
2665 4540 2825 4597 super
2854 4525 3238 4596 candelabrum
3261 4533 3319 4580 ut
3339 4525 3518 4583 luceat
3547 4529 3601 4582 in
3628 4529 3790 4585 domo

2212 4595 2307 4652 Dei
2337 4595 2588 4651 omnibus
2612 4595 2819 4665 positus
2839 4603 2944 4660 est,
2973 4611 3222 4651 errorum
3264 4599 3502 4654 tenebris
3544 4598 3792 4656 obfusce-

2213 4678 2330 4752 iurz
2377 4681 2701 4752 gregemque
2746 4667 3446 4752 per-dataquam‘paseere
3496 4669 3788 4752 debuisset:

2212 4739 2366 4795 Unde
2397 4739 2480 4792 his
2502 4737 2748 4792 laudibus
2775 4737 3094 4809 Elipandum
3124 4737 3304 4809 potius
3329 4740 3675 4795 admonuisse
3707 4742 3790 4797 sui

2210 4811 2470 4874 muneris,
2494 4824 2656 4879 quam
2685 4809 2839 4864 vanis
2871 4807 3266 4864 adulationibus
3303 4809 3627 4879 demulsisse
3667 4826 3793 4866 cen-

2211 4881 2410 4937 sendus
2437 4877 2820 4944 estAlcuinus,
2848 4887 3009 4950 prout
3041 4886 3097 4932 et
3134 4877 3332 4950 legenti
3359 4887 3674 4936 contextum
3715 4883 3793 4937 ci-

2210 4961 2336 5032 tatae
2358 4951 2601 5034 epistolae
2630 4948 2977 5034 manifestum
2999 4948 3377 5034 eiii;’l)‘em.um
3403 4964 3510 5005 non
3538 4953 3646 5034 nisi
3667 4968 3792 5034 par-

2210 5023 2342 5093 tium
2373 5017 2549 5093 studio
2575 5021 2883 5093 tribuimus,
2911 5018 3054 5087 quod
3070 5017 3360 5093 _Wal_chins
3380 5035 3503 5093 pag.
3534 5021 3604 5077 62
3627 5017 3792 5081 histo-

2209 5092 2305 5146 riae
2335 5107 2446 5148 sua:
2487 5092 2772 5146 Alcuinum
2815 5097 2972 5144 vocet
3009 5088 3343 5159 (hominem
3381 5088 3672 5159 mobilem,
3705 5095 3790 5148 in-

2209 5171 2565 5225 constantem,
2593 5171 2706 5234 tum
2734 5161 2858 5231 hoc,
2892 5167 3003 5212 tum
3031 5158 3162 5234 illud
3189 5160 3455 5234 dicentem
3475 5205 3490 5230 ,
3511 5165 3642 5234 quid
3664 5180 3792 5220 vero

2209 5242 2419 5287 eertum
2465 5235 2536 5287 sit
2563 5229 2913 5285 nescientem.
2956 5248 2974 5280 ι
3015 5229 3216 5285 Ansam
3255 5232 3358 5286 ista
3387 5229 3661 5290 scribendi
3695 5235 3792 5291 de-

2209 5305 2362 5388 sierat
2388 5297 3386 5388 τρεφιξξιξεῐιὲὲἳυέειίρῆάβτευευεξηεν
3409 5319 3529 5374 ηυδε
3556 5305 3792 5388 uisceri

2211 5368 2819 5446 Hispanim'_adoptionis
2848 5369 2901 5422 in
2929 5368 3149 5446 Christo
3179 5368 3516 5429 fautores'ex
3553 5368 3794 5446 li'tnrgiis

2192 5441 2324 5516 suis
2351 5457 2452 5513 pro
2472 5443 2894 5520 dogmatesaepe
2920 5441 3064 5520 dicto
3085 5445 3533 5520 deprompserant
3555 5489 3568 5511 ,
3596 5441 3794 5520 provo-

2208 5511 2406 5587 cantes
2421 5514 2512 5587 ad_
2516 5512 2891 5587 auctoritatem
2920 5511 3171 5587 Eugenii;
3195 5511 3520 5587 lldephonsi,
3549 5511 3796 5574 et'Julia-

2210 5586 2263 5638 ni
2296 5584 2440 5639 sedis
2469 5581 2742 5654 Toletanze
2780 5581 3081 5640 antistitum
3104 5627 3118 5650 ,
3166 5601 3229 5640 ac
3278 5581 3522 5644 dicentes
3544 5630 3560 5654 ,
3607 5601 3792 5642 vocem

2210 5655 2505 5724 adoptionis
2533 5653 2605 5729 ab
2628 5652 3005 5729 hisee_dudum
3027 5665 3339 5727 usurpatam
3356 5699 3369 5722 ,
3398 5674 3464 5715 ac
3487 5652 3794 5729 quasi_eon—

2212 5721 2478 5780 secratam
2532 5721 2718 5779 fuisse.
2765 5723 3022 5795 Reposuit
3077 5721 3204 5782 vero
3241 5721 3520 5784 Alcuinus'
3549 5730 3607 5783 in
3652 5726 3796 5783 hunc
