4246 6190
603 246 702 299 U7

604 364 674 434 Da
704 359 829 413 milii
857 359 1118 430 lacrymas
1143 377 1204 414 ex
1241 368 1332 414 tuo
1373 360 1564 414 affectu
1595 362 1852 424 internas,
1885 377 2003 430 qua:
2045 377 2165 429 pcc-
2199 368 2243 422 Α

597 461 839 507 catorum
889 466 1126 507 mcormn
1176 461 1399 519 possunt
1431 452 1706 506 exsolvere
1732 453 1964 506 vincula.
2005 452 2159 513 Audi,

601 541 740 596 Deus
766 556 934 604 meus,
960 541 1081 595 audi
1107 541 1282 594 lumen
1309 541 1584 594 oculorum
1613 557 1876 606 meorum,
1906 544 2026 596 audi
2049 558 2168 610 qua:

597 639 740 697 peto,
769 638 823 684 et
843 630 907 685 da
932 645 1049 698 qua:
1075 640 1252 698 petam
1277 638 1336 683 ιιι
1363 630 1567 684 audias.
1601 630 1656 684 Si
1681 631 1821 684 enim
1849 631 2165 699 dispexeris,

598 735 789 789 pereo;
829 719 874 774 si
915 720 1234 789 respexeris,
1263 719 1402 773 vivo.
1455 719 1510 773 Si
1550 720 1693 788 juste
1738 736 1820 774 me
1851 720 2165 781 intenderis,

599 822 842 866 mortuus
867 809 1025 866 feteo.
1071 810 1128 866 Si
1156 811 1579 886 misericordiam
1619 812 1940 881 respexeris,
1989 809 2164 864 feten-

599 913 704 958 tem
746 904 974 958 suscitas
1011 903 1077 957 de
1117 902 1382 971 sepulcro.
1432 903 1487 957 Si
1529 903 1667 958 mala
1695 902 1996 971 reSpexeris
2023 918 2163 964 mea,

597 1001 829 1047 tartarea
858 1001 1123 1049 tormenta
1161 994 1252 1047 vix
1287 993 1573 1048 sufficiunt.
1614 993 1671 1047 Si
1695 994 1894 1062 pietate
1918 992 2164 1046 intendas

595 1083 775 1146 solita,
807 1084 1008 1154 poteris
1039 1093 1371 1139 commutare
1395 1085 1445 1138 in
1491 1085 1700 1139 melius.
1729 1085 1866 1150 Quid
1905 1099 2009 1137 non
2036 1085 2161 1138 mali

593 1173 730 1242 ego?
753 1173 859 1227 Aut
889 1174 1016 1242 quid
1041 1189 1146 1228 non
1187 1175 1312 1229 boni
1350 1176 1439 1226 tu?
1477 1174 1613 1240 Quid
1637 1179 1750 1228 non’
1774 1175 1898 1228 mali
1927 1190 2024 1244 ego
2048 1190 2193 1237 cor-_

594 1263 861 1332 ruptibilis
907 1263 1188 1317 creatura?
1232 1264 1369 1329 Quid
1415 1279 1519 1317 non
1565 1265 1689 1318 boni
1738 1273 1793 1318 tu
1841 1264 2062 1319 Creator
2110 1273 2162 1318 et

592 1365 853 1410 creaturae
901 1355 1129 1409 auctor?
1175 1355 1354 1409 Cecidi
1407 1357 1470 1408 de
1508 1371 1668 1408 manu
1713 1364 1800 1426 tua
1843 1356 1971 1408 vitio
1999 1369 2119 1409 meo
2145 1373 2164 1406 .~

593 1457 782 1514 potens
808 1464 866 1503 es
894 1448 1091 1502 artifex
1122 1448 1225 1506 tibi
1249 1449 1440 1502 iterum
1471 1449 1721 1518 placitum
1752 1451 2002 1519 figurare.
2030 1449 2162 1503 Cor-

593 1536 706 1605 ripe
745 1551 829 1590 me
873 1537 927 1590 in
972 1538 1362 1602 misericordia,
1408 1554 1472 1593 ne
1512 1540 1755 1602 deseras,
1798 1555 1968 1607 neque
2000 1542 2048 1594 in
2081 1543 2158 1596 ira

590 1626 868 1693 corripias.
912 1625 1064 1691 Quod
1120 1627 1236 1682 odis
1277 1627 1330 1680 in
1377 1643 1498 1691 ine,
1569 1629 1750 1697 procul
1802 1630 1884 1685 fac
1941 1648 1970 1685 a
2023 1647 2148 1691 me,

589 1724 643 1768 et
666 1717 716 1770 in
747 1725 835 1769 tua
866 1716 1136 1770 voluntate
1177 1717 1389 1772 intende
1423 1720 1474 1771 in
1521 1735 1623 1774 uie.
1655 1718 1876 1774 Hostem
1918 1721 2155 1773 libidinis

593 1805 787 1874 repelle
821 1821 850 1858 a
882 1822 985 1870 ine,
1013 1817 1066 1860 et
1103 1810 1364 1862 castitatis
1408 1811 1654 1877 spiritum
1711 1812 1887 1864 insere
1946 1812 1995 1863 in
2048 1826 2153 1863 me.

597 1898 797 1952 Vitium
835 1913 995 1953 omne
1037 1901 1299 1956 mortifica
1344 1903 1395 1955 in
1448 1919 1531 1956 me
1556 1943 1571 1966 ,
1623 1913 1675 1956 et
1712 1904 1943 1958 animam
1983 1919 2157 1958 meam

590 1991 798 2044 vivifica
827 1990 880 2043 in
910 2004 1012 2045 me.
1045 1990 1146 2045 Per
1177 1992 1455 2047 Dominum

564 2110 567 2111 ν
658 2079 886 2134 Secreta.
925 2081 1050 2136 llrec
1071 2083 1187 2147 tibi,
1221 2083 1441 2138 Domine
1471 2085 1630 2140 Pater
1653 2095 1857 2149 sancte,
1893 2087 2019 2140 licet
2044 2101 2156 2140 ma-
2188 2089 2192 2093 ’

590 2169 746 2224 uibus
777 2173 909 2248 meis
942 2171 1172 2241 indignis
1203 2171 1495 2228 offerantur
1528 2173 1770 2240 munera,
1803 2177 1892 2243 qui
1930 2193 2027 2230 nec
2072 2176 2153 2229 in-

587 2264 865 2318 vocatione
905 2263 979 2318 tui
1023 2265 1254 2319 nominis
1283 2265 1474 2335 dignus
1505 2283 1654 2330 sum;
1690 2276 1867 2321 tamen
1907 2269 2027 2337 quia
2061 2283 2155 2336 per

587 2363 833 2409 sanctum
861 2364 1023 2424 atque
1055 2355 1592 2410 sanctificatum-Filii
1617 2358 1690 2410 tui
1719 2373 1910 2412 nomen
1939 2357 2156 2410 oblatio-

588 2458 686 2498 nes
711 2443 1027 2509 offeruntur,
1058 2445 1195 2500 sicut
1219 2446 1497 2500 incensum
1519 2447 1568 2500 in
1595 2456 1889 2515 conspectu
1921 2457 2010 2501 tuo
2031 2463 2153 2501 cum

585 2534 749 2588 odore
777 2535 1058 2589 suavitatis
1083 2537 1394 2590 ascendant.
1425 2536 1543 2590 Per.

659 2624 929 2695 Prrefati‘o.
972 2626 1200 2698 Dignum
1247 2637 1299 2681 et
1336 2627 1539 2696 justum
1583 2638 1684 2692 est,
1726 2646 1906 2698 usque,
1953 2637 2152 2683 aeterne

586 2716 744 2769 Deus.
771 2715 875 2770 Sed
897 2717 1024 2787 quid
1051 2717 1145 2770 tibi
1169 2717 1381 2788 dignum
1405 2717 1593 2772 ofl'erat
1611 2719 1856 2772 minister
1880 2719 2148 2789 indignus,

585 2807 686 2860 nisi
714 2808 815 2861 lioc
844 2808 1034 2878 ipsum,
1067 2809 1208 2878 quod
1239 2817 1389 2863 tanto
1412 2810 1661 2881 indignus
1691 2811 1916 2865 habetur
1946 2810 2149 2882 [Forte,

589 2897 796 2968 haberi]
833 2897 1003 2952 officio
1034 2900 1153 2952 fidei
1190 2901 1560 2968 paenitentiam
1600 2899 1806 2972 [Forte,
1848 2917 1941 2968 per
1983 2902 2152 2970 pumi-

587 2986 832 3058 tentiam]
862 2987 1124 3040 fateatur?
1154 2987 1258 3041 Sed
1282 2998 1336 3042 tu
1368 2990 1544 3042 multae
1575 2991 1955 3043 misericordize
1986 2991 2146 3052 Deus,

586 3101 651 3140 nc
684 3102 800 3150 nos,
833 3102 1162 3155 quiesumus,
1191 3087 1301 3143 oris
1338 3089 1554 3157 proprii
1571 3090 1876 3147 testimonio
1905 3088 2147 3152 damnes,

588 3182 683 3235 sed
723 3192 959 3248 paterna:
1021 3182 1363 3254 indulgentia:
1407 3185 1774 3240 consolatione
1817 3187 2149 3250 corrobores,

586 3279 746 3337 atque
788 3286 814 3322 a
848 3281 1189 3338 peccatorum
1217 3275 1514 3343 przecipitio
1547 3277 1650 3330 tuis
1680 3291 1891 3346 semper
1909 3279 2152 3330 manibus

588 3375 812 3413 renoves
839 3369 893 3413 et
923 3361 1198 3420 reformes.
1232 3363 1448 3418 liivocat
1488 3374 1537 3418 te
1569 3367 1746 3418 anima
1790 3382 1927 3430 mea,
1955 3367 2044 3434 qui
2079 3365 2152 3419 fe-

529 3497 534 3500 .
589 3450 714 3503 cisti
747 3465 852 3513 me,
879 3457 937 3504 ut
979 3467 1085 3505 non
1112 3451 1446 3508 obliviscaris
1483 3456 1702 3510 oblitum
1747 3459 1843 3521 tui,
1886 3467 1940 3520 et
1969 3457 2153 3526 exqui-

587 3548 793 3593 rentem
829 3549 879 3594 te
915 3557 979 3594 ne
1007 3542 1258 3607 deseras,
1288 3545 1396 3597 vita
1428 3561 1544 3614 quae
1584 3563 1855 3617 nunquam
1884 3549 2149 3601 morieris.

581 3629 681 3694 Qui
704 3630 853 3683 novit
878 3638 947 3694 te,
970 3632 1117 3685 novit
1144 3632 1200 3701 8
1228 3635 1602 3689 zetcriiitateni.
1627 3635 1876 3692 Charitas
1905 3640 2051 3692 novit
2079 3648 2146 3692 te.

580 3720 624 3771 0
652 3728 852 3774 mterna
883 3723 1112 3787 veritas,
1143 3731 1197 3778 et
1227 3738 1350 3787 vera
1377 3726 1643 3781 Charitas!
1679 3728 1820 3783 Deus
1848 3723 1984 3793 uiie',
2010 3731 2151 3784 Deus

584 3809 851 3876 Trinitas,
885 3814 937 3866 in
967 3814 1121 3884 cujus
1152 3815 1301 3870 valde
1335 3818 1545 3872 confido
1571 3820 1936 3876 misericordia
1963 3840 1973 3873 :
2007 3820 2151 3874 salus

582 3908 700 3955 esto
734 3902 1032 3957 infirmitati
1079 3922 1240 3969 meae,
1281 3917 1336 3960 et
1372 3925 1527 3962 verus
1572 3913 1922 3964 resuscitator
1960 3912 2150 3963 anima:

584 4005 733 4044 ineat.
767 3991 909 4045 Doce
945 4009 1028 4046 me
1054 3995 1371 4061 patientiam
1402 3997 1467 4049 ad
1502 3999 1874 4051 sustinendum
1901 4000 2145 4052 adversa.

584 4082 724 4136 Doce
750 4097 835 4135 me
861 4083 1140 4138 scientiam
1171 4084 1592 4156 Scripturarum,
1637 4098 1696 4143 ut
1733 4092 1810 4144 sic
1859 4091 2048 4161 loquar
2082 4108 2150 4145 ne

580 4173 902 4242 superbiam,
929 4175 1004 4229 sic
1037 4183 1241 4231 taceam
1269 4195 1336 4232 ne
1367 4187 1688 4250 torpescam.
1709 4180 1798 4236 Sic
1827 4185 2062 4247 contine,
2093 4193 2150 4238 ut

580 4279 682 4317 non
735 4268 941 4320 cadam.
997 4267 1086 4323 Sic
1133 4270 1363 4341 stringe,
1398 4281 1456 4324 ut
1495 4290 1597 4326 non
1636 4275 1920 4328 dimittam.
1965 4277 2040 4329 Tu
2086 4295 2146 4332 es

1452 249 1508 301 ιι.
1550 248 1612 302 F.
1652 249 1873 303 ALBINI
1915 249 2045 304 SEU
2074 250 2345 304 ALCL‘INI
2376 250 2654 306 OPERUM
2695 239 2868 308 PARS
2905 251 2992 307 IV.

3731 258 3832 313 Itis

2878 363 3104 420 CAPUT
3142 364 3204 418 ll.

2637 473 2795 528 Feria
2818 475 2882 529 11
2887 517 2902 541 ,
2929 477 3086 530 missa
3111 494 3204 546 pro
3230 481 3471 547 peccatis.

2338 583 2541 638 Exaudi
2576 584 2821 648 Domine,
2855 601 3177 655 quaesumus,
3217 590 3514 658 supplicum
3537 607 3743 661 preces,
3775 602 3829 650 et

2267 672 2636 726 confitentium
2666 674 2758 728 tibi
2787 690 2946 743 parce
2971 677 3208 744 peccatis
3239 686 3297 730 ut
3339 680 3540 746 pariter
3567 681 3726 738 nobis
3755 684 3831 737 in-

2267 762 2594 832 dulgentiam
2617 763 2821 818 tribuas
2843 764 3104 835 benignus
3129 773 3184 819 et
3207 782 3411 836 pacem.
3446 767 3580 822 Per."

2336 851 2512 906 Lectio
2557 851 2803 909 Ieremia:
2841 856 3120 924 prophetae.
3174 855 3230 910 Si
3274 858 3586 926 iniquitates
3631 869 3830 917 nostra:

2265 946 2637 1000 eontenderint
2661 953 2846 1000 contra
2888 962 3009 1012 nos,
3048 947 3295 1014 Domine,
3331 949 3496 1004 libera
3527 966 3645 1018 nos,
3686 968 3828 1022 qua:-

2266 1053 2471 1103 sumus,
2503 1037 2588 1092 fac
2612 1046 2832 1108 propter
2860 1054 3050 1094 nomen
3074 1048 3243 1094 tuum.
3304 1056 3316 1067 ί

2336 1125 2509 1179 Lectio
2553 1129 2720 1180 sancti
2763 1127 3034 1198 Evangeh'i
3071 1132 3354 1184 secundum
3386 1133 3600 1186 Lucam.
3646 1133 3705 1187 In
3736 1133 3826 1189 illo

2265 1225 2523 1285 tempore.
2549 1217 2680 1270 dixit
2711 1212 2867 1272 Jesus
2894 1219 3166 1288 discipulis
3195 1222 3306 1275 suis
3333 1240 3344 1274 :
3377 1222 3572 1287 Petite,
3603 1232 3657 1279 et
3679 1225 3828 1279 dabi—

2263 1314 2351 1358 tur
2371 1306 2550 1371 vobis;
2579 1307 2818 1375 quzerite,
2844 1297 2898 1362 et
2927 1310 3241 1376 invenietis;
3276 1312 3504 1381 pulsate,
3531 1323 3588 1370 et
3628 1317 3830 1385 aperie-

2262 1405 2350 1450 tur
2379 1397 2548 1452 vobis.

2332 1485 2501 1556 Super
2549 1487 2746 1542 oblata.
2812 1489 3027 1544 Hostias
3071 1492 3189 1557 tibi,
3230 1492 3473 1558 Domine,
3513 1494 3828 1564 placationis

2259 1577 2563 1641 offerimus,
2609 1585 2667 1631 ut
2694 1586 2748 1633 et
2777 1579 2968 1634 delicta
3009 1589 3194 1636 nostra
3244 1584 3529 1638 miseratus
3559 1584 3826 1650 absolvas,

2259 1675 2314 1720 et
2339 1668 2586 1721 nutantia
2615 1669 2780 1722 corda
2811 1679 2866 1723 tu
2905 1670 3126 1742 dirigas.
3167 1671 3287 1725 Per.

2333 1756 2605 1828 Prwfatio.
2656 1760 2886 1829 Dignum
2929 1769 2985 1815 et
3025 1762 3231 1830 justum
3269 1772 3371 1825 est,
3411 1780 3593 1833 usque,
3633 1773 3831 1820 adenis

2261 1847 2419 1902 Deus.
2450 1847 2609 1902 Salva
2635 1835 2735 1904 'nos
2759 1865 2826 1905 ex
2856 1865 2949 1904 ore
2975 1849 3145 1904 leonis
3172 1853 3478 1917 saevissimi,
3501 1855 3590 1922 qui
3615 1856 3830 1922 rugiens

2259 1939 2482 2003 circuit,
2510 1953 2756 2008 quaerens
2784 1941 2850 1996 de
2877 1942 3084 1996 unitate
3113 1942 3365 2015 Ecclesiae
3392 1951 3524 2007 tuze,
3558 1959 3715 2012 quem
3747 1961 3831 1998 ra-

2259 2033 2368 2100 piat
2397 2041 2558 2101 atque
2595 2033 2834 2087 devoret.
2880 2033 2986 2089 Sed
3031 2043 3128 2099 tu,
3159 2035 3451 2090 fortissime
3489 2037 3731 2100 Domine,
3763 2037 3832 2093 de

2261 2123 2398 2176 tribu
2443 2122 2578 2178 Juda
2615 2131 2833 2178 contere
2878 2126 3204 2180 contrariam
3248 2128 3458 2181 virtutis
3503 2142 3612 2180 suae
3647 2129 3832 2195 nequi-

2258 2213 2385 2265 tiam
2410 2254 2424 2277 ,
2456 2229 2554 2267 nos
2581 2213 2649 2267 ab
2679 2214 2859 2285 ignitis
2885 2214 2998 2284 ejus
3029 2215 3518 2284 impugnationibus
3549 2216 3825 2281 liberatos,

2257 2318 2483 2371 corpore
2512 2318 2609 2356 nos
2647 2317 2934 2368 conserva,
2973 2312 3026 2358 et
3051 2305 3210 2358 corde
3236 2306 3480 2375 purifica.
3509 2306 3611 2362 Per
3641 2309 3822 2363 Domi-

2255 2409 2408 2449 num.
2686 2380 2689 2381 ν

2326 2484 2484 2552 Infra
2513 2494 2784 2540 actionem.
2842 2486 2989 2542 Hanc
3020 2489 3178 2558 igitur
3200 2489 3541 2554 oblationem,
3571 2489 3818 2554 Domine,

2254 2589 2414 2642 quam
2445 2574 2538 2629 tibi
2567 2573 2840 2630 offerimus
2871 2592 2966 2645 pro
2986 2580 3221 2645 peccatis
3250 2587 3406 2646 atque
3435 2579 3822 2636 effeiisionibus

2255 2665 2476 2728 nostris,
2503 2672 2562 2717 ut
2589 2666 2827 2718 omnium
2855 2667 3170 2721 delictorum
3211 2677 3515 2722 nostrorum
3555 2670 3831 2728 remissio-

2255 2769 2378 2807 nem
2406 2754 2661 2820 consequi
2690 2763 2978 2819 mereatur,
3013 2771 3318 2825 quaesumus
3347 2758 3591 2822 Domine,
3621 2769 3696 2814 ut.

2324 2844 2403 2897 Ad
2431 2837 2820 2915 Camp/endam.
2866 2846 3066 2902 Praesta
3102 2849 3285 2914 nobis,
3325 2857 3521 2905 aeterne
3553 2850 3819 2916 Salvator,

2253 2945 2311 2989 ut
2354 2937 2713 3007 percipientes
2763 2939 2863 2993 hoc
2911 2955 3132 2994 munere
3189 2941 3399 2995 veniam
3455 2948 3823 3011 peccatorum,

2178 3047 2223 3108 ρ
2257 3027 2510 3097 deinceps
2537 3039 2756 3098 peccata
2783 3030 3028 3084 vitemus.
3065 3031 3182 3084 Per.

2325 3117 2463 3168 Alia.
2505 3116 2665 3180 Deus,
2697 3117 2782 3169 cui
2811 3117 3084 3184 proprium
3125 3127 3208 3171 est
3248 3133 3460 3187 semper
3499 3098 3740 3174 misereri
3769 3126 3826 3174 et

2253 3221 2495 3273 parcere,
2521 3205 2733 3272 suscipe
2756 3205 3187 3272 deprecationem
3216 3219 3475 3272 nostram,
3503 3216 3562 3261 ut
3583 3223 3716 3278 quos
3737 3208 3828 3264 de-

2255 3295 2497 3347 lictorum
2530 3304 2714 3347 catena
2747 3296 3095 3366 constringit,
3131 3297 3408 3352 miseratio
3447 3307 3549 3353 tua:
3605 3297 3826 3369 pietatis

2256 3383 2513 3438 absolvat.
2538 3385 2671 3439 .Per.

2581 3520 2712 3578 Item
2739 3539 2830 3590 pro
2859 3522 3105 3590 petitione
3132 3521 3502 3592 lacrymarum.

2321 3656 2671 3726 Omnipotens
2710 3658 2990 3712 mitissime
3026 3658 3197 3720 Deus,
3238 3659 3330 3726 qui
3369 3658 3572 3711 sitienti
3628 3659 3824 3727 populo

2257 3750 2456 3803 fontem
2488 3750 2715 3803 viventis
2758 3765 2909 3818 aqua:
2935 3751 3001 3803 de
3029 3759 3177 3818 petra
3215 3749 3542 3817 produxisti,
3584 3752 3720 3806 educ
3759 3753 3824 3807 de

2252 3842 2428 3893 cordis
2481 3840 2645 3893 nostri
2696 3841 2888 3894 duritia
2939 3843 3364 3909 compunctiouis
3416 3842 3704 3912 lacrymas,
3765 3854 3826 3901 ut

2251 3938 2470 3998 peccata
2514 3939 2695 3982 nostra
2727 3931 2976 4001 plangere
3006 3931 3298 3994 valeamus,
3339 3933 3822 4004 reniissionemque

2253 4026 2303 4071 te
2332 4021 2622 4074 miserante
2656 4037 2962 4075 mereamur
2990 4023 3251 4092 accipere.
3289 4022 3407 4077 Per.

2323 4108 2471 4178 Infra
2527 4113 2798 4189 actionem.
2854 4113 3001 4167 lianc
3054 4113 3406 4178 oblationem,
3459 4131 3766 4184 quaesumus
3803 4155 3816 4178 ,

2250 4202 2473 4256 Domine
2498 4201 2658 4264 Deus,
2701 4219 2860 4273 quam
2887 4211 2990 4257 tuae
3032 4205 3298 4270 majestati
3337 4220 3432 4271 pro
3459 4206 3689 4272 peccatis
3722 4220 3816 4256 no-

2249 4294 2374 4346 stris
2403 4291 2693 4356 offerimus,
2725 4295 2983 4361 propitius
3017 4296 3241 4361 respice,
3263 4303 3316 4345 et
3336 4294 3536 4360 produc
3563 4295 3626 4346 de
3653 4279 3845 4349 oculis.

576 4353 718 4405 οηίιιι
748 4355 918 4407 11οηοΓ
940 4371 1108 4420 ηιουει
1141 4366 1194 4410 ει
1217 4358 1333 4412 laus
1356 4376 1495 4423 ιηεὶὶ,
1530 4371 1585 4414 οι
1613 4363 1802 4417 “ducti!
1833 4381 1969 4417 mefi-
2006 4365 2146 4421 DeUS
2177 4401 2221 4459 υ
2250 4383 2447 4434 nostris
2492 4380 2709 4432 flumina
2734 4421 2746 4443 ,
2779 4382 2971 4448 quibus
3000 4382 3176 4434 debita
3210 4380 3543 4435 flammarum
3573 4383 3820 4438 incendia

579 4457 746 4504 meus,
779 4445 980 4511 gratias
1001 4458 1100 4512 ago
1133 4445 1227 4498 tibi
1271 4448 1334 4500 de
1374 4448 1529 4501 donis
1560 4450 1681 4512 tuis,
1716 4452 1807 4504 sed
1842 4461 1895 4503 tu
1923 4453 2050 4504 milii
2079 4468 2141 4504 ea

575 4544 748 4582 sorva.
781 4528 857 4582 lta
888 4532 1032 4583 enim
1065 4533 1305 4586 servabis
1335 4551 1449 4596 mc,
1497 4546 1546 4588 et
1581 4537 1918 4608 augebantur
1948 4548 2000 4593 et
2031 4557 2143 4608 per—

577 4621 841 4686 ficieiitur,
868 4639 988 4691 qua:
1015 4625 1205 4679 dedisti
1238 4626 1386 4679 milii.
1427 4627 1490 4680 Et
1514 4628 1620 4681 eris
1645 4644 1852 4683 mecum
1884 4631 1934 4682 iii
1967 4633 2140 4685 omni-

573 4715 705 4780 bus;
737 4716 860 4784 quia
890 4725 943 4769 et
974 4725 1030 4768 ut
1068 4717 1198 4779 siin,
1245 4725 1300 4770 et
1327 4722 1466 4787 quod
1498 4735 1646 4785 sum,
1681 4729 1733 4773 tu
1763 4720 1953 4774 dedisti
1990 4723 2139 4775 mihi.

573 4807 673 4860 Per
705 4807 976 4864 Christum
1014 4810 1295 4865 Dominum
1335 4821 1598 4867 nostrum.

645 4898 1029 4953 Postcommun.
1072 4901 1206 4955 Vota
1237 4913 1420 4957 nostra
1449 4907 1705 4959 Dominus
1744 4907 2038 4961 clementer
2068 4908 2146 4960 in-

573 4985 777 5049 tendat,
806 4995 862 5039 et
884 4997 1102 5056 peccata
1138 4991 1388 5045 dimittat.
1442 4993 1569 5058 Qua:
1607 5002 1873 5062 optamus,
1912 4995 2140 5057 tribuat;

573 5084 627 5128 et
646 5089 764 5144 quae
784 5079 1263 5145 pavemus,'procul
1285 5080 1531 5147 repellat;
1555 5089 1615 5133 ut
1641 5096 1763 5134 cum
1791 5083 2144 5138 universitate

576 5168 806 5224 ﬁdelium
829 5169 1092 5232 vovendo,
1109 5177 1162 5223 et
1183 5172 1453 5226 reddendo
1470 5172 1580 5226 Deo
1602 5174 1924 5227 sacrificium
1949 5175 2139 5240 laudis,

575 5258 641 5311 ad
664 5257 892 5312 fructum
925 5257 1150 5326 justitize
1187 5262 1468 5328 pervenire
1503 5264 1790 5331 possimus,
1814 5267 2140 5321 concedente

573 5349 856 5409 clementia
889 5350 1188 5404 divinitatis
1234 5352 1368 5421 ejus.
1421 5352 1522 5407 Per
1567 5353 1850 5410 Dominum
1898 5368 2158 5413 nostrum-

573 5437 754 5492 desum
784 5439 1054 5496 Christum
1094 5441 1210 5511 ejus
1253 5442 1586 5515 unigenitum
1631 5447 1842 5512 Filium,
1876 5464 1994 5503 cum
2031 5464 2140 5517 quo

576 5533 629 5578 tu
661 5528 861 5582 unitate
891 5530 1122 5600 Spiritus
1159 5533 1330 5587 sancti
1374 5535 1502 5589 vivit
1540 5545 1590 5590 et
1623 5547 1806 5608 regnat
1839 5539 1996 5594 Deus.
2041 5538 2142 5592 Per

579 5636 756 5679 omnia
784 5625 974 5680 saecula
1004 5627 1339 5686 saeculorum.

2251 4470 2466 4520 valeant
2491 4468 2774 4537 exstingui.
2810 4471 2928 4522 Per.

2325 4554 2594 4625 Prwfalio.
2640 4557 2864 4626 Dignum
2887 4559 3159 4628 etjustuni
3192 4570 3293 4622 est,
3331 4578 3513 4632 usque,
3545 4578 3641 4630 per
3670 4563 3818 4617 Chri-

2250 4654 2389 4700 stum
2411 4645 2691 4699 Dominum
2717 4655 2972 4702 nostrum.
2993 4649 3089 4715 Qui
3121 4651 3334 4704 beatum
3365 4653 3579 4706 Petrum
3607 4663 3818 4721 aposto-

2250 4735 2355 4787 lum
2408 4737 2620 4804 pietatis
2664 4740 2899 4806 respexit
2946 4739 3160 4804 intuitu,
3214 4750 3272 4794 ut
3315 4743 3467 4795 trime
3517 4744 3830 4810 negationis

2247 4833 2525 4894 peccatum
2573 4827 2918 4881 aniarissiinis
2949 4815 3174 4884 dilueret
3219 4831 3486 4898 lacrymis,
3529 4845 3623 4897 per
3673 4831 3815 4884 inf'u-

2246 4915 2451 4966 sionem
2496 4915 2667 4966 sancti
2716 4915 2948 4984 Spiritus
2980 4932 3077 4984 pro
3121 4927 3463 4983 peccatorum
3510 4927 3815 4974 nostrorum

2247 5004 2480 5071 pondere
2514 5004 2779 5074 lacrymas
2813 4993 3135 5061 nobis'elice
3175 5008 3520 5075 pmnitcntiat,
3550 5019 3608 5064 ut
3633 5026 3818 5065 amare

2247 5091 2556 5157 defleamus,
2571 5109 2688 5164 qua:
2704 5095 2881 5162 inique
2901 5095 3163 5164 gessimus
3184 5114 3195 5146 :
3221 5106 3484 5163 quatenus
3507 5099 3816 5155 fructuosus

2248 5182 2299 5233 in
2327 5194 2614 5252 conspectu
2641 5184 2857 5252 pietatis
2883 5191 2986 5236 ture
3016 5192 3211 5237 nostra
3235 5186 3510 5252 petitionis
3537 5191 3816 5259 perveniat

2246 5271 2484 5338 efTectus,
2515 5278 2680 5342 atque
2701 5289 2799 5341 per
2825 5287 2949 5325 cum
2977 5274 3130 5328 nobis
3154 5278 3362 5332 veniam
3388 5295 3604 5348 sperare
3636 5280 3809 5342 liceat,

2246 5365 2334 5432 qui
2381 5366 2604 5419 traditus
2644 5371 2729 5417 est
2773 5371 2871 5431 pro
2921 5363 3128 5419 delictis
3178 5372 3394 5434 nostris,
3423 5380 3482 5424 ut
3527 5373 3811 5426 redimeret

2247 5471 2343 5510 nos
2370 5457 2424 5508 iii
2453 5454 2712 5526 sanguine
2739 5469 2859 5517 suo,
2883 5452 3130 5511 Christus
3151 5456 3398 5523 Salvator
3417 5469 3620 5516 noster.
3641 5462 3809 5527 Quem

2246 5545 2466 5599 laudant
2491 5543 2681 5613 angeli.

2315 5635 2370 5708 9
2406 5637 2514 5696 ,Ad
2564 5634 2951 5703 Complcndum.
2999 5638 3330 5696 Sacrificium
3373 5643 3512 5715 quod
3552 5651 3672 5712 tute,
3707 5639 3809 5693 Do.
