4246 6256
389 347 496 447 us

390 612 509 654 rum
536 592 784 663 protlciat
818 595 1176 658 peceatomm,
1220 589 1277 636 et
1305 589 1405 635 tua:
1437 573 1797 631 miserationis
1844 570 1943 625 tri-

391 687 520 744 buat
545 682 814 738 solatium.
844 678 967 731 Per.

461 773 602 827 Alia.
639 770 877 827 Gratiam
904 765 1076 821 sancti
1100 762 1348 832 Spiritus,
1382 757 1604 813 Domine
1629 754 1790 812 Deus.
1828 764 1949 804 cor-

393 862 549 918 dibus
578 859 777 913 nostris
821 856 1115 912 clementer
1156 850 1394 913 infunde,
1435 861 1553 916 quae
1597 858 1695 897 nos
1739 839 1951 912 gemiti-

396 953 496 1007 bus
525 949 723 1005 efficiat
759 948 1114 1016 Iaerymarum
1142 938 1376 995 maculas
1405 943 1710 990 nostrorum
1748 928 1952 983 diluere

396 1049 737 1113 peccatorum
760 1076 773 1099 ,
813 1044 972 1103 atque
1005 1038 1204 1101 optatae
1246 1026 1419 1087 nobis,
1448 1031 1499 1079 te
1538 1022 1817 1090 largiente,
1864 1017 1951 1113 in-

398 1103 681 1198 dulgentia:
726 1131 945 1193 przestet
979 1118 1246 1173 effectum.
1269 1114 1373 1170 Per
1399 1111 1703 1173 Dominum,
1737 1113 1868 1169 etc.,
1898 1103 1952 1156 in

398 1218 603 1271 unitate
625 1213 886 1284 ejusdem.

748 1319 877 1373 Item
911 1317 1070 1370 missa
1096 1313 1263 1369 sancti
1296 1311 1588 1382 Augustini.

469 1452 690 1521 ignosce
726 1447 880 1511 mihi,
920 1458 1243 1514 quaesumus,
1268 1440 1511 1503 Domine,
1564 1453 1724 1506 quem
1773 1451 1954 1490 macu-

403 1542 526 1596 latze
560 1542 683 1593 vita:
710 1530 1037 1593 conscientia
1068 1532 1349 1602 trepidum,
1397 1539 1448 1584 et
1481 1528 1765 1582 criminum
1812 1541 1958 1580 meo-

403 1645 523 1684 rum
555 1628 798 1684 confusio
836 1625 965 1696 facit
990 1622 1275 1691 captivum.
1304 1618 1371 1671 Et
1398 1618 1485 1685 qui
1511 1631 1609 1684 pro
1632 1628 1717 1667 me
1746 1613 1957 1667 venia’m

403 1716 645 1770 obtinere
670 1729 774 1767 non
802 1712 973 1773 valeo,
997 1724 1093 1778 pro
1116 1708 1233 1761 aliis
1258 1713 1541 1774 rogaturus
1572 1703 1767 1758 assisto
1794 1718 1809 1766 ;
1837 1716 1961 1770 pro-

404 1806 519 1859 fero
565 1804 633 1859 ad
661 1811 736 1869 te,
763 1802 807 1856 si
844 1801 1027 1855 audire
1051 1796 1303 1866 digneris,
1350 1793 1588 1855 Domine,
1621 1792 1955 1861 captivorum
1986 1815 2030 1874 Β

405 1876 651 1966 gemitus,
685 1894 1053 1948 tribulationes
1079 1889 1328 1959 plebium,
1364 1884 1597 1955 pericula
1623 1883 1954 1953 populorum,

407 1985 751 2040 necessitates
796 1981 1225 2051 peregrinorum,
1267 1975 1502 2042 inopiam
1547 1972 1823 2037 debilium,
1871 1973 1963 2027 de-

406 2076 738 2147 sperationes
762 2071 1147 2143 languentium,
1194 2067 1435 2123 defectus
1480 2080 1689 2131 senum,
1731 2066 1961 2135 suspiria

402 2147 683 2234 iuvenum,
729 2172 853 2218 vota
894 2162 1183 2232 virginum,
1231 2158 1463 2212 lamenta
1512 2158 1810 2211 viduarum.
1857 2154 1965 2210 Sed

408 2257 661 2327 quoniam
715 2268 799 2308 me
851 2254 1062 2332 eadem,
1117 2264 1234 2319 quae
1283 2246 1462 2318 populi
1510 2245 1711 2317 peccati
1777 2255 1964 2300 catena

409 2345 748 2415 constringit,
797 2344 916 2398 ideo
962 2354 1273 2396 conununes
1316 2339 1468 2408 lugeo
1510 2336 1801 2406 passiones.
1852 2333 1967 2389 Non

410 2435 572 2499 obsit,
621 2433 866 2496 Domine,
916 2430 1111 2499 populo
1154 2439 1246 2483 tuo
1294 2429 1468 2483 oratio
1504 2427 1785 2497 coniugata
1834 2426 1965 2497 [Al.,

413 2502 715 2594 subiugata]
740 2519 988 2591 peccatis.
1019 2518 1121 2572 Per
1159 2530 1242 2570 me
1273 2516 1369 2569 tibi
1398 2514 1623 2587 offertur
1643 2522 1843 2577 votum,
1873 2528 1970 2581 per

384 2620 467 2667 'te
492 2625 668 2665 meum
694 2608 1024 2678 compleatur
1055 2607 1309 2661 ofﬁcium.
1341 2604 1463 2659 Per.

485 2700 655 2771 Super
698 2700 890 2753 oblata.
964 2697 1226 2753 Memores
1274 2712 1478 2763 sumus,
1534 2707 1751 2765 teterme
1822 2698 1969 2754 Deus

412 2791 573 2863 Pater
619 2790 977 2857 omnipotens,
1008 2787 1401 2855 gloriosissima:
1440 2789 1706 2855 passionis
1726 2787 1845 2842 Filii
1874 2789 1966 2859 tu'i,

416 2879 824 2937 reSurrectionis
851 2877 1033 2939 etiam,
1066 2876 1502 2945 ascensionisque
1539 2877 1595 2929 in
1623 2877 1839 2950 omium.
1869 2875 1972 2929 Pe-
2010 2863 2025 2871 ’

419 2968 579 3021 timus
628 2980 755 3034 ergo
794 2963 1135 3033 maiestatem,
1165 2964 1415 3028 Deus,-ut
1460 2964 1749 3018 ascendant
1786 2979 1974 3033 preces

420 3051 734 3112 humilitatis
787 3061 985 3108 nostra:
1022 3054 1074 3107 in
1122 3061 1463 3123 conspectum
1507 3062 1609 3107 tute
1654 3052 1969 3118 clementi-a3,

1308 373 1692 431 LITURGICA.
1732 360 1786 409 4—
1840 364 2040 424 [ΑΒεῆ
2080 354 2708 418 SACRAMENTORUM.

389 506 554 569 mine,
576 503 866 557 obtunmus
894 494 1177 563 maiestati,
1210 469 1363 546 nobis
1386 490 1451 541 ad
1491 486 1699 540 veniam
1725 490 1939 536 nostro-
1968 485 2016 540 Α
2044 475 2166 538 illis,
2208 473 2344 529 dixit
2384 472 2511 525 mihi
2550 468 2809 538 angelus:
2846 466 3070 522 Scribe:
3100 463 3249 518 Beati
3279 462 3369 533 qui
3399 463 3464 516 ad
3492 477 3607 519 cm-

976 15 4044 123 ”

3500 344 3604 397 ιξςο

2045 578 2168 616 nam
2193 570 2521 631 nuptiarum.

2116 651 2394 720 Sequentia
2424 649 2588 702 sancti
2611 645 2879 715 Evangelii
2927 643 3209 696 secundum
3234 642 3528 713 Joannem.‘
3549 639 3609 696 In

2046 741 2137 795 illo
2166 748 2421 808 tempore,
2471 736 2710 790 ascendit
2736 734 2892 788 Jesus
2920 722 3359 802 Hierosolymam.
3402 733 3497 787 Est
3516 747 3613 785 au-

2048 841 2153 887 tem
2181 830 2563 899 Hierosolymis
2588 818 2864 897 prbbatica
2884 825 3108 895 piscina.

2225 939 2489 994 Itemralia
2519 955 2614 1008 pro
2644 937 3011 991 tentationibus
3048 936 3439 1006 cogitationum.

2120 1040 2469 1119 Omnipotens
2533 1048 2818 1103 mitissime
2866 1047 3028 1110 Deus,
3081 1047 3288 1115 respice
3354 1044 3619 1113 propitius

2051 1157 2239 1213 preces
2278 1148 2509 1213 nostras,
2550 1146 2604 1192 et
2640 1138 2806 1191 libera
2854 1137 3012 1191 corda
3040 1144 3219 1189 nostra
3245 1134 3311 1187 de
3356 1135 3617 1188 malarum

2053 1210 2348 1299 tentatione
2377 1210 2783 1297 cogitationum,
2831 1236 2889 1280 ut
2916 1217 3088 1280 salicti
3125 1224 3360 1293 Spiritus
3404 1225 3621 1294 dignum

2053 1321 2171 1375 fieri
2199 1320 2560 1375 habitaculum
2598 1332 2918 1371 mereamur.
2962 1316 3066 1370 Per
3104 1315 3405 1370 Dominum.

2127 1411 2356 1466 Secreta.
2397 1410 2506 1464 llas
2554 1411 2667 1472 tibi,
2703 1409 2927 1463 Domine
2968 1407 3130 1470 Deus,
3167 1405 3443 1460 offerimus
3477 1405 3625 1457 oltla-
3663 1440 3667 1446 -

2057 1499 2230 1553 tiones
2262 1514 2359 1567 pro
2394 1499 2568 1552 salute
2615 1507 2820 1560 nostra,
2870 1506 3135 1565 quatenus
3178 1498 3384 1549 animas
3414 1501 3626 1547 nostras

2057 1588 2228 1643 sancti
2276 1588 2509 1657 Spiritus
2547 1588 2716 1657 gratia
2740 1586 3051 1660 illuminare
3087 1586 3337 1654 digneris.
3374 1582 3477 1635 Per
3524 1581 3623 1634 Do-

2059 1681 2261 1733 minum
2289 1688 2555 1734 nostrum.

2130 1767 2403 1837 Prmfatio.
2462 1770 2687 1838 Dignum
2731 1776 2784 1822 et
2826 1768 3026 1838 iuStum
3064 1774 3167 1830 est,
3217 1781 3397 1835 usque,
3419 1771 3619 1816 αξιοι-ηε

2062 1861 2219 1914 Deus.
2257 1859 2539 1914 llumiliter
2582 1868 2725 1912 tuam
2775 1860 3128 1927 deprecantes
3159 1854 3517 1914 clementiam,
3564 1859 3623 1904 ut

2060 1950 2288 2019 gratiam
2332 1949 2504 2002 sancti
2553 1947 2786 2017 Spiritus
2832 1947 3027 2001 animis
3080 1945 3281 2000 nostris
3333 1944 3625 1998 clementer

2062 2038 2341 2092 infundere
2382 2037 2642 2106 digneris,
2693 2045 2751 2089 ut
2802 2045 2853 2090 te
2906 2034 3141 2105 perfecte
3191 2034 3430 2103 diligere,
3480 2042 3534 2086 et
3580 2041 3631 2086 te

2065 2129 2225 2199 digne
2246 2128 2469 2185 laudare
2495 2141 2816 2180 mereamur.
2850 2125 2953 2179 Per
2976 2125 3270 2179 Christum.

2138 2219 2241 2291 ιο
2259 2218 2338 2271 Ad
2359 2214 2751 2286 Comiitendum.
2770 2216 2870 2269 Per
2892 2216 3009 2279 hoc,
3026 2229 3354 2284 quaesumus,
3384 2202 3628 2275 Domine,

2066 2308 2406 2387 sacrificium,
2440 2316 2543 2361 tua:
2568 2306 2707 2375 quod
2737 2306 3025 2360 obtulimus
3051 2303 3629 2376 pietati,.ah.omnibus

2068 2382 2228 2454 corda
2266 2406 2447 2451 nostra
2474 2397 2729 2451 emundes
2758 2382 3159 2451 tentationibus.
3201 2394 3305 2449 Per
3348 2391 3632 2447 Dominum

2070 2498 2351 2547 nostrum”
3335 2538 3341 2545 ,

2142 2577 2280 2631 Alia.
2329 2576 2493 2640 Deus,
2537 2578 2627 2645 qui
2659 2576 2928 2631 illuminas
2954 2589 3166 2629 omnem
3219 2572 3491 2628 hominem
3539 2584 3633 2622 vc-

2072 2672 2307 2726 nientem
2365 2670 2418 2723 in
2465 2671 2631 2724 huuc-
2667 2669 2944 2731 mundum,
3007 2666 3266 2729 illumina,
3306 2677 3633 2732 quresumus,

2074 2760 2234 2823 corda
2279 2766 2461 2813 nostra
2488 2757 2672 2823 gratia:
2703 2758 2806 2810 tua:
2841 2754 3143 2824 splendore,
3193 2760 3252 2805 ut
3284 2747 3637 2821 dignamaie-

2076 2852 2201 2903 stati
2246 2856 2349 2901 tuae
2387 2847 2625 2915 cogitare
2650 2852 2705 2898 et
2732 2842 2952 2915 diligere
2991 2841 3283 2895 valeamus.
3332 2839 3432 2907 Per
3459 2837 3638 2892 Domi-

2076 2954 2202 2992 num
2233 2944 2494 2991 nostrum.

2430 3045 2559 3098 Item
2596 3046 2754 3098 missa
2782 3044 2951 3098 sancti
2986 3042 3283 3113 Augustini.

419 3156 473 3201 et
515 3147 800 3201 descendat
827 3139 985 3215 super
1018 3146 1157 3199 hunc
1187 3159 1399 3214 panem,
1438 3152 1492 3197 et
1526 3160 1685 3214 super
1710 3146 1853 3199 hunc
1878 3162 1970 3200 ea—
2000 3135 2046 3196 C

1959 3175 1970 3185 ’
2000 3135 2046 3196 C
2145 3153 2442 3213 Otl'erentes
2484 3157 2602 3219 tibi,
2636 3153 2880 3218 Domine,
2921 3153 3151 3207 hostiam
3171 3150 3508 3220 iubilationis
3536 3167 3636 3222 pro

422 3237 576 3292 licem
623 3236 893 3305 plenitudo
944 3243 1070 3288 tua»
1100 3234 1412 3287 divinitatis.
1463 3233 1971 3299 Descendatetiam,

423 3327 663 3389 Domine,
690 3324 777 3378 illa
805 3325 976 3379 sancti
1026 3323 1257 3391 Spiritus
1302 3324 1378 3376 tui
1421 3322 1976 3392 incomprehensibilis

425 3414 810 3482 invisibilisque
858 3413 1128 3481 maiestas,
1178 3412 1315 3465 sicut
1360 3412 1625 3480 quondam
1674 3413 1726 3466 in
1764 3422 1974 3481 patrum

426 3503 630 3556 hostias
660 3499 1034 3557 descendebat.
1063 3499 1169 3553 Per
1194 3499 1438 3552 eumdem
1478 3492 1777 3553 Dominum.

500 3593 575 3645 Ad
597 3590 983 3660 Comptendum.
1017 3588 1225 3643 Gratias
1259 3589 1374 3653 tibi,
1412 3589 1654 3655 Domine,
1687 3589 1980 3646 referentes

428 3678 761 3749 oramushut
787 3682 1010 3735 mundes
1042 3682 1303 3751 propitius
1337 3696 1431 3735 cor
1470 3690 1715 3737 nostrum
1747 3698 1777 3735 a
1811 3684 1979 3749 vitiis,

430 3783 485 3828 et
528 3774 728 3841 repleas
755 3772 953 3843 iugiter
993 3773 1319 3843 Spiritalibus
1347 3774 1520 3828 donis.
1550 3773 1653 3828 Per
1695 3773 1979 3829 Dominum

433 3871 691 3918 nostrum.

1038 3954 1378 4009 carum".
1938 4022 1945 4029 ε

473 4065 629 4121 Feria
658 4065 718 4119 ΙΙ
724 4065 749 4118 1
757 4107 771 4131 ,
803 4068 958 4120 missa
974 4068 1048 4139 nd
1067 4067 1374 4136 postulanda
1412 4054 1651 4138 angelica
1671 4069 1942 4138 suﬂ'ragia.

504 4198 825 4267 Perpetuum
844 4198 1014 4265 nobis,
1047 4200 1284 4263 Domine,
1327 4210 1428 4256 tua:
1460 4202 1822 4258 miserationis
1848 4217 1985 4271 prte-

437 4294 544 4344 stat
587 4287 901 4351 subsidium,
950 4288 1140 4357 quibus
1184 4297 1237 4341 et
1277 4289 1512 4357 angelica
1546 4291 1839 4358 pmstitiSti
1868 4290 1982 4344 suf-

440 4374 607 4446 fragia
642 4393 746 4431 non
784 4378 986 4436 deesse.
1018 4376 1119 4431 Per
1142 4378 1415 4432 Dominum
1445 4388 1705 4434 nostrum.

511 4463 744 4519 Secreta.
800 4465 1012 4519 Hostias
1061 4467 1175 4532 tibi,
1225 4466 1467 4531 Domine,
1495 4468 1665 4523 laudis
1692 4468 1985 4533 offerimus,
2014 4468 2063 4525 υ

442 4553 751 4623 suppliciter
780 4555 1129 4622 deprecantes
1161 4563 1221 4608 ut
1245 4556 1459 4610 easdem
1487 4557 1726 4627 angelico
1760 4573 1859 4627 pro
1886 4575 1987 4613 no-

444 4644 527 4697 bis
563 4643 950 4697 interveniente
983 4642 1253 4711 suffragio,
1291 4654 1348 4698 et
1388 4644 1627 4711 placatus
1659 4649 1911 4717 accipias,
1937 4657 1990 4704 et

444 4731 510 4786 ad
537 4731 758 4785 salutem
796 4738 1034 4786 nostram
1059 4731 1338 4798 provenire
1366 4733 1647 4786 concedas.
1671 4732 1776 4788 Per
1811 4735 1992 4788 Domi-

520 4908 913 4970 Postrommum.
938 4908 1161 4977 Repleti,
1186 4909 1421 4972 Domine,
1474 4907 1839 4965 benedictione
1885 4926 1992 4964 cm-

445 4993 566 5053 lesti
602 4999 909 5073 suppliciter
936 4999 1298 5068 imploramus,
1340 5008 1398 5053 ut
1441 5003 1582 5066 quod
1630 4997 1803 5069 fragili
1854 5000 1993 5053 cele-

450 5088 666 5142 bramus
686 5090 878 5155 ofﬁcio,
909 5102 1218 5148 sanctorum
1240 5080 1678 5163 archangelorum
1704 5093 1857 5147 nobis
1875 5107 1994 5161 pro-

453 5175 602 5231 desse
638 5179 927 5231 sentiamus
948 5180 1167 5234 auxilio.
1199 5181 1302 5236 Per
1327 5176 1609 5236 Dominum
1637 5187 1900 5235 nostrum.

510 5259 690 5363 ἐκρεῖ
736 5265 1001 5336 populum.
1054 5268 1263 5323 Plebem
1312 5276 1477 5333 tuam,
1526 5282 1849 5339 quaesumus,
1892 5268 1993 5323 Do-

455 5355 613 5418 mine,
646 5362 899 5422 perpetua
928 5355 1122 5423 pietate
1151 5359 1377 5421 custodi,
1413 5368 1471 5411 ut
1494 5372 1683 5413 secura
1705 5372 1919 5427 semper
1940 5368 1993 5412 et

457 5442 769 5509 necessariis
795 5441 972 5509 adiuta
997 5444 1271 5507 subsidiis,
1295 5446 1574 5513 spirituum
1601 5445 1808 5500 tibimet
1832 5444 1996 5514 placi-

458 5538 626 5582 torum
670 5532 756 5599 pia
783 5548 995 5603 semper
1034 5536 1375 5588 veneratione
1417 5535 1639 5589 laetetur.
1681 5534 1782 5590 Per
1820 5532 1997 5587 Domi-

458 5627 580 5670 num
606 5625 846 5671 nostrum
863 5618 1061 5674 Jesum.
1381 5620 1385 5623 “

492 5694 699 5758 ἰρειίο
745 5705 957 5791 Αροσιιι.
1002 5709 1132 5761 beati
1178 5708 1394 5761 Joannis
1434 5709 1667 5776 apostoli.
1716 5709 1773 5762 In
1811 5706 1997 5762 diebus

2076 3248 2287 3305 delictis
2329 3246 2546 3310 nostris,
2581 3246 2833 3316 pietatem
2864 3254 3010 3298 tuam
3039 3243 3399 3313 exposcimus,
3442 3251 3501 3296 ut
3530 3242 3645 3313 pla--

2075 3337 2233 3392 cabili
2270 3336 2467 3407 pietate
2508 3334 3076 3405 petitionibusnostris
3110 3347 3297 3387 aurem
3339 3347 3644 3387 accommo-

2076 3428 2190 3488 des,
2216 3435 2397 3479 votum
2440 3425 2794 3502 nostrumpia
2837 3423 3145 3493 dignatione
3172 3430 3442 3492 acceptes,
3469 3420 3642 3475 tribu-

2076 3516 2301 3571 lationes
2348 3514 2527 3569 cordis
2576 3514 2744 3568 nostri
2789 3513 3072 3581 multiplici
3117 3513 3463 3568 miseratione
3507 3512 3642 3566 beti-

2078 3603 2225 3665 tlcss,
2254 3610 2309 3654 et
2353 3603 2492 3668 quod
2536 3600 2589 3654 iu
2631 3600 2875 3656 oratione
2922 3601 3105 3671 lingua
3154 3613 3337 3655 nostra
3389 3613 3646 3654 enarrare

2079 3707 2186 3747 non
2221 3689 2439 3755 sufﬁcit,
2471 3699 2547 3754 tu,
2584 3691 2675 3759 qui
2702 3690 2882 3744 cordis
2907 3690 3259 3759 cogitationes
3288 3687 3552 3757 agnoscis,
3593 3695 3655 3745 et

2082 3798 2267 3838 renum
2317 3790 2589 3836 scrutator
2635 3795 2713 3845 es,
2758 3796 2877 3849 quae
2909 3780 3183 3836 desiderat
3225 3794 3379 3833 mens
3428 3777 3643 3841 devota,

2080 3887 2178 3941 per
2222 3880 2367 3925 tuam
2418 3869 2843 3924 misericordiam
2888 3874 3268 3937 consequatur.
3320 3866 3421 3920 Pcr
3464 3864 3645 3919 Domi-

2083 3979 2229 4018 num.
2610 4005 2623 4022 ο

2155 4052 2385 4107 Secreta.
2416 4054 2713 4122 Acceptare
2745 4053 2998 4122 digneris,
3034 4051 3286 4106 terribilis
3316 4059 3369 4105 et
3409 4049 3646 4120 piissime

2083 4140 2245 4205 Deus,
2277 4141 2379 4195 hoc
2405 4140 2744 4202 sacrificium,
2762 4140 2904 4207 quod
2940 4140 3033 4194 tibi
3056 4154 3154 4208 pro
3183 4138 3498 4195 remissione
3527 4153 3650 4206 pec-

2084 4237 2326 4282 catorum
2372 4235 2701 4293 nostrorum,
2756 4227 2839 4281 vel
2890 4242 3005 4297 pro,
3040 4228 3225 4296 requie
3274 4225 3648 4283 defunctorum

2087 4313 2311 4369 fratrum
2340 4313 2631 4381 oﬂ‘erimus,
2666 4317 2789 4386 quia
2808 4324 3173 4381 .votanostra,
3209 4315 3347 4386 dona
3373 4325 3499 4370 sunt
3528 4326 3641 4371 tua.

2088 4404 2198 4485 Nec
2243 4400 2337 4460 tibi
2365 4376 2654 4474 quidquam
2683 4376 2895 4469 melius,
2933 4406 3035 4460 nisi
3070 4406 3212 4475 quod
3246 4376 3483 4470 dederis,
3513 4405 3645 4462 υσθ-

2090 4498 2296 4551 rimus:
2345 4498 2449 4553 hoc
2489 4506 2572 4553 est
2617 4498 2879 4569 imprimis
2926 4498 2978 4552 in
3023 4500 3550 4562 commemoratione,
3592 4507 3653 4553 ut

2082 4587 2285 4663 iustum
2314 4595 2414 4652 est,
2442 4586 2735 4642 Dominicae
2757 4588 3105 4643 institutionis
3127 4587 3336 4648 oil‘erre.
3370 4588 3423 4641 in
3446 4576 3652 4642 honore

2089 4686 2143 4731 et
2168 4676 2334 4745 gloria
2364 4676 2572 4732 Domini
2600 4677 2773 4731 nostri
2797 4674 2924 4731 Jesu
2966 4677 3166 4731 Christi
3213 4676 3333 4730 Filii
3367 4666 3462 4740 tui,
3508 4677 3651 4744 regis

2084 4754 2389 4835 judicisque
2430 4766 2660 4820 venturi.
2689 4767 2791 4822 Per
2817 4767 3065 4821 eumdem
3096 4766 3376 4820 Dominum
3406 4756 3648 4819 nostrum

2088 4852 2269 4908 Jesdm
2301 4855 2593 4910 Christum.
3221 4859 3227 4865 “

2155 4941 2551 5021 Ροεισοηιηιιιη.
2598 4946 2947 5016 Omnipotens
3014 4947 3150 5001 Deus
3180 4955 3302 5000 vota
3346 4956 3526 5000 nostra
3569 4948 3650 5001 di-

2090 5040 2333 5101 gnanter
2361 5030 2639 5102 suscipiat,
2684 5044 2739 5089 et
2783 5052 2883 5090 nos
2926 5038 3152 5091 famulos
3184 5052 3307 5090 suos
3333 5036 3652 5106 propitiatus

2092 5122 2352 5185 intendat,
2403 5122 2668 5178 desideria
2717 5136 2901 5181 nostra
2936 5129 2988 5181 in
3014 5127 3170 5182 bouis
3208 5128 3459 5198 operibus
3498 5114 3674 5180 com?

2093 5211 2254 5279 pleat,
2285 5218 2338 5264 et
2374 5212 2442 5265 ab
2474 5211 2681 5268 insidiis
2716 5216 3054 5273 inimicorum
3102 5234 3200 5273 nos
3249 5217 3516 5273 defendat.
3548 5215 3650 5272 Per

2094 5300 2409 5357 Dominum-

2700 5390 2925 5450 CAPUT
2954 5396 3041 5451 IV.

2344 5497 2501 5553 Feria
2525 5499 2630 5563 1V,
2660 5492 2818 5555 inissa
2842 5504 3106 5557 destinata
3131 5502 3405 5571 sapientia.

2086 5642 2087 5645 η
2166 5615 2307 5669 Deus
2333 5616 2421 5682 qui
2445 5628 2540 5683 per
2560 5623 2879 5670 coaeternam
2901 5615 2996 5669 tibi
3016 5598 3650 5683 isapient'iam‘ltomlnem,

2098 5724 2220 5762 cum
2269 5721 2374 5759 non
2402 5714 2565 5770 esset,
2594 5706 2896 5769 condidisti,
2929 5705 3299 5775 perditumque
3348 5703 3652 5760 misericors
