4246 6260
467 556 647 614 bendi.
676 553 782 607 Per
802 551 1086 606 Dominum
1115 557 1378 604 nostrum.

1390 348 1781 408 LITURGICA.
1820 376 1889 389 -—
1928 344 2127 400 LIBER
2168 343 2798 402 SACRAMENTORUM.

466 483 598 532 rari,
621 478 720 536 per
743 464 862 518 haec
886 473 1004 531 quae
1044 459 1337 523 oderimus,
1368 454 1826 514 facias‘sacriiicia
1851 468 2040 525 appre—
2069 458 2116 515 Α
2215 452 2493 523 ΡητῙαιὶο.
2548 454 2778 525 Dignum
2802 461 2859 506 et
2891 451 3098 522 justum
3143 457 3251 515 est,
3277 465 3462 519 usque,
3510 455 3713 527 aeterne

1827 63 1898 70 -..-.
1981 59 2042 70 μμ
2067 59 2082 64 --
2111 51 2182 70 ---ι;;
2231 49 2248 52 -
2275 42 2414 60 ’θι-
2429 40 2472 56 ⁶“ῐ
2495 31 2740 58 xii-1“"?
2881 27 2944 40 ’³⁸
2999 27 3054 38 ⁸⁵·
3160 24 3167 27 ”
3460 46 3499 57 ἣν,
3554 56 3565 59 Ἰ
3608 24 3951 61 τηε-,ὲή--ι--ι-η-ά-Ι
3692 58 3697 59 7
3722 48 3727 51 _
3802 52 3807 53 γ
3860 46 3867 47 7
3956 24 4089 47 .hmv
4054 48 4059 49 γ

1122 100 1175 104 J
1461 85 1466 88 .
1502 92 1505 93 ν
1551 79 1574 84 --
1776 82 1789 87 μ
1831 71 1834 74 ·
1899 67 1910 70 ·“
1959 71 1980 78 ν
2052 94 2059 95 ί
2110 76 2253 97 ν,χτή;
2270 70 2633 95 ίκξτλῖηςψί
2650 82 2673 87 μ
2762 60 3423 95 ίΑ-ν-τ-η--μ-ή-*ῆ-ᾞιέθγέτΐὶῗῌῄἦ
3364 54 3707 91 τέω-’δήσαςῴ⁴μηκί’

3607 331 3710 387 656

2144 546 2306 601 Deus.
2335 545 2688 616 implorantes
2714 540 3079 600 clementiam
3129 548 3302 604 tuam,
3330 546 3391 593 ut
3417 538 3509 610 qui
3537 545 3592 593 te
3615 552 3714 590 au-

541 643 818 714 Prtrfatio.
874 641 1104 713 Dignum
1139 648 1196 695 et
1234 639 1441 708 justum
1474 645 1581 701 est,
1612 652 1791 706 usque,
1842 642 2047 689 aeterne
2142 646 2296 693 ctore
2342 635 2707 700 subsistimus,
2748 642 2803 689 te
2856 632 3200 702 dispensante
3248 629 3567 697 dirigamur.
3598 625 3719 681 Non

468 734 630 789 Deus.
679 731 780 799 Qui
809 729 995 785 fideles
1016 738 1137 784 tuos
1156 736 1340 783 mutua
1366 726 1571 780 faciens
1593 724 1709 795 lege
1728 722 2045 787 concordes,

469 832 656 889 pacem
698 824 849 871 tuam
901 813 1108 886 [For-te,
1150 827 1249 882 per
1298 825 1489 881 pacem
1516 808 1687 881 tuam]
1720 807 1814 863 tali
1845 806 2049 871 findere

471 898 728 970 nexuiSti,
759 912 821 959 ut
850 917 951 958 nec
981 901 1138 956 alteri
1184 902 1285 971 12
1328 914 1611 970 quisquam
1662 897 1944 953 moliretur
1970 890 2051 949 in-

472 998 678 1068 tligere,
728 995 859 1065 quid
906 995 1009 1050 sibi
1062 993 1229 1067 nollet
1273 992 1480 1057 inferri,
1532 1002 1588 1048 et
1611 992 1751 1047 bona
1790 1005 1911 1061 quae
1940 988 2054 1043 suis

474 1086 795 1143 utilitatibus
816 1091 1038 1155 cuperet
1061 1100 1091 1138 a
1122 1090 1373 1139 consorte
1394 1091 1610 1148 natura,
1630 1082 1747 1136 haec
1775 1080 1919 1135 idem
1938 1078 2054 1146 ipse

476 1191 691 1248 quoque
734 1182 1062 1245 prmstaret;
1103 1179 1372 1242 quatenus
1419 1172 1546 1225 dum
1589 1184 1688 1239 per
1736 1168 2053 1223 alterutram

476 1268 735 1337 pietatem
765 1278 824 1318 se
853 1263 1129 1332 reperiunt
1158 1259 1361 1333 [Forte,
1397 1258 1725 1330 deperiunt],
1755 1255 2056 1314 communis

479 1357 534 1409 in
560 1353 784 1425 singulis
808 1350 970 1405 fuerit
1017 1349 1204 1422 [foret]
1237 1349 1583 1417 semetipsam
1612 1348 1856 1416 diligens,
1887 1353 2057 1399 esset-
2104 1378 2109 1383 -

482 1461 587 1516 que
615 1460 769 1501 mens
787 1458 891 1497 una
912 1448 1251 1497 cunctorum.
1275 1439 1381 1493 Per
1408 1438 1700 1494 Christum.

552 1520 940 1587 Postcommun.
974 1529 1239 1600 Spiritum
1263 1529 1437 1594 nobis,
1468 1527 1717 1591 Domine,
1747 1532 1852 1578 tuae
1880 1522 2059 1578 chari-

482 1624 611 1678 tatis
639 1621 894 1684 infunde“;
926 1628 986 1675 ut
1012 1633 1149 1688 quos
1168 1633 1276 1672 uno
1312 1617 1518 1672 caelesti
1538 1630 1675 1686 pane
1700 1614 1930 1676 satiasti,
1954 1627 2058 1665 una

487 1710 627 1785 [tua]
684 1708 852 1764 facias
895 1708 1095 1779 pietate
1150 1706 1465 1761 concordes.
1506 1704 1611 1758 Per
1645 1703 1949 1757 Dominum.
1988 1740 2003 1753 .
2041 1741 2055 1753 .

483 1803 744 1873 ejusdem.

558 1894 741 1949 Sancti
770 1891 1005 1962 Spiritus
1030 1891 1225 1961 gratia,
1268 1902 1595 1958 qumsumus,
1620 1884 1867 1948 Domine,
1898 1883 2061 1938 corda

487 1998 671 2041 nosua
713 1983 999 2047 illuminet,
1048 1991 1102 2035 et
1150 1981 1402 2051 perfectae
1456 1976 1737 2033 eharitatis
1785 1973 2067 2029 dulcedine

488 2076 824 2131 abundanter
876 2073 1103 2127 reﬁciat.
1160 2071 1265 2127 Per
1313 2070 1619 2124 Dominum.
1656 2107 1671 2121 .
1706 2107 1719 2121 .
1756 2067 1810 2121 in
1856 2065 2067 2121 unitate

490 2169 729 2240 ejusdem
757 2166 993 2235 Spiritus
1020 2164 1215 2218 sancti.

562 2258 724 2319 Deus,
754 2256 864 2308 vita
901 2252 1159 2314 ﬁdelium,
1216 2249 1385 2321 gloria
1429 2248 1736 2311 humilium,
1792 2246 2071 2302 beatitudo

490 2350 779 2421 iustorum,
808 2344 1072 2417 propitius
1092 2344 1276 2413 accipe
1300 2340 1597 2411 supplicum
1623 2354 1833 2410 preces,
1864 2345 1923 2392 ut
1955 2337 2073 2391 ani-

493 2457 615 2506 nne,
646 2456 765 2511 qua:
792 2437 1179 2509 promissiones
1226 2443 1346 2489 tuas
1374 2432 1582 2495 sitiunt,
1631 2432 1698 2485 de
1726 2439 1831 2485 tua:
1857 2432 2073 2498 semper

495 2526 776 2587 cha'ritatis
804 2525 1129 2582 abundantia
1152 2526 1485 2595 repleantur.
1512 2522 1615 2576 Per
1634 2520 1940 2576 Dominum.

739 2639 874 2694 Item
903 2637 1012 2693 alia
1037 2647 1219 2692 contra
1248 2635 1556 2690 tentatioues
1582 2633 1783 2687 carnis.

569 2732 677 2788 Ure
700 2730 824 2800 igne
851 2728 1024 2785 sancti
1075 2727 1309 2796 Spiritus
1348 2739 1507 2779 renes
1550 2731 1763 2778 nostros
1785 2730 1839 2777 et
1864 2737 1959 2776 cor
1982 2736 2077 2775 no-

501 2839 693 2892 strum,
740 2823 988 2888 Domine,
1013 2834 1075 2876 ut
1102 2822 1196 2875 tibi
1227 2827 1376 2875 caste
1402 2826 1457 2872 et
1478 2831 1703 2886 corpore
1757 2815 2075 2877 serviamus,

500 2926 556 2973 et
582 2915 745 2971 corde
773 2908 1011 2983 [Suppt.,
1040 2916 1097 2962 et
1137 2907 1338 2962 mundo
1374 2903 1560 2976 corde]
1596 2904 1922 2973 placeamus.
1952 2900 2076 2955 Per.

573 3005 807 3061 Secreta.
844 3000 1147 3067 Disrumpe,
1196 2996 1444 3060 Domine,
1494 2994 1708 3049 vincula
1739 3000 2080 3061 peccatorum

2093 1792 2140 1851 Β

2146 726 2348 781 nostris
2390 725 2637 780 sensibus
2678 724 3067 794 relinquamur,
3112 720 3206 776 sed
3252 720 3318 785 ad
3345 729 3449 774 tuae
3502 715 3720 773 adducti

2147 830 2363 883 semper
2385 812 2656 869 tramitem
2683 812 2948 877 veritatis,
2971 812 3089 866 htec
3113 810 3426 864 Studeamus
3444 819 3719 870 exercere,

2148 920 2269 973 qua:
2295 904 2561 977 prmeipis,
2582 912 2642 957 ut
2668 902 2938 973 possimus
2958 900 3099 955 dona
3127 899 3427 970 percipere,
3453 912 3576 968 qua:
3603 911 3725 967 pro-

2150 996 2340 1050 mittis.
2372 995 2477 1050 Per
2494 994 2786 1050 Christum.

2224 1083 2613 1139 Postcommun.
2664 1084 2903 1150 Gratias,
2954 1082 3073 1147 tibi,
3131 1082 3377 1146 Domine,
3428 1078 3727 1136 referentes

2153 1192 2391 1239 oramus,
2419 1183 2480 1229 ut
2500 1174 2724 1229 mundes
2751 1174 3016 1243 propitius
3045 1187 3139 1228 cor
3160 1180 3402 1226 nostrum
3424 1185 3454 1224 a
3482 1168 3653 1235 vitiis,
3670 1175 3732 1224 et

2158 1264 2367 1336 repleas
2388 1264 2590 1336 jugiter
2618 1262 2950 1335 spiritalibus
2986 1263 3161 1318 donis.
3182 1262 3289 1317 Per
3313 1261 3623 1316 Dominum.

2755 1373 2982 1430 CAPUT
3010 1374 3097 1429 VI.

2412 1462 2575 1519 Feria
2611 1463 2702 1529 VI,
2732 1468 2893 1519 missa
2917 1465 2982 1519 de
3010 1472 3194 1519 sancta
3222 1462 3409 1518 Crura.

2229 1572 2393 1639 Deus,
2420 1588 2511 1643 qui
2542 1574 2802 1642 unigeniti
2833 1573 2951 1628 Filii
3004 1574 3079 1627 tui
3106 1574 3343 1642 pretioso
3370 1572 3632 1642 sanguine
3659 1572 3738 1627 vi-

2162 1660 2334 1715 viiica:
2362 1661 2539 1716 crucis
2565 1660 2816 1715 vexillum
2854 1660 3184 1716 sanetiiicari
3215 1648 3451 1724 voluisti,
3480 1660 3735 1723 concede,

2165 1765 2492 1818 quaesumus,
2518 1766 2611 1806 eos
2639 1738 2730 1819 qui
2776 1749 3015 1818 ejusdem
3058 1759 3256 1805 sach
3282 1754 3463 1805 crucis
3505 1749 3740 1819 gaudent

2168 1841 2392 1905 honore,
2440 1851 2532 1897 tua
2586 1857 2801 1912 quoque
2848 1842 3046 1912 ubique
3098 1842 3434 1911 proiectione
3486 1840 3739 1913 gaudere.

2169 1931 2292 1985 Per.

2241 2019 2415 2075 Lectio
2452 2022 2702 2091 Epistolre
2732 2024 2866 2077 beati
2890 2021 3049 2077 Pauli
3076 2022 3302 2094 apostoli
3344 2024 3414 2077 ad
3443 2021 3745 2094 Philippen-

2168 2126 2268 2164 εει.
2300 2112 2540 2177 Fratres,
2566 2110 2811 2167 Christus
2838 2112 3012 2169 factus
3050 2120 3134 2168 est
3180 2127 3283 2182 pro
3308 2114 3463 2169 nobis
3489 2113 3748 2169 obediens

2172 2200 2317 2255 Patri
2337 2216 2506 2269 usque
2541 2204 2609 2256 ad
2635 2212 2885 2257 mortem.
3216 2256 3224 2265 ,

2244 2291 2523 2362 Sequentia
2568 2296 2735 2348 sancti
2773 2293 3047 2363 Evangelii
3100 2296 3384 2349 secundum
3416 2293 3747 2349 Mattlueunt.

2172 2380 2229 2433 ln
2283 2382 2373 2435 illo
2422 2391 2705 2453 tempore,
2761 2383 3056 2439 ascendens
3103 2383 3229 2438 Jesu
3286 2384 3749 2456 Hierosolymam,

2175 2473 2487 2540 assumpsit.

2247 2561 2478 2617 Secreta.
2529 2563 2655 2619 lixae
2698 2565 2923 2632 oblatio,
2964 2566 3212 2631 Domine,
3266 2568 3335 2621 ab
3373 2566 3626 2621 omnibus
3654 2580 3754 2620 nos

2176 2662 2369 2723 purget
2391 2653 2629 2719 oil‘ensis,
2660 2670 2779 2725 quae
2804 2657 2856 2710 in
2879 2671 2974 2711 ara
2999 2657 3178 2712 crucis
3195 2658 3359 2711 etiam
3382 2657 3548 2711 totius
3568 2655 3757 2710 mundi

2180 2742 2300 2796 tulit
2326 2742 2576 2797 offensas.
2608 2744 3024 2799 Peerominum
3048 2753 3315 2799 nostrum.
3786 2732 3791 2738 ’

2254 2832 2356 2902 13
2411 2830 2687 2902 Prmfatio.
2751 2833 2980 2903 Dignum
3038 2842 3093 2890 et
3151 2834 3359 2903 justum
3410 2843 3515 2901 est,
3574 2852 3756 2907 usque,

2179 2928 2379 2977 aeterne
2421 2921 2583 2977 Deus.
2619 2922 2721 2990 Qui
2749 2923 2976 2978 salutem
3004 2925 3239 2979 humani
3282 2926 3498 2996 generis
3531 2924 3585 2992 in
3616 2924 3760 2996 ligno

2180 3011 2360 3068 crucis
2384 3012 2730 3077 constituisti,
2757 3021 2817 3066 ut
2846 3014 2987 3069 unde
3008 3028 3155 3069 mors
3178 3015 3476 3080 oriebatur,
3505 3013 3628 3069 inde
3649 3015 3762 3069 vita

500 3101 830 3155 nostrorum,
858 3098 919 3143 ut
946 3087 1253 3182 sacrificare
1292 3086 1397 3182 tibi.
1431 3085 1665 3140 hostiam
1713 3083 1890 3182 laudis
1920 3083 2078 3182 abso-
2107 3120 2151 3182 C
2185 3110 2511 3173 resurgeret,
2541 3108 2597 3156 ει
2618 3102 2709 3171 qui
2731 3102 2785 3155 ίη
2812 3102 2958 3173 ligno
2982 3103 3255 3169 vincebat,
3278 3103 3333 3158 in
3368 3104 3517 3176 ιίεηο
3543 3118 3763 3174 quoque

502 3185 614 3239 luta
640 3182 887 3236 libertate
912 3179 1179 3249 possimus
1202 3193 1218 3243 ;
1250 3176 1488 3231 retribue
1511 3190 1630 3244 quae
1652 3182 1776 3227 ante
1797 3172 2033 3227 tribuisti
2060 3189 2075 3236 ;

503 3281 559 3326 et
583 3271 729 3335 salva
754 3284 854 3325 nos
879 3283 977 3339 per
1005 3265 1417 3337 indulgentiam,
1444 3278 1581 3335 quos
1608 3263 1857 3335 dignatus
1886 3276 1947 3315 es
1976 3260 2083 3314 sal-

503 3376 632 3415 vare
656 3374 752 3429 per
779 3358 1025 3433 gratiam.
1050 3356 1155 3411 Per
1177 3356 1484 3413 Dominum.
1570 3396 1573 3399 η

576 3451 657 3505 Ad
703 3446 1101 3518 Complendum.
1151 3446 1398 3509 Domine,
1458 3443 1672 3515 adiutor
1708 3450 1764 3495 et
1810 3448 2088 3515 protector

508 3550 713 3605 noster,
733 3552 1066 3609 quaesumus,
1083 3534 1334 3590 refloreat
1354 3550 1482 3589 caro
1507 3540 1689 3588 nostra
1719 3532 1903 3601 vigore
1930 3532 2088 3601 pudi-

510 3636 671 3698 citire,
701 3640 757 3687 et
776 3626 1144 3687 sanctimonia;
1168 3626 1425 3689 novitate,
1449 3631 1803 3692 ereptamque
1826 3622 1893 3675 de
1922 3637 2086 3687 manu

512 3725 723 3789 tartari,
755 3723 808 3777 in
838 3718 1250 3776 resurrectionis
1278 3716 1469 3788 gaudio
1515 3714 1707 3783 iubeas
1744 3711 2083 3786 praesentari.

515 3815 619 3869 Per
656 3813 955 3871 Dominum,

855 3919 991 3977 Item
1018 3919 1179 3974 missa
1207 3917 1375 3973 sancti
1401 3915 1698 3987 Augustini.

586 4009 832 4073 Domine,
877 4006 1023 4061 Deus
1067 4006 1428 4076 omnipotens,
1479 4004 1572 4074 qui
1598 4003 1777 4065 salvos
1803 4001 1938 4058 facis
1966 4015 2090 4072 spe—

520 4091 700 4157 rantes
723 4098 891 4162 inte;
932 4102 997 4159 tu
1017 4094 1458 4160 clementissime,
1513 4094 1606 4164 qui
1632 4108 1855 4150 revocas
1902 4106 2095 4147 erran-

523 4202 641 4258 tes;
674 4199 732 4245 tu
763 4167 1089 4258 misericors,
1124 4184 1216 4254 qui
1242 4176 1350 4240 non
1377 4185 1609 4255 despicis
1627 4186 1985 4251 conﬁtentes;
2014 4192 2094 4248 tu,

524 4279 746 4335 Domine
774 4275 949 4337 Pater,
982 4288 1105 4328 cum
1144 4272 1400 4348 ceciderit
1440 4269 1642 4339 justus,
1686 4287 1908 4330 manum
1928 4288 2098 4344 appo-

526 4368 646 4433 nis;
693 4373 753 4420 tu
772 4362 1018 4419 excelsus
1036 4362 1091 4416 in
1117 4361 1288 4427 cmlis,
1317 4360 1676 4415 habitatorem
1718 4368 1773 4416 te
1800 4360 2098 4430 promisisti

2186 3194 2509 3248 vinceretur.
2541 3193 2646 3247 Per
2664 3192 2960 3249 Christum.

2259 3283 2340 3337 Ad
2371 3283 2659 3337 Commun.’
2694 3283 2894 3339 Adesto
2933 3284 3109 3349 nobis,
3140 3283 3366 3339 Domine
3394 3284 3534 3339 Deus
3559 3290 3764 3347 noster,

2184 3384 2241 3429 et
2261 3389 2397 3443 quos
2449 3383 2649 3441 sanctae
2701 3376 2881 3430 crucis
2907 3375 3079 3429 lmtari
3136 3376 3342 3430 honore
3391 3373 3591 3441 fecisti,
3648 3372 3769 3445 ejus

2185 3479 2400 3533 quoque
2423 3465 2698 3545 perpetuis
2722 3463 2949 3520 defende
2977 3464 3252 3521 subsidiis.
3284 3465 3409 3522 Per.

2187 3550 2323 3604 Item
2344 3553 2507 3605 missa
2531 3553 2597 3605 de
2623 3554 2960 3608 tribulatione
2999 3564 3050 3608 et
3079 3556 3406 3621 necessitate,
3450 3556 3636 3611 eodem
3661 3556 3765 3609 die.

2256 3638 2610 3710 OmnipOtens
2656 3642 2983 3711 sempiterne
3029 3642 3192 3706 Deus,
3241 3644 3450 3711 respice
3505 3643 3776 3712 propitius

2188 3745 2379 3800 preces
2396 3738 2631 3794 nostras,
2653 3737 2708 3784 et
2725 3730 2792 3785 da
2812 3731 2977 3800 capiti
2998 3738 3188 3785 nostro
3207 3730 3597 3786 abundantiam
3614 3744 3774 3799 aqua:

2189 3829 2245 3875 et
2270 3820 2443 3874 oculis
2467 3819 2669 3874 nostris
2706 3817 2908 3874 fontem
2932 3817 3315 3889 lacrymarnm,
3342 3829 3403 3872 ut
3420 3818 3629 3888 peccati
3652 3833 3767 3872 ma-

2190 3912 2311 3967 cula
2350 3913 2540 3978 abluti,
2572 3912 2796 3968 ultrices
2822 3924 3107 3981 poenarum
3147 3908 3396 3965 flammas
3423 3908 3582 3965 ﬂetus
3606 3911 3772 3965 uber-

2192 4010 2307 4057 tate
2334 4004 2634 4058 vincamus.
2661 4001 2766 4056 Per
2804 4000 3092 4056 Dominum
3118 4007 3385 4055 nostrum.
3478 3990 3481 3993 λ

2264 4090 2494 4147 Secreta.
2541 4091 2647 4146 Per
2672 4092 2775 4146 has
2802 4090 3126 4155 oblationes,
3154 4103 3487 4159 qucsumus,
3518 4086 3775 4152 Domine,

2195 4191 2255 4239 ut
2280 4197 2387 4238 non
2414 4186 2623 4235 tantum
2647 4178 2823 4233 oculis
2843 4177 3048 4233 nostris
3070 4177 3339 4247 lscrymas
3370 4175 3644 4242 infundas,
3669 4175 3767 4233 sed

2198 4281 2255 4328 et
2303 4270 2455 4327 cordi
2507 4276 2695 4324 nostro
2755 4266 2982 4323 nimium
3026 4273 3374 4336 peccatorum
3428 4264 3631 4321 luctum
3682 4265 3783 4322 tri-

2198 4362 2356 4417 buas.
2395 4360 2513 4414 Per.

527 4456 581 4511 in
607 4428 909 4518 terris,ubi
958 4450 1159 4506 fuerint
1185 4451 1493 4521 congregati
1544 4450 1599 4504 in
1629 4458 1722 4505 tuo
1756 4428 1973 4503 nomine
1993 4450 2100 4504 duo
2128 4460 2180 4518 1)
2272 4455 2548 4525 ΡηεῙαιὶο.
2594 4454 2823 4525 Dignum
2851 4461 2908 4507 et
2933 4450 3140 4521 justum
3189 4458 3296 4514 est,
3326 4464 3490 4521 usque
3518 4428 3547 4500 ε’
3577 4454 3782 4504 ωιθπιο

527 4543 608 4598 vel
647 4550 778 4604 tres,
808 4553 928 4597 esse
948 4539 1005 4593 in
1034 4539 1211 4593 medio
1235 4554 1442 4606 eorum,
1470 4547 1543 4605 te,
1571 4538 1815 4604 Domine,
1850 4545 2099 4611 tenemus

531 4628 932 4701 promissorem,
958 4630 1020 4679 ιιι
1046 4623 1142 4678 des
1184 4625 1399 4680 veniam
1434 4626 1838 4696 penitentibus,
1866 4634 1921 4681 te
1950 4625 2099 4681 inve-

532 4719 684 4772 niant
709 4727 899 4771 omnes
936 4711 1027 4781 qui
1074 4720 1321 4780 quarunt
1348 4719 1421 4766 te.
1462 4712 1539 4767 Te
1567 4715 1711 4769 enim
1734 4722 2099 4784 perscrutato-

533 4820 649 4863 rem
674 4801 1127 4860 conscientiarum
1173 4806 1480 4854 nostrarum
1502 4800 1725 4866 scimus,
1746 4801 1868 4857 ideo
1893 4803 2105 4858 veniam

536 4896 769 4965 petimus
809 4892 1149 4949 delictorum.
1197 4888 1278 4943 'l‘u
1307 4903 1531 4959 magnus
1551 4888 1812 4945 Dominus
1837 4899 1892 4946 et
1915 4892 2103 4948 lauda-

538 4983 659 5039 bilis
686 4983 860 5038 valde.
889 4981 966 5037 'l‘e
989 4981 1381 5058 deprecamur,
1406 4986 1461 5034 et
1493 4979 1742 5049 petimus,
1772 4988 1832 5034 ut
1854 4981 1929 5035 sis
1953 4983 2109 5037 nobis

541 5070 819 5145 propitius.
842 5068 962 5122 Tibi
986 5054 1307 5144 conﬁtemur
1326 5067 1465 5122 mala
1486 5074 1697 5133 nostra,
1721 5074 1783 5121 ut
1801 5081 2109 5129 mereamur
2128 5054 2137 5067 ’

543 5158 796 5229 consequi
814 5158 955 5213 bona
983 5166 1094 5211 tua.
1121 5158 1246 5214 Per.

612 5251 843 5307 Secreta.
900 5249 1054 5308 Unde
1102 5253 1223 5315 nos,
1265 5252 1511 5317 Domine,
1552 5254 1619 5308 de
1645 5260 1734 5307 tua
1762 5251 1966 5322 pietate
1986 5266 2113 5307 con-

547 5342 631 5398 fisi
657 5349 714 5396 et
738 5350 829 5396 tua
858 5340 1014 5396 laude
1040 5339 1240 5405 devoti,
1265 5342 1405 5397 hanc
1430 5342 1666 5397 hostiam
1715 5341 2114 5397 immaculatam

545 5428 833 5501 singularis
856 5430 1107 5488 sacriﬁcii
1133 5431 1232 5487 tibi
1259 5429 1571 5519 deferimus,
1598 5439 1660 5495 ut
1684 5434 1856 5490 servis
1884 5433 1990 5489 tuis
2017 5448 2117 5488 no-

2201 4544 2364 4600 Deus.
2408 4544 2702 4599 Audientes
2745 4542 2913 4597 divini
2950 4539 3216 4596 sermonis
3271 4555 3464 4596 sonum
3504 4538 3734 4599 dicentis
3765 4555 3779 4592 :

2200 4633 2351 4688 Beati
2385 4633 2477 4701 qui
2504 4632 2692 4702 lugent
2724 4647 2888 4697 nunc,
2918 4631 3173 4700 quoniam
3208 4631 3309 4701 ipsi
3335 4629 3782 4696 consolabuntur,

2205 4723 2431 4778 multum
2460 4732 2645 4776 nostra
2672 4719 2803 4775 ﬂere
2842 4728 3067 4791 peccata
3102 4720 3516 4786 desideramus;
3554 4720 3784 4783 sednon

2204 4820 2430 4884 possunt
2454 4812 2596 4867 oculi
2644 4811 2816 4869 nostri
2843 4810 3060 4880 lapidei,
3088 4816 3144 4865 et
3168 4817 3390 4878 propter
3416 4811 3600 4865 cordis
3632 4808 3783 4864 duri-

2208 4907 2338 4961 tiam
2398 4904 2696 4974 lacrymare
2720 4916 2825 4956 non
2854 4899 3112 4955 valemus.
3139 4897 3264 4954 Ideo
3292 4912 3547 4969 rogamus
3577 4906 3652 4966 to,
3680 4897 3787 4955 Do-

2209 4995 2374 5057 mine,
2403 5001 2465 5047 ut
2497 4992 2703 5047 fontem
2745 4990 2958 5046 duritia:
3010 4987 3192 5044 cordis
3220 4987 3392 5044 nostri
3419 4986 3655 5059 primum
3689 5000 3789 5056 per

2210 5092 2449 5138 nostram
2497 5082 2870 5151 paenitentiam
2922 5079 3185 5143 emollias,
3215 5085 3272 5133 et
3312 5074 3654 5151 postmodum
3690 5088 3790 5145 per

2210 5171 2410 5225 donum
2432 5172 2620 5240 gratiae
2639 5179 2743 5239 tuae
2767 5170 2969 5225 nostris
2997 5168 3217 5224 numina
3242 5166 3603 5239 lacrymarum
3620 5162 3790 5221 oculis

2214 5259 2435 5328 largiter
2458 5258 2729 5315 infundas.
2758 5242 2863 5315 Per
2881 5258 3154 5318 Christum
3180 5258 3489 5315 Dominum.

2288 5338 2678 5402 Postcomrnun.
2693 5346 2931 5417 Corpore
2956 5356 3013 5402 et
3039 5348 3300 5423 sanguine
3323 5356 3437 5416 tuo,
3462 5357 3790 5419 quasnam.

2216 5433 2459 5499 Domine,
2482 5435 2683 5502 satiati,
2714 5443 2776 5491 ut
2810 5450 2908 5506 pro
2937 5437 3139 5493 nostris
3184 5449 3398 5507 semper
3422 5433 3663 5507 peccatis
3698 5446 3791 5485 nn-

546 5524 633 5579 bis
653 5520 973 5587 viventibus,
994 5529 1342 5592 peccatorum
1391 5530 1703 5580 nostrorum
1754 5525 1967 5582 veniam
1989 5539 2120 5580 con-
2217 5529 2301 5583 bis
2354 5527 2823 5597 compunctionem
2882 5528 3065 5583 cordis
3119 5534 3173 5583 et
3214 5525 3415 5581 luctum
3468 5524 3797 5594 ﬂuminaque

549 5611 730 5676 cedas,
758 5618 814 5664 et
832 5602 1105 5687 defunctis
1129 5612 1385 5667 fratribus
1421 5612 1624 5673 nostris
1656 5614 1898 5684 requiem
1917 5613 2118 5683 sempi-

494 5713 498 5717 ‘
553 5709 761 5754 ternam
787 5698 1009 5754 tribuas.
1038 5701 1141 5755 Per
1164 5701 1449 5757 Dominum
1468 5709 1734 5761 nostrum.

2220 5621 2581 5689 lacrymarum
2611 5616 2877 5686 largiaris,
2918 5626 3186 5686 quatenus
3213 5615 3488 5671 caelestem
3534 5615 3587 5669 in
3615 5614 3801 5673 futuro

2224 5706 2640 5762 consolationem
2668 5720 2993 5787 mereamur.
3034 5706 3153 5763 Per.
