  <div class='ocr_page' id='page_1' title='image "/cluster/home/n/w/nwhite01/storage/ocr_20150623/101/uva.x000834944/235.png"; bbox 0 0 4246 6212; ppageno 0'>
   <div class='ocr_carea' id='block_1_1' title="bbox 540 325 642 380">
    <p class='ocr_par' dir='ltr' id='par_1_1' title="bbox 540 325 642 380">
     <span class='ocr_line' id='line_1_1' title="bbox 540 325 642 380; baseline -0.02 0"><span class='ocrx_word' id='word_1_1' title='bbox 540 325 642 380; x_wconf 70' lang='grc'><strong>435</strong></span> 
     </span>
    </p>
   </div>
   <div class='ocr_carea' id='block_1_2' title="bbox 966 433 1650 502">
    <p class='ocr_par' dir='ltr' id='par_1_2' title="bbox 966 433 1650 502">
     <span class='ocr_line' id='line_1_2' title="bbox 966 433 1650 502; baseline -0.015 -10"><span class='ocrx_word' id='word_1_2' title='bbox 966 436 1128 492; x_wconf 74' lang='lat' dir='ltr'><strong>Missa</strong></span> <span class='ocrx_word' id='word_1_3' title='bbox 1163 435 1324 488; x_wconf 77' lang='lat' dir='ltr'><strong>sancti</strong></span> <span class='ocrx_word' id='word_1_4' title='bbox 1356 433 1650 502; x_wconf 73' lang='lat' dir='ltr'><strong>Augustini.</strong></span> 
     </span>
    </p>
   </div>
   <div class='ocr_carea' id='block_1_3' title="bbox 611 543 2098 623">
    <p class='ocr_par' dir='ltr' id='par_1_3' title="bbox 611 543 2098 623">
     <span class='ocr_line' id='line_1_3' title="bbox 611 543 2098 623; baseline -0.01 -13"><span class='ocrx_word' id='word_1_5' title='bbox 611 554 953 623; x_wconf 78' lang='lat' dir='ltr'><strong>Omnipotens</strong></span> <span class='ocrx_word' id='word_1_6' title='bbox 973 551 1291 619; x_wconf 83' lang='lat' dir='ltr'><strong>sempiterne</strong></span> <span class='ocrx_word' id='word_1_7' title='bbox 1313 549 1476 611; x_wconf 90' lang='lat' dir='ltr'><strong>Deus,</strong></span> <span class='ocrx_word' id='word_1_8' title='bbox 1510 548 1714 616; x_wconf 82' lang='lat' dir='ltr'><strong>respice</strong></span> <span class='ocrx_word' id='word_1_9' title='bbox 1739 545 2004 615; x_wconf 86' lang='lat' dir='ltr'><strong>pr0pitius</strong></span> <span class='ocrx_word' id='word_1_10' title='bbox 2031 543 2098 596; x_wconf 88' lang='lat' dir='ltr'><strong>ad</strong></span> 
     </span>
    </p>
   </div>
   <div class='ocr_carea' id='block_1_4' title="bbox 540 630 2097 712">
    <p class='ocr_par' dir='ltr' id='par_1_4' title="bbox 540 630 2097 712">
     <span class='ocr_line' id='line_1_4' title="bbox 540 630 2097 712; baseline -0.01 -14"><span class='ocrx_word' id='word_1_11' title='bbox 540 657 729 712; x_wconf 80' lang='lat' dir='ltr'><strong>preces</strong></span> <span class='ocrx_word' id='word_1_12' title='bbox 749 640 996 695; x_wconf 70' lang='lat' dir='ltr'><strong>Ecclesiae</strong></span> <span class='ocrx_word' id='word_1_13' title='bbox 1020 648 1121 692; x_wconf 70' lang='lat' dir='ltr'><strong>tute</strong></span> <span class='ocrx_word' id='word_1_14' title='bbox 1145 656 1158 702; x_wconf 91' lang='lat'>;</span> <span class='ocrx_word' id='word_1_15' title='bbox 1195 639 1259 691; x_wconf 89' lang='lat' dir='ltr'><strong>da</strong></span> <span class='ocrx_word' id='word_1_16' title='bbox 1289 637 1443 690; x_wconf 86' lang='lat' dir='ltr'><strong>nobis</strong></span> <span class='ocrx_word' id='word_1_17' title='bbox 1471 636 1627 689; x_wconf 87' lang='lat' dir='ltr'><strong>fidem</strong></span> <span class='ocrx_word' id='word_1_18' title='bbox 1671 644 1892 695; x_wconf 89' lang='lat' dir='ltr'><strong>rectam,</strong></span> <span class='ocrx_word' id='word_1_19' title='bbox 1921 630 2097 685; x_wconf 85' lang='lat' dir='ltr'><strong>chari—</strong></span> 
     </span>
    </p>
   </div>
   <div class='ocr_carea' id='block_1_5' title="bbox 543 721 2103 801">
    <p class='ocr_par' dir='ltr' id='par_1_5' title="bbox 543 721 2103 801">
     <span class='ocr_line' id='line_1_5' title="bbox 543 721 2103 801; baseline -0.008 -13"><span class='ocrx_word' id='word_1_20' title='bbox 543 743 704 788; x_wconf 80' lang='lat' dir='ltr'><strong>tatem</strong></span> <span class='ocrx_word' id='word_1_21' title='bbox 734 729 1047 801; x_wconf 75' lang='lat' dir='ltr'><strong>perfectam,</strong></span> <span class='ocrx_word' id='word_1_22' title='bbox 1078 728 1429 781; x_wconf 74' lang='lat' dir='ltr'><strong>humilitatem</strong></span> <span class='ocrx_word' id='word_1_23' title='bbox 1477 741 1678 779; x_wconf 83' lang='lat' dir='ltr'><strong>veram.</strong></span> <span class='ocrx_word' id='word_1_24' title='bbox 1707 722 1968 785; x_wconf 84' lang='lat' dir='ltr'><strong>Concede,</strong></span> <span class='ocrx_word' id='word_1_25' title='bbox 2001 721 2103 775; x_wconf 86' lang='lat' dir='ltr'><strong>Do-</strong></span> 
     </span>
    </p>
   </div>
   <div class='ocr_carea' id='block_1_6' title="bbox 542 802 2103 888">
    <p class='ocr_par' dir='ltr' id='par_1_6' title="bbox 542 802 2103 888">
     <span class='ocr_line' id='line_1_6' title="bbox 542 802 2103 888; baseline -0.008 -11"><span class='ocrx_word' id='word_1_26' title='bbox 542 826 703 888; x_wconf 84' lang='lat' dir='ltr'><strong>mine,</strong></span> <span class='ocrx_word' id='word_1_27' title='bbox 735 833 786 875; x_wconf 89' lang='lat' dir='ltr'><strong>ut</strong></span> <span class='ocrx_word' id='word_1_28' title='bbox 821 821 888 873; x_wconf 91' lang='lat' dir='ltr'><strong>sit</strong></span> <span class='ocrx_word' id='word_1_29' title='bbox 925 821 978 872; x_wconf 91' lang='lat' dir='ltr'><strong>in</strong></span> <span class='ocrx_word' id='word_1_30' title='bbox 1001 818 1151 871; x_wconf 91' lang='lat' dir='ltr'><strong>nobis</strong></span> <span class='ocrx_word' id='word_1_31' title='bbox 1187 817 1411 886; x_wconf 81' lang='lat' dir='ltr'><strong>simplex</strong></span> <span class='ocrx_word' id='word_1_32' title='bbox 1441 815 1682 880; x_wconf 75' lang='lat' dir='ltr'><strong>affectus,</strong></span> <span class='ocrx_word' id='word_1_33' title='bbox 1710 802 1967 882; x_wconf 72' lang='lat' dir='ltr'><strong>patientia</strong></span> <span class='ocrx_word' id='word_1_34' title='bbox 1996 810 2103 866; x_wconf 85' lang='lat' dir='ltr'><strong>for—</strong></span> 
     </span>
    </p>
   </div>
   <div class='ocr_carea' id='block_1_7' title="bbox 545 909 2104 975">
    <p class='ocr_par' dir='ltr' id='par_1_7' title="bbox 545 909 2104 975">
     <span class='ocr_line' id='line_1_7' title="bbox 545 909 2104 975; baseline -0.008 -9"><span class='ocrx_word' id='word_1_35' title='bbox 545 913 634 974; x_wconf 87' lang='lat' dir='ltr'><strong>tis,</strong></span> <span class='ocrx_word' id='word_1_36' title='bbox 682 909 981 964; x_wconf 89' lang='lat' dir='ltr'><strong>obedientia</strong></span> <span class='ocrx_word' id='word_1_37' title='bbox 1034 921 1407 975; x_wconf 85' lang='lat' dir='ltr'><strong>perseverans,</strong></span> <span class='ocrx_word' id='word_1_38' title='bbox 1469 921 1573 974; x_wconf 85' lang='lat' dir='ltr'><strong>pax</strong></span> <span class='ocrx_word' id='word_1_39' title='bbox 1619 912 1896 972; x_wconf 90' lang='lat' dir='ltr'><strong>perpetua,</strong></span> <span class='ocrx_word' id='word_1_40' title='bbox 1955 915 2104 954; x_wconf 90' lang='lat' dir='ltr'><strong>mens</strong></span> 
     </span>
    </p>
   </div>
   <div class='ocr_carea' id='block_1_8' title="bbox 542 995 2106 1071">
    <p class='ocr_par' dir='ltr' id='par_1_8' title="bbox 542 995 2106 1071">
     <span class='ocr_line' id='line_1_8' title="bbox 542 995 2106 1071; baseline -0.007 -17"><span class='ocrx_word' id='word_1_41' title='bbox 542 1017 699 1071; x_wconf 89' lang='lat' dir='ltr'><strong>pura,</strong></span> <span class='ocrx_word' id='word_1_42' title='bbox 740 1009 946 1054; x_wconf 91' lang='lat' dir='ltr'><strong>rectum</strong></span> <span class='ocrx_word' id='word_1_43' title='bbox 974 1008 1027 1052; x_wconf 87' lang='lat' dir='ltr'><strong>et</strong></span> <span class='ocrx_word' id='word_1_44' title='bbox 1065 999 1321 1056; x_wconf 90' lang='lat' dir='ltr'><strong>mundum</strong></span> <span class='ocrx_word' id='word_1_45' title='bbox 1348 1012 1459 1060; x_wconf 92' lang='lat' dir='ltr'><strong>cor,</strong></span> <span class='ocrx_word' id='word_1_46' title='bbox 1498 996 1742 1048; x_wconf 89' lang='lat' dir='ltr'><strong>voluntas</strong></span> <span class='ocrx_word' id='word_1_47' title='bbox 1789 995 1949 1056; x_wconf 90' lang='lat' dir='ltr'><strong>bona,</strong></span> <span class='ocrx_word' id='word_1_48' title='bbox 1980 1007 2106 1045; x_wconf 92' lang='lat' dir='ltr'><strong>con-</strong></span> 
     </span>
    </p>
   </div>
   <div class='ocr_carea' id='block_1_9' title="bbox 545 1077 2104 1154">
    <p class='ocr_par' dir='ltr' id='par_1_9' title="bbox 545 1077 2104 1154">
     <span class='ocr_line' id='line_1_9' title="bbox 545 1077 2104 1154; baseline -0.008 -9"><span class='ocrx_word' id='word_1_49' title='bbox 545 1092 764 1144; x_wconf 76' lang='lat' dir='ltr'><strong>scientia</strong></span> <span class='ocrx_word' id='word_1_50' title='bbox 794 1077 1000 1151; x_wconf 86' lang='lat' dir='ltr'><strong>sancta,</strong></span> <span class='ocrx_word' id='word_1_51' title='bbox 1032 1087 1371 1154; x_wconf 90' lang='lat' dir='ltr'><strong>compunetio</strong></span> <span class='ocrx_word' id='word_1_52' title='bbox 1393 1085 1669 1153; x_wconf 80' lang='lat' dir='ltr'><strong>spiritalis,</strong></span> <span class='ocrx_word' id='word_1_53' title='bbox 1701 1084 1868 1137; x_wconf 84' lang='lat' dir='ltr'><strong>virtus</strong></span> <span class='ocrx_word' id='word_1_54' title='bbox 1893 1082 2104 1144; x_wconf 74' lang='lat' dir='ltr'><strong>animae,</strong></span> 
     </span>
    </p>
   </div>
   <div class='ocr_carea' id='block_1_10' title="bbox 545 1171 2108 1241">
    <p class='ocr_par' dir='ltr' id='par_1_10' title="bbox 545 1171 2108 1241">
     <span class='ocr_line' id='line_1_10' title="bbox 545 1171 2108 1241; baseline -0.007 -8"><span class='ocrx_word' id='word_1_55' title='bbox 545 1181 654 1233; x_wconf 77' lang='lat' dir='ltr'><strong>vita</strong></span> <span class='ocrx_word' id='word_1_56' title='bbox 685 1178 1044 1238; x_wconf 88' lang='lat' dir='ltr'><strong>immaculata,</strong></span> <span class='ocrx_word' id='word_1_57' title='bbox 1076 1176 1466 1230; x_wconf 87' lang='lat' dir='ltr'><strong>consummatio</strong></span> <span class='ocrx_word' id='word_1_58' title='bbox 1521 1171 2019 1241; x_wconf 88' lang='lat' dir='ltr'><strong>irreprehensibilis,</strong></span> <span class='ocrx_word' id='word_1_59' title='bbox 2051 1180 2108 1222; x_wconf 90' lang='lat' dir='ltr'><strong>ut</strong></span> 
     </span>
    </p>
   </div>
   <div class='ocr_carea' id='block_1_11' title="bbox 511 1247 2139 1329">
    <p class='ocr_par' dir='ltr' id='par_1_11' title="bbox 511 1247 2139 1329">
     <span class='ocr_line' id='line_1_11' title="bbox 511 1247 2139 1329; baseline -0.007 -7"><span class='ocrx_word' id='word_1_60' title='bbox 511 1273 520 1280; x_wconf 76' lang='grc'><em>’</em></span> <span class='ocrx_word' id='word_1_61' title='bbox 546 1247 770 1324; x_wconf 80' lang='lat' dir='ltr'><strong>viriliter</strong></span> <span class='ocrx_word' id='word_1_62' title='bbox 818 1275 1115 1329; x_wconf 83' lang='lat' dir='ltr'><strong>currentes,</strong></span> <span class='ocrx_word' id='word_1_63' title='bbox 1147 1265 1199 1316; x_wconf 92' lang='lat' dir='ltr'><strong>in</strong></span> <span class='ocrx_word' id='word_1_64' title='bbox 1229 1273 1378 1317; x_wconf 90' lang='lat' dir='ltr'><strong>tuum</strong></span> <span class='ocrx_word' id='word_1_65' title='bbox 1407 1263 1637 1316; x_wconf 90' lang='lat' dir='ltr'><strong>feliciter</strong></span> <span class='ocrx_word' id='word_1_66' title='bbox 1689 1275 1987 1314; x_wconf 89' lang='lat' dir='ltr'><strong>mereamur</strong></span> <span class='ocrx_word' id='word_1_67' title='bbox 2023 1260 2099 1311; x_wconf 90' lang='lat' dir='ltr'><strong>in-</strong></span> <span class='ocrx_word' id='word_1_68' title='bbox 2131 1290 2139 1297; x_wconf 91' lang='lat'><strong>-</strong></span> 
     </span>
    </p>
   </div>
   <div class='ocr_carea' id='block_1_12' title="bbox 547 1343 1151 1426">
    <p class='ocr_par' dir='ltr' id='par_1_12' title="bbox 547 1343 1151 1426">
     <span class='ocr_line' id='line_1_12' title="bbox 547 1343 1151 1426; baseline -0.01 -12"><span class='ocrx_word' id='word_1_69' title='bbox 547 1362 712 1414; x_wconf 88' lang='lat' dir='ltr'><strong>troire</strong></span> <span class='ocrx_word' id='word_1_70' title='bbox 732 1343 986 1426; x_wconf 79' lang='lat' dir='ltr'><strong>regnum.</strong></span> <span class='ocrx_word' id='word_1_71' title='bbox 1030 1356 1151 1408; x_wconf 90' lang='lat' dir='ltr'><strong>Per.</strong></span> 
     </span>
    </p>
   </div>
   <div class='ocr_carea' id='block_1_13' title="bbox 626 1441 2111 1509">
    <p class='ocr_par' dir='ltr' id='par_1_13' title="bbox 626 1441 2111 1509">
     <span class='ocr_line' id='line_1_13' title="bbox 626 1441 2111 1509; baseline -0.007 -7"><span class='ocrx_word' id='word_1_72' title='bbox 626 1449 854 1502; x_wconf 82' lang='lat' dir='ltr'><strong>Secreta.</strong></span> <span class='ocrx_word' id='word_1_73' title='bbox 891 1449 1096 1502; x_wconf 87' lang='lat' dir='ltr'><strong>Oblatis</strong></span> <span class='ocrx_word' id='word_1_74' title='bbox 1124 1448 1241 1509; x_wconf 88' lang='lat' dir='ltr'><strong>tibi,</strong></span> <span class='ocrx_word' id='word_1_75' title='bbox 1273 1446 1512 1508; x_wconf 89' lang='lat' dir='ltr'><strong>Domine,</strong></span> <span class='ocrx_word' id='word_1_76' title='bbox 1546 1444 1883 1496; x_wconf 86' lang='lat' dir='ltr'><strong>lihaminibus</strong></span> <span class='ocrx_word' id='word_1_77' title='bbox 1911 1441 2111 1495; x_wconf 84' lang='lat' dir='ltr'><strong>sacriﬁ-</strong></span> 
     </span>
    </p>
   </div>
   <div class='ocr_carea' id='block_1_14' title="bbox 551 1533 2112 1604">
    <p class='ocr_par' dir='ltr' id='par_1_14' title="bbox 551 1533 2112 1604">
     <span class='ocr_line' id='line_1_14' title="bbox 551 1533 2112 1604; baseline -0.004 -14"><span class='ocrx_word' id='word_1_78' title='bbox 551 1539 777 1600; x_wconf 88' lang='lat' dir='ltr'><strong>ciorum,</strong></span> <span class='ocrx_word' id='word_1_79' title='bbox 810 1539 1013 1604; x_wconf 88' lang='lat' dir='ltr'><strong>respice</strong></span> <span class='ocrx_word' id='word_1_80' title='bbox 1043 1536 1357 1588; x_wconf 82' lang='lat' dir='ltr'><strong>humilitatis</strong></span> <span class='ocrx_word' id='word_1_81' title='bbox 1397 1543 1591 1586; x_wconf 75' lang='lat' dir='ltr'><strong>nostra:</strong></span> <span class='ocrx_word' id='word_1_82' title='bbox 1618 1533 2026 1595; x_wconf 78' lang='lat' dir='ltr'><strong>confessionem,</strong></span> <span class='ocrx_word' id='word_1_83' title='bbox 2055 1537 2112 1584; x_wconf 86' lang='lat' dir='ltr'><strong>ut</strong></span> 
     </span>
    </p>
   </div>
   <div class='ocr_carea' id='block_1_15' title="bbox 551 1620 2115 1690">
    <p class='ocr_par' dir='ltr' id='par_1_15' title="bbox 551 1620 2115 1690">
     <span class='ocr_line' id='line_1_15' title="bbox 551 1620 2115 1690; baseline -0.003 -13"><span class='ocrx_word' id='word_1_84' title='bbox 551 1625 665 1678; x_wconf 63' lang='lat' dir='ltr'><strong>haec</strong></span> <span class='ocrx_word' id='word_1_85' title='bbox 690 1625 867 1679; x_wconf 88' lang='lat' dir='ltr'><strong>oblata</strong></span> <span class='ocrx_word' id='word_1_86' title='bbox 905 1624 1221 1685; x_wconf 74' lang='lat' dir='ltr'><strong>sanetifrces,‘</strong></span> <span class='ocrx_word' id='word_1_87' title='bbox 1245 1638 1362 1690; x_wconf 84' lang='lat' dir='ltr'><strong>quae</strong></span> <span class='ocrx_word' id='word_1_88' title='bbox 1394 1623 1489 1675; x_wconf 83' lang='lat' dir='ltr'><strong>tibi</strong></span> <span class='ocrx_word' id='word_1_89' title='bbox 1516 1621 1787 1675; x_wconf 78' lang='lat' dir='ltr'><strong>offerimus</strong></span> <span class='ocrx_word' id='word_1_90' title='bbox 1810 1636 1906 1688; x_wconf 92' lang='lat' dir='ltr'><strong>pro</strong></span> <span class='ocrx_word' id='word_1_91' title='bbox 1935 1620 2115 1672; x_wconf 90' lang='lat' dir='ltr'><strong>remis-</strong></span> 
     </span>
    </p>
   </div>
   <div class='ocr_carea' id='block_1_16' title="bbox 557 1707 2112 1784">
    <p class='ocr_par' dir='ltr' id='par_1_16' title="bbox 557 1707 2112 1784">
     <span class='ocr_line' id='line_1_16' title="bbox 557 1707 2112 1784; baseline -0.007 -16"><span class='ocrx_word' id='word_1_92' title='bbox 557 1715 705 1768; x_wconf 86' lang='lat' dir='ltr'><strong>sione</strong></span> <span class='ocrx_word' id='word_1_93' title='bbox 735 1719 1072 1784; x_wconf 86' lang='lat' dir='ltr'><strong>peccatorum</strong></span> <span class='ocrx_word' id='word_1_94' title='bbox 1099 1721 1428 1775; x_wconf 88' lang='lat' dir='ltr'><strong>nostrorum,</strong></span> <span class='ocrx_word' id='word_1_95' title='bbox 1477 1710 1560 1763; x_wconf 86' lang='lat' dir='ltr'><strong>vel</strong></span> <span class='ocrx_word' id='word_1_96' title='bbox 1586 1709 1954 1763; x_wconf 77' lang='lat' dir='ltr'><strong>defunctorum</strong></span> <span class='ocrx_word' id='word_1_97' title='bbox 2004 1707 2112 1758; x_wconf 89' lang='lat' dir='ltr'><strong>fra-</strong></span> 
     </span>
    </p>
   </div>
   <div class='ocr_carea' id='block_1_17' title="bbox 551 1800 2115 1874">
    <p class='ocr_par' dir='ltr' id='par_1_17' title="bbox 551 1800 2115 1874">
     <span class='ocr_line' id='line_1_17' title="bbox 551 1800 2115 1874; baseline -0.006 -15"><span class='ocrx_word' id='word_1_98' title='bbox 551 1816 695 1859; x_wconf 83' lang='lat' dir='ltr'><strong>trum</strong></span> <span class='ocrx_word' id='word_1_99' title='bbox 729 1808 932 1874; x_wconf 87' lang='lat' dir='ltr'><strong>requie,</strong></span> <span class='ocrx_word' id='word_1_100' title='bbox 961 1813 1014 1858; x_wconf 89' lang='lat' dir='ltr'><strong>et</strong></span> <span class='ocrx_word' id='word_1_101' title='bbox 1043 1813 1099 1858; x_wconf 92' lang='lat' dir='ltr'><strong>ut</strong></span> <span class='ocrx_word' id='word_1_102' title='bbox 1133 1804 1453 1856; x_wconf 91' lang='lat' dir='ltr'><strong>sumentium</strong></span> <span class='ocrx_word' id='word_1_103' title='bbox 1501 1802 1798 1853; x_wconf 89' lang='lat' dir='ltr'><strong>ariditatem</strong></span> <span class='ocrx_word' id='word_1_104' title='bbox 1833 1809 1933 1852; x_wconf 73' lang='lat' dir='ltr'><strong>ture</strong></span> <span class='ocrx_word' id='word_1_105' title='bbox 1954 1800 2115 1851; x_wconf 90' lang='lat' dir='ltr'><strong>bene—</strong></span> 
     </span>
    </p>
   </div>
   <div class='ocr_carea' id='block_1_18' title="bbox 553 1888 1820 1950">
    <p class='ocr_par' dir='ltr' id='par_1_18' title="bbox 553 1888 1820 1950">
     <span class='ocr_line' id='line_1_18' title="bbox 553 1888 1820 1950; baseline -0.007 -3"><span class='ocrx_word' id='word_1_106' title='bbox 553 1895 801 1948; x_wconf 83' lang='lat' dir='ltr'><strong>dictionis</strong></span> <span class='ocrx_word' id='word_1_107' title='bbox 820 1895 1046 1950; x_wconf 84' lang='lat' dir='ltr'><strong>ubertas</strong></span> <span class='ocrx_word' id='word_1_108' title='bbox 1069 1899 1345 1944; x_wconf 85' lang='lat' dir='ltr'><strong>sustentet.</strong></span> <span class='ocrx_word' id='word_1_109' title='bbox 1390 1889 1493 1942; x_wconf 82' lang='lat' dir='ltr'><strong>Per</strong></span> <span class='ocrx_word' id='word_1_110' title='bbox 1521 1888 1820 1940; x_wconf 87' lang='lat' dir='ltr'><strong>Dominum.</strong></span> 
     </span>
    </p>
   </div>
   <div class='ocr_carea' id='block_1_19' title="bbox 629 1975 2119 2044">
    <p class='ocr_par' dir='ltr' id='par_1_19' title="bbox 629 1975 2119 2044">
     <span class='ocr_line' id='line_1_19' title="bbox 629 1975 2119 2044; baseline -0.003 -13"><span class='ocrx_word' id='word_1_111' title='bbox 629 1979 1013 2034; x_wconf 71' lang='lat' dir='ltr'><strong>Postcommun.</strong></span> <span class='ocrx_word' id='word_1_112' title='bbox 1048 1979 1210 2042; x_wconf 89' lang='lat' dir='ltr'><strong>Deus,</strong></span> <span class='ocrx_word' id='word_1_113' title='bbox 1254 1978 1400 2044; x_wconf 86' lang='lat' dir='ltr'><strong>apud</strong></span> <span class='ocrx_word' id='word_1_114' title='bbox 1453 1992 1606 2044; x_wconf 86' lang='lat' dir='ltr'><strong>quem</strong></span> <span class='ocrx_word' id='word_1_115' title='bbox 1653 1984 1733 2030; x_wconf 80' lang='lat' dir='ltr'><strong>est</strong></span> <span class='ocrx_word' id='word_1_116' title='bbox 1759 1975 2119 2029; x_wconf 87' lang='lat' dir='ltr'><strong>misericordia</strong></span> 
     </span>
    </p>
   </div>
   <div class='ocr_carea' id='block_1_20' title="bbox 1366 272 2946 372">
    <p class='ocr_par' dir='ltr' id='par_1_20' title="bbox 1366 272 2946 372">
     <span class='ocr_line' id='line_1_20' title="bbox 1366 272 2946 372; baseline -0.011 0"><span class='ocrx_word' id='word_1_117' title='bbox 1366 319 1424 372; x_wconf 83' lang='grc' dir='ltr'><strong>Β.</strong></span> <span class='ocrx_word' id='word_1_118' title='bbox 1466 318 1525 372; x_wconf 86' lang='lat' dir='ltr'><strong>F.</strong></span> <span class='ocrx_word' id='word_1_119' title='bbox 1559 315 1779 371; x_wconf 79' lang='lat' dir='ltr'><strong>ALBlNl</strong></span> <span class='ocrx_word' id='word_1_120' title='bbox 1817 313 1945 368; x_wconf 88' lang='lat' dir='ltr'><strong>SEU</strong></span> <span class='ocrx_word' id='word_1_121' title='bbox 1984 308 2256 367; x_wconf 82' lang='lat' dir='ltr'><strong>ALCUINI</strong></span> <span class='ocrx_word' id='word_1_122' title='bbox 2294 287 2574 363; x_wconf 78' lang='lat' dir='ltr'><strong>OPERUM</strong></span> <span class='ocrx_word' id='word_1_123' title='bbox 2611 303 2788 359; x_wconf 78' lang='lat' dir='ltr'><strong>PARS</strong></span> <span class='ocrx_word' id='word_1_124' title='bbox 2818 302 2905 358; x_wconf 79' lang='lat' dir='ltr'><strong>IV.</strong></span> <span class='ocrx_word' id='word_1_125' title='bbox 2944 272 2946 274; x_wconf 15' lang='lat' dir='ltr'><strong>I</strong></span> 
     </span>
    </p>
   </div>
   <div class='ocr_carea' id='block_1_21' title="bbox 2123 412 3770 483">
    <p class='ocr_par' dir='ltr' id='par_1_21' title="bbox 2123 412 3770 483">
     <span class='ocr_line' id='line_1_21' title="bbox 2123 412 3770 483; baseline -0.002 -11"><span class='ocrx_word' id='word_1_126' title='bbox 2123 431 2175 483; x_wconf 78' lang='grc' dir='ltr'><strong>Α</strong></span> <span class='ocrx_word' id='word_1_127' title='bbox 2269 421 2348 472; x_wconf 84' lang='lat' dir='ltr'><strong>Ad</strong></span> <span class='ocrx_word' id='word_1_128' title='bbox 2371 417 2643 473; x_wconf 87' lang='lat' dir='ltr'><strong>Commun.</strong></span> <span class='ocrx_word' id='word_1_129' title='bbox 2672 416 3009 482; x_wconf 57' lang='lat' dir='ltr'><strong>Quaesumus,</strong></span> <span class='ocrx_word' id='word_1_130' title='bbox 3037 413 3262 469; x_wconf 85' lang='lat' dir='ltr'><strong>Domine</strong></span> <span class='ocrx_word' id='word_1_131' title='bbox 3311 412 3453 466; x_wconf 91' lang='lat' dir='ltr'><strong>Deus</strong></span> <span class='ocrx_word' id='word_1_132' title='bbox 3478 420 3683 477; x_wconf 89' lang='lat' dir='ltr'><strong>noster,</strong></span> <span class='ocrx_word' id='word_1_133' title='bbox 3711 424 3770 468; x_wconf 84' lang='lat' dir='ltr'><strong>ut</strong></span> 
     </span>
    </p>
   </div>
   <div class='ocr_carea' id='block_1_22' title="bbox 3664 294 3767 370">
    <p class='ocr_par' dir='ltr' id='par_1_22' title="bbox 3664 294 3767 370">
     <span class='ocr_line' id='line_1_22' title="bbox 3664 294 3767 370; baseline 0 -20"><span class='ocrx_word' id='word_1_134' title='bbox 3664 294 3767 370; x_wconf 67' lang='lat'><strong>456</strong></span> 
     </span>
    </p>
   </div>
   <div class='ocr_carea' id='block_1_23' title="bbox 2199 502 3771 574">
    <p class='ocr_par' dir='ltr' id='par_1_23' title="bbox 2199 502 3771 574">
     <span class='ocr_line' id='line_1_23' title="bbox 2199 502 3771 574; baseline -0.003 -13"><span class='ocrx_word' id='word_1_135' title='bbox 2199 516 2543 563; x_wconf 86' lang='lat' dir='ltr'><strong>sacrosancta</strong></span> <span class='ocrx_word' id='word_1_136' title='bbox 2586 505 2866 574; x_wconf 87' lang='lat' dir='ltr'><strong>mysteria,</strong></span> <span class='ocrx_word' id='word_1_137' title='bbox 2900 518 3019 572; x_wconf 62' lang='lat' dir='ltr'><strong>qua:</strong></span> <span class='ocrx_word' id='word_1_138' title='bbox 3057 516 3153 571; x_wconf 92' lang='lat' dir='ltr'><strong>pro</strong></span> <span class='ocrx_word' id='word_1_139' title='bbox 3179 502 3534 570; x_wconf 78' lang='lat' dir='ltr'><strong>reparatiOnis</strong></span> <span class='ocrx_word' id='word_1_140' title='bbox 3563 509 3771 556; x_wconf 60' lang='lat' dir='ltr'><strong>nostra</strong></span> 
     </span>
    </p>
   </div>
   <div class='ocr_carea' id='block_1_24' title="bbox 2201 589 3769 660">
    <p class='ocr_par' dir='ltr' id='par_1_24' title="bbox 2201 589 3769 660">
     <span class='ocr_line' id='line_1_24' title="bbox 2201 589 3769 660; baseline -0.002 -12"><span class='ocrx_word' id='word_1_141' title='bbox 2201 595 2496 648; x_wconf 88' lang='lat' dir='ltr'><strong>munimine</strong></span> <span class='ocrx_word' id='word_1_142' title='bbox 2541 592 2834 657; x_wconf 87' lang='lat' dir='ltr'><strong>contulisti,</strong></span> <span class='ocrx_word' id='word_1_143' title='bbox 2874 600 2930 645; x_wconf 88' lang='lat' dir='ltr'><strong>et</strong></span> <span class='ocrx_word' id='word_1_144' title='bbox 2975 604 3211 660; x_wconf 54' lang='lat' dir='ltr'><strong>praesens</strong></span> <span class='ocrx_word' id='word_1_145' title='bbox 3270 591 3425 645; x_wconf 89' lang='lat' dir='ltr'><strong>nobis</strong></span> <span class='ocrx_word' id='word_1_146' title='bbox 3475 589 3769 645; x_wconf 82' lang='lat' dir='ltr'><strong>remedium</strong></span> 
     </span>
    </p>
   </div>
   <div class='ocr_carea' id='block_1_25' title="bbox 2201 683 2885 738">
    <p class='ocr_par' dir='ltr' id='par_1_25' title="bbox 2201 683 2885 738">
     <span class='ocr_line' id='line_1_25' title="bbox 2201 683 2885 738; baseline -0.006 0"><span class='ocrx_word' id='word_1_147' title='bbox 2201 700 2320 738; x_wconf 87' lang='lat' dir='ltr'><strong>esse</strong></span> <span class='ocrx_word' id='word_1_148' title='bbox 2351 684 2517 738; x_wconf 87' lang='lat' dir='ltr'><strong>facias</strong></span> <span class='ocrx_word' id='word_1_149' title='bbox 2543 693 2598 737; x_wconf 83' lang='lat' dir='ltr'><strong>et</strong></span> <span class='ocrx_word' id='word_1_150' title='bbox 2627 683 2885 736; x_wconf 90' lang='lat' dir='ltr'><strong>futurum.</strong></span> 
     </span>
    </p>
   </div>
   <div class='ocr_carea' id='block_1_26' title="bbox 2273 757 3774 841">
    <p class='ocr_par' dir='ltr' id='par_1_26' title="bbox 2273 757 3774 841">
     <span class='ocr_line' id='line_1_26' title="bbox 2273 757 3774 841; baseline -0.001 -12"><span class='ocrx_word' id='word_1_151' title='bbox 2273 757 2409 829; x_wconf 72' lang='lat' dir='ltr'><strong>[tein</strong></span> <span class='ocrx_word' id='word_1_152' title='bbox 2437 774 2506 827; x_wconf 90' lang='lat' dir='ltr'><strong>ad</strong></span> <span class='ocrx_word' id='word_1_153' title='bbox 2544 773 2816 828; x_wconf 84' lang='lat' dir='ltr'><strong>Commun.</strong></span> <span class='ocrx_word' id='word_1_154' title='bbox 2869 771 3078 826; x_wconf 88' lang='lat' dir='ltr'><strong>Fideles</strong></span> <span class='ocrx_word' id='word_1_155' title='bbox 3133 781 3271 835; x_wconf 90' lang='lat' dir='ltr'><strong>tuos,</strong></span> <span class='ocrx_word' id='word_1_156' title='bbox 3315 788 3639 841; x_wconf 63' lang='lat' dir='ltr'><strong>quaesumus,</strong></span> <span class='ocrx_word' id='word_1_157' title='bbox 3668 774 3774 828; x_wconf 86' lang='lat' dir='ltr'><strong>Do-</strong></span> 
     </span>
    </p>
   </div>
   <div class='ocr_carea' id='block_1_27' title="bbox 2206 862 3771 935">
    <p class='ocr_par' dir='ltr' id='par_1_27' title="bbox 2206 862 3771 935">
     <span class='ocr_line' id='line_1_27' title="bbox 2206 862 3771 935; baseline 0.001 -17"><span class='ocrx_word' id='word_1_158' title='bbox 2206 866 2367 928; x_wconf 89' lang='lat' dir='ltr'><strong>mine,</strong></span> <span class='ocrx_word' id='word_1_159' title='bbox 2397 865 2761 918; x_wconf 85' lang='lat' dir='ltr'><strong>intercedente</strong></span> <span class='ocrx_word' id='word_1_160' title='bbox 2792 864 2949 917; x_wconf 89' lang='lat' dir='ltr'><strong>beata</strong></span> <span class='ocrx_word' id='word_1_161' title='bbox 2978 862 3142 916; x_wconf 83' lang='lat' dir='ltr'><strong>Maria</strong></span> <span class='ocrx_word' id='word_1_162' title='bbox 3172 879 3381 933; x_wconf 86' lang='lat' dir='ltr'><strong>semper</strong></span> <span class='ocrx_word' id='word_1_163' title='bbox 3404 867 3625 935; x_wconf 77' lang='lat' dir='ltr'><strong>virgine,</strong></span> <span class='ocrx_word' id='word_1_164' title='bbox 3653 882 3771 920; x_wconf 81' lang='lat' dir='ltr'><strong>cor-</strong></span> 
     </span>
    </p>
   </div>
   <div class='ocr_carea' id='block_1_28' title="bbox 2204 954 3775 1024">
    <p class='ocr_par' dir='ltr' id='par_1_28' title="bbox 2204 954 3775 1024">
     <span class='ocr_line' id='line_1_28' title="bbox 2204 954 3775 1024; baseline 0.003 -16"><span class='ocrx_word' id='word_1_165' title='bbox 2204 969 2335 1022; x_wconf 89' lang='lat' dir='ltr'><strong>pore</strong></span> <span class='ocrx_word' id='word_1_166' title='bbox 2365 955 2568 1022; x_wconf 90' lang='lat' dir='ltr'><strong>pariter</strong></span> <span class='ocrx_word' id='word_1_167' title='bbox 2618 962 2673 1006; x_wconf 90' lang='lat' dir='ltr'><strong>et</strong></span> <span class='ocrx_word' id='word_1_168' title='bbox 2699 961 2874 1008; x_wconf 87' lang='lat' dir='ltr'><strong>mente</strong></span> <span class='ocrx_word' id='word_1_169' title='bbox 2917 954 3160 1021; x_wconf 87' lang='lat' dir='ltr'><strong>purifica,</strong></span> <span class='ocrx_word' id='word_1_170' title='bbox 3191 963 3251 1007; x_wconf 93' lang='lat' dir='ltr'><strong>ut</strong></span> <span class='ocrx_word' id='word_1_171' title='bbox 3293 963 3383 1008; x_wconf 91' lang='lat' dir='ltr'><strong>tua</strong></span> <span class='ocrx_word' id='word_1_172' title='bbox 3424 957 3775 1024; x_wconf 85' lang='lat' dir='ltr'><strong>inspiratione</strong></span> 
     </span>
    </p>
   </div>
   <div class='ocr_carea' id='block_1_29' title="bbox 2208 1041 3777 1111">
    <p class='ocr_par' dir='ltr' id='par_1_29' title="bbox 2208 1041 3777 1111">
     <span class='ocr_line' id='line_1_29' title="bbox 2208 1041 3777 1111; baseline 0.003 -14"><span class='ocrx_word' id='word_1_173' title='bbox 2208 1042 2722 1111; x_wconf 76' lang='lat' dir='ltr'><strong>compuncti-noxias</strong></span> <span class='ocrx_word' id='word_1_174' title='bbox 2751 1041 3130 1097; x_wconf 89' lang='lat' dir='ltr'><strong>delectationes</strong></span> <span class='ocrx_word' id='word_1_175' title='bbox 3153 1045 3325 1098; x_wconf 87' lang='lat' dir='ltr'><strong>vitare</strong></span> <span class='ocrx_word' id='word_1_176' title='bbox 3365 1045 3612 1110; x_wconf 80' lang='lat' dir='ltr'><strong>valeant;</strong></span> <span class='ocrx_word' id='word_1_177' title='bbox 3645 1057 3698 1101; x_wconf 91' lang='lat' dir='ltr'><strong>et</strong></span> <span class='ocrx_word' id='word_1_178' title='bbox 3718 1058 3777 1101; x_wconf 84' lang='lat' dir='ltr'><strong>ut</strong></span> 
     </span>
    </p>
   </div>
   <div class='ocr_carea' id='block_1_30' title="bbox 2208 1129 3777 1203">
    <p class='ocr_par' dir='ltr' id='par_1_30' title="bbox 2208 1129 3777 1203">
     <span class='ocr_line' id='line_1_30' title="bbox 2208 1129 3777 1203; baseline 0.004 -21"><span class='ocrx_word' id='word_1_179' title='bbox 2208 1145 2395 1182; x_wconf 90' lang='lat' dir='ltr'><strong>earum</strong></span> <span class='ocrx_word' id='word_1_180' title='bbox 2442 1145 2548 1182; x_wconf 89' lang='lat' dir='ltr'><strong>non</strong></span> <span class='ocrx_word' id='word_1_181' title='bbox 2578 1129 2855 1197; x_wconf 87' lang='lat' dir='ltr'><strong>capiamur</strong></span> <span class='ocrx_word' id='word_1_182' title='bbox 2899 1130 3180 1195; x_wconf 86' lang='lat' dir='ltr'><strong>illecebris,</strong></span> <span class='ocrx_word' id='word_1_183' title='bbox 3215 1140 3305 1185; x_wconf 89' lang='lat' dir='ltr'><strong>tua</strong></span> <span class='ocrx_word' id='word_1_184' title='bbox 3346 1132 3546 1203; x_wconf 85' lang='lat' dir='ltr'><strong>jugiter</strong></span> <span class='ocrx_word' id='word_1_185' title='bbox 3593 1150 3777 1203; x_wconf 89' lang='lat' dir='ltr'><strong>pasca-</strong></span> 
     </span>
    </p>
   </div>
   <div class='ocr_carea' id='block_1_31' title="bbox 2210 1215 2803 1272">
    <p class='ocr_par' dir='ltr' id='par_1_31' title="bbox 2210 1215 2803 1272">
     <span class='ocr_line' id='line_1_31' title="bbox 2210 1215 2803 1272; baseline -0.002 -1"><span class='ocrx_word' id='word_1_186' title='bbox 2210 1234 2327 1271; x_wconf 86' lang='lat' dir='ltr'><strong>mur</strong></span> <span class='ocrx_word' id='word_1_187' title='bbox 2353 1217 2650 1272; x_wconf 86' lang='lat' dir='ltr'><strong>dulcedine.</strong></span> <span class='ocrx_word' id='word_1_188' title='bbox 2681 1215 2803 1270; x_wconf 89' lang='lat' dir='ltr'><strong>Per.</strong></span> 
     </span>
    </p>
   </div>
   <div class='ocr_carea' id='block_1_32' title="bbox 2529 1326 3400 1398">
    <p class='ocr_par' dir='ltr' id='par_1_32' title="bbox 2529 1326 3400 1398">
     <span class='ocr_line' id='line_1_32' title="bbox 2529 1326 3400 1398; baseline 0.005 -19"><span class='ocrx_word' id='word_1_189' title='bbox 2529 1326 2661 1379; x_wconf 82' lang='lat' dir='ltr'><strong>Item</strong></span> <span class='ocrx_word' id='word_1_190' title='bbox 2699 1329 2858 1380; x_wconf 83' lang='lat' dir='ltr'><strong>missa</strong></span> <span class='ocrx_word' id='word_1_191' title='bbox 2905 1330 3069 1381; x_wconf 69' lang='lat' dir='ltr'><strong>saneti</strong></span> <span class='ocrx_word' id='word_1_192' title='bbox 3105 1329 3400 1398; x_wconf 77' lang='lat' dir='ltr'><strong>Augustini.</strong></span> 
     </span>
    </p>
   </div>
   <div class='ocr_carea' id='block_1_33' title="bbox 2281 1439 3776 1514">
    <p class='ocr_par' dir='ltr' id='par_1_33' title="bbox 2281 1439 3776 1514">
     <span class='ocr_line' id='line_1_33' title="bbox 2281 1439 3776 1514; baseline 0.007 -24"><span class='ocrx_word' id='word_1_193' title='bbox 2281 1439 2503 1492; x_wconf 88' lang='lat' dir='ltr'><strong>Domine</strong></span> <span class='ocrx_word' id='word_1_194' title='bbox 2553 1440 2692 1492; x_wconf 90' lang='lat' dir='ltr'><strong>Deus</strong></span> <span class='ocrx_word' id='word_1_195' title='bbox 2739 1450 2941 1506; x_wconf 86' lang='lat' dir='ltr'><strong>noster,</strong></span> <span class='ocrx_word' id='word_1_196' title='bbox 2991 1457 3182 1509; x_wconf 83' lang='lat' dir='ltr'><strong>magne</strong></span> <span class='ocrx_word' id='word_1_197' title='bbox 3220 1454 3274 1496; x_wconf 89' lang='lat' dir='ltr'><strong>et</strong></span> <span class='ocrx_word' id='word_1_198' title='bbox 3300 1447 3654 1513; x_wconf 89' lang='lat' dir='ltr'><strong>omnipotens,</strong></span> <span class='ocrx_word' id='word_1_199' title='bbox 3687 1448 3776 1514; x_wconf 90' lang='lat' dir='ltr'><strong>qui</strong></span> 
     </span>
    </p>
   </div>
   <div class='ocr_carea' id='block_1_34' title="bbox 2213 1532 3777 1603">
    <p class='ocr_par' dir='ltr' id='par_1_34' title="bbox 2213 1532 3777 1603">
     <span class='ocr_line' id='line_1_34' title="bbox 2213 1532 3777 1603; baseline 0.004 -20"><span class='ocrx_word' id='word_1_200' title='bbox 2213 1546 2377 1583; x_wconf 87' lang='lat' dir='ltr'><strong>sanas</strong></span> <span class='ocrx_word' id='word_1_201' title='bbox 2398 1532 2656 1583; x_wconf 87' lang='lat' dir='ltr'><strong>contritos</strong></span> <span class='ocrx_word' id='word_1_202' title='bbox 2679 1533 2860 1594; x_wconf 87' lang='lat' dir='ltr'><strong>corde,</strong></span> <span class='ocrx_word' id='word_1_203' title='bbox 2877 1548 3167 1602; x_wconf 84' lang='lat' dir='ltr'><strong>eorumque</strong></span> <span class='ocrx_word' id='word_1_204' title='bbox 3184 1535 3368 1603; x_wconf 82' lang='lat' dir='ltr'><strong>alligas</strong></span> <span class='ocrx_word' id='word_1_205' title='bbox 3405 1537 3777 1600; x_wconf 78' lang='lat' dir='ltr'><strong>contritiones,</strong></span> 
     </span>
    </p>
   </div>
   <div class='ocr_carea' id='block_1_35' title="bbox 2217 1621 3780 1694">
    <p class='ocr_par' dir='ltr' id='par_1_35' title="bbox 2217 1621 3780 1694">
     <span class='ocr_line' id='line_1_35' title="bbox 2217 1621 3780 1694; baseline 0.006 -23"><span class='ocrx_word' id='word_1_206' title='bbox 2217 1628 2304 1672; x_wconf 89' lang='lat' dir='ltr'><strong>tua</strong></span> <span class='ocrx_word' id='word_1_207' title='bbox 2338 1629 2388 1674; x_wconf 88' lang='lat' dir='ltr'><strong>te</strong></span> <span class='ocrx_word' id='word_1_208' title='bbox 2413 1622 2582 1688; x_wconf 89' lang='lat' dir='ltr'><strong>pictas</strong></span> <span class='ocrx_word' id='word_1_209' title='bbox 2611 1621 2763 1676; x_wconf 89' lang='lat' dir='ltr'><strong>nobis</strong></span> <span class='ocrx_word' id='word_1_210' title='bbox 2784 1621 2984 1676; x_wconf 85' lang='lat' dir='ltr'><strong>efﬁciat</strong></span> <span class='ocrx_word' id='word_1_211' title='bbox 3011 1625 3344 1693; x_wconf 84' lang='lat' dir='ltr'><strong>placabilem,</strong></span> <span class='ocrx_word' id='word_1_212' title='bbox 3377 1642 3512 1694; x_wconf 87' lang='lat' dir='ltr'><strong>quos</strong></span> <span class='ocrx_word' id='word_1_213' title='bbox 3546 1628 3780 1681; x_wconf 88' lang='lat' dir='ltr'><strong>conditio</strong></span> 
     </span>
    </p>
   </div>
   <div class='ocr_carea' id='block_1_36' title="bbox 2217 1707 3779 1778">
    <p class='ocr_par' dir='ltr' id='par_1_36' title="bbox 2217 1707 3779 1778">
     <span class='ocr_line' id='line_1_36' title="bbox 2217 1707 3779 1778; baseline 0.006 -20"><span class='ocrx_word' id='word_1_214' title='bbox 2217 1707 2516 1776; x_wconf 82' lang='lat' dir='ltr'><strong>fragilitatis</strong></span> <span class='ocrx_word' id='word_1_215' title='bbox 2570 1709 2817 1762; x_wconf 65' lang='lat' dir='ltr'><strong>humante</strong></span> <span class='ocrx_word' id='word_1_216' title='bbox 2869 1713 3148 1764; x_wconf 88' lang='lat' dir='ltr'><strong>constituit</strong></span> <span class='ocrx_word' id='word_1_217' title='bbox 3173 1713 3225 1766; x_wconf 91' lang='lat' dir='ltr'><strong>in</strong></span> <span class='ocrx_word' id='word_1_218' title='bbox 3270 1729 3518 1766; x_wconf 65' lang='lat' dir='ltr'><strong>maerore.</strong></span> <span class='ocrx_word' id='word_1_219' title='bbox 3553 1715 3779 1778; x_wconf 75' lang='lat' dir='ltr'><strong>Exaudi,</strong></span> 
     </span>
    </p>
   </div>
   <div class='ocr_carea' id='block_1_37' title="bbox 2219 1796 3781 1866">
    <p class='ocr_par' dir='ltr' id='par_1_37' title="bbox 2219 1796 3781 1866">
     <span class='ocr_line' id='line_1_37' title="bbox 2219 1796 3781 1866; baseline 0.005 -18"><span class='ocrx_word' id='word_1_220' title='bbox 2219 1796 2462 1861; x_wconf 91' lang='lat' dir='ltr'><strong>Domine,</strong></span> <span class='ocrx_word' id='word_1_221' title='bbox 2515 1813 2704 1866; x_wconf 82' lang='lat' dir='ltr'><strong>preces</strong></span> <span class='ocrx_word' id='word_1_222' title='bbox 2753 1807 2986 1863; x_wconf 89' lang='lat' dir='ltr'><strong>nostras,</strong></span> <span class='ocrx_word' id='word_1_223' title='bbox 3040 1809 3094 1853; x_wconf 89' lang='lat' dir='ltr'><strong>et</strong></span> <span class='ocrx_word' id='word_1_224' title='bbox 3121 1803 3333 1855; x_wconf 79' lang='lat' dir='ltr'><strong>dim&#39;.tte</strong></span> <span class='ocrx_word' id='word_1_225' title='bbox 3380 1804 3532 1856; x_wconf 88' lang='lat' dir='ltr'><strong>nobis</strong></span> <span class='ocrx_word' id='word_1_226' title='bbox 3563 1812 3781 1856; x_wconf 84' lang='lat' dir='ltr'><strong>cunctas</strong></span> 
     </span>
    </p>
   </div>
   <div class='ocr_carea' id='block_1_38' title="bbox 2219 1876 3781 1961">
    <p class='ocr_par' dir='ltr' id='par_1_38' title="bbox 2219 1876 3781 1961">
     <span class='ocr_line' id='line_1_38' title="bbox 2219 1876 3781 1961; baseline 0.003 -20"><span class='ocrx_word' id='word_1_227' title='bbox 2219 1887 2560 1942; x_wconf 65' lang='lat' dir='ltr'><strong>offensiones.</strong></span> <span class='ocrx_word' id='word_1_228' title='bbox 2613 1888 2799 1941; x_wconf 81' lang='lat' dir='ltr'><strong>Manus</strong></span> <span class='ocrx_word' id='word_1_229' title='bbox 2830 1898 2932 1942; x_wconf 66' lang='lat' dir='ltr'><strong>tua:</strong></span> <span class='ocrx_word' id='word_1_230' title='bbox 2984 1889 3295 1945; x_wconf 87' lang='lat' dir='ltr'><strong>fortitudine</strong></span> <span class='ocrx_word' id='word_1_231' title='bbox 3323 1907 3350 1943; x_wconf 88' lang='lat' dir='ltr'><strong>a</strong></span> <span class='ocrx_word' id='word_1_232' title='bbox 3375 1876 3586 1946; x_wconf 87' lang='lat' dir='ltr'><strong>cunctis</strong></span> <span class='ocrx_word' id='word_1_233' title='bbox 3615 1907 3781 1961; x_wconf 87' lang='lat' dir='ltr'><strong>angu-</strong></span> 
     </span>
    </p>
   </div>
   <div class='ocr_carea' id='block_1_39' title="bbox 2221 1979 3784 2041">
    <p class='ocr_par' dir='ltr' id='par_1_39' title="bbox 2221 1979 3784 2041">
     <span class='ocr_line' id='line_1_39' title="bbox 2221 1979 3784 2041; baseline 0.003 -9"><span class='ocrx_word' id='word_1_234' title='bbox 2221 1979 2338 2032; x_wconf 88' lang='lat' dir='ltr'><strong>stiis</strong></span> <span class='ocrx_word' id='word_1_235' title='bbox 2367 1979 2678 2041; x_wconf 81' lang='lat' dir='ltr'><strong>liberemur,</strong></span> <span class='ocrx_word' id='word_1_236' title='bbox 2702 1987 2764 2030; x_wconf 90' lang='lat' dir='ltr'><strong>ut</strong></span> <span class='ocrx_word' id='word_1_237' title='bbox 2791 1994 2910 2031; x_wconf 91' lang='lat' dir='ltr'><strong>cum</strong></span> <span class='ocrx_word' id='word_1_238' title='bbox 2942 1979 3046 2032; x_wconf 88' lang='lat' dir='ltr'><strong>tuis</strong></span> <span class='ocrx_word' id='word_1_239' title='bbox 3100 1983 3299 2034; x_wconf 89' lang='lat' dir='ltr'><strong>sanctis</strong></span> <span class='ocrx_word' id='word_1_240' title='bbox 3325 1982 3410 2035; x_wconf 92' lang='lat' dir='ltr'><strong>hic</strong></span> <span class='ocrx_word' id='word_1_241' title='bbox 3449 1990 3504 2035; x_wconf 90' lang='lat' dir='ltr'><strong>et</strong></span> <span class='ocrx_word' id='word_1_242' title='bbox 3553 1984 3603 2034; x_wconf 91' lang='lat' dir='ltr'><strong>in</strong></span> <span class='ocrx_word' id='word_1_243' title='bbox 3631 1993 3784 2036; x_wconf 65' lang='lat' dir='ltr'><strong>atter-</strong></span> 
     </span>
    </p>
   </div>
   <div class='ocr_carea' id='block_1_40' title="bbox 529 2066 3352 2139">
    <p class='ocr_par' dir='ltr' id='par_1_40' title="bbox 529 2066 3352 2139">
     <span class='ocr_line' id='line_1_40' title="bbox 529 2066 3352 2139; baseline -0.001 -14"><span class='ocrx_word' id='word_1_244' title='bbox 529 2071 786 2139; x_wconf 77' lang='lat' dir='ltr'><strong>‘copiosa,</strong></span> <span class='ocrx_word' id='word_1_245' title='bbox 819 2069 1016 2123; x_wconf 64' lang='lat' dir='ltr'><strong>efficiat</strong></span> <span class='ocrx_word' id='word_1_246' title='bbox 1043 2084 1140 2122; x_wconf 89' lang='lat' dir='ltr'><strong>nos</strong></span> <span class='ocrx_word' id='word_1_247' title='bbox 1166 2068 1266 2121; x_wconf 89' lang='lat' dir='ltr'><strong>sibi</strong></span> <span class='ocrx_word' id='word_1_248' title='bbox 1292 2084 1417 2120; x_wconf 87' lang='lat' dir='ltr'><strong>vasa</strong></span> <span class='ocrx_word' id='word_1_249' title='bbox 1472 2067 1841 2129; x_wconf 88' lang='lat' dir='ltr'><strong>mundissima,</strong></span> <span class='ocrx_word' id='word_1_250' title='bbox 1871 2077 1923 2118; x_wconf 88' lang='lat' dir='ltr'><strong>et</strong></span> <span class='ocrx_word' id='word_1_251' title='bbox 1953 2066 2114 2133; x_wconf 91' lang='lat' dir='ltr'><strong>spiri-</strong></span> <span class='ocrx_word' id='word_1_252' title='bbox 2174 2075 2190 2118; x_wconf 52' lang='grc' dir='ltr'><strong>’κ</strong></span> <span class='ocrx_word' id='word_1_253' title='bbox 2223 2084 2347 2121; x_wconf 90' lang='lat' dir='ltr'><strong>num</strong></span> <span class='ocrx_word' id='word_1_254' title='bbox 2369 2068 2624 2123; x_wconf 68' lang='lat' dir='ltr'><strong>laetemur.</strong></span> <span class='ocrx_word' id='word_1_255' title='bbox 2656 2068 2757 2122; x_wconf 87' lang='lat' dir='ltr'><strong>Per</strong></span> <span class='ocrx_word' id='word_1_256' title='bbox 2787 2069 3066 2123; x_wconf 89' lang='lat' dir='ltr'><strong>Dominum</strong></span> <span class='ocrx_word' id='word_1_257' title='bbox 3095 2080 3352 2124; x_wconf 88' lang='lat' dir='ltr'><strong>nostrum.</strong></span> 
     </span>
    </p>
   </div>
   <div class='ocr_carea' id='block_1_41' title="bbox 558 2159 2122 2230">
    <p class='ocr_par' dir='ltr' id='par_1_41' title="bbox 558 2159 2122 2230">
     <span class='ocr_line' id='line_1_41' title="bbox 558 2159 2122 2230; baseline -0.006 -13"><span class='ocrx_word' id='word_1_258' title='bbox 558 2163 751 2217; x_wconf 88' lang='lat' dir='ltr'><strong>talibus</strong></span> <span class='ocrx_word' id='word_1_259' title='bbox 808 2162 1014 2216; x_wconf 87' lang='lat' dir='ltr'><strong>deliciis</strong></span> <span class='ocrx_word' id='word_1_260' title='bbox 1070 2162 1275 2230; x_wconf 77' lang='lat' dir='ltr'><strong>reficiat</strong></span> <span class='ocrx_word' id='word_1_261' title='bbox 1337 2159 1701 2213; x_wconf 87' lang='lat' dir='ltr'><strong>infirmitatem</strong></span> <span class='ocrx_word' id='word_1_262' title='bbox 1758 2165 2018 2217; x_wconf 80' lang='lat' dir='ltr'><strong>nostram,</strong></span> <span class='ocrx_word' id='word_1_263' title='bbox 2063 2164 2122 2208; x_wconf 91' lang='lat' dir='ltr'><strong>ut</strong></span> 
     </span>
    </p>
   </div>
   <div class='ocr_carea' id='block_1_42' title="bbox 557 2246 2124 2317">
    <p class='ocr_par' dir='ltr' id='par_1_42' title="bbox 557 2246 2124 2317">
     <span class='ocr_line' id='line_1_42' title="bbox 557 2246 2124 2317; baseline -0.005 -12"><span class='ocrx_word' id='word_1_264' title='bbox 557 2253 718 2306; x_wconf 82' lang='lat' dir='ltr'><strong>corda</strong></span> <span class='ocrx_word' id='word_1_265' title='bbox 746 2260 925 2304; x_wconf 88' lang='lat' dir='ltr'><strong>nostra</strong></span> <span class='ocrx_word' id='word_1_266' title='bbox 951 2265 1073 2302; x_wconf 90' lang='lat' dir='ltr'><strong>eum</strong></span> <span class='ocrx_word' id='word_1_267' title='bbox 1125 2263 1337 2317; x_wconf 85' lang='lat' dir='ltr'><strong>semper</strong></span> <span class='ocrx_word' id='word_1_268' title='bbox 1363 2248 1602 2300; x_wconf 88' lang='lat' dir='ltr'><strong>esuriant</strong></span> <span class='ocrx_word' id='word_1_269' title='bbox 1653 2255 1812 2314; x_wconf 87' lang='lat' dir='ltr'><strong>atque</strong></span> <span class='ocrx_word' id='word_1_270' title='bbox 1838 2246 2041 2309; x_wconf 89' lang='lat' dir='ltr'><strong>sitiant,</strong></span> <span class='ocrx_word' id='word_1_271' title='bbox 2070 2254 2124 2298; x_wconf 92' lang='lat' dir='ltr'><strong>et</strong></span> 
     </span>
    </p>
   </div>
   <div class='ocr_carea' id='block_1_43' title="bbox 556 2335 2123 2394">
    <p class='ocr_par' dir='ltr' id='par_1_43' title="bbox 556 2335 2123 2394">
     <span class='ocr_line' id='line_1_43' title="bbox 556 2335 2123 2394; baseline -0.004 0"><span class='ocrx_word' id='word_1_272' title='bbox 556 2349 680 2394; x_wconf 79' lang='lat' dir='ltr'><strong>vota</strong></span> <span class='ocrx_word' id='word_1_273' title='bbox 710 2348 904 2393; x_wconf 66' lang='lat' dir='ltr'><strong>nostra:</strong></span> <span class='ocrx_word' id='word_1_274' title='bbox 955 2339 1269 2392; x_wconf 88' lang='lat' dir='ltr'><strong>humilitatis</strong></span> <span class='ocrx_word' id='word_1_275' title='bbox 1305 2337 1553 2391; x_wconf 90' lang='lat' dir='ltr'><strong>clament.</strong></span> <span class='ocrx_word' id='word_1_276' title='bbox 1586 2335 1689 2389; x_wconf 89' lang='lat' dir='ltr'><strong>Per</strong></span> <span class='ocrx_word' id='word_1_277' title='bbox 1715 2335 2001 2388; x_wconf 90' lang='lat' dir='ltr'><strong>Dominum</strong></span> <span class='ocrx_word' id='word_1_278' title='bbox 2028 2350 2123 2388; x_wconf 90' lang='lat' dir='ltr'><strong>no—</strong></span> 
     </span>
    </p>
   </div>
   <div class='ocr_carea' id='block_1_44' title="bbox 559 2426 1255 2482">
    <p class='ocr_par' dir='ltr' id='par_1_44' title="bbox 559 2426 1255 2482">
     <span class='ocr_line' id='line_1_44' title="bbox 559 2426 1255 2482; baseline -0.004 0"><span class='ocrx_word' id='word_1_279' title='bbox 559 2437 728 2482; x_wconf 84' lang='lat' dir='ltr'><strong>strtnn</strong></span> <span class='ocrx_word' id='word_1_280' title='bbox 757 2426 939 2481; x_wconf 82' lang='lat' dir='ltr'><strong>Jesum</strong></span> <span class='ocrx_word' id='word_1_281' title='bbox 964 2426 1255 2481; x_wconf 89' lang='lat' dir='ltr'><strong>Christum.</strong></span> 
     </span>
    </p>
   </div>
   <div class='ocr_carea' id='block_1_45' title="bbox 1135 2561 1495 2617">
    <p class='ocr_par' dir='ltr' id='par_1_45' title="bbox 1135 2561 1495 2617">
     <span class='ocr_line' id='line_1_45' title="bbox 1135 2561 1495 2617; baseline -0.008 0"><span class='ocrx_word' id='word_1_282' title='bbox 1135 2561 1358 2617; x_wconf 76' lang='lat' dir='ltr'><strong>CAPUT</strong></span> <span class='ocrx_word' id='word_1_283' title='bbox 1390 2561 1495 2615; x_wconf 79' lang='lat' dir='ltr'><strong>V11.</strong></span> 
     </span>
    </p>
   </div>
   <div class='ocr_carea' id='block_1_46' title="bbox 877 2667 1804 2723">
    <p class='ocr_par' dir='ltr' id='par_1_46' title="bbox 877 2667 1804 2723">
     <span class='ocr_line' id='line_1_46' title="bbox 877 2667 1804 2723; baseline -0.005 0"><span class='ocrx_word' id='word_1_284' title='bbox 877 2667 1099 2723; x_wconf 86' lang='lat' dir='ltr'><strong>Sabbato</strong></span> <span class='ocrx_word' id='word_1_285' title='bbox 1129 2669 1285 2722; x_wconf 79' lang='lat' dir='ltr'><strong>missa</strong></span> <span class='ocrx_word' id='word_1_286' title='bbox 1317 2669 1377 2721; x_wconf 82' lang='lat' dir='ltr'><strong>de</strong></span> <span class='ocrx_word' id='word_1_287' title='bbox 1405 2677 1582 2721; x_wconf 78' lang='lat' dir='ltr'><strong>sancta</strong></span> <span class='ocrx_word' id='word_1_288' title='bbox 1613 2667 1804 2719; x_wconf 74' lang='lat' dir='ltr'><strong>Maria.</strong></span> 
     </span>
    </p>
   </div>
   <div class='ocr_carea' id='block_1_47' title="bbox 643 2775 2132 2844">
    <p class='ocr_par' dir='ltr' id='par_1_47' title="bbox 643 2775 2132 2844">
     <span class='ocr_line' id='line_1_47' title="bbox 643 2775 2132 2844; baseline -0.003 -12"><span class='ocrx_word' id='word_1_289' title='bbox 643 2777 883 2832; x_wconf 84' lang='lat' dir='ltr'><strong>Concede</strong></span> <span class='ocrx_word' id='word_1_290' title='bbox 909 2778 1060 2832; x_wconf 88' lang='lat' dir='ltr'><strong>nobis</strong></span> <span class='ocrx_word' id='word_1_291' title='bbox 1101 2776 1311 2829; x_wconf 84' lang='lat' dir='ltr'><strong>famulis</strong></span> <span class='ocrx_word' id='word_1_292' title='bbox 1363 2777 1488 2840; x_wconf 90' lang='lat' dir='ltr'><strong>tuis,</strong></span> <span class='ocrx_word' id='word_1_293' title='bbox 1546 2791 1864 2844; x_wconf 64' lang='lat' dir='ltr'><strong>quresumus,</strong></span> <span class='ocrx_word' id='word_1_294' title='bbox 1905 2775 2132 2828; x_wconf 89' lang='lat' dir='ltr'><strong>Domine</strong></span> 
     </span>
    </p>
   </div>
   <div class='ocr_carea' id='block_1_48' title="bbox 565 2865 2133 2944">
    <p class='ocr_par' dir='ltr' id='par_1_48' title="bbox 565 2865 2133 2944">
     <span class='ocr_line' id='line_1_48' title="bbox 565 2865 2133 2944; baseline -0.004 -24"><span class='ocrx_word' id='word_1_295' title='bbox 565 2868 725 2930; x_wconf 87' lang='lat' dir='ltr'><strong>Deus,</strong></span> <span class='ocrx_word' id='word_1_296' title='bbox 754 2877 1014 2935; x_wconf 90' lang='lat' dir='ltr'><strong>perpetua</strong></span> <span class='ocrx_word' id='word_1_297' title='bbox 1037 2867 1229 2919; x_wconf 88' lang='lat' dir='ltr'><strong>mentis</strong></span> <span class='ocrx_word' id='word_1_298' title='bbox 1260 2873 1315 2918; x_wconf 90' lang='lat' dir='ltr'><strong>et</strong></span> <span class='ocrx_word' id='word_1_299' title='bbox 1366 2867 1604 2933; x_wconf 80' lang='lat' dir='ltr'><strong>corporis</strong></span> <span class='ocrx_word' id='word_1_300' title='bbox 1631 2865 1986 2944; x_wconf 77' lang='lat' dir='ltr'><strong>prosperitate</strong></span> <span class='ocrx_word' id='word_1_301' title='bbox 2011 2878 2133 2932; x_wconf 84' lang='lat' dir='ltr'><strong>gau-</strong></span> 
     </span>
    </p>
   </div>
   <div class='ocr_carea' id='block_1_49' title="bbox 568 2951 2134 3026">
    <p class='ocr_par' dir='ltr' id='par_1_49' title="bbox 568 2951 2134 3026">
     <span class='ocr_line' id='line_1_49' title="bbox 568 2951 2134 3026; baseline -0.004 -15"><span class='ocrx_word' id='word_1_302' title='bbox 568 2959 713 3021; x_wconf 87' lang='lat' dir='ltr'><strong>dere,</strong></span> <span class='ocrx_word' id='word_1_303' title='bbox 745 2968 801 3010; x_wconf 89' lang='lat' dir='ltr'><strong>et</strong></span> <span class='ocrx_word' id='word_1_304' title='bbox 841 2957 1069 3026; x_wconf 85' lang='lat' dir='ltr'><strong>gloriosa</strong></span> <span class='ocrx_word' id='word_1_305' title='bbox 1120 2957 1289 3009; x_wconf 60' lang='lat' dir='ltr'><strong>beata:</strong></span> <span class='ocrx_word' id='word_1_306' title='bbox 1331 2955 1510 3007; x_wconf 62' lang='lat' dir='ltr'><strong>Mariae</strong></span> <span class='ocrx_word' id='word_1_307' title='bbox 1565 2967 1777 3020; x_wconf 87' lang='lat' dir='ltr'><strong>semper</strong></span> <span class='ocrx_word' id='word_1_308' title='bbox 1815 2951 2034 3021; x_wconf 75' lang='lat' dir='ltr'><strong>virginis</strong></span> <span class='ocrx_word' id='word_1_309' title='bbox 2059 2953 2134 3005; x_wconf 91' lang='lat' dir='ltr'><strong>in-</strong></span> 
     </span>
    </p>
   </div>
   <div class='ocr_carea' id='block_1_50' title="bbox 2291 2157 3786 2228">
    <p class='ocr_par' dir='ltr' id='par_1_50' title="bbox 2291 2157 3786 2228">
     <span class='ocr_line' id='line_1_50' title="bbox 2291 2157 3786 2228; baseline 0.003 -16"><span class='ocrx_word' id='word_1_310' title='bbox 2291 2157 2516 2212; x_wconf 85' lang='lat' dir='ltr'><strong>Secreta.</strong></span> <span class='ocrx_word' id='word_1_311' title='bbox 2570 2159 2718 2212; x_wconf 77' lang='lat' dir='ltr'><strong>lianc</strong></span> <span class='ocrx_word' id='word_1_312' title='bbox 2773 2175 2984 2228; x_wconf 90' lang='lat' dir='ltr'><strong>quoque</strong></span> <span class='ocrx_word' id='word_1_313' title='bbox 3033 2161 3373 2225; x_wconf 91' lang='lat' dir='ltr'><strong>oblationem,</strong></span> <span class='ocrx_word' id='word_1_314' title='bbox 3432 2163 3673 2226; x_wconf 90' lang='lat' dir='ltr'><strong>Domine,</strong></span> <span class='ocrx_word' id='word_1_315' title='bbox 3707 2164 3786 2217; x_wconf 91' lang='lat' dir='ltr'><strong>di-</strong></span> 
     </span>
    </p>
   </div>
   <div class='ocr_carea' id='block_1_51' title="bbox 2221 2250 3788 2318">
    <p class='ocr_par' dir='ltr' id='par_1_51' title="bbox 2221 2250 3788 2318">
     <span class='ocr_line' id='line_1_51' title="bbox 2221 2250 3788 2318; baseline 0.004 -17"><span class='ocrx_word' id='word_1_316' title='bbox 2221 2263 2405 2318; x_wconf 88' lang='lat' dir='ltr'><strong>gnare,</strong></span> <span class='ocrx_word' id='word_1_317' title='bbox 2434 2264 2759 2316; x_wconf 72' lang='lat' dir='ltr'><strong>quaesumus,</strong></span> <span class='ocrx_word' id='word_1_318' title='bbox 2797 2250 3214 2314; x_wconf 85' lang='lat' dir='ltr'><strong>misericorditer</strong></span> <span class='ocrx_word' id='word_1_319' title='bbox 3260 2253 3577 2305; x_wconf 83' lang='lat' dir='ltr'><strong>benedicere</strong></span> <span class='ocrx_word' id='word_1_320' title='bbox 3601 2262 3656 2305; x_wconf 89' lang='lat' dir='ltr'><strong>et</strong></span> <span class='ocrx_word' id='word_1_321' title='bbox 3679 2253 3788 2307; x_wconf 86' lang='lat' dir='ltr'><strong>cle-</strong></span> 
     </span>
    </p>
   </div>
   <div class='ocr_carea' id='block_1_52' title="bbox 2225 2336 3786 2408">
    <p class='ocr_par' dir='ltr' id='par_1_52' title="bbox 2225 2336 3786 2408">
     <span class='ocr_line' id='line_1_52' title="bbox 2225 2336 3786 2408; baseline 0.003 -20"><span class='ocrx_word' id='word_1_322' title='bbox 2225 2345 2431 2389; x_wconf 89' lang='lat' dir='ltr'><strong>menter</strong></span> <span class='ocrx_word' id='word_1_323' title='bbox 2469 2336 2824 2397; x_wconf 85' lang='lat' dir='ltr'><strong>sanctificare,</strong></span> <span class='ocrx_word' id='word_1_324' title='bbox 2875 2337 3036 2404; x_wconf 85' lang='lat' dir='ltr'><strong>quam</strong></span> <span class='ocrx_word' id='word_1_325' title='bbox 3067 2338 3160 2390; x_wconf 88' lang='lat' dir='ltr'><strong>tibi</strong></span> <span class='ocrx_word' id='word_1_326' title='bbox 3208 2339 3495 2391; x_wconf 90' lang='lat' dir='ltr'><strong>obtulimus</strong></span> <span class='ocrx_word' id='word_1_327' title='bbox 3516 2355 3614 2408; x_wconf 90' lang='lat' dir='ltr'><strong>pro</strong></span> <span class='ocrx_word' id='word_1_328' title='bbox 3635 2341 3786 2393; x_wconf 83' lang='lat' dir='ltr'><strong>vivo-</strong></span> 
     </span>
    </p>
   </div>
   <div class='ocr_carea' id='block_1_53' title="bbox 2228 2429 3790 2498">
    <p class='ocr_par' dir='ltr' id='par_1_53' title="bbox 2228 2429 3790 2498">
     <span class='ocr_line' id='line_1_53' title="bbox 2228 2429 3790 2498; baseline 0.003 -19"><span class='ocrx_word' id='word_1_329' title='bbox 2228 2445 2345 2480; x_wconf 90' lang='lat' dir='ltr'><strong>rum</strong></span> <span class='ocrx_word' id='word_1_330' title='bbox 2369 2429 2538 2482; x_wconf 86' lang='lat' dir='ltr'><strong>salute</strong></span> <span class='ocrx_word' id='word_1_331' title='bbox 2581 2437 2635 2481; x_wconf 87' lang='lat' dir='ltr'><strong>et</strong></span> <span class='ocrx_word' id='word_1_332' title='bbox 2666 2437 2998 2481; x_wconf 79' lang='lat' dir='ltr'><strong>mortuorum</strong></span> <span class='ocrx_word' id='word_1_333' title='bbox 3044 2429 3260 2498; x_wconf 89' lang='lat' dir='ltr'><strong>requie;</strong></span> <span class='ocrx_word' id='word_1_334' title='bbox 3291 2438 3342 2481; x_wconf 92' lang='lat' dir='ltr'><strong>ut</strong></span> <span class='ocrx_word' id='word_1_335' title='bbox 3375 2438 3461 2482; x_wconf 88' lang='lat' dir='ltr'><strong>tua</strong></span> <span class='ocrx_word' id='word_1_336' title='bbox 3488 2430 3790 2484; x_wconf 81' lang='lat' dir='ltr'><strong>sanctiﬁca-</strong></span> 
     </span>
    </p>
   </div>
   <div class='ocr_carea' id='block_1_54' title="bbox 2230 2516 3711 2572">
    <p class='ocr_par' dir='ltr' id='par_1_54' title="bbox 2230 2516 3711 2572">
     <span class='ocr_line' id='line_1_54' title="bbox 2230 2516 3711 2572; baseline 0.001 -3"><span class='ocrx_word' id='word_1_337' title='bbox 2230 2518 2301 2569; x_wconf 92' lang='lat' dir='ltr'><strong>tio</strong></span> <span class='ocrx_word' id='word_1_338' title='bbox 2330 2518 2399 2569; x_wconf 80' lang='lat' dir='ltr'><strong>sit</strong></span> <span class='ocrx_word' id='word_1_339' title='bbox 2427 2517 2569 2571; x_wconf 90' lang='lat' dir='ltr'><strong>salus</strong></span> <span class='ocrx_word' id='word_1_340' title='bbox 2600 2525 2653 2570; x_wconf 90' lang='lat' dir='ltr'><strong>et</strong></span> <span class='ocrx_word' id='word_1_341' title='bbox 2674 2516 2913 2570; x_wconf 88' lang='lat' dir='ltr'><strong>defensio</strong></span> <span class='ocrx_word' id='word_1_342' title='bbox 2940 2519 3256 2571; x_wconf 89' lang='lat' dir='ltr'><strong>animarum.</strong></span> <span class='ocrx_word' id='word_1_343' title='bbox 3286 2518 3386 2571; x_wconf 84' lang='lat' dir='ltr'><strong>Per</strong></span> <span class='ocrx_word' id='word_1_344' title='bbox 3409 2518 3711 2572; x_wconf 89' lang='lat' dir='ltr'><strong>Dominum.</strong></span> 
     </span>
    </p>
   </div>
   <div class='ocr_carea' id='block_1_55' title="bbox 2300 2589 3789 2680">
    <p class='ocr_par' dir='ltr' id='par_1_55' title="bbox 2300 2589 3789 2680">
     <span class='ocr_line' id='line_1_55' title="bbox 2300 2589 3789 2680; baseline 0.003 -24"><span class='ocrx_word' id='word_1_345' title='bbox 2300 2606 2568 2672; x_wconf 77' lang='lat' dir='ltr'><strong>Pra&#39;falio.</strong></span> <span class='ocrx_word' id='word_1_346' title='bbox 2626 2605 2849 2673; x_wconf 80' lang='lat' dir='ltr'><strong>Dignum</strong></span> <span class='ocrx_word' id='word_1_347' title='bbox 2877 2613 2929 2658; x_wconf 89' lang='lat' dir='ltr'><strong>et</strong></span> <span class='ocrx_word' id='word_1_348' title='bbox 2950 2589 3164 2672; x_wconf 30' lang='lat' dir='ltr'><strong>justum.</strong></span> <span class='ocrx_word' id='word_1_349' title='bbox 3183 2615 3283 2668; x_wconf 85' lang='lat' dir='ltr'><strong>est,</strong></span> <span class='ocrx_word' id='word_1_350' title='bbox 3318 2624 3496 2674; x_wconf 81' lang='lat' dir='ltr'><strong>usque,</strong></span> <span class='ocrx_word' id='word_1_351' title='bbox 3525 2623 3620 2674; x_wconf 92' lang='lat' dir='ltr'><strong>per</strong></span> <span class='ocrx_word' id='word_1_352' title='bbox 3641 2606 3789 2680; x_wconf 76' lang='lat' dir='ltr'><strong>Chri-</strong></span> 
     </span>
    </p>
   </div>
   <div class='ocr_carea' id='block_1_56' title="bbox 2233 2691 3789 2761">
    <p class='ocr_par' dir='ltr' id='par_1_56' title="bbox 2233 2691 3789 2761">
     <span class='ocr_line' id='line_1_56' title="bbox 2233 2691 3789 2761; baseline 0.002 -16"><span class='ocrx_word' id='word_1_353' title='bbox 2233 2701 2371 2745; x_wconf 88' lang='lat' dir='ltr'><strong>stum</strong></span> <span class='ocrx_word' id='word_1_354' title='bbox 2401 2691 2682 2744; x_wconf 88' lang='lat' dir='ltr'><strong>Dominum</strong></span> <span class='ocrx_word' id='word_1_355' title='bbox 2712 2701 2972 2744; x_wconf 86' lang='lat' dir='ltr'><strong>nostrum.</strong></span> <span class='ocrx_word' id='word_1_356' title='bbox 3005 2691 3105 2746; x_wconf 85' lang='lat' dir='ltr'><strong>Per</strong></span> <span class='ocrx_word' id='word_1_357' title='bbox 3135 2693 3305 2760; x_wconf 84' lang='lat' dir='ltr'><strong>ipsum</strong></span> <span class='ocrx_word' id='word_1_358' title='bbox 3350 2701 3421 2756; x_wconf 90' lang='lat' dir='ltr'><strong>te,</strong></span> <span class='ocrx_word' id='word_1_359' title='bbox 3452 2695 3789 2761; x_wconf 88' lang='lat' dir='ltr'><strong>omnipotens</strong></span> 
     </span>
    </p>
   </div>
   <div class='ocr_carea' id='block_1_57' title="bbox 2233 2779 3790 2848">
    <p class='ocr_par' dir='ltr' id='par_1_57' title="bbox 2233 2779 3790 2848">
     <span class='ocr_line' id='line_1_57' title="bbox 2233 2779 3790 2848; baseline 0.004 -18"><span class='ocrx_word' id='word_1_360' title='bbox 2233 2779 2372 2831; x_wconf 88' lang='lat' dir='ltr'><strong>Deus</strong></span> <span class='ocrx_word' id='word_1_361' title='bbox 2401 2779 2577 2842; x_wconf 87' lang='lat' dir='ltr'><strong>Pater,</strong></span> <span class='ocrx_word' id='word_1_362' title='bbox 2610 2779 2873 2848; x_wconf 90' lang='lat' dir='ltr'><strong>supplices</strong></span> <span class='ocrx_word' id='word_1_363' title='bbox 2914 2797 3219 2845; x_wconf 71' lang='lat' dir='ltr'><strong>exoramus,</strong></span> <span class='ocrx_word' id='word_1_364' title='bbox 3254 2783 3430 2836; x_wconf 86' lang='lat' dir='ltr'><strong>uthoc</strong></span> <span class='ocrx_word' id='word_1_365' title='bbox 3468 2784 3790 2836; x_wconf 71' lang='lat' dir='ltr'><strong>saetiticium</strong></span> 
     </span>
    </p>
   </div>
   <div class='ocr_carea' id='block_1_58' title="bbox 2235 2869 3793 2937">
    <p class='ocr_par' dir='ltr' id='par_1_58' title="bbox 2235 2869 3793 2937">
     <span class='ocr_line' id='line_1_58' title="bbox 2235 2869 3793 2937; baseline 0.004 -17"><span class='ocrx_word' id='word_1_366' title='bbox 2235 2878 2476 2937; x_wconf 89' lang='lat' dir='ltr'><strong>acceptes</strong></span> <span class='ocrx_word' id='word_1_367' title='bbox 2503 2871 2642 2937; x_wconf 83' lang='lat' dir='ltr'><strong>quod</strong></span> <span class='ocrx_word' id='word_1_368' title='bbox 2695 2870 2789 2924; x_wconf 89' lang='lat' dir='ltr'><strong>tibi</strong></span> <span class='ocrx_word' id='word_1_369' title='bbox 2821 2869 3112 2933; x_wconf 88' lang='lat' dir='ltr'><strong>offerimus,</strong></span> <span class='ocrx_word' id='word_1_370' title='bbox 3157 2881 3211 2924; x_wconf 88' lang='lat' dir='ltr'><strong>et</strong></span> <span class='ocrx_word' id='word_1_371' title='bbox 3242 2873 3395 2925; x_wconf 90' lang='lat' dir='ltr'><strong>nobis</strong></span> <span class='ocrx_word' id='word_1_372' title='bbox 3447 2871 3659 2926; x_wconf 88' lang='lat' dir='ltr'><strong>famulis</strong></span> <span class='ocrx_word' id='word_1_373' title='bbox 3689 2873 3793 2926; x_wconf 90' lang='lat' dir='ltr'><strong>tuis</strong></span> 
     </span>
    </p>
   </div>
   <div class='ocr_carea' id='block_1_59' title="bbox 2236 2960 3790 3031">
    <p class='ocr_par' dir='ltr' id='par_1_59' title="bbox 2236 2960 3790 3031">
     <span class='ocr_line' id='line_1_59' title="bbox 2236 2960 3790 3031; baseline 0.003 -19"><span class='ocrx_word' id='word_1_374' title='bbox 2236 2961 2448 3027; x_wconf 89' lang='lat' dir='ltr'><strong>pietatis</strong></span> <span class='ocrx_word' id='word_1_375' title='bbox 2476 2970 2574 3013; x_wconf 77' lang='lat' dir='ltr'><strong>tuac</strong></span> <span class='ocrx_word' id='word_1_376' title='bbox 2597 2960 2841 3014; x_wconf 89' lang='lat' dir='ltr'><strong>solatium</strong></span> <span class='ocrx_word' id='word_1_377' title='bbox 2872 2963 3132 3016; x_wconf 82' lang='lat' dir='ltr'><strong>concedas</strong></span> <span class='ocrx_word' id='word_1_378' title='bbox 3181 2965 3459 3031; x_wconf 89' lang='lat' dir='ltr'><strong>pr0pitius.</strong></span> <span class='ocrx_word' id='word_1_379' title='bbox 3491 2963 3662 3016; x_wconf 87' lang='lat' dir='ltr'><strong>Tuum</strong></span> <span class='ocrx_word' id='word_1_380' title='bbox 3689 2972 3790 3026; x_wconf 89' lang='lat' dir='ltr'><strong>est,</strong></span> 
     </span>
    </p>
   </div>
   <div class='ocr_carea' id='block_1_60' title="bbox 568 3042 3792 3146">
    <p class='ocr_par' dir='ltr' id='par_1_60' title="bbox 568 3042 3792 3146">
     <span class='ocr_line' id='line_1_60' title="bbox 568 3042 3792 3146; baseline 0.001 -47"><span class='ocrx_word' id='word_1_381' title='bbox 568 3046 893 3100; x_wconf 86' lang='lat' dir='ltr'><strong>tercessione</strong></span> <span class='ocrx_word' id='word_1_382' title='bbox 923 3061 951 3096; x_wconf 91' lang='lat' dir='ltr'><strong>a</strong></span> <span class='ocrx_word' id='word_1_383' title='bbox 998 3045 1248 3114; x_wconf 56' lang='lat' dir='ltr'><strong>praesenti</strong></span> <span class='ocrx_word' id='word_1_384' title='bbox 1300 3043 1514 3096; x_wconf 89' lang='lat' dir='ltr'><strong>liberari</strong></span> <span class='ocrx_word' id='word_1_385' title='bbox 1563 3042 1800 3106; x_wconf 85' lang='lat' dir='ltr'><strong>tristitia,</strong></span> <span class='ocrx_word' id='word_1_386' title='bbox 1850 3051 1903 3094; x_wconf 86' lang='lat' dir='ltr'><strong>et</strong></span> <span class='ocrx_word' id='word_1_387' title='bbox 1953 3042 2132 3093; x_wconf 83' lang='lat' dir='ltr'><strong>futura</strong></span> <span class='ocrx_word' id='word_1_388' title='bbox 2159 3082 2206 3146; x_wconf 79' lang='lat' dir='ltr'>c</span> <span class='ocrx_word' id='word_1_389' title='bbox 2241 3044 2484 3108; x_wconf 88' lang='lat' dir='ltr'><strong>Domine,</strong></span> <span class='ocrx_word' id='word_1_390' title='bbox 2527 3063 2718 3100; x_wconf 88' lang='lat' dir='ltr'><strong>sanare</strong></span> <span class='ocrx_word' id='word_1_391' title='bbox 2747 3049 3006 3101; x_wconf 82' lang='lat' dir='ltr'><strong>contritus</strong></span> <span class='ocrx_word' id='word_1_392' title='bbox 3030 3048 3210 3112; x_wconf 85' lang='lat' dir='ltr'><strong>corde,</strong></span> <span class='ocrx_word' id='word_1_393' title='bbox 3244 3059 3391 3103; x_wconf 90' lang='lat' dir='ltr'><strong>tuum</strong></span> <span class='ocrx_word' id='word_1_394' title='bbox 3420 3059 3503 3103; x_wconf 82' lang='lat' dir='ltr'><strong>est</strong></span> <span class='ocrx_word' id='word_1_395' title='bbox 3529 3051 3792 3105; x_wconf 89' lang='lat' dir='ltr'><strong>consolari</strong></span> 
     </span>
    </p>
   </div>
   <div class='ocr_carea' id='block_1_61' title="bbox 565 3133 1720 3205">
    <p class='ocr_par' dir='ltr' id='par_1_61' title="bbox 565 3133 1720 3205">
     <span class='ocr_line' id='line_1_61' title="bbox 565 3133 1720 3205; baseline -0.006 -17"><span class='ocrx_word' id='word_1_396' title='bbox 565 3135 764 3205; x_wconf 86' lang='lat' dir='ltr'><strong>perfrui</strong></span> <span class='ocrx_word' id='word_1_397' title='bbox 787 3135 986 3187; x_wconf 71' lang='lat' dir='ltr'><strong>laetitia.</strong></span> <span class='ocrx_word' id='word_1_398' title='bbox 1014 3133 1118 3186; x_wconf 83' lang='lat' dir='ltr'><strong>Per</strong></span> <span class='ocrx_word' id='word_1_399' title='bbox 1153 3133 1435 3186; x_wconf 89' lang='lat' dir='ltr'><strong>Dominum</strong></span> <span class='ocrx_word' id='word_1_400' title='bbox 1459 3141 1720 3184; x_wconf 90' lang='lat' dir='ltr'><strong>nostrum.</strong></span> 
     </span>
    </p>
   </div>
   <div class='ocr_carea' id='block_1_62' title="bbox 641 3220 2123 3290">
    <p class='ocr_par' dir='ltr' id='par_1_62' title="bbox 641 3220 2123 3290">
     <span class='ocr_line' id='line_1_62' title="bbox 641 3220 2123 3290; baseline -0.003 -14"><span class='ocrx_word' id='word_1_401' title='bbox 641 3223 811 3276; x_wconf 74' lang='lat' dir='ltr'><strong>Lectio</strong></span> <span class='ocrx_word' id='word_1_402' title='bbox 859 3222 974 3274; x_wconf 81' lang='lat' dir='ltr'><strong>libri</strong></span> <span class='ocrx_word' id='word_1_403' title='bbox 1009 3221 1307 3290; x_wconf 71' lang='lat' dir='ltr'><strong>Sapienliw.</strong></span> <span class='ocrx_word' id='word_1_404' title='bbox 1360 3221 1440 3273; x_wconf 80' lang='lat' dir='ltr'><strong>Ab</strong></span> <span class='ocrx_word' id='word_1_405' title='bbox 1486 3221 1637 3272; x_wconf 89' lang='lat' dir='ltr'><strong>initio</strong></span> <span class='ocrx_word' id='word_1_406' title='bbox 1676 3228 1730 3271; x_wconf 89' lang='lat' dir='ltr'><strong>et</strong></span> <span class='ocrx_word' id='word_1_407' title='bbox 1756 3227 1878 3272; x_wconf 88' lang='lat' dir='ltr'><strong>ante</strong></span> <span class='ocrx_word' id='word_1_408' title='bbox 1927 3220 2123 3272; x_wconf 63' lang='lat' dir='ltr'><strong>sarcula</strong></span> 
     </span>
    </p>
   </div>
   <div class='ocr_carea' id='block_1_63' title="bbox 568 3310 1288 3377">
    <p class='ocr_par' dir='ltr' id='par_1_63' title="bbox 568 3310 1288 3377">
     <span class='ocr_line' id='line_1_63' title="bbox 568 3310 1288 3377; baseline -0.007 -13"><span class='ocrx_word' id='word_1_409' title='bbox 568 3319 751 3364; x_wconf 87' lang='lat' dir='ltr'><strong>creata</strong></span> <span class='ocrx_word' id='word_1_410' title='bbox 778 3325 916 3371; x_wconf 91' lang='lat' dir='ltr'><strong>sum,</strong></span> <span class='ocrx_word' id='word_1_411' title='bbox 946 3317 999 3362; x_wconf 88' lang='lat' dir='ltr'><strong>et</strong></span> <span class='ocrx_word' id='word_1_412' title='bbox 1026 3325 1193 3377; x_wconf 89' lang='lat' dir='ltr'><strong>usque</strong></span> <span class='ocrx_word' id='word_1_413' title='bbox 1215 3310 1288 3360; x_wconf 89' lang='lat' dir='ltr'><strong>in.</strong></span> 
     </span>
    </p>
   </div>
   <div class='ocr_carea' id='block_1_64' title="bbox 640 3393 2125 3468">
    <p class='ocr_par' dir='ltr' id='par_1_64' title="bbox 640 3393 2125 3468">
     <span class='ocr_line' id='line_1_64' title="bbox 640 3393 2125 3468; baseline -0.002 -18"><span class='ocrx_word' id='word_1_414' title='bbox 640 3398 916 3468; x_wconf 84' lang='lat' dir='ltr'><strong>Sequenlia</strong></span> <span class='ocrx_word' id='word_1_415' title='bbox 953 3399 1118 3449; x_wconf 80' lang='lat' dir='ltr'><strong>sancti</strong></span> <span class='ocrx_word' id='word_1_416' title='bbox 1168 3396 1438 3465; x_wconf 81' lang='lat' dir='ltr'><strong>Evangelii</strong></span> <span class='ocrx_word' id='word_1_417' title='bbox 1493 3393 1774 3450; x_wconf 73' lang='lat' dir='ltr'><strong>secundum</strong></span> <span class='ocrx_word' id='word_1_418' title='bbox 1823 3395 2034 3448; x_wconf 86' lang='lat' dir='ltr'><strong>Lucam.</strong></span> <span class='ocrx_word' id='word_1_419' title='bbox 2068 3395 2125 3448; x_wconf 82' lang='lat' dir='ltr'><strong>In</strong></span> 
     </span>
    </p>
   </div>
   <div class='ocr_carea' id='block_1_65' title="bbox 573 3483 2123 3555">
    <p class='ocr_par' dir='ltr' id='par_1_65' title="bbox 573 3483 2123 3555">
     <span class='ocr_line' id='line_1_65' title="bbox 573 3483 2123 3555; baseline -0.002 -12"><span class='ocrx_word' id='word_1_420' title='bbox 573 3489 664 3543; x_wconf 90' lang='lat' dir='ltr'><strong>illo</strong></span> <span class='ocrx_word' id='word_1_421' title='bbox 692 3497 946 3555; x_wconf 90' lang='lat' dir='ltr'><strong>tempore,</strong></span> <span class='ocrx_word' id='word_1_422' title='bbox 979 3486 1199 3538; x_wconf 84' lang='lat' dir='ltr'><strong>intravit</strong></span> <span class='ocrx_word' id='word_1_423' title='bbox 1226 3483 1380 3538; x_wconf 79' lang='lat' dir='ltr'><strong>Jesus</strong></span> <span class='ocrx_word' id='word_1_424' title='bbox 1412 3487 1465 3537; x_wconf 90' lang='lat' dir='ltr'><strong>in</strong></span> <span class='ocrx_word' id='word_1_425' title='bbox 1511 3486 1777 3554; x_wconf 86' lang='lat' dir='ltr'><strong>quoddam</strong></span> <span class='ocrx_word' id='word_1_426' title='bbox 1826 3486 2123 3540; x_wconf 82' lang='lat' dir='ltr'><strong>castellum.</strong></span> 
     </span>
    </p>
   </div>
   <div class='ocr_carea' id='block_1_66' title="bbox 573 3575 863 3630">
    <p class='ocr_par' dir='ltr' id='par_1_66' title="bbox 573 3575 863 3630">
     <span class='ocr_line' id='line_1_66' title="bbox 573 3575 863 3630; baseline -0.007 -1"><span class='ocrx_word' id='word_1_427' title='bbox 573 3584 628 3630; x_wconf 88' lang='lat' dir='ltr'><strong>et</strong></span> <span class='ocrx_word' id='word_1_428' title='bbox 655 3575 863 3629; x_wconf 90' lang='lat' dir='ltr'><strong>mulier.</strong></span> 
     </span>
    </p>
   </div>
   <div class='ocr_carea' id='block_1_67' title="bbox 644 3657 2131 3729">
    <p class='ocr_par' dir='ltr' id='par_1_67' title="bbox 644 3657 2131 3729">
     <span class='ocr_line' id='line_1_67' title="bbox 644 3657 2131 3729; baseline -0.007 -11"><span class='ocrx_word' id='word_1_429' title='bbox 644 3663 872 3718; x_wconf 85' lang='lat' dir='ltr'><strong>Secreta.</strong></span> <span class='ocrx_word' id='word_1_430' title='bbox 901 3661 1035 3725; x_wconf 92' lang='lat' dir='ltr'><strong>Tua,</strong></span> <span class='ocrx_word' id='word_1_431' title='bbox 1065 3661 1306 3723; x_wconf 89' lang='lat' dir='ltr'><strong>Domine,</strong></span> <span class='ocrx_word' id='word_1_432' title='bbox 1335 3661 1730 3729; x_wconf 89' lang='lat' dir='ltr'><strong>pr0pitiatione,</strong></span> <span class='ocrx_word' id='word_1_433' title='bbox 1754 3669 1808 3712; x_wconf 87' lang='lat' dir='ltr'><strong>et</strong></span> <span class='ocrx_word' id='word_1_434' title='bbox 1837 3660 2001 3712; x_wconf 67' lang='lat' dir='ltr'><strong>beata:</strong></span> <span class='ocrx_word' id='word_1_435' title='bbox 2031 3657 2131 3708; x_wconf 66' lang='lat' dir='ltr'><strong>lla-</strong></span> 
     </span>
    </p>
   </div>
   <div class='ocr_carea' id='block_1_68' title="bbox 576 3750 2131 3820">
    <p class='ocr_par' dir='ltr' id='par_1_68' title="bbox 576 3750 2131 3820">
     <span class='ocr_line' id='line_1_68' title="bbox 576 3750 2131 3820; baseline -0.006 -14"><span class='ocrx_word' id='word_1_436' title='bbox 576 3755 667 3806; x_wconf 76' lang='lat' dir='ltr'><strong>ria:</strong></span> <span class='ocrx_word' id='word_1_437' title='bbox 695 3767 905 3820; x_wconf 88' lang='lat' dir='ltr'><strong>semper</strong></span> <span class='ocrx_word' id='word_1_438' title='bbox 929 3751 1149 3820; x_wconf 89' lang='lat' dir='ltr'><strong>virginis</strong></span> <span class='ocrx_word' id='word_1_439' title='bbox 1179 3750 1578 3811; x_wconf 87' lang='lat' dir='ltr'><strong>intercessione,</strong></span> <span class='ocrx_word' id='word_1_440' title='bbox 1609 3750 1674 3800; x_wconf 89' lang='lat' dir='ltr'><strong>ad</strong></span> <span class='ocrx_word' id='word_1_441' title='bbox 1714 3758 2024 3814; x_wconf 89' lang='lat' dir='ltr'><strong>perpetuam</strong></span> <span class='ocrx_word' id='word_1_442' title='bbox 2053 3755 2131 3797; x_wconf 85' lang='lat' dir='ltr'><strong>at-</strong></span> 
     </span>
    </p>
   </div>
   <div class='ocr_carea' id='block_1_69' title="bbox 575 3838 2133 3911">
    <p class='ocr_par' dir='ltr' id='par_1_69' title="bbox 575 3838 2133 3911">
     <span class='ocr_line' id='line_1_69' title="bbox 575 3838 2133 3911; baseline -0.006 -14"><span class='ocrx_word' id='word_1_443' title='bbox 575 3859 678 3910; x_wconf 88' lang='lat' dir='ltr'><strong>que</strong></span> <span class='ocrx_word' id='word_1_444' title='bbox 705 3850 1021 3911; x_wconf 53' lang='lat' dir='ltr'><strong>prasentem</strong></span> <span class='ocrx_word' id='word_1_445' title='bbox 1062 3841 1176 3892; x_wconf 66' lang='lat' dir='ltr'><strong>haec</strong></span> <span class='ocrx_word' id='word_1_446' title='bbox 1217 3839 1416 3893; x_wconf 87' lang='lat' dir='ltr'><strong>oblatio</strong></span> <span class='ocrx_word' id='word_1_447' title='bbox 1457 3840 1609 3891; x_wconf 90' lang='lat' dir='ltr'><strong>nobis</strong></span> <span class='ocrx_word' id='word_1_448' title='bbox 1650 3838 1893 3906; x_wconf 84' lang='lat' dir='ltr'><strong>proﬁciat</strong></span> <span class='ocrx_word' id='word_1_449' title='bbox 1920 3851 2133 3908; x_wconf 85' lang='lat' dir='ltr'><strong>prospe-</strong></span> 
     </span>
    </p>
   </div>
   <div class='ocr_carea' id='block_1_70' title="bbox 581 3929 1542 3983">
    <p class='ocr_par' dir='ltr' id='par_1_70' title="bbox 581 3929 1542 3983">
     <span class='ocr_line' id='line_1_70' title="bbox 581 3929 1542 3983; baseline -0.006 0"><span class='ocrx_word' id='word_1_450' title='bbox 581 3933 810 3983; x_wconf 79' lang='lat' dir='ltr'><strong>ritatem.</strong></span> <span class='ocrx_word' id='word_1_451' title='bbox 844 3930 944 3982; x_wconf 88' lang='lat' dir='ltr'><strong>Per</strong></span> <span class='ocrx_word' id='word_1_452' title='bbox 969 3929 1252 3980; x_wconf 92' lang='lat' dir='ltr'><strong>Dominum</strong></span> <span class='ocrx_word' id='word_1_453' title='bbox 1282 3936 1542 3981; x_wconf 89' lang='lat' dir='ltr'><strong>nostrum.</strong></span> 
     </span>
    </p>
   </div>
   <div class='ocr_carea' id='block_1_71' title="bbox 656 4017 2135 4085">
    <p class='ocr_par' dir='ltr' id='par_1_71' title="bbox 656 4017 2135 4085">
     <span class='ocr_line' id='line_1_71' title="bbox 656 4017 2135 4085; baseline 0 -15"><span class='ocrx_word' id='word_1_454' title='bbox 656 4019 1040 4072; x_wconf 75' lang='lat' dir='ltr'><strong>Postcommun.</strong></span> <span class='ocrx_word' id='word_1_455' title='bbox 1103 4017 1360 4085; x_wconf 85' lang='lat' dir='ltr'><strong>Sumptis,</strong></span> <span class='ocrx_word' id='word_1_456' title='bbox 1426 4017 1666 4080; x_wconf 87' lang='lat' dir='ltr'><strong>Domine,</strong></span> <span class='ocrx_word' id='word_1_457' title='bbox 1705 4019 1909 4070; x_wconf 84' lang='lat' dir='ltr'><strong>salutis</strong></span> <span class='ocrx_word' id='word_1_458' title='bbox 1941 4029 2135 4070; x_wconf 67' lang='lat' dir='ltr'><strong>ucstra:</strong></span> 
     </span>
    </p>
   </div>
   <div class='ocr_carea' id='block_1_72' title="bbox 580 4106 2136 4176">
    <p class='ocr_par' dir='ltr' id='par_1_72' title="bbox 580 4106 2136 4176">
     <span class='ocr_line' id='line_1_72' title="bbox 580 4106 2136 4176; baseline -0.001 -15"><span class='ocrx_word' id='word_1_459' title='bbox 580 4108 850 4170; x_wconf 86' lang='lat' dir='ltr'><strong>subsidiis,</strong></span> <span class='ocrx_word' id='word_1_460' title='bbox 896 4106 1004 4174; x_wconf 85' lang='lat' dir='ltr'><strong>da,_</strong></span> <span class='ocrx_word' id='word_1_461' title='bbox 1039 4122 1360 4175; x_wconf 84' lang='lat' dir='ltr'><strong>quaesumus,</strong></span> <span class='ocrx_word' id='word_1_462' title='bbox 1406 4106 1518 4174; x_wconf 87' lang='lat' dir='ltr'><strong>ejus</strong></span> <span class='ocrx_word' id='word_1_463' title='bbox 1542 4109 1850 4176; x_wconf 85' lang='lat' dir='ltr'><strong>patrociniis</strong></span> <span class='ocrx_word' id='word_1_464' title='bbox 1897 4107 1993 4161; x_wconf 82' lang='lat' dir='ltr'><strong>nos</strong></span> <span class='ocrx_word' id='word_1_465' title='bbox 2022 4108 2136 4160; x_wconf 91' lang='lat' dir='ltr'><strong>ubi-</strong></span> 
     </span>
    </p>
   </div>
   <div class='ocr_carea' id='block_1_73' title="bbox 581 4196 2137 4266">
    <p class='ocr_par' dir='ltr' id='par_1_73' title="bbox 581 4196 2137 4266">
     <span class='ocr_line' id='line_1_73' title="bbox 581 4196 2137 4266; baseline -0.002 -16"><span class='ocrx_word' id='word_1_466' title='bbox 581 4214 684 4265; x_wconf 90' lang='lat' dir='ltr'><strong>que</strong></span> <span class='ocrx_word' id='word_1_467' title='bbox 707 4198 927 4266; x_wconf 77' lang='lat' dir='ltr'><strong>protegi,</strong></span> <span class='ocrx_word' id='word_1_468' title='bbox 961 4198 1010 4249; x_wconf 93' lang='lat' dir='ltr'><strong>in</strong></span> <span class='ocrx_word' id='word_1_469' title='bbox 1042 4196 1192 4263; x_wconf 89' lang='lat' dir='ltr'><strong>cujus</strong></span> <span class='ocrx_word' id='word_1_470' title='bbox 1221 4198 1562 4251; x_wconf 88' lang='lat' dir='ltr'><strong>veneratione</strong></span> <span class='ocrx_word' id='word_1_471' title='bbox 1594 4199 1702 4251; x_wconf 70' lang='lat' dir='ltr'><strong>htec</strong></span> <span class='ocrx_word' id='word_1_472' title='bbox 1724 4208 1823 4252; x_wconf 73' lang='lat' dir='ltr'><strong>tuae</strong></span> <span class='ocrx_word' id='word_1_473' title='bbox 1853 4198 2137 4251; x_wconf 90' lang='lat' dir='ltr'><strong>obtulimus</strong></span> 
     </span>
    </p>
   </div>
   <div class='ocr_carea' id='block_1_74' title="bbox 585 4284 1025 4351">
    <p class='ocr_par' dir='ltr' id='par_1_74' title="bbox 585 4284 1025 4351">
     <span class='ocr_line' id='line_1_74' title="bbox 585 4284 1025 4351; baseline -0.007 -13"><span class='ocrx_word' id='word_1_474' title='bbox 585 4285 873 4351; x_wconf 64' lang='lat' dir='ltr'><strong>maiestati.</strong></span> <span class='ocrx_word' id='word_1_475' title='bbox 907 4284 1025 4339; x_wconf 81' lang='lat' dir='ltr'><strong>Per.</strong></span> 
     </span>
    </p>
   </div>
   <div class='ocr_carea' id='block_1_75' title="bbox 657 4374 2222 4457">
    <p class='ocr_par' dir='ltr' id='par_1_75' title="bbox 657 4374 2222 4457">
     <span class='ocr_line' id='line_1_75' title="bbox 657 4374 2222 4457; baseline -0.001 -30"><span class='ocrx_word' id='word_1_476' title='bbox 657 4375 760 4446; x_wconf 60' lang='grc' dir='ltr'><strong>ιι</strong></span> <span class='ocrx_word' id='word_1_477' title='bbox 794 4374 962 4456; x_wconf 79' lang='lat' dir='ltr'><strong>Super</strong></span> <span class='ocrx_word' id='word_1_478' title='bbox 982 4376 1249 4443; x_wconf 73' lang='lat' dir='ltr'><strong>populum.</strong></span> <span class='ocrx_word' id='word_1_479' title='bbox 1305 4374 1650 4444; x_wconf 82' lang='lat' dir='ltr'><strong>Omnipotens</strong></span> <span class='ocrx_word' id='word_1_480' title='bbox 1699 4375 1856 4437; x_wconf 90' lang='lat' dir='ltr'><strong>Deus,</strong></span> <span class='ocrx_word' id='word_1_481' title='bbox 1920 4375 2141 4427; x_wconf 79' lang='lat' dir='ltr'><strong>famulos</strong></span> <span class='ocrx_word' id='word_1_482' title='bbox 2179 4403 2222 4457; x_wconf 72' lang='grc' dir='ltr'><strong>ο</strong></span> 
     </span>
    </p>
   </div>
   <div class='ocr_carea' id='block_1_76' title="bbox 587 4468 2146 4537">
    <p class='ocr_par' dir='ltr' id='par_1_76' title="bbox 587 4468 2146 4537">
     <span class='ocr_line' id='line_1_76' title="bbox 587 4468 2146 4537; baseline -0.001 -15"><span class='ocrx_word' id='word_1_483' title='bbox 587 4479 706 4522; x_wconf 88' lang='lat' dir='ltr'><strong>tuos</strong></span> <span class='ocrx_word' id='word_1_484' title='bbox 729 4469 949 4521; x_wconf 75' lang='lat' dir='ltr'><strong>dextera</strong></span> <span class='ocrx_word' id='word_1_485' title='bbox 981 4468 1232 4534; x_wconf 64' lang='lat' dir='ltr'><strong>potentia:</strong></span> <span class='ocrx_word' id='word_1_486' title='bbox 1260 4477 1362 4521; x_wconf 68' lang='lat' dir='ltr'><strong>tua:</strong></span> <span class='ocrx_word' id='word_1_487' title='bbox 1387 4484 1417 4520; x_wconf 92' lang='lat' dir='ltr'><strong>a</strong></span> <span class='ocrx_word' id='word_1_488' title='bbox 1446 4469 1651 4521; x_wconf 88' lang='lat' dir='ltr'><strong>cunctis</strong></span> <span class='ocrx_word' id='word_1_489' title='bbox 1681 4476 1896 4537; x_wconf 88' lang='lat' dir='ltr'><strong>protege</strong></span> <span class='ocrx_word' id='word_1_490' title='bbox 1943 4470 2146 4537; x_wconf 88' lang='lat' dir='ltr'><strong>pericu-</strong></span> 
     </span>
    </p>
   </div>
   <div class='ocr_carea' id='block_1_77' title="bbox 587 4556 2148 4625">
    <p class='ocr_par' dir='ltr' id='par_1_77' title="bbox 587 4556 2148 4625">
     <span class='ocr_line' id='line_1_77' title="bbox 587 4556 2148 4625; baseline 0 -15"><span class='ocrx_word' id='word_1_491' title='bbox 587 4557 670 4621; x_wconf 90' lang='lat' dir='ltr'><strong>lis,</strong></span> <span class='ocrx_word' id='word_1_492' title='bbox 697 4565 751 4610; x_wconf 86' lang='lat' dir='ltr'><strong>et</strong></span> <span class='ocrx_word' id='word_1_493' title='bbox 773 4557 928 4609; x_wconf 87' lang='lat' dir='ltr'><strong>beata</strong></span> <span class='ocrx_word' id='word_1_494' title='bbox 957 4556 1120 4609; x_wconf 81' lang='lat' dir='ltr'><strong>Maria</strong></span> <span class='ocrx_word' id='word_1_495' title='bbox 1152 4571 1361 4624; x_wconf 91' lang='lat' dir='ltr'><strong>semper</strong></span> <span class='ocrx_word' id='word_1_496' title='bbox 1403 4557 1604 4625; x_wconf 78' lang='lat' dir='ltr'><strong>virgine</strong></span> <span class='ocrx_word' id='word_1_497' title='bbox 1650 4558 2032 4621; x_wconf 87' lang='lat' dir='ltr'><strong>intercedente,</strong></span> <span class='ocrx_word' id='word_1_498' title='bbox 2067 4558 2148 4610; x_wconf 80' lang='lat' dir='ltr'><strong>fac</strong></span> 
     </span>
    </p>
   </div>
   <div class='ocr_carea' id='block_1_78' title="bbox 585 4644 2075 4714">
    <p class='ocr_par' dir='ltr' id='par_1_78' title="bbox 585 4644 2075 4714">
     <span class='ocr_line' id='line_1_78' title="bbox 585 4644 2075 4714; baseline -0.002 -15"><span class='ocrx_word' id='word_1_499' title='bbox 585 4660 684 4700; x_wconf 79' lang='lat' dir='ltr'><strong>nos</strong></span> <span class='ocrx_word' id='word_1_500' title='bbox 709 4646 958 4713; x_wconf 73' lang='lat' dir='ltr'><strong>praesenti</strong></span> <span class='ocrx_word' id='word_1_501' title='bbox 990 4645 1219 4714; x_wconf 80' lang='lat' dir='ltr'><strong>gaudere</strong></span> <span class='ocrx_word' id='word_1_502' title='bbox 1246 4646 1601 4712; x_wconf 89' lang='lat' dir='ltr'><strong>prosperitate</strong></span> <span class='ocrx_word' id='word_1_503' title='bbox 1631 4653 1685 4698; x_wconf 89' lang='lat' dir='ltr'><strong>et</strong></span> <span class='ocrx_word' id='word_1_504' title='bbox 1706 4653 1924 4697; x_wconf 81' lang='lat' dir='ltr'><strong>acterna.</strong></span> <span class='ocrx_word' id='word_1_505' title='bbox 1957 4644 2075 4697; x_wconf 85' lang='lat' dir='ltr'><strong>Per.</strong></span> 
     </span>
    </p>
   </div>
   <div class='ocr_carea' id='block_1_79' title="bbox 686 4754 2050 4808">
    <p class='ocr_par' dir='ltr' id='par_1_79' title="bbox 686 4754 2050 4808">
     <span class='ocr_line' id='line_1_79' title="bbox 686 4754 2050 4808; baseline -0.001 -2"><span class='ocrx_word' id='word_1_506' title='bbox 686 4754 820 4807; x_wconf 79' lang='lat' dir='ltr'><strong>Item</strong></span> <span class='ocrx_word' id='word_1_507' title='bbox 845 4756 1002 4808; x_wconf 72' lang='lat' dir='ltr'><strong>missa</strong></span> <span class='ocrx_word' id='word_1_508' title='bbox 1034 4757 1088 4807; x_wconf 80' lang='lat' dir='ltr'><strong>in</strong></span> <span class='ocrx_word' id='word_1_509' title='bbox 1123 4757 1602 4807; x_wconf 82' lang='lat' dir='ltr'><strong>commemoratione</strong></span> <span class='ocrx_word' id='word_1_510' title='bbox 1626 4765 1818 4806; x_wconf 62' lang='lat' dir='ltr'><strong>sanctis</strong></span> <span class='ocrx_word' id='word_1_511' title='bbox 1848 4754 2050 4806; x_wconf 64' lang='lat' dir='ltr'><strong>Marica.</strong></span> 
     </span>
    </p>
   </div>
   <div class='ocr_carea' id='block_1_80' title="bbox 664 4860 2149 4928">
    <p class='ocr_par' dir='ltr' id='par_1_80' title="bbox 664 4860 2149 4928">
     <span class='ocr_line' id='line_1_80' title="bbox 664 4860 2149 4928; baseline -0.001 -15"><span class='ocrx_word' id='word_1_512' title='bbox 664 4860 1003 4913; x_wconf 83' lang='lat' dir='ltr'><strong>Famulorum</strong></span> <span class='ocrx_word' id='word_1_513' title='bbox 1033 4869 1267 4924; x_wconf 85' lang='lat' dir='ltr'><strong>tuorum,</strong></span> <span class='ocrx_word' id='word_1_514' title='bbox 1316 4876 1637 4928; x_wconf 68' lang='lat' dir='ltr'><strong>qumsumus,</strong></span> <span class='ocrx_word' id='word_1_515' title='bbox 1677 4860 1887 4913; x_wconf 77' lang='lat' dir='ltr'><strong>delictis</strong></span> <span class='ocrx_word' id='word_1_516' title='bbox 1916 4861 2149 4927; x_wconf 77' lang='lat' dir='ltr'><strong>ignosce,</strong></span> 
     </span>
    </p>
   </div>
   <div class='ocr_carea' id='block_1_81' title="bbox 595 4947 2189 5020">
    <p class='ocr_par' dir='ltr' id='par_1_81' title="bbox 595 4947 2189 5020">
     <span class='ocr_line' id='line_1_81' title="bbox 595 4947 2189 5020; baseline -0.004 -16"><span class='ocrx_word' id='word_1_517' title='bbox 595 4962 646 5004; x_wconf 90' lang='lat' dir='ltr'><strong>et</strong></span> <span class='ocrx_word' id='word_1_518' title='bbox 667 4953 758 5020; x_wconf 90' lang='lat' dir='ltr'><strong>qui</strong></span> <span class='ocrx_word' id='word_1_519' title='bbox 788 4951 996 5019; x_wconf 87' lang='lat' dir='ltr'><strong>placere</strong></span> <span class='ocrx_word' id='word_1_520' title='bbox 1025 4951 1088 5003; x_wconf 89' lang='lat' dir='ltr'><strong>de</strong></span> <span class='ocrx_word' id='word_1_521' title='bbox 1119 4950 1326 5010; x_wconf 86' lang='lat' dir='ltr'><strong>actibus</strong></span> <span class='ocrx_word' id='word_1_522' title='bbox 1358 4951 1552 5001; x_wconf 85' lang='lat' dir='ltr'><strong>nostris</strong></span> <span class='ocrx_word' id='word_1_523' title='bbox 1584 4963 1688 5000; x_wconf 89' lang='lat' dir='ltr'><strong>non</strong></span> <span class='ocrx_word' id='word_1_524' title='bbox 1720 4947 1976 5008; x_wconf 85' lang='lat' dir='ltr'><strong>valemus,</strong></span> <span class='ocrx_word' id='word_1_525' title='bbox 2009 4948 2153 5014; x_wconf 86' lang='lat' dir='ltr'><strong>gcni-</strong></span> <span class='ocrx_word' id='word_1_526' title='bbox 2181 4966 2189 4976; x_wconf 90' lang='grc'>·</span> 
     </span>
    </p>
   </div>
   <div class='ocr_carea' id='block_1_82' title="bbox 598 5035 2156 5093">
    <p class='ocr_par' dir='ltr' id='par_1_82' title="bbox 598 5035 2156 5093">
     <span class='ocr_line' id='line_1_82' title="bbox 598 5035 2156 5093; baseline -0.003 0"><span class='ocrx_word' id='word_1_527' title='bbox 598 5043 745 5093; x_wconf 89' lang='lat' dir='ltr'><strong>tricis</strong></span> <span class='ocrx_word' id='word_1_528' title='bbox 775 5041 890 5093; x_wconf 83' lang='lat' dir='ltr'><strong>Filii</strong></span> <span class='ocrx_word' id='word_1_529' title='bbox 923 5042 996 5093; x_wconf 91' lang='lat' dir='ltr'><strong>tui</strong></span> <span class='ocrx_word' id='word_1_530' title='bbox 1044 5038 1251 5091; x_wconf 88' lang='lat' dir='ltr'><strong>Domini</strong></span> <span class='ocrx_word' id='word_1_531' title='bbox 1292 5038 1456 5091; x_wconf 88' lang='lat' dir='ltr'><strong>nostri</strong></span> <span class='ocrx_word' id='word_1_532' title='bbox 1505 5035 1629 5090; x_wconf 81' lang='lat' dir='ltr'><strong>Jesu</strong></span> <span class='ocrx_word' id='word_1_533' title='bbox 1672 5036 1867 5088; x_wconf 86' lang='lat' dir='ltr'><strong>Christi</strong></span> <span class='ocrx_word' id='word_1_534' title='bbox 1907 5037 2156 5088; x_wconf 84' lang='lat' dir='ltr'><strong>interces—</strong></span> 
     </span>
    </p>
   </div>
   <div class='ocr_carea' id='block_1_83' title="bbox 599 5126 2152 5196">
    <p class='ocr_par' dir='ltr' id='par_1_83' title="bbox 599 5126 2152 5196">
     <span class='ocr_line' id='line_1_83' title="bbox 599 5126 2152 5196; baseline -0.003 -16"><span class='ocrx_word' id='word_1_535' title='bbox 599 5131 770 5192; x_wconf 82' lang='lat' dir='ltr'><strong>sione,</strong></span> <span class='ocrx_word' id='word_1_536' title='bbox 798 5143 914 5196; x_wconf 76' lang='lat' dir='ltr'><strong>quae</strong></span> <span class='ocrx_word' id='word_1_537' title='bbox 961 5129 1054 5180; x_wconf 90' lang='lat' dir='ltr'><strong>tibi</strong></span> <span class='ocrx_word' id='word_1_538' title='bbox 1119 5136 1244 5178; x_wconf 90' lang='lat' dir='ltr'><strong>sunt</strong></span> <span class='ocrx_word' id='word_1_539' title='bbox 1295 5127 1489 5194; x_wconf 90' lang='lat' dir='ltr'><strong>placita</strong></span> <span class='ocrx_word' id='word_1_540' title='bbox 1545 5141 1753 5194; x_wconf 86' lang='lat' dir='ltr'><strong>semper</strong></span> <span class='ocrx_word' id='word_1_541' title='bbox 1814 5126 2152 5187; x_wconf 77' lang='lat' dir='ltr'><strong>meditantes,</strong></span> 
     </span>
    </p>
   </div>
   <div class='ocr_carea' id='block_1_84' title="bbox 605 5211 2151 5282">
    <p class='ocr_par' dir='ltr' id='par_1_84' title="bbox 605 5211 2151 5282">
     <span class='ocr_line' id='line_1_84' title="bbox 605 5211 2151 5282; baseline -0.005 -14"><span class='ocrx_word' id='word_1_542' title='bbox 605 5216 802 5268; x_wconf 90' lang='lat' dir='ltr'><strong>mundo</strong></span> <span class='ocrx_word' id='word_1_543' title='bbox 824 5216 983 5266; x_wconf 89' lang='lat' dir='ltr'><strong>corde</strong></span> <span class='ocrx_word' id='word_1_544' title='bbox 1022 5215 1218 5282; x_wconf 68' lang='lat' dir='ltr'><strong>iugiter</strong></span> <span class='ocrx_word' id='word_1_545' title='bbox 1246 5223 1299 5266; x_wconf 92' lang='lat' dir='ltr'><strong>et</strong></span> <span class='ocrx_word' id='word_1_546' title='bbox 1321 5213 1477 5266; x_wconf 87' lang='lat' dir='ltr'><strong>dictis</strong></span> <span class='ocrx_word' id='word_1_547' title='bbox 1516 5227 1868 5280; x_wconf 81' lang='lat' dir='ltr'><strong>exsequamur</strong></span> <span class='ocrx_word' id='word_1_548' title='bbox 1889 5222 1942 5263; x_wconf 89' lang='lat' dir='ltr'><strong>et</strong></span> <span class='ocrx_word' id='word_1_549' title='bbox 1984 5211 2151 5262; x_wconf 86' lang='lat' dir='ltr'><strong>factis.</strong></span> 
     </span>
    </p>
   </div>
   <div class='ocr_carea' id='block_1_85' title="bbox 675 5302 2154 5370">
    <p class='ocr_par' dir='ltr' id='par_1_85' title="bbox 675 5302 2154 5370">
     <span class='ocr_line' id='line_1_85' title="bbox 675 5302 2154 5370; baseline -0.005 -11"><span class='ocrx_word' id='word_1_550' title='bbox 675 5304 900 5359; x_wconf 76' lang='lat' dir='ltr'><strong>Secreta.</strong></span> <span class='ocrx_word' id='word_1_551' title='bbox 926 5303 1292 5356; x_wconf 90' lang='lat' dir='ltr'><strong>Oblationibus</strong></span> <span class='ocrx_word' id='word_1_552' title='bbox 1319 5303 1536 5364; x_wconf 83' lang='lat' dir='ltr'><strong>nostris,</strong></span> <span class='ocrx_word' id='word_1_553' title='bbox 1560 5311 1879 5370; x_wconf 71' lang='lat' dir='ltr'><strong>quiesumus,</strong></span> <span class='ocrx_word' id='word_1_554' title='bbox 1913 5302 2154 5362; x_wconf 87' lang='lat' dir='ltr'><strong>Domine,</strong></span> 
     </span>
    </p>
   </div>
   <div class='ocr_carea' id='block_1_86' title="bbox 604 5389 2158 5464">
    <p class='ocr_par' dir='ltr' id='par_1_86' title="bbox 604 5389 2158 5464">
     <span class='ocr_line' id='line_1_86' title="bbox 604 5389 2158 5464; baseline -0.005 -17"><span class='ocrx_word' id='word_1_555' title='bbox 604 5395 957 5464; x_wconf 88' lang='lat' dir='ltr'><strong>precibusque</strong></span> <span class='ocrx_word' id='word_1_556' title='bbox 1022 5391 1301 5456; x_wconf 89' lang='lat' dir='ltr'><strong>susceptis,</strong></span> <span class='ocrx_word' id='word_1_557' title='bbox 1364 5390 1722 5442; x_wconf 87' lang='lat' dir='ltr'><strong>intercedente</strong></span> <span class='ocrx_word' id='word_1_558' title='bbox 1778 5391 1937 5442; x_wconf 88' lang='lat' dir='ltr'><strong>beata</strong></span> <span class='ocrx_word' id='word_1_559' title='bbox 1996 5389 2158 5440; x_wconf 85' lang='lat' dir='ltr'><strong>Maria</strong></span> 
     </span>
    </p>
   </div>
   <div class='ocr_carea' id='block_1_87' title="bbox 604 5475 2159 5548">
    <p class='ocr_par' dir='ltr' id='par_1_87' title="bbox 604 5475 2159 5548">
     <span class='ocr_line' id='line_1_87' title="bbox 604 5475 2159 5548; baseline -0.003 -17"><span class='ocrx_word' id='word_1_560' title='bbox 604 5491 814 5548; x_wconf 77' lang='lat' dir='ltr'><strong>semper</strong></span> <span class='ocrx_word' id='word_1_561' title='bbox 843 5475 1063 5545; x_wconf 79' lang='lat' dir='ltr'><strong>virgine,</strong></span> <span class='ocrx_word' id='word_1_562' title='bbox 1089 5487 1309 5546; x_wconf 88' lang='lat' dir='ltr'><strong>peccata</strong></span> <span class='ocrx_word' id='word_1_563' title='bbox 1351 5488 1533 5531; x_wconf 88' lang='lat' dir='ltr'><strong>nostra</strong></span> <span class='ocrx_word' id='word_1_564' title='bbox 1564 5479 1903 5548; x_wconf 77' lang='lat' dir='ltr'><strong>mandentur,</strong></span> <span class='ocrx_word' id='word_1_565' title='bbox 1934 5486 1988 5529; x_wconf 91' lang='lat' dir='ltr'><strong>et</strong></span> <span class='ocrx_word' id='word_1_566' title='bbox 2014 5476 2079 5528; x_wconf 89' lang='lat' dir='ltr'><strong>ad</strong></span> <span class='ocrx_word' id='word_1_567' title='bbox 2112 5485 2159 5526; x_wconf 87' lang='lat' dir='ltr'><strong>te</strong></span> 
     </span>
    </p>
   </div>
   <div class='ocr_carea' id='block_1_88' title="bbox 610 5569 2158 5645">
    <p class='ocr_par' dir='ltr' id='par_1_88' title="bbox 610 5569 2158 5645">
     <span class='ocr_line' id='line_1_88' title="bbox 610 5569 2158 5645; baseline -0.003 -22"><span class='ocrx_word' id='word_1_568' title='bbox 610 5577 819 5623; x_wconf 82' lang='lat' dir='ltr'><strong>nostras</strong></span> <span class='ocrx_word' id='word_1_569' title='bbox 842 5571 1005 5623; x_wconf 86' lang='lat' dir='ltr'><strong>etiam</strong></span> <span class='ocrx_word' id='word_1_570' title='bbox 1035 5572 1256 5624; x_wconf 87' lang='lat' dir='ltr'><strong>rebelles</strong></span> <span class='ocrx_word' id='word_1_571' title='bbox 1277 5570 1534 5638; x_wconf 86' lang='lat' dir='ltr'><strong>compelle</strong></span> <span class='ocrx_word' id='word_1_572' title='bbox 1554 5571 1815 5637; x_wconf 87' lang='lat' dir='ltr'><strong>propitius</strong></span> <span class='ocrx_word' id='word_1_573' title='bbox 1837 5569 2158 5645; x_wconf 82' lang='lat' dir='ltr'><strong>voluntates,</strong></span> 
     </span>
    </p>
   </div>
   <div class='ocr_carea' id='block_1_89' title="bbox 615 5657 1719 5728">
    <p class='ocr_par' dir='ltr' id='par_1_89' title="bbox 615 5657 1719 5728">
     <span class='ocr_line' id='line_1_89' title="bbox 615 5657 1719 5728; baseline 0.001 -20"><span class='ocrx_word' id='word_1_574' title='bbox 615 5657 878 5727; x_wconf 81' lang='lat' dir='ltr'><strong>vitamque</strong></span> <span class='ocrx_word' id='word_1_575' title='bbox 901 5660 1051 5715; x_wconf 83' lang='lat' dir='ltr'><strong>nobis</strong></span> <span class='ocrx_word' id='word_1_576' title='bbox 1079 5660 1271 5728; x_wconf 75' lang='lat' dir='ltr'><strong>largire</strong></span> <span class='ocrx_word' id='word_1_577' title='bbox 1299 5667 1569 5712; x_wconf 68' lang='lat' dir='ltr'><strong>aeternam.</strong></span> <span class='ocrx_word' id='word_1_578' title='bbox 1605 5658 1719 5709; x_wconf 84' lang='lat' dir='ltr'><strong>l&#39;er.</strong></span> 
     </span>
    </p>
   </div>
   <div class='ocr_carea' id='block_1_90' title="bbox 2238 3137 3798 3220">
    <p class='ocr_par' dir='ltr' id='par_1_90' title="bbox 2238 3137 3798 3220">
     <span class='ocr_line' id='line_1_90' title="bbox 2238 3137 3798 3220; baseline 0.003 -32"><span class='ocrx_word' id='word_1_579' title='bbox 2238 3147 2544 3189; x_wconf 57' lang='lat' dir='ltr'><strong>manentes.</strong></span> <span class='ocrx_word' id='word_1_580' title='bbox 2579 3137 2791 3190; x_wconf 83' lang='lat' dir='ltr'><strong>Placeat</strong></span> <span class='ocrx_word' id='word_1_581' title='bbox 2831 3138 2942 3204; x_wconf 81' lang='lat' dir='ltr'><strong>jam</strong></span> <span class='ocrx_word' id='word_1_582' title='bbox 2980 3147 3080 3191; x_wconf 69' lang='lat' dir='ltr'><strong>tua:</strong></span> <span class='ocrx_word' id='word_1_583' title='bbox 3108 3140 3312 3217; x_wconf 86' lang='lat' dir='ltr'><strong>pietati,</strong></span> <span class='ocrx_word' id='word_1_584' title='bbox 3345 3141 3552 3208; x_wconf 87' lang='lat' dir='ltr'><strong>eripere</strong></span> <span class='ocrx_word' id='word_1_585' title='bbox 3581 3153 3798 3220; x_wconf 84' lang='lat' dir='ltr'><strong>oppres-</strong></span> 
     </span>
    </p>
   </div>
   <div class='ocr_carea' id='block_1_91' title="bbox 2235 3228 3799 3296">
    <p class='ocr_par' dir='ltr' id='par_1_91' title="bbox 2235 3228 3799 3296">
     <span class='ocr_line' id='line_1_91' title="bbox 2235 3228 3799 3296; baseline 0.002 -18"><span class='ocrx_word' id='word_1_586' title='bbox 2235 3240 2342 3288; x_wconf 90' lang='lat' dir='ltr'><strong>sos,</strong></span> <span class='ocrx_word' id='word_1_587' title='bbox 2377 3241 2628 3280; x_wconf 89' lang='lat' dir='ltr'><strong>revocare</strong></span> <span class='ocrx_word' id='word_1_588' title='bbox 2673 3229 2930 3295; x_wconf 86' lang='lat' dir='ltr'><strong>captivos,</strong></span> <span class='ocrx_word' id='word_1_589' title='bbox 2963 3228 3231 3282; x_wconf 65' lang='lat' dir='ltr'><strong>lmtificare</strong></span> <span class='ocrx_word' id='word_1_590' title='bbox 3284 3230 3338 3282; x_wconf 91' lang='lat' dir='ltr'><strong>in</strong></span> <span class='ocrx_word' id='word_1_591' title='bbox 3386 3229 3645 3296; x_wconf 82' lang='lat' dir='ltr'><strong>angustiis</strong></span> <span class='ocrx_word' id='word_1_592' title='bbox 3675 3245 3799 3284; x_wconf 90' lang='lat' dir='ltr'><strong>con-</strong></span> 
     </span>
    </p>
   </div>
   <div class='ocr_carea' id='block_1_92' title="bbox 2236 3318 3795 3388">
    <p class='ocr_par' dir='ltr' id='par_1_92' title="bbox 2236 3318 3795 3388">
     <span class='ocr_line' id='line_1_92' title="bbox 2236 3318 3795 3388; baseline 0.001 -18"><span class='ocrx_word' id='word_1_593' title='bbox 2236 3318 2464 3370; x_wconf 89' lang='lat' dir='ltr'><strong>stitutos.</strong></span> <span class='ocrx_word' id='word_1_594' title='bbox 2499 3318 2600 3370; x_wconf 87' lang='lat' dir='ltr'><strong>Per</strong></span> <span class='ocrx_word' id='word_1_595' title='bbox 2629 3318 2800 3386; x_wconf 90' lang='lat' dir='ltr'><strong>ipsum</strong></span> <span class='ocrx_word' id='word_1_596' title='bbox 2843 3326 2892 3371; x_wconf 90' lang='lat' dir='ltr'><strong>te</strong></span> <span class='ocrx_word' id='word_1_597' title='bbox 2922 3334 3156 3382; x_wconf 89' lang='lat' dir='ltr'><strong>oramus,</strong></span> <span class='ocrx_word' id='word_1_598' title='bbox 3204 3335 3410 3373; x_wconf 89' lang='lat' dir='ltr'><strong>summe</strong></span> <span class='ocrx_word' id='word_1_599' title='bbox 3441 3321 3620 3384; x_wconf 78' lang='lat' dir='ltr'><strong>Pater,</strong></span> <span class='ocrx_word' id='word_1_600' title='bbox 3638 3334 3795 3388; x_wconf 87' lang='lat' dir='ltr'><strong>quem</strong></span> 
     </span>
    </p>
   </div>
   <div class='ocr_carea' id='block_1_93' title="bbox 2237 3409 3806 3480">
    <p class='ocr_par' dir='ltr' id='par_1_93' title="bbox 2237 3409 3806 3480">
     <span class='ocr_line' id='line_1_93' title="bbox 2237 3409 3806 3480; baseline 0.001 -18"><span class='ocrx_word' id='word_1_601' title='bbox 2237 3419 2410 3462; x_wconf 89' lang='lat' dir='ltr'><strong>tecum</strong></span> <span class='ocrx_word' id='word_1_602' title='bbox 2435 3419 2628 3463; x_wconf 88' lang='lat' dir='ltr'><strong>etcum</strong></span> <span class='ocrx_word' id='word_1_603' title='bbox 2653 3419 2841 3464; x_wconf 89' lang='lat' dir='ltr'><strong>sancto</strong></span> <span class='ocrx_word' id='word_1_604' title='bbox 2868 3409 3065 3480; x_wconf 88' lang='lat' dir='ltr'><strong>Spiritu</strong></span> <span class='ocrx_word' id='word_1_605' title='bbox 3096 3412 3395 3465; x_wconf 88' lang='lat' dir='ltr'><strong>collaudant</strong></span> <span class='ocrx_word' id='word_1_606' title='bbox 3449 3412 3682 3464; x_wconf 63' lang='lat' dir='ltr'><strong>caelestia</strong></span> <span class='ocrx_word' id='word_1_607' title='bbox 3708 3426 3806 3480; x_wconf 88' lang='lat' dir='ltr'><strong>pa-</strong></span> 
     </span>
    </p>
   </div>
   <div class='ocr_carea' id='block_1_94' title="bbox 2238 3499 3786 3573">
    <p class='ocr_par' dir='ltr' id='par_1_94' title="bbox 2238 3499 3786 3573">
     <span class='ocr_line' id='line_1_94' title="bbox 2238 3499 3786 3573; baseline 0.001 -22"><span class='ocrx_word' id='word_1_608' title='bbox 2238 3499 2366 3552; x_wconf 88' lang='lat' dir='ltr'><strong>riter</strong></span> <span class='ocrx_word' id='word_1_609' title='bbox 2392 3515 2454 3551; x_wconf 89' lang='lat' dir='ltr'><strong>ac</strong></span> <span class='ocrx_word' id='word_1_610' title='bbox 2489 3507 2722 3564; x_wconf 90' lang='lat' dir='ltr'><strong>terrena,</strong></span> <span class='ocrx_word' id='word_1_611' title='bbox 2754 3510 2807 3554; x_wconf 91' lang='lat' dir='ltr'><strong>et</strong></span> <span class='ocrx_word' id='word_1_612' title='bbox 2841 3502 2980 3554; x_wconf 89' lang='lat' dir='ltr'><strong>hunc</strong></span> <span class='ocrx_word' id='word_1_613' title='bbox 3011 3502 3262 3570; x_wconf 84' lang='lat' dir='ltr'><strong>hymnum</strong></span> <span class='ocrx_word' id='word_1_614' title='bbox 3304 3501 3442 3554; x_wconf 88' lang='lat' dir='ltr'><strong>dulci</strong></span> <span class='ocrx_word' id='word_1_615' title='bbox 3472 3501 3786 3573; x_wconf 82' lang='lat' dir='ltr'><strong>modulatio-</strong></span> 
     </span>
    </p>
   </div>
   <div class='ocr_carea' id='block_1_95' title="bbox 2239 3587 3800 3655">
    <p class='ocr_par' dir='ltr' id='par_1_95' title="bbox 2239 3587 3800 3655">
     <span class='ocr_line' id='line_1_95' title="bbox 2239 3587 3800 3655; baseline 0.001 -15"><span class='ocrx_word' id='word_1_616' title='bbox 2239 3603 2306 3640; x_wconf 92' lang='lat' dir='ltr'><strong>ne</strong></span> <span class='ocrx_word' id='word_1_617' title='bbox 2352 3589 2699 3655; x_wconf 74' lang='lat' dir='ltr'><strong>proclamant,</strong></span> <span class='ocrx_word' id='word_1_618' title='bbox 2752 3590 3030 3642; x_wconf 87' lang='lat' dir='ltr'><strong>dicentes:</strong></span> <span class='ocrx_word' id='word_1_619' title='bbox 3077 3589 3326 3652; x_wconf 87' lang='lat' dir='ltr'><strong>Sanctus,</strong></span> <span class='ocrx_word' id='word_1_620' title='bbox 3371 3588 3620 3653; x_wconf 88' lang='lat' dir='ltr'><strong>Sanctus,</strong></span> <span class='ocrx_word' id='word_1_621' title='bbox 3665 3587 3800 3642; x_wconf 78' lang='lat' dir='ltr'><strong>San-</strong></span> 
     </span>
    </p>
   </div>
   <div class='ocr_carea' id='block_1_96' title="bbox 2240 3676 3055 3739">
    <p class='ocr_par' dir='ltr' id='par_1_96' title="bbox 2240 3676 3055 3739">
     <span class='ocr_line' id='line_1_96' title="bbox 2240 3676 3055 3739; baseline 0 -11"><span class='ocrx_word' id='word_1_622' title='bbox 2240 3684 2377 3739; x_wconf 86' lang='lat' dir='ltr'><strong>ctus,</strong></span> <span class='ocrx_word' id='word_1_623' title='bbox 2407 3676 2627 3729; x_wconf 90' lang='lat' dir='ltr'><strong>Domine</strong></span> <span class='ocrx_word' id='word_1_624' title='bbox 2643 3677 2780 3728; x_wconf 88' lang='lat' dir='ltr'><strong>Deus</strong></span> <span class='ocrx_word' id='word_1_625' title='bbox 2803 3676 3055 3730; x_wconf 85' lang='lat' dir='ltr'><strong>Sabaoth.</strong></span> 
     </span>
    </p>
   </div>
   <div class='ocr_carea' id='block_1_97' title="bbox 2315 3764 3804 3836">
    <p class='ocr_par' dir='ltr' id='par_1_97' title="bbox 2315 3764 3804 3836">
     <span class='ocr_line' id='line_1_97' title="bbox 2315 3764 3804 3836; baseline 0.005 -21"><span class='ocrx_word' id='word_1_626' title='bbox 2315 3764 2695 3819; x_wconf 78' lang='lat' dir='ltr'><strong>Postcommun.</strong></span> <span class='ocrx_word' id='word_1_627' title='bbox 2748 3767 3096 3835; x_wconf 89' lang='lat' dir='ltr'><strong>Omnipotens</strong></span> <span class='ocrx_word' id='word_1_628' title='bbox 3127 3768 3286 3828; x_wconf 87' lang='lat' dir='ltr'><strong>Deus,</strong></span> <span class='ocrx_word' id='word_1_629' title='bbox 3336 3769 3596 3836; x_wconf 87' lang='lat' dir='ltr'><strong>propitius</strong></span> <span class='ocrx_word' id='word_1_630' title='bbox 3626 3767 3804 3822; x_wconf 77' lang='lat' dir='ltr'><strong>cordis</strong></span> 
     </span>
    </p>
   </div>
   <div class='ocr_carea' id='block_1_98' title="bbox 2241 3856 3804 3927">
    <p class='ocr_par' dir='ltr' id='par_1_98' title="bbox 2241 3856 3804 3927">
     <span class='ocr_line' id='line_1_98' title="bbox 2241 3856 3804 3927; baseline 0 -19"><span class='ocrx_word' id='word_1_631' title='bbox 2241 3857 2408 3908; x_wconf 81' lang='lat' dir='ltr'><strong>nostri</strong></span> <span class='ocrx_word' id='word_1_632' title='bbox 2436 3856 2693 3924; x_wconf 82' lang='lat' dir='ltr'><strong>adspiciat</strong></span> <span class='ocrx_word' id='word_1_633' title='bbox 2742 3857 2986 3927; x_wconf 83' lang='lat' dir='ltr'><strong>gemitus,</strong></span> <span class='ocrx_word' id='word_1_634' title='bbox 3025 3866 3078 3910; x_wconf 88' lang='lat' dir='ltr'><strong>et</strong></span> <span class='ocrx_word' id='word_1_635' title='bbox 3105 3857 3448 3926; x_wconf 86' lang='lat' dir='ltr'><strong>petitionibus</strong></span> <span class='ocrx_word' id='word_1_636' title='bbox 3479 3857 3675 3910; x_wconf 89' lang='lat' dir='ltr'><strong>nostris</strong></span> <span class='ocrx_word' id='word_1_637' title='bbox 3695 3871 3804 3909; x_wconf 74' lang='lat' dir='ltr'><strong>sua:</strong></span> 
     </span>
    </p>
   </div>
   <div class='ocr_carea' id='block_1_99' title="bbox 2241 3942 3802 4015">
    <p class='ocr_par' dir='ltr' id='par_1_99' title="bbox 2241 3942 3802 4015">
     <span class='ocr_line' id='line_1_99' title="bbox 2241 3942 3802 4015; baseline -0.001 -17"><span class='ocrx_word' id='word_1_638' title='bbox 2241 3947 2452 4014; x_wconf 88' lang='lat' dir='ltr'><strong>pietatis</strong></span> <span class='ocrx_word' id='word_1_639' title='bbox 2479 3942 2659 3999; x_wconf 83' lang='lat' dir='ltr'><strong>aurem</strong></span> <span class='ocrx_word' id='word_1_640' title='bbox 2684 3947 2918 4012; x_wconf 88' lang='lat' dir='ltr'><strong>inclinet,</strong></span> <span class='ocrx_word' id='word_1_641' title='bbox 2951 3955 3110 4015; x_wconf 87' lang='lat' dir='ltr'><strong>atque</strong></span> <span class='ocrx_word' id='word_1_642' title='bbox 3136 3947 3202 4002; x_wconf 87' lang='lat' dir='ltr'><strong>ab</strong></span> <span class='ocrx_word' id='word_1_643' title='bbox 3227 3947 3371 3999; x_wconf 91' lang='lat' dir='ltr'><strong>omni</strong></span> <span class='ocrx_word' id='word_1_644' title='bbox 3404 3944 3652 3998; x_wconf 83' lang='lat' dir='ltr'><strong>defensos</strong></span> <span class='ocrx_word' id='word_1_645' title='bbox 3673 3957 3802 3998; x_wconf 73' lang='lat' dir='ltr'><strong>mte-</strong></span> 
     </span>
    </p>
   </div>
   <div class='ocr_carea' id='block_1_100' title="bbox 2244 4035 3805 4097">
    <p class='ocr_par' dir='ltr' id='par_1_100' title="bbox 2244 4035 3805 4097">
     <span class='ocr_line' id='line_1_100' title="bbox 2244 4035 3805 4097; baseline 0.001 -11"><span class='ocrx_word' id='word_1_646' title='bbox 2244 4051 2362 4087; x_wconf 90' lang='lat' dir='ltr'><strong>rore</strong></span> <span class='ocrx_word' id='word_1_647' title='bbox 2414 4051 2510 4088; x_wconf 90' lang='lat' dir='ltr'><strong>nos</strong></span> <span class='ocrx_word' id='word_1_648' title='bbox 2560 4036 2832 4097; x_wconf 70' lang='lat' dir='ltr'><strong>lastificet;</strong></span> <span class='ocrx_word' id='word_1_649' title='bbox 2866 4045 3100 4088; x_wconf 85' lang='lat' dir='ltr'><strong>mentem</strong></span> <span class='ocrx_word' id='word_1_650' title='bbox 3155 4045 3393 4088; x_wconf 90' lang='lat' dir='ltr'><strong>nostram</strong></span> <span class='ocrx_word' id='word_1_651' title='bbox 3442 4035 3805 4088; x_wconf 86' lang='lat' dir='ltr'><strong>miserationis</strong></span> 
     </span>
    </p>
   </div>
   <div class='ocr_carea' id='block_1_101' title="bbox 2245 4122 3802 4193">
    <p class='ocr_par' dir='ltr' id='par_1_101' title="bbox 2245 4122 3802 4193">
     <span class='ocr_line' id='line_1_101' title="bbox 2245 4122 3802 4193; baseline -0.001 -18"><span class='ocrx_word' id='word_1_652' title='bbox 2245 4138 2354 4175; x_wconf 85' lang='lat' dir='ltr'><strong>suae</strong></span> <span class='ocrx_word' id='word_1_653' title='bbox 2383 4124 2618 4193; x_wconf 83' lang='lat' dir='ltr'><strong>subsidio</strong></span> <span class='ocrx_word' id='word_1_654' title='bbox 2665 4125 2890 4184; x_wconf 85' lang='lat' dir='ltr'><strong>muniat,</strong></span> <span class='ocrx_word' id='word_1_655' title='bbox 2918 4134 2971 4176; x_wconf 91' lang='lat' dir='ltr'><strong>et</strong></span> <span class='ocrx_word' id='word_1_656' title='bbox 3011 4125 3243 4176; x_wconf 71' lang='lat' dir='ltr'><strong>remedia</strong></span> <span class='ocrx_word' id='word_1_657' title='bbox 3270 4125 3444 4191; x_wconf 85' lang='lat' dir='ltr'><strong>gaudii</strong></span> <span class='ocrx_word' id='word_1_658' title='bbox 3471 4122 3802 4190; x_wconf 88' lang='lat' dir='ltr'><strong>sempiterna</strong></span> 
     </span>
    </p>
   </div>
   <div class='ocr_carea' id='block_1_102' title="bbox 2248 4199 3805 4266">
    <p class='ocr_par' dir='ltr' id='par_1_102' title="bbox 2248 4199 3805 4266">
     <span class='ocr_line' id='line_1_102' title="bbox 2248 4199 3805 4266; baseline -0.002 -1"><span class='ocrx_word' id='word_1_659' title='bbox 2248 4214 2398 4265; x_wconf 86' lang='lat' dir='ltr'><strong>nobis</strong></span> <span class='ocrx_word' id='word_1_660' title='bbox 2429 4213 2719 4265; x_wconf 82' lang='lat' dir='ltr'><strong>clementer</strong></span> <span class='ocrx_word' id='word_1_661' title='bbox 2758 4215 3026 4266; x_wconf 88' lang='lat' dir='ltr'><strong>attribuat.</strong></span> <span class='ocrx_word' id='word_1_662' title='bbox 3086 4199 3186 4266; x_wconf 85' lang='lat' dir='ltr'><strong>Per</strong></span> <span class='ocrx_word' id='word_1_663' title='bbox 3226 4214 3510 4266; x_wconf 87' lang='lat' dir='ltr'><strong>Dominum</strong></span> <span class='ocrx_word' id='word_1_664' title='bbox 3565 4219 3805 4265; x_wconf 86' lang='lat' dir='ltr'><strong>nostrum</strong></span> 
     </span>
    </p>
   </div>
   <div class='ocr_carea' id='block_1_103' title="bbox 2251 4300 2750 4356">
    <p class='ocr_par' dir='ltr' id='par_1_103' title="bbox 2251 4300 2750 4356">
     <span class='ocr_line' id='line_1_103' title="bbox 2251 4300 2750 4356; baseline 0.002 -4"><span class='ocrx_word' id='word_1_665' title='bbox 2251 4300 2433 4354; x_wconf 84' lang='lat' dir='ltr'><strong>Jesum</strong></span> <span class='ocrx_word' id='word_1_666' title='bbox 2459 4302 2750 4356; x_wconf 88' lang='lat' dir='ltr'><strong>Christum.</strong></span> 
     </span>
    </p>
   </div>
   <div class='ocr_carea' id='block_1_104' title="bbox 2811 4389 3190 4444">
    <p class='ocr_par' dir='ltr' id='par_1_104' title="bbox 2811 4389 3190 4444">
     <span class='ocr_line' id='line_1_104' title="bbox 2811 4389 3190 4444; baseline -0.005 -2"><span class='ocrx_word' id='word_1_667' title='bbox 2811 4389 3033 4444; x_wconf 77' lang='lat' dir='ltr'><strong>CAPUT</strong></span> <span class='ocrx_word' id='word_1_668' title='bbox 3064 4390 3190 4443; x_wconf 78' lang='lat' dir='ltr'><strong>Vlll.</strong></span> 
     </span>
    </p>
   </div>
   <div class='ocr_carea' id='block_1_105' title="bbox 2525 4478 3518 4548">
    <p class='ocr_par' dir='ltr' id='par_1_105' title="bbox 2525 4478 3518 4548">
     <span class='ocr_line' id='line_1_105' title="bbox 2525 4478 3518 4548; baseline 0.001 -19"><span class='ocrx_word' id='word_1_669' title='bbox 2525 4478 2685 4530; x_wconf 72' lang='lat' dir='ltr'><strong>Missa</strong></span> <span class='ocrx_word' id='word_1_670' title='bbox 2708 4480 2762 4530; x_wconf 88' lang='lat' dir='ltr'><strong>in</strong></span> <span class='ocrx_word' id='word_1_671' title='bbox 2793 4481 3048 4531; x_wconf 79' lang='lat' dir='ltr'><strong>ueratione</strong></span> <span class='ocrx_word' id='word_1_672' title='bbox 3080 4480 3230 4531; x_wconf 79' lang='lat' dir='ltr'><strong>unius</strong></span> <span class='ocrx_word' id='word_1_673' title='bbox 3267 4480 3518 4548; x_wconf 71' lang='lat' dir='ltr'><strong>Apostoli.</strong></span> 
     </span>
    </p>
   </div>
   <div class='ocr_carea' id='block_1_106' title="bbox 2309 4586 3811 4654">
    <p class='ocr_par' dir='ltr' id='par_1_106' title="bbox 2309 4586 3811 4654">
     <span class='ocr_line' id='line_1_106' title="bbox 2309 4586 3811 4654; baseline 0.003 -17"><span class='ocrx_word' id='word_1_674' title='bbox 2309 4587 2448 4638; x_wconf 87' lang='lat' dir='ltr'><strong>Deus</strong></span> <span class='ocrx_word' id='word_1_675' title='bbox 2460 4628 2472 4648; x_wconf 93' lang='lat'><strong>,</strong></span> <span class='ocrx_word' id='word_1_676' title='bbox 2490 4587 2580 4654; x_wconf 92' lang='lat' dir='ltr'><strong>qui</strong></span> <span class='ocrx_word' id='word_1_677' title='bbox 2597 4586 2824 4639; x_wconf 74' lang='lat' dir='ltr'><strong>fidelium</strong></span> <span class='ocrx_word' id='word_1_678' title='bbox 2840 4597 3045 4641; x_wconf 90' lang='lat' dir='ltr'><strong>mentes</strong></span> <span class='ocrx_word' id='word_1_679' title='bbox 3058 4590 3213 4642; x_wconf 89' lang='lat' dir='ltr'><strong>unius</strong></span> <span class='ocrx_word' id='word_1_680' title='bbox 3227 4588 3393 4642; x_wconf 71' lang='lat' dir='ltr'><strong>efficis</strong></span> <span class='ocrx_word' id='word_1_681' title='bbox 3409 4588 3718 4652; x_wconf 81' lang='lat' dir='ltr'><strong>voluntatis,</strong></span> <span class='ocrx_word' id='word_1_682' title='bbox 3732 4587 3811 4641; x_wconf 86' lang='lat' dir='ltr'><strong>in-</strong></span> 
     </span>
    </p>
   </div>
   <div class='ocr_carea' id='block_1_107' title="bbox 2253 4660 3809 4744">
    <p class='ocr_par' dir='ltr' id='par_1_107' title="bbox 2253 4660 3809 4744">
     <span class='ocr_line' id='line_1_107' title="bbox 2253 4660 3809 4744; baseline 0.003 -17"><span class='ocrx_word' id='word_1_683' title='bbox 2253 4676 2577 4729; x_wconf 89' lang='lat' dir='ltr'><strong>tercessione</strong></span> <span class='ocrx_word' id='word_1_684' title='bbox 2613 4675 2772 4739; x_wconf 86' lang='lat' dir='ltr'><strong>beati</strong></span> <span class='ocrx_word' id='word_1_685' title='bbox 2821 4677 3043 4744; x_wconf 88' lang='lat' dir='ltr'><strong>apostoli</strong></span> <span class='ocrx_word' id='word_1_686' title='bbox 3102 4678 3197 4740; x_wconf 88' lang='lat' dir='ltr'><strong>tui,</strong></span> <span class='ocrx_word' id='word_1_687' title='bbox 3251 4679 3316 4730; x_wconf 90' lang='lat' dir='ltr'><strong>da</strong></span> <span class='ocrx_word' id='word_1_688' title='bbox 3346 4678 3499 4733; x_wconf 87' lang='lat' dir='ltr'><strong>nobis</strong></span> <span class='ocrx_word' id='word_1_689' title='bbox 3530 4678 3583 4731; x_wconf 90' lang='lat' dir='ltr'><strong>id</strong></span> <span class='ocrx_word' id='word_1_690' title='bbox 3628 4660 3809 4731; x_wconf 81' lang='lat' dir='ltr'><strong>amare</strong></span> 
     </span>
    </p>
   </div>
   <div class='ocr_carea' id='block_1_108' title="bbox 2250 4765 3810 4841">
    <p class='ocr_par' dir='ltr' id='par_1_108' title="bbox 2250 4765 3810 4841">
     <span class='ocr_line' id='line_1_108' title="bbox 2250 4765 3810 4841; baseline 0.003 -25"><span class='ocrx_word' id='word_1_691' title='bbox 2250 4765 2390 4830; x_wconf 83' lang='lat' dir='ltr'><strong>quod</strong></span> <span class='ocrx_word' id='word_1_692' title='bbox 2417 4766 2677 4833; x_wconf 60' lang='lat' dir='ltr'><strong>principis,</strong></span> <span class='ocrx_word' id='word_1_693' title='bbox 2713 4766 2764 4817; x_wconf 88' lang='lat' dir='ltr'><strong>id</strong></span> <span class='ocrx_word' id='word_1_694' title='bbox 2805 4765 3108 4818; x_wconf 86' lang='lat' dir='ltr'><strong>desiderare</strong></span> <span class='ocrx_word' id='word_1_695' title='bbox 3136 4768 3281 4841; x_wconf 75' lang='lat' dir='ltr'><strong>quod</strong></span> <span class='ocrx_word' id='word_1_696' title='bbox 3329 4767 3616 4833; x_wconf 89' lang='lat' dir='ltr'><strong>promittis,</strong></span> <span class='ocrx_word' id='word_1_697' title='bbox 3645 4777 3703 4820; x_wconf 89' lang='lat' dir='ltr'><strong>ut</strong></span> <span class='ocrx_word' id='word_1_698' title='bbox 3731 4768 3810 4820; x_wconf 83' lang='lat' dir='ltr'><strong>in-</strong></span> 
     </span>
    </p>
   </div>
   <div class='ocr_carea' id='block_1_109' title="bbox 2255 4857 3806 4920">
    <p class='ocr_par' dir='ltr' id='par_1_109' title="bbox 2255 4857 3806 4920">
     <span class='ocr_line' id='line_1_109' title="bbox 2255 4857 3806 4920; baseline 0.003 -15"><span class='ocrx_word' id='word_1_699' title='bbox 2255 4865 2334 4906; x_wconf 84' lang='lat' dir='ltr'><strong>ter</strong></span> <span class='ocrx_word' id='word_1_700' title='bbox 2363 4857 2658 4910; x_wconf 76' lang='lat' dir='ltr'><strong>mundanas</strong></span> <span class='ocrx_word' id='word_1_701' title='bbox 2704 4857 2991 4909; x_wconf 85' lang='lat' dir='ltr'><strong>varietates</strong></span> <span class='ocrx_word' id='word_1_702' title='bbox 3023 4859 3091 4910; x_wconf 88' lang='lat' dir='ltr'><strong>ibi</strong></span> <span class='ocrx_word' id='word_1_703' title='bbox 3124 4867 3307 4909; x_wconf 90' lang='lat' dir='ltr'><strong>nostra</strong></span> <span class='ocrx_word' id='word_1_704' title='bbox 3337 4859 3446 4911; x_wconf 90' lang='lat' dir='ltr'><strong>sint</strong></span> <span class='ocrx_word' id='word_1_705' title='bbox 3477 4857 3580 4910; x_wconf 74' lang='lat' dir='ltr'><strong>fixa</strong></span> <span class='ocrx_word' id='word_1_706' title='bbox 3622 4858 3806 4920; x_wconf 86' lang='lat' dir='ltr'><strong>corda,</strong></span> 
     </span>
    </p>
   </div>
   <div class='ocr_carea' id='block_1_110' title="bbox 2253 4948 3488 5015">
    <p class='ocr_par' dir='ltr' id='par_1_110' title="bbox 2253 4948 3488 5015">
     <span class='ocr_line' id='line_1_110' title="bbox 2253 4948 3488 5015; baseline 0.002 -18"><span class='ocrx_word' id='word_1_707' title='bbox 2253 4948 2339 4999; x_wconf 85' lang='lat' dir='ltr'><strong>ubi</strong></span> <span class='ocrx_word' id='word_1_708' title='bbox 2366 4965 2493 5000; x_wconf 87' lang='lat' dir='ltr'><strong>vera</strong></span> <span class='ocrx_word' id='word_1_709' title='bbox 2525 4957 2652 4999; x_wconf 89' lang='lat' dir='ltr'><strong>sunt</strong></span> <span class='ocrx_word' id='word_1_710' title='bbox 2674 4949 2881 5015; x_wconf 85' lang='lat' dir='ltr'><strong>gaudia.</strong></span> <span class='ocrx_word' id='word_1_711' title='bbox 2917 4948 3015 4999; x_wconf 87' lang='lat' dir='ltr'><strong>Per</strong></span> <span class='ocrx_word' id='word_1_712' title='bbox 3036 4949 3337 4999; x_wconf 87' lang='lat' dir='ltr'><strong>Dominum.</strong></span> <span class='ocrx_word' id='word_1_713' title='bbox 3399 4990 3403 4996; x_wconf 97' lang='lat'><strong>.</strong></span> <span class='ocrx_word' id='word_1_714' title='bbox 3483 5005 3488 5008; x_wconf 91' lang='lat'><strong><em>_</em></strong></span> 
     </span>
    </p>
   </div>
   <div class='ocr_carea' id='block_1_111' title="bbox 2325 5033 3807 5105">
    <p class='ocr_par' dir='ltr' id='par_1_111' title="bbox 2325 5033 3807 5105">
     <span class='ocr_line' id='line_1_111' title="bbox 2325 5033 3807 5105; baseline -0.001 -17"><span class='ocrx_word' id='word_1_715' title='bbox 2325 5037 2494 5088; x_wconf 77' lang='lat' dir='ltr'><strong>Lectio</strong></span> <span class='ocrx_word' id='word_1_716' title='bbox 2533 5036 2780 5103; x_wconf 74' lang='lat' dir='ltr'><strong>Epistula:</strong></span> <span class='ocrx_word' id='word_1_717' title='bbox 2822 5035 2952 5086; x_wconf 83' lang='lat' dir='ltr'><strong>beati</strong></span> <span class='ocrx_word' id='word_1_718' title='bbox 2991 5033 3147 5086; x_wconf 85' lang='lat' dir='ltr'><strong>Pauli</strong></span> <span class='ocrx_word' id='word_1_719' title='bbox 3171 5037 3408 5103; x_wconf 78' lang='lat' dir='ltr'><strong>apostoli,</strong></span> <span class='ocrx_word' id='word_1_720' title='bbox 3441 5038 3506 5088; x_wconf 86' lang='lat' dir='ltr'><strong>ad</strong></span> <span class='ocrx_word' id='word_1_721' title='bbox 3534 5036 3807 5105; x_wconf 73' lang='lat' dir='ltr'><strong>Ephesios.</strong></span> 
     </span>
    </p>
   </div>
   <div class='ocr_carea' id='block_1_112' title="bbox 2256 5125 3814 5192">
    <p class='ocr_par' dir='ltr' id='par_1_112' title="bbox 2256 5125 3814 5192">
     <span class='ocr_line' id='line_1_112' title="bbox 2256 5125 3814 5192; baseline 0.003 -17"><span class='ocrx_word' id='word_1_722' title='bbox 2256 5125 2488 5189; x_wconf 74' lang='lat' dir='ltr'><strong>Fratres,</strong></span> <span class='ocrx_word' id='word_1_723' title='bbox 2514 5125 2626 5192; x_wconf 85' lang='lat' dir='ltr'><strong>jam</strong></span> <span class='ocrx_word' id='word_1_724' title='bbox 2655 5141 2762 5176; x_wconf 88' lang='lat' dir='ltr'><strong>non</strong></span> <span class='ocrx_word' id='word_1_725' title='bbox 2788 5126 2919 5177; x_wconf 87' lang='lat' dir='ltr'><strong>estis</strong></span> <span class='ocrx_word' id='word_1_726' title='bbox 2943 5127 3175 5192; x_wconf 90' lang='lat' dir='ltr'><strong>hospites</strong></span> <span class='ocrx_word' id='word_1_727' title='bbox 3199 5137 3251 5178; x_wconf 81' lang='lat' dir='ltr'><strong>et</strong></span> <span class='ocrx_word' id='word_1_728' title='bbox 3275 5129 3510 5187; x_wconf 57' lang='lat' dir='ltr'><strong>advenat,</strong></span> <span class='ocrx_word' id='word_1_729' title='bbox 3545 5126 3638 5178; x_wconf 90' lang='lat' dir='ltr'><strong>sed</strong></span> <span class='ocrx_word' id='word_1_730' title='bbox 3681 5126 3814 5180; x_wconf 80' lang='lat' dir='ltr'><strong>estis</strong></span> 
     </span>
    </p>
   </div>
   <div class='ocr_carea' id='block_1_113' title="bbox 2257 5202 3267 5277">
    <p class='ocr_par' dir='ltr' id='par_1_113' title="bbox 2257 5202 3267 5277">
     <span class='ocr_line' id='line_1_113' title="bbox 2257 5202 3267 5277; baseline 0 -11"><span class='ocrx_word' id='word_1_731' title='bbox 2257 5217 2399 5267; x_wconf 87' lang='lat' dir='ltr'><strong>cives</strong></span> <span class='ocrx_word' id='word_1_732' title='bbox 2426 5225 2755 5277; x_wconf 87' lang='lat' dir='ltr'><strong>sanctorum,</strong></span> <span class='ocrx_word' id='word_1_733' title='bbox 2782 5222 2837 5266; x_wconf 90' lang='lat' dir='ltr'><strong>et</strong></span> <span class='ocrx_word' id='word_1_734' title='bbox 2856 5202 3130 5267; x_wconf 81' lang='lat' dir='ltr'><strong>domestici</strong></span> <span class='ocrx_word' id='word_1_735' title='bbox 3157 5215 3267 5267; x_wconf 89' lang='lat' dir='ltr'><strong>Dei.</strong></span> 
     </span>
    </p>
   </div>
   <div class='ocr_carea' id='block_1_114' title="bbox 2325 5301 3814 5372">
    <p class='ocr_par' dir='ltr' id='par_1_114' title="bbox 2325 5301 3814 5372">
     <span class='ocr_line' id='line_1_114' title="bbox 2325 5301 3814 5372; baseline 0 -16"><span class='ocrx_word' id='word_1_736' title='bbox 2325 5302 2600 5371; x_wconf 83' lang='lat' dir='ltr'><strong>Sequentia</strong></span> <span class='ocrx_word' id='word_1_737' title='bbox 2631 5304 2796 5360; x_wconf 78' lang='lat' dir='ltr'><strong>sancti</strong></span> <span class='ocrx_word' id='word_1_738' title='bbox 2842 5301 3108 5372; x_wconf 74' lang='lat' dir='ltr'><strong>Evangelii</strong></span> <span class='ocrx_word' id='word_1_739' title='bbox 3149 5303 3427 5355; x_wconf 75' lang='lat' dir='ltr'><strong>secundum</strong></span> <span class='ocrx_word' id='word_1_740' title='bbox 3451 5302 3724 5356; x_wconf 77' lang='lat' dir='ltr'><strong>Joannem.</strong></span> <span class='ocrx_word' id='word_1_741' title='bbox 3755 5302 3814 5356; x_wconf 84' lang='lat' dir='ltr'><strong>In</strong></span> 
     </span>
    </p>
   </div>
   <div class='ocr_carea' id='block_1_115' title="bbox 2261 5389 3813 5456">
    <p class='ocr_par' dir='ltr' id='par_1_115' title="bbox 2261 5389 3813 5456">
     <span class='ocr_line' id='line_1_115' title="bbox 2261 5389 3813 5456; baseline 0.001 -15"><span class='ocrx_word' id='word_1_742' title='bbox 2261 5389 2347 5443; x_wconf 90' lang='lat' dir='ltr'><strong>illo</strong></span> <span class='ocrx_word' id='word_1_743' title='bbox 2379 5398 2635 5456; x_wconf 90' lang='lat' dir='ltr'><strong>tempore,</strong></span> <span class='ocrx_word' id='word_1_744' title='bbox 2691 5389 2825 5442; x_wconf 78' lang='lat' dir='ltr'><strong>dixit</strong></span> <span class='ocrx_word' id='word_1_745' title='bbox 2854 5390 3034 5443; x_wconf 87' lang='lat' dir='ltr'><strong>Simon</strong></span> <span class='ocrx_word' id='word_1_746' title='bbox 3090 5391 3281 5442; x_wconf 84' lang='lat' dir='ltr'><strong>Petrus</strong></span> <span class='ocrx_word' id='word_1_747' title='bbox 3310 5393 3375 5442; x_wconf 86' lang='lat' dir='ltr'><strong>ad</strong></span> <span class='ocrx_word' id='word_1_748' title='bbox 3405 5389 3586 5444; x_wconf 83' lang='lat' dir='ltr'><strong>Jesum</strong></span> <span class='ocrx_word' id='word_1_749' title='bbox 3622 5410 3634 5443; x_wconf 93' lang='lat'><strong>:</strong></span> <span class='ocrx_word' id='word_1_750' title='bbox 3674 5390 3813 5443; x_wconf 83' lang='lat' dir='ltr'><strong>Ecce</strong></span> 
     </span>
    </p>
   </div>
   <div class='ocr_carea' id='block_1_116' title="bbox 2261 5477 3486 5544">
    <p class='ocr_par' dir='ltr' id='par_1_116' title="bbox 2261 5477 3486 5544">
     <span class='ocr_line' id='line_1_116' title="bbox 2261 5477 3486 5544; baseline 0.002 -15"><span class='ocrx_word' id='word_1_751' title='bbox 2261 5494 2357 5530; x_wconf 87' lang='lat' dir='ltr'><strong>nos</strong></span> <span class='ocrx_word' id='word_1_752' title='bbox 2377 5477 2686 5544; x_wconf 89' lang='lat' dir='ltr'><strong>reliquimus</strong></span> <span class='ocrx_word' id='word_1_753' title='bbox 2711 5480 2910 5540; x_wconf 89' lang='lat' dir='ltr'><strong>omnia,</strong></span> <span class='ocrx_word' id='word_1_754' title='bbox 2935 5488 2989 5530; x_wconf 89' lang='lat' dir='ltr'><strong>et</strong></span> <span class='ocrx_word' id='word_1_755' title='bbox 3016 5480 3183 5531; x_wconf 90' lang='lat' dir='ltr'><strong>secuti</strong></span> <span class='ocrx_word' id='word_1_756' title='bbox 3206 5494 3387 5532; x_wconf 88' lang='lat' dir='ltr'><strong>sumus</strong></span> <span class='ocrx_word' id='word_1_757' title='bbox 3417 5489 3486 5532; x_wconf 89' lang='lat' dir='ltr'><strong>te.</strong></span> 
     </span>
    </p>
   </div>
   <div class='ocr_carea' id='block_1_117' title="bbox 2337 5564 3811 5636">
    <p class='ocr_par' dir='ltr' id='par_1_117' title="bbox 2337 5564 3811 5636">
     <span class='ocr_line' id='line_1_117' title="bbox 2337 5564 3811 5636; baseline 0.001 -19"><span class='ocrx_word' id='word_1_758' title='bbox 2337 5565 2435 5632; x_wconf 80' lang='lat'><strong>15</strong></span> <span class='ocrx_word' id='word_1_759' title='bbox 2468 5564 2694 5617; x_wconf 84' lang='lat' dir='ltr'><strong>Secreta.</strong></span> <span class='ocrx_word' id='word_1_760' title='bbox 2729 5565 2822 5620; x_wconf 82' lang='lat' dir='ltr'><strong>His</strong></span> <span class='ocrx_word' id='word_1_761' title='bbox 2850 5568 3022 5628; x_wconf 90' lang='lat' dir='ltr'><strong>nobis,</strong></span> <span class='ocrx_word' id='word_1_762' title='bbox 3052 5567 3292 5629; x_wconf 90' lang='lat' dir='ltr'><strong>Domine,</strong></span> <span class='ocrx_word' id='word_1_763' title='bbox 3312 5569 3579 5636; x_wconf 83' lang='lat' dir='ltr'><strong>mysteriis</strong></span> <span class='ocrx_word' id='word_1_764' title='bbox 3608 5566 3811 5634; x_wconf 88' lang='lat' dir='ltr'><strong>suppli-</strong></span> 
     </span>
    </p>
   </div>
   <div class='ocr_carea' id='block_1_118' title="bbox 2265 5654 3811 5724">
    <p class='ocr_par' dir='ltr' id='par_1_118' title="bbox 2265 5654 3811 5724">
     <span class='ocr_line' id='line_1_118' title="bbox 2265 5654 3811 5724; baseline 0.003 -19"><span class='ocrx_word' id='word_1_765' title='bbox 2265 5656 2475 5721; x_wconf 84' lang='lat' dir='ltr'><strong>catione</strong></span> <span class='ocrx_word' id='word_1_766' title='bbox 2522 5654 2661 5707; x_wconf 88' lang='lat' dir='ltr'><strong>beati</strong></span> <span class='ocrx_word' id='word_1_767' title='bbox 2707 5657 2929 5724; x_wconf 89' lang='lat' dir='ltr'><strong>apostoli</strong></span> <span class='ocrx_word' id='word_1_768' title='bbox 2973 5658 3046 5710; x_wconf 90' lang='lat' dir='ltr'><strong>tui</strong></span> <span class='ocrx_word' id='word_1_769' title='bbox 3092 5657 3433 5720; x_wconf 88' lang='lat' dir='ltr'><strong>conferatur,</strong></span> <span class='ocrx_word' id='word_1_770' title='bbox 3465 5672 3569 5716; x_wconf 85' lang='lat' dir='ltr'><strong>quo</strong></span> <span class='ocrx_word' id='word_1_771' title='bbox 3604 5666 3811 5709; x_wconf 83' lang='lat' dir='ltr'><strong>terrena</strong></span> 
     </span>
    </p>
   </div>
  </div>
