4246 6196
443 208 540 264 457

439 323 699 380 desideria
726 322 1026 392 mitigantes
1054 361 1067 386 ,
1100 322 1367 376 discamus
1395 334 1574 374 amare
1603 319 1836 373 caelestia
1870 357 1882 379 ,
1933 327 1988 371 et
2016 323 2064 381 Α

437 416 503 468 de
529 415 613 468 die
638 415 694 469 in
719 414 858 467 dicat
882 414 947 466 ad
977 412 1207 467 caelestis
1243 413 1362 465 vitae
1405 408 1812 473 transferamur,
1844 409 1990 476 puri-.

439 507 610 562 licatis
637 505 920 569 mentibus,
948 504 1230 557 actionem.
1261 501 1360 555 Per
1389 501 1689 563 Dominum.

509 619 892 675 Postcommun.
923 617 1121 671 Tribne
1147 616 1320 680 nobis,
1355 615 1598 675 Domine,
1625 611 1988 668 intercedente

437 810 567 864 tem,
597 807 653 854 ct
711 798 1014 853 desiderare
1059 811 1176 866 quae
1228 804 1373 850 recta
1402 802 1553 856 sunt,
1603 800 1657 845 et
1687 791 1986 845 desiderata

436 889 728 959 percipere.
751 887 854 942 Per
879 885 1185 942 Dominum.
1485 951 1489 955 ,
1788 894 1812 902 “

1033 1034 1257 1092 CAPUT
1295 1033 1385 1088 IX.

433 1202 436 1207 .
507 1151 684 1206 Missa
711 1153 766 1205 in
804 1150 1126 1205 veneratione
1157 1146 1498 1218 plurimorum
1524 1140 1895 1212 apostolorum.

508 1267 788 1321 Beatorum
814 1261 1170 1330 apostolorum
1201 1274 1295 1312 nos
1319 1299 1333 1320 ,
1364 1255 1613 1314 Domine,
1642 1267 1945 1322 qumsumus
1973 1289 1987 1310 ,

442 1357 688 1412 continua
714 1353 954 1406 oratione
979 1350 1182 1403 custodi
1204 1386 1219 1410 ,
1251 1356 1307 1399 ut
1334 1346 1518 1399 iisdem
1546 1338 1990 1410 suffragatoribus

439 1447 693 1516 dirigatur
709 1441 969 1502 Ecclesia,
992 1439 1184 1507 quilms
1206 1434 1531 1505 principibus
1557 1431 1831 1501 gloriatur.
1863 1427 1986 1480 Per.

508 1536 678 1588 Lectio
707 1531 951 1602 Epistula!
976 1530 1109 1582 beati
1140 1526 1296 1579 Pauli
1334 1521 1551 1591 apostoli
1595 1521 1662 1572 ad
1707 1517 1986 1570 Romanos.

437 1626 672 1685 Fratres,
699 1623 859 1676 corde
879 1623 1018 1674 enim
1046 1618 1282 1672 creditur
1309 1615 1371 1668 ad
1390 1613 1671 1679 justitiam,
1688 1623 1783 1663 ore
1812 1614 1988 1660 autem

437 1713 700 1768 confessio
727 1711 786 1764 fit
810 1711 874 1763 ad
906 1709 1150 1762 salutem.

507 1800 784 1872 Sequentia
815 1800 982 1851 sancti
1018 1795 1284 1866 Evangelii
1311 1798 1589 1848 secundum
1621 1791 1895 1844 Joannem.
1927 1786 1984 1839 ln

438 1891 528 1947 illo
557 1900 793 1958 tempore
819 1929 834 1953 ,
884 1887 1020 1940 dixit
1069 1885 1226 1939 Jesus
1259 1882 1532 1950 discipulis
1560 1880 1671 1934 suis
1699 1894 1713 1932 :
1747 1878 1856 1932 lloe
1905 1883 1987 1930 est
2017 1939 2020 1942 _

437 1989 759 2052 prmceptum
786 1990 962 2031 meum
989 2014 1004 2039 ,
1031 1982 1089 2028 ut
1115 1972 1351 2042 diligatis
1376 1970 1604 2024 invicem
1622 2007 1637 2032 ,
1663 1967 1802 2023 sicut
1825 1966 1985 2020 dilexi

437 2086 551 2125 vos.
582 2069 852 2138 Maiorem.

507 2158 733 2212 Secreta.
762 2156 1002 2226 Respice,
1038 2155 1279 2213 Domine,
1323 2163 1627 2220 quaesumus
1655 2187 1669 2211 ,
1715 2160 1933 2210 munera
1969 2184 1984 2207 ,

439 2262 557 2317 qua:
584 2247 635 2298 in
663 2251 968 2298 sanctorum
997 2252 1207 2296 tuorum
1230 2239 1589 2309 apostolorum
1637 2236 1701 2289 N.
1754 2249 1984 2289 comme-

443 2334 738 2389 moratione
763 2330 1081 2392 deferimus,
1110 2338 1168 2382 ut
1193 2342 1418 2398 quorum
1449 2327 1542 2381 tibi
1570 2334 1720 2394 grata
1743 2331 1866 2396 sunt
1891 2325 1986 2376 ho-

437 2439 602 2487 nore,
645 2438 831 2478 eorum
858 2422 1010 2476 nobis
1037 2419 1416 2474 intercessione
1457 2416 1563 2471 sint
1597 2414 1850 2480 salubria.
1882 2413 1985 2465 Per

441 2517 740 2572 Dominum.

505 2607 777 2676 Praefatio.
809 2607 1034 2675 Dignum
1086 2612 1140 2656 et
1175 2609 1376 2670 justum
1417 2607 1532 2661 est,
1575 2611 1736 2666 usque
1783 2601 1984 2648 aeterne

438 2697 594 2751 Deus.
622 2693 940 2764 Suppliciter
963 2699 1246 2746 exorantcs
1263 2729 1277 2754 ,
1305 2697 1362 2742 nt
1389 2702 1600 2757 gregem
1628 2694 1775 2737 tuum
1802 2691 1986 2752 pastor

437 2793 633 2839 aeterne
659 2799 766 2837 non
796 2785 1014 2836 deseras
1042 2820 1056 2842 ,
1087 2781 1179 2834 sed
1205 2795 1300 2848 per
1325 2778 1508 2832 beatos
1551 2765 1819 2844 apostolos
1865 2779 1986 2824 tuos

438 2873 500 2927 N.
533 2873 781 2927 continua
807 2870 1136 2940 protectione
1162 2867 1428 2921 custodias
1453 2906 1468 2929 ,
1513 2873 1571 2918 ut
1596 2853 1780 2917 iiSdcm
1813 2867 1986 2916 recto-

439 2962 583 3016 ribus
608 2961 888 3030 dirigatur,
915 2974 1047 3027 quos
1073 2957 1248 3026 operis
1275 2957 1347 3008 tui
1372 2954 1620 3017 vicarios,
1651 2953 1820 3006 eidem
1858 2964 1986 3005 con-

439 3052 600 3105 tulisti
628 3064 856 3121 praaesse
878 3055 1140 3118 pastores.
1171 3046 1272 3098 Per
1298 3043 1567 3098 Christum
1592 3041 1898 3094 Dominum.

505 3138 891 3192 Postcommun.
921 3136 1120 3204 Pignus
1146 3135 1268 3188 vita
1292 3141 1501 3187 aeterna:
1523 3132 1792 3198 capientes
1813 3131 1985 3183 humi-

441 3231 554 3284 liter
572 3229 936 3298 imploramus,
953 3226 1256 3296 apostolicis
1278 3233 1334 3277 ut
1360 3224 1472 3277 fulti
1503 3223 1828 3292 patrociniis,
1845 3223 1984 3290 quod

441 3323 489 3374 in
520 3321 750 3390 imagine
775 3318 1129 3387 contingimus
1155 3357 1169 3379 ,
1198 3315 1513 3370 sacramenti
1547 3312 1827 3366 manifesta
1859 3328 1979 3380 per-

441 3411 679 3479 ceptione
701 3422 991 3462 sumamus.
1021 3405 1140 3458 Per.

512 3499 678 3567 Super
700 3496 963 3567 populum.
983 3494 1257 3546 Protector
1280 3493 1331 3544 in
1358 3501 1408 3543 te
1438 3488 1791 3557 sperantium,
1823 3487 1980 3545 Deus,

444 3585 693 3640 familiam
750 3595 893 3639 tuam
961 3583 1220 3652 propitius
1283 3581 1525 3648 respice,
1574 3588 1623 3631 ct
1661 3594 1753 3646 per
1801 3579 1985 3629 beatos

442 3677 705 3743 apostolos
725 3676 785 3728 N.
814 3691 840 3728 a
869 3676 1074 3728 cunctis
1100 3674 1260 3726 etiam
1306 3671 1712 3723 adversitatihus
1739 3669 1984 3736 potentia).

443 3771 544 3815 ttae
567 3778 663 3816 nos
684 3764 898 3816 brachio
924 3761 1192 3815 defendas.
1218 3759 1317 3810 Per
1341 3757 1617 3810 Dominum
1651 3765 1906 3807 nOSlt'llln.

672 4021 831 4074 Missa
857 4022 911 4074 in
941 4021 1261 4073 veneratione
1290 4020 1442 4070 unius
1472 4019 1732 4086 martyris.

507 4137 666 4200 Deus,
691 4137 744 4189 in
784 4143 835 4188 te
861 4135 1186 4210 sperantium
1217 4132 1487 4194 fortitudo,
1518 4132 1769 4201 martyris
1799 4131 1870 4184 ιιιὶ
1907 4133 1968 4183 in-

439 4225 758 4282 tercessione
786 4225 1039 4293 praeclara
1067 4224 1249 4277 adesto
1278 4223 1537 4292 propitius
1562 4221 1982 4275 invocationibns

439 4315 634 4368 nostris
657 4353 672 4375 ,
699 4324 752 4367 et
780 4315 903 4382 quia
934 4315 1046 4367 sine
1092 4323 1144 4366 te
1172 4314 1302 4367 nihil
1347 4323 1522 4383 potest
1568 4313 1806 4366 mortalis
1836 4311 1982 4365 infir—

439 4403 618 4464 mitas,
647 4410 837 4469 przcsta
891 4402 1042 4453 nobis
1080 4401 1334 4453 auxilium
1381 4401 1565 4470 gratia:
1597 4411 1716 4465 ture,
1744 4411 1801 4454 ut
1826 4418 1980 4455 exse-

439 4491 662 4559 quendis
693 4488 951 4542 mandatis
982 4488 1117 4551 tuis,
1149 4497 1202 4540 ct
1247 4489 1519 4541 voluntate
1550 4489 1640 4541 tibi
1682 4500 1734 4542 et
1774 4491 1982 4543 actione

440 4580 755 4648 placeamus.
787 4579 888 4632 Per
922 4576 1201 4630 Dominum
1231 4584 1490 4629 nostrum.

509 4690 673 4758 Super
697 4689 886 4744 oblata.
918 4689 1155 4757 Suscipe,
1214 4688 1467 4754 Domine,
1520 4687 1751 4740 fidelium
1801 4704 1985 4756 preces

441 4792 561 4832 cum
582 4776 933 4831 oblationibus
962 4778 1254 4832 hostiarum
1283 4816 1296 4837 ,
1329 4785 1385 4827 ut
1410 4775 1740 4828 orationibus
1768 4776 1984 4843 gloriosi

443 4869 691 4940 martyris
719 4870 792 4922 tui
819 4884 912 4937 per
940 4871 1053 4922 haec
1077 4871 1176 4938 piae
1203 4869 1497 4923 devotionis
1523 4866 1691 4919 ofﬁcia
1721 4867 1987 4920 remissio-

441 4975 561 5014 nem
610 4958 846 5010 omnium
891 4967 1228 5026 peccatorum
1274 4960 1629 5029 percipianms
1656 4999 1668 5022 ,
1703 4967 1755 5012 et
1784 4959 1850 5010 ad
1880 4975 1987 5011 ρω-

444 5050 627 5104 lestem
654 5050 875 5119 gloriam
907 5057 1257 5104 transeamus.
1291 5052 1388 5104 Per
1415 5052 1694 5103 Dominum
1723 5058 1983 5102 nostrum.

515 5160 893 5213 Postcommun.
927 5161 1185 5228 Sumptis,
1215 5161 1450 5223 Domine,
1487 5166 1814 5226 muneribus,
1845 5177 1987 5232 quze—

446 5267 644 5312 sumus,
674 5260 732 5303 ut
777 5253 932 5304 beato
978 5261 1212 5321 martyre
1257 5261 1344 5306 tuo
1397 5252 1784 5316 intercedente,
1818 5257 1984 5307 sancti

448 5340 670 5392 nominis
708 5339 783 5390 tui
815 5339 1056 5393 timorem
1101 5341 1301 5406 pariter
1343 5349 1394 5392 et
1426 5358 1660 5394 amorem
1690 5342 1854 5396 facias
1897 5358 1993 5395 nos

449 5428 639 5481 habere
672 5436 980 5494 perpetum
1007 5468 1019 5489 ,
1047 5436 1104 5480 ιιι
1133 5443 1252 5480 cum
1285 5428 1704 5496 frequentatione
1728 5434 1988 5501 mysterii,

447 5524 647 5569 crescat
671 5522 862 5566 nostra:
887 5514 1070 5565 salutis
1098 5514 1333 5568 effectus.
1369 5516 1470 5569 Per
1498 5518 1794 5572 Dominum.

872 5607 1139 5667 PATROL.
1197 5607 1295 5667 Cl.

1351 204 1732 260 LITERCICA.
1770 235 1838 243 —
1875 205 2068 259 LIBER
2109 204 2736 260 ΞΜΈΒᾹΝΙΙῦΝΤΟΙῖΠΜ.

2016 1673 2061 1731 Β

3550 210 3652 266 458

2631 314 2636 319 ’
2693 317 2918 373 CAPUT
2957 318 3043 371 XI.

2096 428 2254 484 Missa
2294 431 2448 483 unius
2492 430 2712 499 apostoli
2755 429 2859 483 sive
2903 439 3143 496 martyris
3194 432 3266 484 rei
3311 432 3640 498 mnfcs'soris.

2147 538 2225 591 'In
2249 539 2447 607 vigilia.
2474 538 2718 593 Concede
2745 539 2919 601 nobis,
2951 531 3253 605 quaesumus
3270 581 3283 601 ,
3309 541 3649 610 omnipotens

2051 647 2054 653 ·
2091 629 2232 683 Deus
2255 671 2268 693 ,
2310 639 2588 684 venturam
2619 630 2759 684 beati
2781 629 2854 683 Ν.
2897 629 3121 697 apostoli
3151 670 3163 692 ,
3194 632 3519 690 confessoris
3566 636 3646 686 "vel
3707 672 3715 679 .

435 713 594 768 beato
622 709 862 781 apostolo
885 717 997 771 tuo,
1029 708 1260 762 cmlestis
1298 721 1496 760 mensae
1523 705 1736 758 virtutis
1763 703 1987 757 societa-
2051 719 2056 732 ι

2089 717 2344 788 martyris
2391 717 2784 776 solemnitatem
2814 731 3052 787 congruo
3081 721 3377 786 praevenire
3401 717 3602 774 honore
3630 763 3641 780 .

2089 817 2143 861 ct
2190 809 2492 863 venientem
2523 809 2679 879 digna
2723 807 3018 862 celebrare
3047 794 3364 870 devotione.
3397 810 3509 864 Per
3545 808 3649 864 Do-

2093 900 2314 953 minum.
2417 890 2420 892 ⁷
2565 918 2568 922 '
2729 900 2732 903 ’
2885 891 2889 895 ’
3082 891 3088 898 ’

2163 987 2389 1042 Secreta.
2413 988 2644 1057 Accepta
2672 989 2767 1041 tibi
2801 990 2906 1050 sit,
2939 975 3190 1053 Domine",
3238 999 3435 1046 nostrm
3485 993 3644 1045 devo-

2081 1077 2252 1130 tionis
2281 1077 2502 1139 oblatio,
2528 1072 2591 1130 et
2609 1076 2673 1129 ad
2703 1076 3051 1145 apostolicam
3083 1081 3325 1148 puriores
3365 1080 3522 1134 faciat
3552 1097 3648 1134 nos

2081 1163 2274 1218 'venire
2295 1163 2809 1218 festivitatem.'Per.

2164 1253 2548 1306 Postcommnn.
2567 1252 2962 1308 Benedic-tionis
2978 1262 3100 1316 tum,
3124 1255 3368 1318 Domine,
3400 1256 3646 1324 gratiam,

2090 1339 2451 1397 intercedente
2475 1344 2632 1396 beato
2657 1343 2902 1412 apostolo
2925 1353 3034 1407 tuo,
3058 1345 3387 1408 confessore,
3405 1348 3487 1399 vel
3512 1362 3650 1399 mar-

2092 1442 2206 1502 tyre
2232 1431 2296 1484 Ν.
2325 1433 2713 1501 suscipiamus;
2747 1441 2804 1486 ut
2834 1432 2987 1500 cujus
3027 1437 3397 1504 prmvcnicndo
3425 1437 3648 1506 gloriam

2090 1521 2444 1583 celebramus,
2481 1521 2596 1589 ejus
2630 1521 2976 1590 supplicando
3028 1523 3283 1576 auxilium
3335 1526 3644 1577 sentiamus.

2090 1611 2211 1666 Per.
3595 1603 3598 1610 ’

2471 1700 2574 1770 16
2596 1698 2725 1753 Item
2761 1703 2917 1756 missa
2948 1702 3000 1753 in
3032 1701 3151 1778 die._

2161 1809 2300 1861 Deus
2331 1847 2346 1871 ,
2397 1806 2488 1875 qui
2531 1823 2588 1861 cs
2613 1810 2848 1862 omnium
2895 1819 3202 1864 sanctorqu
3233 1807 3641 1881 tuorumsplen-

2091 1899 2190 1952 dor
2251 1898 2549 1959 mirabilis,
2620 1889 2826 1967 quique.
2874 1902 3014 1955 hunc
3076 1902 3214 1955 diem
3279 1905 3506 1970 apostoli
3571 1903 3650 1957 tui

2090 1987 2154 2040 Ν.
2187 1986 2446 2056 martyrio
2473 1987 2822 2048 consecrasti,
2860 1987 2926 2039 da
2965 1987 3215 2041 Ecclesizn
3261 1999 3363 2042 tua:
3405 1989 3471 2042 de
3500 2001 3648 2048 nata-

2037 2071 2043 2078 ’
2090 2075 2200 2128 litia
2231 2074 2366 2128 tanti
2396 2073 2662 2144 pontificis
2687 2073 2974 2129 festivitate
3003 2075 3190 2139 lcetari,
3214 2084 3276 2128 ut.
3313 2077 3448 2145 apud
3483 2079 3649 2132 misc-

2088 2163 2374 2217 ricordiam
2403 2171 2546 2216 tuam
2571 2163 2829 2234 exemplis
2850 2161 2965 2230 ejus
2983 2171 3323 2233 protegantur
3343 2175 3396 2219 et
3425 2168 3648 2229 meritis.

2089 2250 2191 2304 Per
2221 2251 2522 2304 Dominum.
2687 2238 2691 2244 ’
3587 2319 3589 2322 ι

2163 2337 2332 2390 Lectio
2362 2339 2482 2390 libri
2511 2335 2810 2408 Sapientiw.
2839 2340 3033 2394 Beatus
3068 2342 3149 2395 vir
3175 2325 3278 2412 qui.
3297 2345 3543 2399 inventus
3570 2355 3653 2400 est

2074 2427 2203 2482 sine
2239 2428 2442 2481 macula
2471 2469 2484 2491 ,
2520 2437 2573 2482 et
2602 2430 2692 2498 qui
2733 2439 2852 2498 post
2882 2447 3069 2484 aurum
3095 2448 3197 2486 non
3229 2434 3377 2488 abiit.

2159 2519 2434 2588 Sequentia
2482 2521 2646 2573 sancti
2686 2521 2955 2591 Evangelii
2991 2524 3274 2577 secundum
3325 2503 3649 2580 Mattlurnm.

2086 2614 2142 2667 ln
2172 2615 2262 2668 illo
2292 2624 2530 2683 tempore
2555 2655 2569 2676 ,
2601 2614 2735 2666 dixit
2763 2614 2918 2666 Jesus
2949 2615 3224 2681 discipulis
3252 2617 3367 2669 suis
3398 2634 3408 2667 :
3446 2617 3649 2681 Amen,

2091 2717 2264 2763 amen,
2296 2701 2415 2753 dico
2442 2701 2591 2753 vobis
2625 2717 2636 2752 :
2672 2700 2782 2752 Nisi
2809 2715 3033 2765 granum
3061 2689 3332 2755 frumenti.

2127 2844 2132 2851 ,
2159 2788 2386 2843 Secreta.
2417 2781 2561 2842 Beati
2591 2789 2814 2859 apostoli
2868 2791 2942 2842 tui
2972 2789 3059 2853 N.,
3112 2789 3352 2856 Domine,
3392 2793 3653 2853 solemnia

2089 2888 2430 2934 recensentes
2461 2878 2668 2949 [For-te,
2699 2889 3042 2939 recensentes
3071 2882 3432 2953 quaesumus],
3464 2893 3520 2936 nt
3540 2883 3653 2950 ejus

2090 2971 2287 3024 auxilio
2332 2979 2418 3022 tua
2457 2970 2714 3024 beneficia
2746 2973 3044 3040 capiamus,
3075 2986 3173 3040 pro
3199 2987 3304 3040 quo
3332 2973 3422 3026 tibi
3452 2974 3654 3027 hostias

2091 3061 2264 3116 laudis
2289 3059 2584 3115 offerimus.
2618 3059 2720 3113 Per
2744 3061 3048 3113 Dominum.
3268 3123 3282 3142 .

2162 3153 2546 3204 Postcommun.
2565 3151 2860 3219 Perceptis,
2893 3151 3134 3214 Domine,
3153 3154 3505 3206 sacramentis
3531 3167 3655 3224 snp—

2089 3243 2298 3311 plieiter
2338 3256 2642 3303 exorzmms,
2689 3241 3056 3294 intercedente
3110 3243 3266 3295 beato
3417 3242 3657 3312 apostolo

2093 3343 2200 3394 tuo,
2231 3341 2289 3383 ut
2321 3346 2438 3398 qme
2477 3346 2573 3398 pro
2605 3331 2744 3382 illius
2771 3333 3072 3384 veneranda
3125 3333 3357 3400 gerimus
3387 3334 3653 3402 passione,

2090 3422 2242 3475 nobis
2267 3421 2550 3488 proficiant.
2574 3421 2638 3473 ad
2658 3420 2937 3474 medelam.
2959 3421 3060 3473 Per
3084 3422 3362 3474 Dominum
3390 3430 3649 3473 nostrum.

2159 3509 2294 3565 Alia.
2327 3514 2398 3565 Da
2430 3515 2601 3571 nobis,
2643 3513 2881 3568 Domine,
2917 3526 3238 3578 qnmsumus,
3286 3512 3422 3562 Deus
3449 3519 3648 3566 noster.

2087 3601 2228 3653 benti
2261 3583 2488 3665 apostoli
2517 3600 2591 3649 tui
2627 3597 2686 3649 N.
2726 3599 3199 3652 intercessionilms
3246 3599 3512 3652 sublevari
3539 3589 3566 3662 ,⁸
3593 3608 3650 3650 ιιι.

2087 3705 2182 3757 per
2205 3703 2338 3756 quos
2368 3688 2616 3741 Ecclesize
2648 3698 2751 3739 tua?
2800 3690 3015 3756 superni
3061 3691 3312 3764 numeris-
3352 3692 3647 3744 rudimenta

2088 3781 2317 3841 donasti,
2347 3795 2440 3848 per
2470 3794 2559 3831 eos
2591 3778 2826 3830 subsidia
2851 3787 3118 3846 perpetuas
3141 3780 3329 3847 salutis
3360 3778 3652 3848 impendas.

2088 3868 2187 3920 l‘er
2217 3871 2495 3922 Dominum
2523 3880 2780 3920 nostrum.

2669 3973 2894 4030 CAPUT
2938 3976 3050 4029 Xll.

2446 4067 2604 4120 Missa
2641 4065 2984 4135 plurimorum
3021 4079 3326 4135 martyrmn.

2165 4181 2302 4234 Deus
2328 4180 2419 4247 qui
2449 4179 2649 4232 sanctis
2697 4180 3024 4244 maxtyrilms
3048 4180 3111 4231 ad
3139 4181 3514 4246 sempiternam
3539 4180 3652 4247 glo-

2089 4274 2225 4327 riam
2256 4271 2499 4325 veniendi
2546 4271 2819 4338 eopiosmn
2872 4286 3062 4323 numus
3105 4272 3294 4339 gratia
3337 4271 3609 4324 contulisti
3637 4313 3653 4333 ,

2015 4362 2062 4419 Ι)
2087 4364 2153 4416 da
2181 4363 2336 4416 nobis
2361 4361 2572 4414 famulis
2601 4361 2704 4411 tuis
2728 4369 3029 4412 nostrorum
3054 4362 3262 4412 veniam
3291 4370 3650 4429 peccatorum,

2092 4463 2147 4506 ut
2176 4463 2484 4505 sanctorum
2537 4462 2744 4503 tuorum
2808 4451 3264 4505 intercedentilms
3311 4455 3540 4514 meritis,
3583 4454 3651 4505 ab

2091 4542 2340 4598 omnibus
2367 4555 2675 4593 mereamur
2713 4540 3125 4595 arhersitatibus
3173 4543 3417 4607 liberari,
3469 4553 3655 4609 quate-

2092 4647 2192 4683 nus
2222 4631 2285 4682 ad
2312 4644 2499 4681 eorum
2540 4643 2637 4690 nos
2672 4626 2835 4679 facias
2866 4629 3056 4692 gaudia
3085 4638 3279 4683 aeterna
3311 4631 3613 4698 pertingere
3637 4671 3652 4692 ,

2093 4723 2157 4775 de
2188 4736 2415 4795 quorum
2449 4733 2545 4771 nos
2573 4720 2771 4772 virtute
2804 4719 2994 4772 tribuis
3040 4724 3344 4788 quotidiana
3403 4720 3653 4774 solemni-

2093 4817 2200 4862 tate
2229 4809 2478 4879 gaudere.
2510 4807 2631 4878 Per.

2165 4899 2334 4951 Lectio
2385 4897 2503 4948 libri
2539 4898 2817 4966 Apocalyp.
2854 4899 2983 4950 beati
3008 4898 3225 4950 Joannis
3256 4907 3420 4964 (ipost.
3454 4898 3510 4949 In
3541 4900 3651 4953 dic-

2093 4991 2191 5041 hus
2220 4989 2342 5049 illis,
2374 4988 2476 5038 vidi
2510 4989 2719 5040 turbam
2751 5002 3020 5056 magnam,
3050 5002 3208 5054 quam
3238 4987 3598 5042 dinumerare.

2163 5075 2437 5146 Sequentia
2461 5079 2626 5128 sancti
2647 5076 2911 5146 Evangelii
2933 5077 3214 5127 secundum
3244 5075 3569 5130 .ilattlta‘um.
3599 5078 3652 5132 In

2092 5170 2179 5221 illo
2211 5179 2466 5235 tempore,
2495 5169 2682 5222 videns
2733 5170 2886 5223 Jcsus
2917 5170 3117 5230 turbas,
3152 5171 3392 5222 ascendit
3422 5172 3471 5223 in
3507 5187 3654 5224 mon-

2095 5270 2219 5312 tem.
2250 5258 2313 5310 Et
2343 5273 2462 5309 eum
2488 5260 2732 5321 sedisset,
2765 5266 3103 5313 accesserunt
3150 5261 3214 5312 ad
3261 5275 3380 5313 cum
3410 5259 3652 5329 discipuli

2093 5347 2242 5413 ejus;
2276 5354 2329 5398 et
2374 5348 2618 5412 aperiens
2671 5363 2730 5401 os
2769 5363 2922 5401 suum
2955 5387 2968 5408 ,
3010 5348 3231 5401 docebat
3258 5363 3349 5402 eos
3375 5389 3388 5413 ,
3428 5350 3606 5403 dicens
3640 5372 3650 5403 :

2097 5438 2239 5489 Beati
2270 5451 2529 5504 pauperes
2557 5439 2783 5503 spiritu,
2815 5437 3085 5506 quoniam.

2168 5526 2333 5596 Super
2358 5525 2546 5576 oblata.
2581 5527 2819 5582 Suseine.
2862 5528 3102 5590 Domine,
3137 5543 3376 5591 innuera,
3410 5546 3527 5598 qua!
3557 5533 3651 5585 tibi

3189 5620 3263 5678 15
