4246 6184
641 333 742 386 459

1478 337 1534 388 Β.
1576 337 1636 390 r.
1679 333 1898 391 ALBlNl
1940 335 2066 390 seu
2108 334 2377 390 ALCUINI
2415 301 2692 389 creauit
2731 331 2905 389 rans
2939 333 3025 388 tv.

3746 340 3848 393 560

646 450 698 502 in
727 449 929 503 honore
961 456 1268 526 sanctorum
1303 455 1600 518 martyrum
1649 457 1861 503 tuorum
1887 448 1951 502 de
1976 455 2064 501 tua
2088 446 2193 500 lar—
2223 450 2266 507 Α
2296 448 2396 501 hac
2420 445 2638 500 basilica
2665 444 2899 515 reliquiae
2925 453 3051 500 sunt
3079 445 3384 500 reconditae.
3411 445 3513 500 Per
3541 446 3841 506 Dominum.

644 538 806 607 gitate
848 537 1170 606 deferimus,
1221 546 1280 592 ut
1331 553 1518 595 eorum
1568 539 2039 594 intercessionibus
2085 539 2200 593 hazc

644 637 982 684 Sacrosancta
1008 629 1283 700 mysteria,
1327 629 1514 699 gratiae
1543 637 1648 684 tua:
1684 636 1940 700 operante
1962 629 2160 683 virtute
2182 667 2196 690 ,

640 718 918 783 prtesentis
954 718 1075 771 vitae
1097 733 1196 772 nos
1219 718 1623 772 conversatione
1643 716 1981 772 sanetilieent
2009 756 2024 781 ,
2050 724 2105 771 et
2131 717 2198 770 ad

643 803 833 872 gaudia
862 806 1190 876 sempiterna
1217 806 1532 876 perducant.
1561 806 1682 862 Per.

713 895 1107 950 Postcommun.
1134 897 1214 951 Sit
1242 899 1414 961 nobis,
1443 899 1683 964 Domine,
1714 897 1983 969 reparatio
2005 897 2199 951 mentis

639 995 694 1040 et
742 989 981 1057 corporis
1023 989 1240 1044 cmleste
1285 991 1599 1060 mysterium
1627 1028 1643 1054 ,
1692 989 1846 1059 cuius
1888 989 2198 1059 operatione

641 1092 940 1145 precamur,
966 1087 1024 1132 ut
1053 1080 1181 1132 vitia
1211 1088 1391 1134 nostra
1422 1088 1716 1149 purgentur
1736 1120 1750 1144 ,
1782 1087 1837 1134 et
1863 1077 2199 1134 interceden-

643 1166 782 1221 tibus
807 1169 1004 1223 sanctis
1031 1169 1355 1238 martyribus
1394 1169 1517 1231 tuis,
1555 1166 1700 1236 justa
1749 1167 2013 1224 desideria
2055 1182 2196 1222 com-

641 1256 904 1324 pleantur.
939 1257 1059 1312 Per.

710 1346 848 1398 Alia.
881 1345 1227 1419 Omnipotens
1255 1349 1579 1416 sempiterne
1609 1346 1770 1410 Deus,
1808 1348 1896 1416 qui
1927 1347 2195 1401 abundan-

643 1436 714 1488 tia
744 1435 957 1502 pietatis
973 1442 1086 1488 tua:
1115 1445 1169 1489 et
1200 1438 1389 1489 merita
1413 1436 1706 1505 supplicum
1734 1436 1947 1490 excedis
1970 1444 2023 1490 et
2051 1445 2192 1500 vota,

641 1523 849 1580 effunde
899 1541 1058 1594 super
1103 1542 1200 1580 nos
1242 1527 1659 1580 misericordiam
1691 1535 1860 1589 tuam,
1891 1534 1951 1579 ut
1993 1526 2197 1579 meritis

644 1625 935 1686 martyrum
991 1626 1201 1670 tuorum
1232 1617 1470 1671 dimittas
1505 1619 1657 1672 nobis
1687 1619 1865 1672 omnia
1909 1633 2027 1686 quae
2072 1632 2198 1670 con-

640 1708 863 1761 scientia
901 1709 1090 1762 metuit
1119 1749 1132 1764 .
1184 1717 1238 1762 et
1279 1709 1497 1776 adjicias
1525 1723 1642 1777 qua:
1666 1709 1841 1763 oratio
1867 1723 1969 1760 non
1996 1722 2198 1776 prmsu-

640 1801 754 1853 mit.
787 1799 905 1856 Per.

1223 1868 1449 1924 CAPUT
1487 1867 1621 1922 XIII.

847 1957 1011 2012 Missa
1039 1959 1092 2011 in
1119 1958 1335 2012 ecclesia
1365 1969 1661 2011 sanctorum
1685 1967 1969 2026 martyrum

708 2046 1020 2116 Propitiarc,
1050 2047 1291 2112 Domine,
1331 2049 1483 2102 nobis
1511 2047 1724 2102 famulis
1754 2048 1859 2101 tuis
1885 2063 1980 2117 per
2005 2048 2196 2102 borum

641 2147 932 2206 martyrum
965 2146 1197 2202 tuorum,
1226 2138 1315 2206 qui
1354 2138 1406 2190 in
1445 2138 1692 2207 praesenti
1738 2139 2075 2206 requiescunt
2110 2153 2199 2191 ee-

638 2225 818 2290 clcsia,
861 2228 1053 2281 merita
1094 2228 1341 2297 gloriosa,
1369 2238 1430 2282 ut
1451 2243 1637 2282 eorum
1679 2229 1767 2297 pia
1813 2229 2198 2282 intercessione

640 2316 708 2370 ab
731 2317 978 2370 omnibus
1014 2325 1358 2386 protegamur
1401 2317 1660 2371 adversis.
1689 2315 1790 2371 Per
1819 2316 2121 2370 Dominum.

707 2405 880 2458 Lectio
933 2405 1052 2457 libri
1106 2405 1406 2475 Sapientia.
1437 2405 1641 2475 Lingua
1671 2407 1990 2474 sapientium
2039 2413 2197 2460 ornat

639 2498 913 2552 scientiam
941 2539 954 2560 ,
997 2512 1057 2551 os
1085 2496 1350 2551 l'atuorum
1388 2497 1578 2552 ebullit
1602 2497 1863 2551 stultiztm.

710 2587 988 2656 Sequentiu
1034 2588 1199 2640 sancti
1251 2586 1520 2656 Evangelii
1567 2588 1850 2640 secundant
1884 2586 2094 2640 Lucam.
2133 2584 2194 2638 In

640 2677 729 2729 illo
752 2685 1006 2744 tempore,
1053 2677 1186 2729 dixit
1215 2675 1370 2729 Jesus
1409 2677 1682 2745 discipulis
1712 2677 1856 2730 suis:
1892 2675 2009 2729 Sint
2031 2676 2194 2730 lumbi

642 2766 805 2819 vestri
834 2766 1126 2834 prmcincti,
1156 2773 1210 2820 et
1229 2763 1466 2820 lucernae
1493 2768 1760 2821 ardentes.

711 2853 939 2908 Secreta.
996 2852 1262 2923 Suscipiat
1299 2855 1539 2909 Ecclesia
1573 2854 1899 2926 [clementia]
1924 2865 2043 2918 tua,
2087 2854 2193 2908 Do-

641 2944 802 3009 mine,
831 2959 1148 3013 quzesumus,
1173 2945 1238 2998 de
1261 2945 1504 3000 manibus
1525 2947 1716 3000 vestris
1739 2945 2194 3017 [nostris].tnunus

640 3033 892 3098 oblatum,
921 3044 976 3086 et
1005 3049 1099 3101 per
1119 3035 1313 3096 borum
1339 3036 1619 3090 beatorum
1651 3048 1947 3106 martyrum
1980 3044 2190 3090 tuorum

2366 535 2751 592 Paucommun.
2797 536 2986 592 Divina
3033 536 3265 592 libantes
3299 538 3550 606 mysteria
3575 577 3592 603 ,
3636 554 3847 607 qutesu-

2297 643 2435 691 mus,
2466 627 2707 693 Domine,
2743 635 2803 682 ut
2830 642 3016 686 eorum
3038 641 3137 681 nos
3169 626 3364 694 ubique
3383 627 3698 684 intercessio
3723 646 3848 699 pro-

2297 723 2467 787 tegat,
2499 730 2724 784 quorum
2773 715 2862 770 hic
2897 729 3046 769 sacra
3079 715 3373 784 gaudemus
3398 717 3703 786 prasentia.
3745 718 3848 773 Per
3891 717 3898 724 ’

2295 803 2595 859 Dominum.

2368 894 2538 965 Super
2559 896 2825 966 pupulum.
2849 895 3072 961 Exaudi,
3110 894 3332 950 Domine
3368 896 3528 962 Deus,
3557 897 3849 954 clementer

2297 987 2349 1038 in
2375 986 2478 1040 bac
2498 985 2654 1040 domo
2681 995 2771 1039 tua
2795 1000 2984 1054 preces
3013 1001 3290 1041 servorum
3313 993 3545 1053 tuorum,
3584 997 3848 1058 quatenus

2297 1074 2505 1128 illorum
2546 1075 2751 1128 meritis
2773 1084 2916 1128 tuam
2941 1090 3333 1144 consequamur
3351 1077 3600 1144 gratiam,
3616 1091 3845 1147 quorum

2297 1162 2382 1216 hic
2406 1163 2700 1231 patrocinia
2723 1179 3058 1219 veneramur.
3076 1165 3197 1218 Per.
3294 1160 3300 1165 ’

2879 1270 3104 1326 CAPUT
3141 1272 3255 1326 XV.

2577 1448 2594 1468 κ
2659 1380 2820 1434 Missa
2846 1382 3144 1457 quotidiana
3168 1393 3488 1438 sanctorum.

2367 1488 2523 1552 Deus,
2559 1469 2648 1558 qui
2691 1504 2788 1544 nos
2815 1469 2985 1544 beata:
3027 1489 3206 1544 Maria:
3248 1507 3462 1562 semper
3488 1493 3750 1562 virginis,
3793 1503 3848 1548 et

2295 1579 2573 1634 beatorum
2604 1581 2962 1650 apostolorum
2986 1621 3001 1646 ,
3049 1591 3346 1653 martyrum
3373 1623 3389 1649 ,
3434 1583 3806 1639 confessorum
3830 1625 3846 1648 ,

2295 1670 2560 1738 virginum
2585 1680 2745 1740 atque
2769 1672 3006 1724 omnium
3053 1672 3212 1726 simul
3257 1682 3562 1728 sanctorum
3598 1674 3849 1731 continua

2225 1781 2271 1840 Β
2295 1743 2536 1813 Ιὶεῦῧοθδ
2577 1760 2949 1824 solemnitate;
2998 1770 3192 1829 pmsta
3216 1801 3230 1826 ,
3279 1775 3604 1830 quaesumus,
3633 1771 3692 1815 ut
3716 1777 3855 1832 quos

2229 1916 2235 1924 ι
2297 1847 2606 1916 quotidiano
2643 1862 2962 1902 veneramur
2987 1849 3159 1905 olIicio
3182 1891 3196 1913 ,
3223 1852 3384 1905 etiam
3428 1854 3531 1921 piae
3567 1867 3854 1907 conversa-

2298 1936 2455 1991 tionis
2481 1952 2765 2004 sequamur
2792 1939 3056 2008 exemplo.
3085 1940 3205 2010 Per.

2366 2025 2594 2079 Secreta.
2626 2025 2842 2080 Munera
2869 2029 2982 2092 tibi,
3027 2028 3270 2093 Domine,
3311 2039 3510 2086 nostras
3552 2032 3854 2088 devotionis

2294 2113 2589 2179 oll‘erimus,
2624 2130 2740 2184 qua:
2769 2123 2823 2170 ct
2847 2132 2942 2185 pro
2971 2126 3182 2173 tuorum
3206 2119 3301 2175 tibi
3329 2129 3482 2190 grata
3512 2122 3620 2176 sint
3650 2123 3854 2178 honore

2295 2214 2602 2259 sanctorum
2626 2244 2642 2269 ,
2673 2213 2727 2258 et
2757 2205 2910 2260 nobis
2939 2207 3192 2262 salutaria
3221 2248 3237 2274 ,
3278 2217 3330 2263 te
3375 2211 3663 2266 miserante
3687 2251 3702 2276 ,
3736 2214 3854 2266 red-

2298 2295 2492 2348 dantur

2365 2381 2750 2439 Postcommun.
2785 2387 3008 2452 Praesta,
3056 2403 3380 2456 qumsumus,
3411 2390 3652 2457 Domine,
3675 2393 3849 2458 nobis,

2295 2472 2746 2530 intercedentibus
2773 2477 3010 2530 omnium
3037 2488 3341 2533 sanctorum
3384 2490 3595 2536 tuorum
3621 2482 3847 2548 meritis,

2294 2575 2351 2618 ut
2377 2581 2494 2635 quaa
2521 2582 2614 2621 ore
2644 2571 3020 2639 contingimus,
3055 2586 3192 2639 puro
3240 2576 3400 2629 corde
3427 2576 3714 2644 capiamus.
3747 2573 3852 2631 I‘er

2295 2653 2576 2708 Dominum
2603 2667 2862 2710 nostrum.
2905 2695 2908 2700 .

2363 2742 2530 2814 Super
2555 2747 2817 2816 populum.
2851 2748 2954 2803 Fac
2998 2766 3125 2817 nos,
3153 2752 3398 2809 ,Domine
3437 2756 3598 2823 Deus,
3644 2769 3844 2813 sancta!

2295 2833 2472 2890 Marite
2516 2853 2729 2906 semper
2779 2841 2999 2912 virginis
3038 2846 3290 2901 subsidiis
3317 2849 3513 2916 attolli,
3536 2860 3591 2904 et
3611 2852 3848 2927 gloriosa

2292 2926 2570 2981 beatorum
2629 2932 2984 3001 apostolorum
3004 2975 3018 2998 ,
3051 2945 3347 3007 martyrum
3379 2979 3392 3004 ,
3442 2926 3804 2998 eonfeSsorum
3832 2984 3847 3008 ,

2292 3017 2580 3086 virginum,
2614 3023 2959 3094 omniumque
3003 3027 3160 3081 simul
3184 3025 3492 3086 sanctorum
3522 3035 3851 3104 protectionc

641 3123 958 3187 orationem,
990 3124 1058 3176 ab
1085 3124 1333 3177 omnibus
1357 3139 1457 3178 nos
1479 3125 1730 3178 emundet
1750 3127 2003 3196 peccatis.
2034 3124 2154 3180 Per.
2221 3115 2264 3172 C

2250 3115 2264 3172 ζ
2295 3105 2525 3172 defendi,
2557 3118 2616 3196 ut
2645 3111 2770 3166 dum
2813 3128 2999 3169 eorum
3038 3118 3240 3186 pariter
3281 3123 3519 3189 quotidie
3560 3124 3692 3180 festa
3716 3125 3854 3182 cele

717 3215 815 3281 17
846 3208 924 3265 Ad
956 3212 1346 3282 Complendum.
1395 3212 1584 3267 Divina
1639 3214 1866 3268 libantes
1900 3217 2150 3285 mysteria
2177 3256 2192 3279 ,

643 3319 759 3372 quae
787 3318 883 3372 pro
913 3311 1219 3357 sanctorum
1257 3315 1554 3375 martyrum
1598 3313 1811 3361 tuorum
1853 3309 2195 3363 veneratione

645 3404 746 3447 tuae
771 3393 1057 3448 obtulimus
1082 3395 1368 3463 majestati.
1394 3405 1609 3463 presta,
1652 3411 1979 3466 quaesumus,
2011 3398 2190 3453 Domi-

642 3497 709 3535 ne
734 3523 746 3544 ,
778 3491 834 3534 ut
877 3496 973 3550 per
1021 3496 1085 3535 ea
1127 3481 1334 3534 veniam
1375 3497 1678 3537 mereamur
1718 3492 2062 3552 peccatorum
2091 3531 2107 3556 ,
2143 3497 2195 3540 et

643 3571 878 3625 ctelestis
903 3572 1088 3639 gratia:
1101 3570 1254 3624 donis
1275 3569 1598 3625 reﬁciamur.
1633 3572 1736 3628 Per
1762 3572 2063 3628 Dominum.

713 3658 848 3712 Alia.
880 3659 974 3724 Da,
1000 3667 1214 3714 :eternm
1252 3662 1634 3716 consolationis
1661 3661 1821 3716 Pater
1851 3703 1865 3728 ,
1892 3678 1988 3731 per
2015 3664 2196 3718 beato-

643 3765 760 3802 rum
801 3759 1097 3819 martyrum
1134 3757 1346 3804 tuorum
1378 3763 1568 3818 preces
1593 3752 1786 3821 populo
1811 3759 1901 3807 tuo
1932 3767 2116 3820 pacem
2145 3763 2198 3806 et

643 3839 888 3904 salutem,
913 3849 971 3893 ut
993 3840 1098 3892 tuis
1117 3847 1223 3892 tota
1257 3839 1541 3895 dilectione
1581 3841 1874 3896 inhaereant
1915 3843 2197 3912 praeceptis

642 3938 695 3979 et
708 3943 824 3995 qum
855 3930 947 3984 tibi
977 3929 1171 3997 placita
1197 3930 1322 3991 sint,
1353 3939 1462 3983 tota
1481 3931 1761 4000 perﬁciant
1780 3933 2068 3987 voluntate.
2096 3934 2198 3987 Per

645 4015 923 4068 Dominum
953 4029 1212 4071 nostrum.
1995 4058 1998 4061 -
2123 4039 2127 4043 ·

1210 4108 1434 4164 CAPUT
1475 4109 1609 4163 XIV.

646 4193 708 4246 In
743 4195 904 4247 natul.
933 4208 1224 4250 sanctorum
1249 4239 1262 4262 ,
1293 4217 1510 4268 quorum
1542 4200 1771 4271 reliquit!
1815 4203 1866 4254 in
1897 4219 1998 4254 una
2043 4203 2194 4255 domo

1322 4280 1462 4322 διιηε.
2009 4278 2014 4285 ’

710 4376 972 4439 Concede,
999 4391 1325 4444 quaesumus,
1347 4381 1680 4448 omnipotens
1707 4382 1867 4444 Deus,
1909 4390 1968 4434 ut
2007 4392 2192 4437 sancta

641 4467 734 4519 Dei
764 4465 1003 4520 Genitrix
1025 4508 1038 4531 ,
1065 4469 1339 4537 sanctique
1369 4469 1444 4521 tui
1470 4470 1724 4537 apostoli,
1750 4480 2036 4541 martyres,
2065 4488 2190 4526 con—
2217 4460 2266 4514 ο

642 4557 890 4621 fessores,
916 4559 1147 4627 virgines
1182 4568 1339 4629 atque
1363 4575 1550 4614 omnes
1590 4563 1756 4614 sancti
1780 4601 1792 4623 ,
1843 4577 2068 4630 quorum
2110 4579 2192 4617 re-

641 4647 816 4717 liquiae
842 4649 895 4701 in
915 4650 1014 4701 ista
1035 4653 1378 4704 continentur
1396 4651 1640 4715 ecclesia,
1668 4653 1962 4720 patrocinia
1986 4651 2190 4724 [Forte,

640 4737 970 4810 patrociniis]
999 4755 1095 4793 nos
1119 4743 1311 4809 ubique
1339 4742 1608 4807 adjuvent.
1641 4751 1906 4810 quatenus
1946 4745 2032 4797 hic
2078 4744 2194 4797 illo-

642 4845 758 4882 rum
785 4831 1030 4899 praesenti
1069 4827 1318 4896 suﬂragio
1347 4831 1634 4899 tranquilla
1665 4846 1794 4898 pace
1834 4833 1886 4884 in
1927 4841 2015 4885 tua
2038 4833 2191 4886 laude

639 4918 898 4972 laetemur.
927 4917 1048 4973 Per.

711 5008 843 5060 Item
884 5008 1008 5061 alia.
1045 5007 1313 5060 Auxilium
1343 5016 1489 5060 tuum
1521 5011 1694 5074 nobis,
1721 5011 1962 5076 Domine,
1986 5027 2194 5080 quaesu-

643 5115 780 5161 mus,
822 5101 1060 5168 placatus
1104 5099 1346 5167 impende
1373 5139 1388 5162 ,
1427 5108 1480 5152 et
1520 5101 1965 5156 intercedentibus
1995 5103 2195 5156 sanctis

646 5190 790 5251 tuis,
836 5204 1061 5256 quorum
1106 5189 1157 5241 in
1189 5191 1291 5243 hac
1317 5190 1568 5258 praesenti
1612 5191 1847 5245 Ecclesia
1897 5194 2189 5261 patrocinia

643 5278 890 5348 colligere
940 5281 1240 5333 curavimus
1267 5321 1279 5342 ,
1328 5281 1411 5338 lac
1451 5299 1547 5336 nos
1586 5284 1651 5336 ab
1685 5286 1829 5338 omni
1873 5288 2192 5341 adversitate

642 5370 857 5424 liberari
884 5410 897 5431 ,
925 5376 977 5422 et
1007 5370 1058 5422 in
1088 5378 1286 5422 (eterna
1317 5371 1495 5425 lmtitia
1523 5373 1752 5442 gaudere
1779 5390 1897 5428 cum
1923 5377 2043 5430 illis.
2074 5376 2192 5429 Per.

714 5461 930 5514 Munera
981 5475 1114 5524 une,
1162 5462 1467 5516 misericors
1497 5465 1637 5517 Deus
1663 5505 1676 5527 ,
1719 5465 1983 5534 maiestati
2019 5468 2194 5522 oblata

647 5553 892 5619 benigno,
915 5569 1239 5623 quaesumus,
1271 5555 1478 5623 suscipe
1504 5555 1712 5620 intuitu,
1756 5567 1816 5610 ut
1841 5572 2024 5612 eorum
2047 5559 2199 5612 nobis

649 5642 890 5703 precibus
928 5642 1053 5697 [iant
1101 5645 1352 5699 salutaria
1379 5687 1394 5712 ,
1447 5660 1674 5716 quorum
1723 5651 2099 5704 sacratissima!
2141 5649 2196 5702 in

2299 3196 2538 3261 bramus,
2556 3195 2742 3253 eorum
2769 3205 2971 3270 pariter
3000 3207 3236 3274 quotidie
3258 3208 3326 3263 ab
3343 3213 3591 3268 omnibus
3615 3215 3853 3269 adversis

2294 3295 2640 3357 protegamur
2668 3293 2884 3349 auxilio.
2919 3295 3038 3350 Per.

2877 3411 3102 3468 CAPUT
3139 3416 3281 3494 xw.

2789 3499 2950 3555 Missa
2973 3519 3065 3572 pro
3092 3507 3335 3561 inimicis.

2365 3611 2503 3666 Deus
2552 3615 2697 3682 pacis
2751 3616 3132 3687 charitatisque
3182 3632 3391 3678 amator
3435 3635 3490 3680 et
3531 3636 3731 3692 custos,
3780 3627 3848 3682 da

2295 3699 2542 3756 omnibus
2580 3703 2812 3758 inimicis
2850 3708 3052 3761 nostris
3098 3719 3286 3777 pacem
3315 3711 3737 3784 charitatemque
3763 3729 3853 3769 νε-

2282 3800 2430 3848 ram,
2460 3797 2877 3859 cunctorumque
2904 3793 2984 3847 eis
3009 3797 3374 3852 remissionem
3413 3801 3586 3856 tribue
3609 3811 3867 3875 pcccato-_.

2298 3892 2436 3942 rum,
2466 3893 2667 3947 nosque
2693 3882 2760 3934 ab
2789 3896 2976 3938 eorum
3003 3884 3211 3941 insidiis
3228 3897 3474 3957 potenter
3501 3894 3666 3964 eripe.
3696 3893 3816 3949 Per.

2272 3998 2281 4003 υ
2365 3969 2592 4024 Secreta.
2628 3972 2848 4037 Oblatis,
2877 3977 3118 4044 Domine,
3147 3997 3470 4051 quasumus,
3496 3987 3711 4055 placare
3736 4005 3855 4043 mu-

2297 4063 2512 4116 neribus
2543 4083 2554 4116 :
2587 4073 2643 4118 et
2669 4081 2765 4120 nos
2787 4068 2854 4121 ab
2883 4069 3116 4125 inimicis
3144 4075 3343 4128 nostris
3368 4075 3658 4132 clementer
3680 4081 3846 4149 eripe,

2295 4151 2479 4219 eisque
2499 4153 2876 4225 indulgentiam
2901 4159 3074 4214 tribue
3100 4155 3432 4218 delictdrum.
3449 4165 3551 4221 Per
3568 4166 3851 4224 Dominum

2297 4249 2554 4295 nostrum.

2361 4332 2441 4384 Ad
2471 4332 2860 4403 Complendum.
2894 4339 3033 4394 Deus
3060 4343 3152 4410 qui
3188 4342 3414 4398 famulos
3437 4353 3580 4414 tuos,
3611 4346 3848 4417 Moysen,

2295 4418 2528 4486 Samuel,
2568 4431 2621 4478 et
2674 4423 3004 4494 Stephanum
3043 4439 3489 4502 protomartyrem
3525 4436 3721 4490 virtute
3755 4451 3849 4505 pa-

2295 4511 2493 4564 tientia:
2518 4513 2745 4579 donasti,
2790 4526 2846 4570 ut
2889 4534 2990 4587 pro
3031 4536 3244 4575 suorum
3275 4524 3482 4579 delictis
3511 4526 3850 4583 inimicorum

2295 4603 2664 4670 aequanimiter
2699 4620 3011 4676 exorarent;
3045 4613 3108 4666 da
3138 4615 3308 4680 nobis,
3345 4632 3648 4685 quazsumus
3671 4660 3686 4684 ,
3731 4635 3848 4675 om-

2295 4691 2441 4744 nium
2488 4694 2693 4750 meritis
2740 4708 3070 4764 sanctorum,
3110 4711 3166 4754 ut
3196 4703 3438 4759 inimicos
3468 4717 3681 4762 nostros
3708 4723 3850 4764 verae

2294 4780 2593 4835 dilectionis
2629 4799 2808 4837 amore
2835 4787 3112 4855 diligamus
3131 4831 3144 4853 ,
3172 4806 3462 4860 eorumque
3485 4809 3582 4862 pro
3617 4797 3850 4852 excessi—

2297 4870 2395 4924 bus
2427 4879 2534 4924 tota
2565 4874 2758 4927 mentis
2796 4875 3084 4934 intentione
3131 4875 3318 4950 preces
3358 4884 3596 4939 assiduas
3630 4887 3688 4941 in
3721 4902 3847 4944 con-

2297 4967 2478 5026 spectu
2514 4961 2804 5030 maiestatis
2828 4973 2930 5020 tua:
2956 4967 3252 5023 fundamus.
3288 4961 3428 5025 Per.‘
3508 4960 3514 4965 ’

2798 5075 2904 5143 18
2934 5075 3160 5131 CAPUT
3192 5081 3346 5135 XVII.

2597 5178 2758 5235 Missa
2785 5200 2878 5252 pro
2900 5188 3170 5254 conﬁtente
3195 5203 3401 5260 peccata
3431 5211 3549 5248 sua.

2366 5289 2712 5358 Omnipotens
2739 5297 3055 5362 sempitemc
3081 5300 3244 5366 Deus,
3286 5306 3376 5370 qui
3418 5322 3479 5361 es
3523 5321 3702 5372 verus,
3726 5325 3848 5364 san~

2298 5391 2414 5437 ctus
2449 5425 2462 5447 ,
2507 5393 2559 5438 et
2586 5395 2888 5442 sanctorum
2916 5393 3150 5448 omnium
3179 5404 3473 5462 protector,
3501 5399 3593 5454 tibi
3625 5401 3712 5470 pio
3738 5401 3845 5454 Do-

2300 5475 2443 5527 mino
2470 5475 2674 5530 devotis
2699 5476 2968 5534 mentibus
2988 5473 3187 5535 Itastias
3212 5483 3383 5539 laudis
3402 5487 3696 5553 offerimus,
3722 5506 3848 5558 sup-

2298 5563 2608 5632 pliciterque
2633 5582 2730 5634 pro
2764 5566 2961 5622 famulo
2987 5578 3077 5626 tuo
3104 5572 3166 5625 Ν.
3191 5573 3559 5644 deprecamur,
3598 5589 3656 5632 ut
3690 5581 3738 5633 ei
3762 5582 3845 5633 in-

2299 5652 2618 5722 dulgentiam
2666 5657 2869 5711 tribuas
2910 5660 3145 5715 omnium
3176 5663 3494 5721 delictorum
3520 5685 3731 5723 suorum
3750 5711 3763 5733 ,
3793 5680 3847 5724 et
