4246 6270
402 412 495 469 46!

1309 415 1688 473 LITURGICA.
1713 449 1781 457 ——
1814 414 2015 473 LIBER
2049 418 2673 477 SACRAEENTORUH.

3512 413 3616 467 ili!

405 542 473 582 ne
514 529 710 583 iterum
754 526 822 583 ad
849 525 1173 604 voluntatem
1202 527 1406 593 peccati
1442 527 1658 588 redeat,
1700 528 2037 597 propitiush
2066 527 2332 595 illustret,
2376 530 2592 585 roborct
2617 545 2681 584 ac
2710 516 2987 583 conﬁrmet
3021 566 3035 588 ,
3087 525 3357 595 praeterita
3400 504 3643 594 peccata-

404 632 524 672 cum
549 617 819 672 custodire
842 616 1096 688 digneris.
1126 615 1230 671 Per
1255 615 1536 672 Dominum
1559 627 1820 673 nostrum.

469 706 702 775 Secreta.
734 705 993 777 Suscipe,
1038 705 1454 761 clementissime
1496 716 1647 776 pater
1674 746 1690 770 .
1735 706 1967 761 hostiam

404 798 719 869 placationis
744 808 801 855 et
819 799 1014 863 laudis,
1043 815 1179 870 quas
1200 814 1309 870 ego
1337 799 1585 870 indignus
1614 808 1672 855 et
1713 809 1968 870 peccator

405 890 634 947 famulus
654 899 774 946 tuus
794 892 888 946 tibi
912 891 1106 948 offerre
1128 906 1391 962 praesumo
1410 892 1476 946 ad
1501 893 1758 947 honorem
1785 892 1969 963 glorite

405 986 636 1040 nominis
684 985 758 1038 tui
783 1012 800 1046 -,
834 992 890 1038 et
929 999 1029 1055 pro
1072 984 1434 1039 incolumitate
1471 982 1654 1040 famuli
1703 985 1781 1038 tui
1810 983 1873 1037 Ν.
1909 993 1969 1039 ιιι

404 1076 641 1132 omnium
669 1076 985 1130 delictorum
1005 1089 1223 1129 suorum
1245 1075 1457 1129 veniam
1477 1075 1731 1143 consequi
1762 1089 1969 1129 merea-

318 1200 319 1203 η
408 1172 513 1218 tur.
546 1162 650 1217 Per
677 1163 959 1217 Dominum
987 1172 1251 1218 nostrum.

480 1252 865 1308 Pcstcommtm.
893 1252 1199 1317 Precamur,
1228 1254 1476 1315 Domine.
1521 1262 1583 1308 ut
1632 1254 1967 1311 interceden-

408 1341 549 1396 tibus
576 1344 776 1398 sanctis
802 1344 909 1399 tuis
945 1360 1041 1414 pro
1068 1342 1266 1399 famulo
1294 1354 1384 1400 tuo
1405 1343 1472 1400 Ν.
1505 1345 1889 1416 indulgentiam
1915 1347 1965 1401 ei

407 1430 610 1485 tribuas
650 1432 888 1485 omnium
929 1442 1305 1501 peccatorum,
1352 1448 1487 1504 opus
1527 1434 1647 1504 ejus
1684 1434 1737 1488 in
1768 1436 1965 1489 bonum

406 1520 685 1589 pcrﬁcias;
716 1538 839 1576 nam
884 1534 937 1575 et
962 1523 1187 1592 gratiam
1218 1534 1367 1577 tuam
1408 1524 1456 1578 ei
1502 1526 1801 1591 concedas,
1831 1524 1960 1590 ﬁde,

407 1627 503 1683 spe
528 1621 584 1668 et
608 1613 871 1670 charitate
907 1630 1031 1669 eum
1076 1614 1311 1683 replens,
1340 1624 1573 1672 mentem
1617 1613 1734 1683 ejus
1761 1606 1836 1671 ad
1858 1630 1967 1673 co:-

408 1706 561 1761 lestia
610 1707 1116 1779 desideriaerigas,
1154 1716 1210 1762 et
1235 1708 1303 1761 ab
1332 1710 1477 1765 omni
1506 1710 1817 1765 diversitate
1843 1726 1964 1766 eum

408 1794 693 1860 defendas,
729 1804 785 1851 ct
833 1797 901 1851 ad
944 1797 1136 1852 bonam
1173 1788 1622 1868 perseverantiam
1681 1801 1964 1870 perducas.

410 1884 514 1941 Per
538 1885 844 1940 Dominum.

969 1994 1193 2054 CAPUT
1236 1998 1417 2053 XVIII.

478 2108 642 2162 Missa
669 2122 762 2177 pro
801 2105 969 2161 salute
996 2106 1225 2163 vivorum
1265 2118 1313 2161 et
1351 2108 1524 2178 requie
1552 2118 1893 2163 mortuorum.

453 2203 825 2288 ‘Omnipotens
858 2216 1179 2286 sempiterne
1225 2216 1397 2281 Dens,
1445 2218 1536 2288 qui
1582 2218 1825 2274 vivorum
1871 2221 1966 2275 do-

414 2309 633 2365 minaris
659 2307 815 2363 simul
842 2314 899 2361 et
935 2314 1266 2361 mortuorum
1295 2348 1309 2371 ,
1366 2307 1711 2377 omniumque
1755 2307 1925 2381 [Adde
1950 2350 1965 2373 ,

413 2397 709 2471 misereris]
769 2413 904 2467 quos
968 2408 1089 2453 tuos
1120 2396 1223 2451 ﬁde
1276 2404 1337 2458 et
1379 2411 1541 2465 opere
1608 2389 1816 2452 futuros
1850 2412 1970 2453 esse

410 2490 719 2560 prrenoseis,
752 2497 803 2544 te
852 2488 1162 2558 suppliciter
1192 2503 1378 2553 exoro,
1413 2495 1473 2542 ut
1524 2502 1622 2558 pro
1663 2489 1858 2557 quibus
1891 2487 1969 2542 ef-

411 2578 631 2635 fundere
665 2592 855 2648 preces
881 2577 1123 2641 decrevi;
1153 2592 1390 2646 quosque
1415 2571 1498 2631 vel
1524 2590 1761 2645 praesens
1805 2592 1969 2631 saecu-

411 2672 521 2728 lum
545 2672 721 2727 adhuc
747 2672 801 2725 in
844 2686 1003 2725 carne
1029 2670 1242 2734 retinet,
1268 2660 1352 2723 vel
1376 2668 1613 2747 futurum
1638 2666 1750 2737 jam
1779 2677 1970 2723 exutos

414 2777 637 2832 corpore
662 2762 914 2832 suscepit,
941 2754 1155 2833 pietatis
1184 2771 1285 2816 tua:
1305 2762 1584 2817 clementia
1606 2802 1621 2825 ,
1653 2762 1969 2817 delictorum

411 2868 627 2908 suorum
684 2853 892 2909 veniam
943 2860 1363 2922 consequantur.
1407 2850 1508 2907 Per
1550 2852 1833 2907 Dominum
1857 2849 2003 2907 ‘no-'

413 2950 581 2997 strum
607 2941 787 2998 Iesum
812 2942 1104 2999 Christum.
1311 3001 1315 3005 ,
1707 2948 1709 2951 ’

483 3030 711 3088 Secreta.
742 3020 914 3096 Deus,
945 3033 1030 3087 cui
1059 3032 1158 3087 soli
1184 3024 1425 3102 cognitus
1459 3042 1542 3088 est
1567 3048 1820 3088 numerus
1864 3033 1970 3088 ele-

414 3133 621 3177 ctorum
658 3122 711 3175 in
748 3134 977 3190 superna
1023 3119 1276 3177 felicitate
1317 3121 1661 3177 locandon
1687 3163 1702 3185 ,
1754 3123 1966 3186 tribue,

2068 617 2355 688 indulgeat,
2377 620 2658 686 praesentia
2682 633 2747 673 ac
2769 609 2947 672 futura
2966 623 3211 687 protegat
3237 632 3301 670 ac.
3330 614 3613 671 defendat:

2067 709 2139 764 sit
2163 723 2354 764 manus
2378 708 2589 781 Domini
2616 709 2923 764 auxiliatrix
2949 709 3050 769 tui.
3080 716 3136 763 et
3178 708 3455 763 brachium
3495 722 3620 763 san-

2066 806 2212 853 ctum
2259 796 2381 865 ejus
2428 786 2531 854 tibi
2561 799 2814 865 auxilium
2842 800 3099 854 concedat
3143 801 3391 855 omnibus
3432 800 3621 856 diebus

2064 888 2189 942 vita:
2215 896 2338 943 tum.
2368 887 2558 945 Amen.
2705 950 2710 956 ,

2133 975 2423 1044 Benedieat
2438 979 2693 1035 Dominus
2714 979 2877 1034 corda
2900 988 2955 1034 et
2975 995 3199 1049 corpora
3221 990 3423 1044 nostra,
3452 990 3508 1037 et
3533 983 3617 1037 det

2066 1080 2228 1136 super
2258 1082 2357 1123 nos
2387 1066 2840 1133 benedictionem,
2881 1071 3022 1124 sicut
3055 1070 3204 1124 Isaac
3232 1071 3504 1127 benediivit
3532 1071 3622 1127 ια-

2065 1155 2188 1211 cob.
2221 1156 2409 1212 Manus
2435 1155 2646 1213 Domini
2672 1171 2833 1226 super
2850 1172 2968 1223 nos,
2995 1159 3173 1213 mittat
3198 1161 3441 1229 angelum
3465 1177 3621 1217 suum

2065 1248 2361 1314 custodem,
2386 1249 2477 1320 qui
2505 1249 2769 1304 custodiat
2802 1265 2901 1305 nos
2927 1250 2982 1305 in
3005 1250 3254 1306 omnibus
3278 1252 3379 1306 viis
3401 1254 3620 1315 nostris,

2064 1336 2414 1407 perﬁciatque
2436 1353 2657 1409 gressus
2692 1347 2945 1404 nostros,
2974 1348 3035 1395 ut
3059 1354 3164 1394 non
3194 1350 3505 1396 moveantur
3532 1357 3622 1397 ve-

2066 1427 2224 1498 stigia
2264 1437 2483 1493 nostra,
2525 1427 2658 1484 foris
2695 1443 2794 1485 nos
2839 1437 3086 1500 protegat
3128 1439 3290 1501 atque
3333 1431 3620 1494 defendat.

2068 1516 2213 1572 intus
2239 1519 2550 1573 corroboret
2582 1528 2636 1573 ct
2669 1517 2949 1575 continuet
2983 1519 3037 1575 in
3078 1521 3225 1577 omni
3251 1521 3393 1579 bono
3417 1532 3473 1599 ct
3507 1523 3624 1580 feli-

2068 1607 2248 1663 citate.
2280 1606 2472 1663 Amen.

2362 1716 2591 1773 Collecta
2617 1737 2775 1792 super
2792 1721 3056 1791 judicium
3084 1723 3324 1777 dicenda.

2140 1800 2488 1900 Omnipotens
2511 1832 2833 1901 sempiternc
2872 1832 3044 1899 Deus,
3075 1836 3167 1905 qui
3195 1845 3286 1893 tua
3307 1835 3508 1905 judicia
3545 1838 3623 1894 in—

2033 1919 2046 1968 }
2067 1919 2431 1973 commutabili
2461 1920 2807 1996 dispositione
2828 1920 3009 1990 justus
3031 1923 3227 1994 ubique
3244 1926 3405 1996 judex
3435 1927 3621 1984 decer—

2068 2008 2173 2073 nis,
2204 2018 2261 2064 tu
2284 2010 2519 2067 clemens
2552 2013 2605 2066 in
2632 1993 2733 2069 hoc
2774 2022 2864 2069 tuo
2884 2014 3108 2085 judicio,
3142 1993 3209 2071 ad
3234 1993 3625 2075 invocationem

2072 2099 2175 2171 ιθ
2204 2104 2375 2159 sancti
2409 2099 2499 2158 tui
2542 2106 2791 2171 nominis,
2813 2108 2954 2177 quod
2980 2124 3011 2162 a
3044 2118 3094 2164 te
3129 2109 3361 2165 ﬁdelium
3398 2106 3623 2169 intentio

2068 2190 2340 2260 implorat,
2379 2202 2468 2247 tua
2491 2192 2789 2262 justissima
2824 2198 3215 2255 examinatione
3239 2200 3468 2255 declara.
3500 2201 3619 2255 Per.

2138 2281 2164 2320 δ
2205 2280 2335 2335 Item
2360 2282 2484 2337 alia.
2532 2286 2670 2339 Dens
2704 2283 3094 2355 judex'justus,
3119 2289 3272 2344 fortis
3304 2301 3359 2346 et
3389 2293 3618 2360 patiens,

2068 2370 2157 2438 qui
2184 2379 2371 2426 auctor
2389 2374 2536 2442 pacis
2557 2389 2636 2438 es,
2657 2384 2709 2430 et
2731 2376 2940 2445 judicas
2961 2378 3284 2448 (equitatem.
3322 2381 3400 2437 Tu
3418 2380 3620 2450 judico,

2068 2461 2210 2528 quod
2230 2461 2433 2528 justum
2461 2472 2566 2530 est,
2606 2465 2920 2532 Domine,et
2942 2476 3146 2525 rectum
3163 2468 3422 2537 judicium
3445 2482 3623 2537 tuum;

2068 2552 2159 2619 qui
2188 2540 2408 2620 respicis
2427 2568 2586 2622 super
2608 2563 2827 2619 terram,
2858 2564 2913 2611 et
2928 2556 3060 2614 facis
3078 2575 3200 2630 eam
3223 2569 3469 2617 tremere.
3522 2562 3624 2628 Tu,

2069 2638 2209 2695 Deus
2232 2642 2588 2713 omnipotens,
2616 2646 2708 2714 qui
2735 2660 2832 2715 per
2859 2648 3139 2704 adventum
3162 2651 3283 2707 Filii
3305 2653 3380 2707 tui
3412 2653 3621 2709 Domini
3662 2714 3665 2715 ν

2069 2735 2237 2790 nostri
2262 2735 2387 2790 Iesu
2410 2735 2608 2792 Christi
2635 2738 2892 2795 mundum
2938 2742 3175 2809 salvasti,
3193 2734 3197 2738 ’
3214 2752 3267 2799 et
3288 2758 3383 2814 per
3403 2745 3631 2800 sanctis-

2069 2825 2260 2880 simam
2303 2826 2420 2897 cjus
2462 2830 2763 2897 passionem
2810 2842 2978 2901 genus
3002 2834 3291 2902 humanum
3335 2822 3625 2904 redemisti.

2071 2916 2148 2969 Tu
2164 2917 2303 2971 hanc
2331 2931 2522 2986 aquam
2548 2918 2667 2987 igne
2697 2917 3005 2983 ferventem,
3037 2921 3150 2977 sive
3169 2920 3366 2979 ferrum
3390 2924 3621 2992 calidum

2068 3002 2362 3070 sanctiﬁca,
2398 3005 2487 3074 qui
2514 3014 2623 3060 tres
2654 3022 2869 3077 pueros,
2904 3009 2957 3089 id
2979 3019 3084 3075 est,
3131 2997 3339 3079 Sidrac,
3372 3013 3535 3074 Nisae
3577 3026 3633 3082 et

2068 3093 2374 3169 Abdenego,
2414 3099 2635 3169 jubente
2655 3116 2779 3173 rege
2801 3102 3310 3173 Nabuchodonosor,
3337 3109 3391 3163 in
3420 3112 3630 3166 camino

417 3227 614 3283 quaeso,
649 3222 711 3268 ut
750 3215 1121 3269 universorum
1151 3254 1166 3279 ,
1193 3230 1327 3285 quos
1359 3216 1412 3269 in
1438 3216 1682 3271 oratione
1707 3228 1971 3281 commcn-

2073 3184 2226 3285 ignis.
2276 3200 2498 3243 accensa
2522 3187 2758 3257 fornace,
2782 3189 2998 3250 salvasti
3032 3192 3245 3263 illaesos,
3275 3204 3328 3249 et
3360 3212 3454 3270 per
3474 3186 3629 3275 ange-

417 3304 571 3361 datos
594 3306 834 3374 suscepi,
858 3305 943 3361 vel
970 3306 1208 3371 omnium
1242 3294 1485 3362 ﬁdelium
1512 3304 1727 3362 nomina
1753 3347 1769 3371 ,
1810 3306 1977 3361 beate

417 3397 895 3466 prtedestinationis
938 3396 1075 3453 liber
1114 3399 1347 3468 ascripta
1381 3399 1625 3453 retineat.
1667 3397 1771 3453 Per
1794 3397 1978 3452 Domi-

421 3503 569 3542 num.
714 3518 718 3520 ~
1264 3490 1296 3570 χ’

490 3578 874 3634 Postcommun.
914 3578 1116 3635 Divina;
1144 3573 1383 3653 largitor
1403 3577 1609 3655 [Forte,
1640 3582 1781 3639 Deus
1807 3586 1993 3642 venite

346 3670 354 3677 ’
418 3669 663 3743 largitor]
691 3678 748 3726 et
772 3670 1018 3726 humana:
1045 3669 1233 3741 salutis
1260 3680 1487 3737 amator,
1534 3687 1842 3744 quaesumus
1868 3677 1976 3733 cle—

424 3762 675 3817 mentiam
704 3770 868 3824 tuam,
884 3768 944 3815 nt
968 3761 1182 3815 nomina
1209 3751 1527 3818 famulorum
1550 3763 1976 3837 famularumque

426 3860 635 3907 tuarum
657 3890 673 3916 ,
696 3862 813 3921 quis
840 3851 928 3906 bic
954 3850 1044 3920 pio
1076 3848 1374 3907 dilectionis
1413 3852 1590 3909 oﬂicio
1615 3855 1820 3925 pariter
1852 3872 1979 3913 con-

424 3942 761 4013 scripsimus,
788 3942 845 4001 in
874 3942 1013 3997 libro
1034 3941 1185 4006 vitae,
1215 3943 1573 4000 miserationis
1609 3934 1728 4000 tua!
1752 3947 1927 4015 gratia
1961 3987 1975 4010 ,

423 4031 610 4101 iubeas
656 4029 942 4086 conscribi.
1001 4029 1106 4097 Per
1161 4029 1445 4086 Dominum
1469 4034 1473 4038 ’
1500 4041 1742 4088 nostrum
1794 4033 1976 4088 Jesnm

426 4115 719 4183 Christum.
1013 4119 1019 4124 ’
1034 4166 1039 4173 ,
1428 4144 1431 4147 ι

2077 3274 2185 3330 lum
2218 3284 2367 3331 tuum
2393 3277 2645 3335 eduxisti.
2693 3281 2793 3348 Tu,
2828 3284 3065 3341 clemens
3087 3289 3429 3348 sanctissime
3458 3274 3630 3348 domi—

2074 3372 2251 3433 nator,
2285 3375 2499 3438 prasta,
2549 3376 2610 3423 ut
2636 3371 2680 3426 si
2727 3371 2982 3431 innocens
3030 3376 3105 3445 de
3150 3378 3418 3438 bocfurto
3444 3382 3526 3437 vel
3568 3384 3633 3440 de

2072 3464 2276 3526 stupro,
2308 3458 2361 3512 in
2386 3474 2578 3529 aquam
2599 3461 2737 3518 hanc
2768 3463 2889 3532 igne
2924 3464 3238 3535 ferventem,
3286 3471 3399 3532 sive
3434 3471 3631 3529 ferrum

2074 3546 2302 3604 calidum
2326 3565 2541 3607 manum
2571 3567 2722 3609 suam
2744 3555 2970 3622 miserit,
3008 3558 3146 3616 sicut
3173 3567 3287 3618 tres
3327 3579 3522 3635 pueros
3546 3580 3635 3621 su-
3730 3592 3733 3603 ι

2072 3648 2171 3733 pra
2197 3636 2367 3718 dictos
2394 3638 2448 3694 in
2475 3642 2685 3697 camino
2732 3644 2871 3717 ignis
2891 3646 3117 3716 solvisti,
3160 3659 3215 3708 et
3239 3648 3537 3709 Susannam
3555 3656 3632 3733 \de
3666 3714 3671 3721 _

2074 3725 2209 3783 falso
2232 3729 2455 3787 crimine
2475 3732 2735 3802 liberasti,
2787 3738 2979 3795 ita‘de
3017 3740 3119 3797 hac
3170 3757 3326 3813 aqua,
3376 3745 3497 3816 igne
3525 3725 3672 3802 rei:

2075 3826 2251 3885 vente,
2288 3820 2401 3874 sive
2422 3820 2567 3877 ferro
2596 3825 2790 3894 calido,
2835 3841 3050 3885 manum
3100 3831 3303 3888 salvam
3338 3843 3391 3888 et
3416 3834 3632 3893 illnesam

2074 3907 2287 3965 educat.
2364 3908 2420 3964 Si
2475 3926 2604 3966 vero
2631 3908 2839 3987 culpam
2880 3916 3189 3986 ingravante
3244 3922 3452 3980 diabolo
3481 3966 3495 3991 ,
3543 3942 3637 3983 cor
3736 3988 3741 3991 Α

2074 3995 2377 4052 induratum
2402 4004 2803 4072 praesumpserit
2850 4006 2902 4061 in
2949 4010 3086 4065 hanc
3131 4026 3323 4082 aquam
3380 4015 3500 4085 igne
3535 4016 3637 4071 fer—

2075 4096 2307 4152 ventem,
2356 4091 2468 4146 sive
2509 4091 2709 4149 ferrum
2758 4098 3008 4166 calidum,
3064 4118 3278 4159 manum
3322 4121 3473 4163 suam
3509 4111 3632 4165 mit-

2075 4185 2211 4244 tere,
2258 4188 2345 4236 tua
2366 4182 2663 4253 justissima
2717 4190 2915 4245 veritas
2967 4194 3068 4248 hoc
3089 4195 3340 4261 declaret,
3383 4201 3512 4255 etin
3542 4203 3637 4258 hu—

718 4245 744 4275 ι
782 4231 1314 4303 BEDiEDICTIONES
1351 4232 1688 4291 DIVERSIE.

2114 4231 2119 4232 ,
2168 4231 2211 4244 -,
2262 4231 2663 4253 -__._--.---._..
2727 4231 2915 4245 ...η-..υ
2967 4231 3064 4248 um.
3089 4231 3340 4261 υυυαιυι,
3383 4231 3438 4253 cs
3459 4231 3512 4255 ul
3542 4231 3637 4258 uu‘

2073 4271 2159 4340 jus
2184 4287 2404 4349 corpore
2426 4283 2569 4330 tuam
2591 4278 2871 4334 veritatem
2901 4282 3200 4361 manifesta,
3244 4298 3303 4341 ut
3338 4290 3514 4347 anima
3542 4308 3642 4361 per

500 4367 783 4423 Benedicat
813 4371 864 4422 te
890 4365 1145 4422 Dominus
1174 4381 1236 4421 ex
1265 4365 1414 4430 Sion,
1440 4366 1530 4435 qui
1552 4365 1680 4421 fecit
1708 4368 1899 4423 omium
1924 4378 1979 4424 et
2076 4361 2441 4427 pmnitcntiam
2488 4366 2738 4421 salvetur.
2802 4369 2868 4423 Et
2912 4363 2959 4425 si
3004 4354 3281 4444 culpabilis
3325 4392 3421 4446 per
3463 4354 3636 4450 aliqua

432 4457 736 4524 terram,in
770 4457 1028 4528 sapientia
1066 4473 1162 4511 sua
1198 4456 1564 4511 benedictione
1600 4465 1799 4511 aeterna
1823 4498 1838 4522 ,
1888 4458 1977 4527 qui
2078 4449 2365 4518 maleﬁcia,
2408 4464 2501 4509 aut
2541 4471 2636 4526 per
2681 4459 2877 4516 herbas
2906 4503 2920 4526 ,
2968 4474 3186 4534 peccata
3244 4482 3337 4523 sua
3395 4449 3637 4528 contueri

434 4547 704 4604 benedixit
725 4560 914 4603 omnes
938 4557 1152 4603 sanctos
1195 4554 1396 4631 patres.
1423 4556 1634 4604 nostros
1675 4554 1727 4604 et
1756 4548 1976 4619 patriar-

2073 4540 2329 4607 _voluerit,
2386 4553 2473 4600 tua
2521 4546 2741 4604 dextera
2794 4550 2895 4607 hoc
2923 4569 3186 4612 evacuare
3226 4558 3489 4630 dignetur.
3538 4560 3639 4616 Per

436 4636 564 4691 ch35
611 4644 845 4699 ηοειι-οε,
890 4636 1182 4701 Abraham,
1230 4637 1380 4693 Isaac
1408 4646 1464 4691 ει
1488 4634 1653 4694 ,ιαοοιι
1678 4679 1694 4704 ,
1720 4647 1776 4694 ει
1807 4640 1985 4716 multa.
2084 4631 2413 4702 unigenitum
2445 4636 2721 4694 Dominum
2754 4650 2994 4699 nostrum
3034 4644 3213 4702 Iesum
3239 4647 3508 4706 Christum
3543 4652 3636 4716 Fi-

382 4717 388 4722 ’
435 4724 597 4794 ριὶοει
617 4723 673 4779 in
701 4735 755 4777 ω
783 4726 1005 4793 gratiam
1038 4740 1190 4779 suam
1216 4727 1505 4793 spiritalem
1526 4768 1542 4793 ,
1563 4729 1704 4785 sicut
1730 4730 1984 4801 ιιιυιιίριί-
2085 4722 2213 4777 lium
2238 4732 2407 4789 tuum,
2424 4728 2513 4795 qui
2539 4736 2712 4785 tecum
2733 4732 2862 4786 \‘lViI
2881 4742 2936 4787 ει
2962 4746 3149 4801 regnat
3178 4738 3337 4801 Deus,
3364 4742 3417 4795 ἰη
3438 4724 3639 4797 unitate

437 4814 578 4869 cavit
622 4828 805 4869 semen
829 4828 1012 4869 eorum
1038 4821 1291 4884 tanquam
1330 4818 1515 4871 stellas
1558 4819 1677 4874 caeli
1696 4860 1711 4884 ,
1745 4829 1802 4875 et
1843 4822 1989 4876 vctu;
2088 4810 2316 4883 Spiritus
2336 4819 2524 4881 sancti,
2549 4833 2646 4887 per
2667 4821 2844 4897 omnia
2872 4825 3064 4880 saecula
3086 4829 3423 4884 saeculorum.
3446 4828 3632 4901 Amen.

2085 4722 2213 4777 lium
2238 4728 2513 4795 tuum,qui
2539 4736 2712 4785 tecum
2733 4732 2862 4786 vivit
2881 4742 2936 4787 et
2962 4746 3149 4807 regnat
3178 4738 3337 4806 Deus,
3364 4742 3417 4795 in
3431 4724 3640 4807 unitate
3664 4722 3669 4727 λ
3702 4726 3705 4733 ’
3735 4740 3739 4745 “

439 4917 657 4959 arenam
686 4918 805 4976 quae
830 4912 912 4959 est
936 4904 989 4958 in
1018 4903 1195 4958 littore
1220 4906 1403 4969 maris,
1432 4907 1542 4974 ipse
1564 4917 1807 4977 protegat
1829 4919 1988 4978 atque

442 4995 687 5064 defendat
713 4984 960 5069 omnibus
984 4997 1172 5052 diebus
1200 4998 1321 5052 vita:
1351 5006 1470 5062 tua),
1498 5008 1553 5053 et
1579 5001 1832 5069 perducat
1854 5011 1907 5057 te
1935 5004 1989 5056 in

446 5095 663 5153 regnum
688 5084 870 5154 gloria
887 5101 1015 5141 sum.
1048 5086 1237 5140 Amen.

511 5170 829 5242 Aspieiatin
870 5182 926 5229 te
961 5176 1188 5232 Creator
1231 5189 1481 5244 aeternus,
1511 5190 1793 5236 conservet
1836 5182 1887 5236 in
1939 5190 1992 5236 te

446 5263 666 5333 gratiam
692 5278 865 5327 suam,
885 5279 1045 5333 quam
1075 5283 1235 5338 super
1267 5279 1318 5325 te
1352 5270 1562 5336 infudit,
1592 5280 1820 5331 mentem
1847 5281 1989 5328 tuam

446 5354 904 5427 rcgat,vias.tuas
934 5347 1540 5431 dirigatfeogitationes
1586 5373 1706 5420 tuas
1751 5367 1802 5420 in
1853 5367 1993 5423 bono

519 5518 545 5591 ξ
574 5511 1042 5591 Qum'sequuntur,
1068 5512 1121 5566 in
1134 5514 1327 5591 codice
1346 5532 1453 5585 quo
1474 5514 1839 5583 Quereetanus
1869 5537 1997 5577 usus

452 5582 553 5650 est,
588 5579 1046 5650 éppendia'sloco
1066 5582 1306 5650 subjecta
1332 5579 1474 5650 sunt.

520 5645 550 5729 ιξ
909 5649 963 5703 in
987 5644 1253 5729 aliquibus
1269 5646 1390 5729 cum
1411 5655 1780 5729 benedictione
1825 5674 1995 5729 aqua.

456 5728 613 5783 quam
631 5728 698 5769 ex
720 5714 888 5769 veteri
927 5714 1110 5773 codice
1138 5717 1403 5783 Uticensis
1427 5727 1734 5781 monasterii
1785 5714 2001 5783 cxb'ibet

458 5777 688 5838 Μαι-ἴρηξ
711 5783 787 5838 Dc
806 5783 1037 5857 antiquis
1071 5777 1329 5843 Ecclesiae
1348 5777 1556 5846 [litibus
1580 5777 1995 5870 tomfllljﬁpag.

2392 4940 2412 4968 ε
2457 4928 2729 4984 Orationes
2760 4934 2829 4985 ad
2853 4934 3008 4989 horas
3038 4942 3330 4995 canonicos.
3384 4972 3391 4982 -

2158 5013 2340 5070 Oratio
2386 5009 2761 5073 ad'Primam.
2854 5022 2991 5080 Deus
3020 5066 3037 5089 ,
3087 5028 3178 5097 qui
3222 5029 3288 5083 ad
3321 5030 3635 5101 principium

2064 5103 2245 5159 ‘istius
2286 5106 2391 5160 diei
2418 5122 2514 5177 per
2556 5117 2700 5165 tuam
2743 5115 2969 5183 gratiam
3000 5133 3100 5174 nos
3128 5110 3402 5190 pervenire
3446 5120 3635 5187 fecisti,
3674 5137 3679 5142 ‘

2091 5203 2179 5248 tua
2228 5211 2325 5251 nos
2364 5197 2506 5251 salva
2550 5199 2776 5269 virtute;
2822 5214 2881 5259 ut
2932 5208 2986 5260 in
3040 5210 3141 5263 hac
3193 5210 3277 5264 die
3321 5211 3387 5265 ad
3436 5210 3669 5269 nullum‘

2092 5287 2416 5344 declinemus
2442 5300 2738 5363 peccatum.
2785 5297 2879 5353 sed
2896 5310 3111 5367 semper
3129 5300 3196 5354 ad
3217 5307 3358 5354 tuam
3376 5302 3640 5371 justitiam

2093 5375 2391 5434 faciendam
2417 5390 2598 5438 nostra
2621 5387 2915 5455 procedant
2929 5389 3161 5461 eloquia.
3200 5390 3302 5447 Per
3336 5393 3637 5449 Dominum.

2095 5530 2214 5612 £67,
2229 5538 2297 5612 _et
2321 5546 2442 5588 cum
2466 5536 2630 5612 altera
2653 5524 2857 5612 p._l_74,
2885 5547 2941 5595 et
2960 5555 3083 5612 pag.
3106 5542 3227 5598 482.

2105 5610 2192 5687 ᾗ
2229 5600 2733 5687 ¹ἒὲἓοῑὲείοξξθίξί¹
2767 5600 2934 5687 δοὴὲ
2947 5600 3490 5687 δειέοηίςβῼειιβτιω
3516 5631 3645 5687 φερέ

2097 5680 2371 5793 2:135th
2409 5671 2618 5730 Libello
2664 5675 2973 5733 Precatorio
3013 5676 3189 5735 Caroli
3225 5678 3397 5746 Calvi,
3427 5671 3551 5757 pag?
3575 5683 3645 5739 25
