4246 6238
515 247 618 304 465

1373 256 1760 318 muneres.
1792 292 1862 304 —
1895 263 1984 319 ne
2020 241 2264 323 psam.
2303 268 2458 328 usu.
2496 301 2565 314 —
2596 274 2772 332 rans
2803 278 2842 332 ι.

3610 247 3794 340 κε’

585 356 726 459 Deus
758 357 849 459 qui
872 359 1254 459 discipulorum
1278 370 1488 459 tuorum
1523 368 1685 438 pedes
1706 370 1943 436 abluens,
1978 373 2067 442 pio
2092 380 2141 438 Α
2168 387 2341 447 torum
2363 388 2592 459 tuorum,
2620 400 2803 441 eorum
2827 387 3045 442 obtentu
3074 387 3140 443 de
3161 397 3252 447 tuo
3295 390 3410 451 sine
3433 391 3537 447 ﬁne
3572 392 3715 450 tmte-

511 444 706 532 alfectu
747 449 827 503 eis
861 452 1161 520 exemplum
1207 456 1503 524 pnebuisti,
1541 461 1952 532 mandatumque
1982 465 2068 519 de-

445 602 455 606 ,
510 531 639 589 disti
666 548 682 589 :
707 537 938 636 concede
960 540 1244 610 propitius,
1276 552 1332 597 ut
1377 560 1474 616 per
1513 548 1826 620 obsequium
1849 531 2066 605 manda-

2171 486 2291 525 mur
2311 482 2546 544 aspectu.
2592 476 2694 543 Qui
2715 478 2848 532 vivis
2871 486 2926 533 et
2951 493 3157 549 regnas.

915 953 927 961 η
1182 809 1286 880 an
1344 769 2178 967 OPUSCULUM
2259 719 3063 911 SECUNDUM.

898 1019 1175 1157 ,ΒΕ
1292 1018 2232 1124 PSALMORUM
2364 1017 2654 1124 USU
2782 1020 3228 1156 LIBER

1030 1233 1174 1309 CUM
1211 1220 1433 1290 VARUS
1467 1233 1811 1289 FORMULIS
1850 1231 1942 1286 AD
1977 1231 2106 1287 RES
2143 1232 2599 1300 QUOTIDIANAS
2630 1235 3172 1293 ACCOMMODATIS.

1919 1368 2311 1384 *-

1782 1461 2027 1538 PABS
2102 1460 2434 1538 PRIMA.

1125 1657 1246 1703 HOC
1283 1639 1468 1712 opus,
1511 1658 1632 1702 nec
1674 1659 1980 1726 cmmev,
2023 1658 2193 1712 QUOD
2233 1640 2454 1702 cannis
2496 1659 2770 1702 ramum
2816 1659 3075 1714 macron,

1139 1743 1142 1748 I
1483 1759 1784 1801 ALCL'INUS
1829 1733 2057 1799 DOMINI
2103 1757 2286 1800 FECIT
2325 1755 2578 1801 BONORE
2621 1755 2740 1799 SUI.

1060 1978 1085 2006 ι
1117 1963 1495 2020 ΡΒίΕΕᾹΤΙΟ.

560 2078 858 2151 Prophetite
889 2077 1107 2148 spiritus
1129 2091 1232 2132 non
1253 2090 1464 2144 semper
1493 2075 1871 2144 prophetarum
1896 2090 2049 2129 men-

492 2173 636 2228 tibus
657 2177 851 2240 praesto
873 2175 976 2234 est,
1005 2176 1266 2238 quatenus
1288 2180 1408 2220 cum
1432 2179 1638 2233 semper
1663 2164 1802 2218 hunc
1826 2180 1930 2217 non
1959 2165 2048 2217 ha-

491 2260 718 2326 bent..se
736 2260 877 2315 hunc
896 2267 1187 2329 agnoscant
1204 2273 1273 2313 ex
1291 2257 1432 2313 dono
1446 2257 1662 2320 habere,
1685 2272 1804 2311 cum
1826 2255 2041 2309 habent.

491 2348 643 2406 Unde
662 2351 917 2420 prOpbeta
944 2349 1180 2412 Elisazus,
1214 2363 1338 2402 cum
1357 2348 1433 2400 de.
1451 2344 1643 2400 futuris
1666 2356 1808 2400 esset
1822 2345 2040 2414 requisi-

489 2449 598 2503 tus,
618 2449 678 2495 ut
703 2441 993 2510 prophetiae
1019 2438 1262 2509 spiritum
1292 2438 1403 2493 sibi“
1440 2437 1623 2492 deesse
1645 2437 1877 2508 agnovit,
1906 2437 2044 2505 psal-

487 2540 598 2598 tem
626 2529 751 2586 fecit
786 2529 1060 2600 applicari,
1109 2538 1170 2583 ut
1211 2529 1500 2598 prophetia:
1539 2528 1606 2582 ad
1640 2529 1780 2584 hunc
1824 2529 2061 2598 spiritus.

488 2633 584 2688 per
631 2620 838 2674 laudem
888 2619 1193 2690 psalmodite
1229 2617 1424 2690 [Apud
1483 2617 1690 2683 Querc.,
1731 2619 2043 2689 spalmodite

487 2708 737 2776 spalmis;
760 2708 833 2762 ita
858 2706 1085 2778 semper}
1098 2708 1458 2771 descenderet,
1489 2717 1650 2778 atque
1663 2709 1777 2778 ejus
1806 2709 2041 2762 animum

486 2797 553 2850 de
575 2796 769 2852 futuris
786 2797 1014 2867 repleret
1043 2793 1094 2867 (Ι
1111 2793 1148 2847 γ
1174 2795 1300 2866 Reg.
1327 2811 1404 2860 ιιι,
1423 2795 1533 2865 15).
1593 2798 1703 2852 Vox
1729 2799 1872 2852 enim
1902 2797 2040 2866 psal—

485 2885 681 2939 modite-
707 2901 828 2940 cum
858 2901 952 2955 per
972 2885 1319 2939 intentionem
1345 2886 1522 2940 cordis
1546 2887 1745 2954 agitur,
1774 2901 1871 2954 per
1901 2887 2039 2941 hanc

482 2977 830 3046 omnipotenti
854 2976 1051 3032 Deo-ad
1065 2993 1157 3032 cor
1177 2977 1280 3035 iter
1294 2987 1530 3048 paratur,
1555 2987 1613 3033 ut
1636 2979 1852 3034 intentae
1875 2981 2037 3034 menti

481 3068 565 3122 vel
598 3069 886 3139 prophetiae
919 3070 1212 3140 mysteria,
1238 3069 1320 3125 vel
1357 3071 1780 3139 compunctionis
1808 3071 2034 3140 gratiam

480 3158 741 3230 infundat.
775 3159 926 3216 Unde
947 3161 1204 3229 scriptum
1237 3169 1320 3216 est
1350 3176 1364 3213 :
1396 3160 1725 3229 Sacriﬁcium
1755 3161 1925 3217 laudis
1943 3162 2037 3215 lio-

481 3249 767 3317 nori/icabit
791 3266 894 3314 ore,
931 3260 980 3304 et
1015 3249 1139 3303 illuc
1170 3251 1270 3304 iter
1309 3251 1449 3321 quod
1495 3252 1763 3304 ostendam
1792 3251 1870 3304 illi
1892 3250 2033 3303 salu-

477 3348 588 3392 tare
611 3337 706 3392 Dei
733 3335 903 3409 (Psal.
945 3354 1092 3405 ιιιιι,
1120 3338 1233 3409 25).
1269 3339 1326 3393 In
1356 3338 1619 3393 sacriﬁcio
1649 3339 1810 3408 igitur
1838 3339 2030 3392 divina:

2077 1962 2122 2021 Β
2149 1959 2489 2014 sericordiam
2517 1958 2609 2013 Dei
2635 1959 2700 2014 ad
2731 1963 2782 2013 t‘e
2807 1974 3078 2029 provocas.
3130 1962 3329 2019 Omnes
3357 1968 3497 2022 enim
3535 1975 3702 2026 virtu-

2151 2059 2230 2105 tes
2255 2051 2307 2104 in
2354 2049 2570 2119 psalmis
2609 2049 2864 2114 invenies,
2903 2050 2948 2106 si
2975 2066 3006 2104 ιι
3036 2051 3155 2107 Deo.
3178 2055 3437 2112 merueris
3461 2097 3477 2123 ,
3505 2068 3564 2116 ut
3602 2062 3697 2118 tibi

2149 2139 2345 2195 rcvciet
2379 2148 2582 2210 secreta
2603 2138 2927 2210 psalmorum

2551 2250 2765 2306 Primus
2805 2268 2930 2306 usus
2959 2252 3295 2322 psalmorum.

2215 2340 2269 2394 Si
2302 2341 2382 2395 vis
2405 2356 2500 2409 pro
2526 2341 2756 2408 peccatis
2778 2340 2884 2395 tuis
2896 2341 3264 2410 paenitentiam
3294 2360 3473 2415 agerc,
3495 2362 3548 2403 et
3569 2367 3697 2406 con-

2145 2429 2370 2485 fessione
2397 2438 2736 2501 peccatorum
2765 2439 2980 2486 tuorum
3014 2432 3224 2486 veniam
3252 2449 3442 2505 rogare
3463 2437 3691 2502 delictis,

2143 2526 2398 2587 quantum
2433 2519 2577 2573 vales
2621 2519 2841 2583 intente,
2892 2511 2998 2574 non
3034 2520 3343 2579 celebritate
3391 2528 3694 2591 verborum.

2143 2609 2234 2663 sed
2257 2616 2434 2663 mente
2454 2609 2738 2680 cegitando
2766 2625 2829 2664 ac
2851 2612 3159 2676 scrutando,
3201 2613 3424 2669 decanta
3449 2628 3697 2687 septenos

2142 2699 2370 2766 psalmos
2412 2695 2712 2762 Davidicos,
2761 2713 2987 2767 quorum
3021 2699 3232 2756 initium
3272 2704 3377 2759 duo
3408 2719 3423 2758 :
3455 2705 3693 2774 Domine,

2142 2805 2203 2842 ne
2249 2789 2302 2841 in
2325 2788 2535 2857 furore;
2585 2797 2641 2842 et
2674 2787 2798 2852 duo,
2853 2787 3094 2853 Domine,
3140 2793 3362 2859 exaudi;
3393 2794 3540 2851 Beati
3566 2816 3694 2869 quo-

2143 2877 2499 2932 rum'remissa:
2517 2886 2670 2942 sunt;
2708 2886 2762 2932 et
2791 2875 3034 2932 Miserere
3059 2881 3193 2944 mei;
3225 2879 3384 2948 Deus,
3410 2888 3690 2942 secundum

2139 2984 2409 3038 inriguam;
2433 2975 2488 3022 et
2506 2961 2896 3038 De'profundis.
2934 2968 3000 3024 Et
3026 2969 3300 3044 celerrime
3326 2972 3562 3031 invenies
3585 2977 3692 3033 cle‘

2138 3068 2391 3114 incutiam
2419 3057 2530 3112 Dei.
2949 3068 2953 3072 '

2691 3150 2960 3206 Secundus
2990 3168 3133 3206 usus.
3611 3208 3613 3210 .

2206 3242 2262 3297 Si
2283 3244 2363 3296 vis
2395 3251 2627 3298 mentem
2680 3253 2824 3298 tuam
2877 3244 3136 3313 spirituali
3170 3247 3364 3316 gaudio
3413 3257 3467 3301 et
3510 3247 3688 3302 lmtitia

2136 3331 2452 3398 illuminare,
2481 3341 2536 3388 et
2565 3348 2814 3402 magnam
2851 3350 2998 3404 spem
3028 3335 3095 3390 de
3120 3334 3214 3390 Dei
3243 3338 3567 3408 indulgentia
3596 3339 3687 3393 tibi

476 3428 650 3484 laudis
694 3429 752 3485 ﬁt
789 3430 857 3484 ad
898 3427 1079 3484 Iesum
1122 3430 1228 3485 iter
1255 3429 1598 3492 ostensionis,
1638 3429 1762 3496 quia
1787 3429 1912 3484 dum
1934 3443 2030 3498 per
2128 3422 2473 3490 promittere;
2514 3432 2570 3479 et
2597 3423 2641 3477 si
2662 3423 2742 3478 vis
2763 3439 2936 3490 orare,
2980 3426 3130 3481 mitte
3179 3437 3408 3482 mentem
3442 3438 3584 3482 tuam
3623 3431 3689 3484 ad

476 3519 822 3591 psalmodiam
842 3521 1179 3590 compnnctio
1193 3521 1602 3586 etiunditur,via
1621 3519 1776 3575 nobis
1799 3520 1850 3576 in
1865 3521 2029 3575 corde
2129 3514 2380 3568 virtutem
2428 3513 2754 3584 psalmorum
2785 3532 3010 3584 quorum
3039 3517 3247 3572 initium
3287 3527 3397 3573 est:
3453 3519 3682 3585 Exaudi.

477 3613 556 3675 ει,
579 3627 678 3683 ρει-
721 3627 880 3684 quam
907 3612 974 3668 ad
1001 3611 1184 3669 Jesum
1229 3613 1523 3667 veniamus,
1561 3610 1788 3681 Dignum
1831 3611 2030 3681 quippe
2128 3603 2366 3669 Domine,
2385 3605 2646 3674 justitiam
2672 3607 3055 3674 meam;Adte,
3072 3608 3311 3674 Domine,
3336 3609 3527 3676 levavi;
3547 3611 3685 3666 Deus

449 3709 575 3774 est,
607 3711 666 3758 ut
716 3718 865 3759 mens
909 3719 939 3758 a
965 3703 1316 3774 praesentibus
1353 3701 1636 3767 universis,
1685 3701 1738 3756 in
1767 3709 2026 3770 quantum

472 3791 630 3858 valet,
661 3807 721 3847 se
741 3792 976 3857 mandet,
1002 3802 1060 3847 et
1077 3793 1272 3848 divinis
1303 3792 1547 3848 laudibus
1582 3800 1744 3860 atque
1770 3778 2024 3859 spiritua-

469 3877 610 3934 libus
657 3880 937 3945 inbereat,
967 3888 1028 3934 ut
1049 3881 1291 3936 cmicstia
1335 3881 1385 3935 ei
1417 3880 1738 3934 revelentur.
1767 3879 1908 3933 Nihil
1942 3891 2024 3935 cst

469 3968 526 4026 in
546 3970 647 4026 bac
674 3969 886 4026 mortali
910 3970 1038 4035 vita,
1075 3970 1131 4025 in
1152 3984 1261 4040 quo
1288 3969 1678 4040 possimusDeo
1710 3968 2024 4024 familiarius

467 4060 752 4136 inhaerere,
779 4074 940 4130 quam
983 4058 1152 4130 ipsius
1196 4058 1251 4114 in
1289 4058 1552 4115 laudibus.
1610 4057 1796 4136 Nullus
1842 4060 2023 4129 itaque

466 4133 770 4206 mortalium
789 4155 965 4221 potest
995 4162 1095 4203 nec
1145 4147 1332 4213 verbo,
1383 4162 1484 4203 nec
1527 4157 1725 4212 mente,
1761 4133 2022 4205 virtutem

465 4241 812 4313 psalmorum,
841 4241 888 4297 si
914 4254 1022 4296 non
1043 4237 1282 4312 [Al.,qni
1311 4237 1441 4310 non]
1456 4237 1735 4308 superﬁcie
1760 4237 2020 4296 labiorum

466 4341 692 4397 unum,
717 4330 811 4387 sed
834 4331 1039 4385 intenta
1085 4337 1261 4385 mente
1294 4329 1348 4384 in
1375 4329 1753 4401 omnipotentis
1774 4329 1868 4386 Dei
1907 4328 2019 4387 lau-

460 4420 585 4478 dem
611 4428 901 4484 «nuntur,
931 4420 1218 4489 explicare.
1757 4463 1760 4470 .

529 4511 588 4566 In
611 4508 831 4580 psalmis
852 4508 1032 4578 itaque
1059 4509 1355 4572 inveniens,
1385 4511 1429 4563 si
1463 4512 1671 4566 intenta
1692 4519 1872 4566 mente
1897 4525 2018 4582 per-

2123 3692 2180 3745 in
2203 3693 2406 3745 nomine
2425 3702 2548 3755 tuo;
2578 3693 2719 3748 Deus
2741 3696 3047 3749 misereatur
3071 3699 3236 3751 nostri
3251 3739 3267 3762 ,
3294 3697 3430 3776 Deus
3453 3700 3506 3754 in
3531 3701 3686 3771 adju-

2124 3779 2344 3844 torium;
2362 3779 2427 3833 In
2439 3789 2505 3846 te,
2524 3780 2755 3835 Domine.
2775 3785 2972 3852 speravi
2985 3783 3147 3856 [EdiL
3164 3785 3275 3841 Col.
3293 3787 3463 3842 addit.
3475 3787 3644 3860 LXX]
3666 3807 3680 3855 ;

2126 3869 2352 3938 Inclina,
2379 3870 2617 3927 Domine.
2669 3874 2734 3930 Et
2756 3874 3302 3956 nnllatenus‘poteris
3335 3892 3424 3935 tua
3469 3884 3682 3952 pr0pria

2123 3962 2319 4034 lingda,
2333 3980 2432 4021 nec
2452 3965 2684 4022 humano
2707 3981 2864 4024 sensu
2880 3977 2985 4024 tam
2999 3971 3233 4038 perfecte
3255 3974 3522 4030 miseriam
3536 3983 3680 4029 tuam

2123 4071 2186 4111 ac
2207 4046 2625 4126 tribulationem,
2651 4063 3058 4132 augustiamque
3076 4065 3182 4134 22
3207 4046 3538 4119 diversarum
3562 4073 3677 4120 ten-

2121 4144 2381 4200 tationum
2411 4145 2710 4220 explicare;
2757 4157 2813 4204 et
2853 4150 2996 4207 illius
3043 4153 3463 4209 miscricordiam
3486 4155 3677 4227 implo-

2121 4248 2261 4301 rare,
2289 4251 2450 4306 quam
2470 4237 2524 4292 in
2559 4238 2643 4295 bis
2664 4238 2902 4309 psalmis,
2933 4248 2988 4298 et
3000 4243 3208 4299 ueteris
3237 4243 3322 4302 bis
3348 4245 3632 4305 similibus.

2705 4328 2915 4388 Tertius
2941 4348 3083 4388 usus.

2190 4419 2246 4475 Si
2268 4419 2352 4476 vis
2374 4421 2790 4492 omnipotentem
2829 4424 2996 4481 Deum
3025 4426 3262 4495 laudare,
3289 4439 3343 4486 et
3367 4431 3531 4502 ipsius
3557 4448 3676 4490 ma~

2112 4510 2384 4580 jestatem,
2412 4512 3167 4582 omniumquebeneiiciorum
3201 4533 3450 4582 suorum,
3483 4519 3687 4588 quibus.

460 4601 736 4662 scrutaris,
764 4606 822 4656 et
837 4597 904 4654 ad
941 4596 1272 4692 spiritualem
1311 4598 1639 4654 intellectum
1683 4601 2011 4667 perveneris,
2041 4633 2088 4692 ο
2117 4599 2353 4663 humano
2378 4595 2557 4670 generi
2579 4601 2648 4656 ab
2681 4599 2834 4655 initio
2858 4603 3044 4656 mundi
3075 4603 3129 4658 in
3157 4605 3324 4660 veteri
3354 4614 3673 4664 testamento

462 4691 674 4748 Domini
698 4688 860 4747 Verbi
885 4686 1329 4751 incarnationem,
1371 4689 1796 4758 passionemque,
1845 4698 1901 4746 et
1931 4703 2013 4744 re-
2041 4686 2076 4692 ’
2114 4689 2444 4766 patriarchas
2465 4703 2530 4744 ac
2549 4689 2867 4759 prophetas;
2894 4691 2947 4745 in
2974 4707 3113 4749 novo
3145 4709 3359 4765 quoque
3379 4711 3477 4766 per
3501 4697 3673 4754 incar-

460 4783 864 4848 surrectionem,
894 4789 1057 4851 atque
1084 4779 1471 4834 ascensionem.
1527 4778 1586 4834 In
1615 4773 1836 4849 psalmis
1860 4782 2010 4838 inve-

459 4871 579 4927 nies
598 4880 709 4927 tam
737 4873 981 4928 intimam
1012 4870 1331 4935 orationem,
1363 4869 1407 4925 si
1445 4870 1652 4928 intenta
1684 4878 1864 4926 mente
1895 4885 2015 4942 per-

2112 4778 2382 4835 nationem
2433 4779 2749 4850 sempiterni
2795 4779 2918 4836 Filii
2950 4782 3032 4838 sui
3073 4784 3325 4840 misertus
3352 4795 3436 4841 est
3470 4790 3672 4858 gratias

2111 4885 2296 4944 agerc:
2335 4871 2559 4930 decanta
2575 4871 2694 4928 illos
2721 4873 2976 4945 psalmos,
3002 4889 3228 4946 quorum
3251 4871 3436 4931 titulus
3460 4886 3543 4932 est
3579 4880 3669 4933 Αι-

459 4963 737 5028 scruteris,
765 4971 1021 5033 quantum
1051 4978 1156 5017 non
1199 4971 1351 5032 potes
1378 4977 1473 5031 per
1499 4962 1723 5032 teipsum
1752 4961 2014 5018 ullatenus
2110 4962 2308 5029 leluia,
2366 4971 2421 5019 et
2481 4979 2709 5034 quorum
2775 4965 2987 5019 initium
3041 4973 3163 5028 est,
3228 4961 3336 5017 Vel.
3396 4965 3462 5018 Et
3508 4982 3671 5037 super

458 5054 776 5125 excogitare.
798 5073 804 5079 ι
829 5053 886 5108 ln
930 5054 1148 5123 psalmis
1175 5054 1413 5111 invenies
1437 5054 1679 5116 intimam
1721 5051 2012 5108 confessio-

459 5161 580 5203 nem
601 5151 941 5218 peccatorum
970 5153 1203 5213 tuorum,
1231 5155 1288 5200 et
1305 5147 1562 5216 integram
1585 5144 2010 5214 deprecationem

457 5235 652 5290 divinas
663 5244 822 5305 atque
833 5233 1120 5308 Dominicte
1145 5236 1540 5291 misericordiae.
1570 5235 1625 5289 In
1643 5233 1858 5304 psalmis
1879 5250 2010 5306 quo-

456 5341 562 5396 quo
582 5326 822 5382 invenies
846 5325 1086 5380 omnium
1108 5340 1306 5392 rerum,
1334 5342 1450 5396 quae
1473 5326 1566 5381 tibi
1591 5326 1858 5392 accidunt,
1886 5325 2009 5379 inti-

459 5430 599 5471 mam
623 5415 916 5488 gratiarum
941 5415 1224 5470 actionem.
1300 5416 1357 5472 in
1389 5417 1603 5487 psalmis
1624 5416 1894 5473 conﬁteris
1921 5415 2005 5470 in-

458 5505 761 5564 ﬁrmitatem
788 5514 932 5559 tuam
963 5512 1124 5574 atque
1148 5504 1438 5575 miseriam,
1467 5515 1517 5562 et
1531 5521 1623 5577 per
1648 5506 1699 5560 id
1716 5506 1887 5576 ipsum
1908 5505 2007 5560 mi-

2114 5071 2272 5113 omne
2305 5056 2407 5112 mel
2441 5064 2495 5110 et
2520 5056 2697 5110 [avum
2727 5053 3076 5123 omnipotenti
3127 5052 3236 5108 Deo
3280 5052 3431 5108 dulce
3472 5071 3668 5113 munus

2113 5146 2324 5214 ollares,
2353 5148 2398 5222 si
2444 5148 2498 5202 in
2540 5147 2624 5201 his
2645 5144 2862 5216 psalmis
2908 5144 3165 5200 continuo
3212 5143 3356 5199 illum
3379 5144 3560 5201 laudes
3603 5165 3667 5203 ac

2115 5236 2437 5308 magniﬁcos.
2472 5236 2566 5290 Vel
2605 5231 2862 5291 Psalmus'
2892 5252 3038 5303 Lm,
3082 5253 3249 5302 tun,
3280 5253 3473 5300 Lxxnr;
3520 5237 3666 5293 Dixit

2112 5327 2385 5389 Dominus,
2416 5335 2542 5391 etc.,
2573 5339 2776 5397 usque:
2807 5328 2888 5382 Ad
2922 5329 3192 5387 Dominum
3215 5346 3329 5384 cum
3349 5328 3661 5395 tribulam;

2113 5411 2437 5482 Conﬁtemini
2460 5414 2714 5481 Domino;
2747 5415 2956 5483 Lauda,
2982 5418 3159 5475 anima
3183 5433 3317 5480 mea,
3344 5416 3656 5483 Dominum;

2109 5503 2341 5558 Laudate
2366 5503 2644 5563 Dominum
2665 5508 2907 5576 quoniam
2932 5507 3092 5559 bonus
3114 5514 3210 5560 est.
3237 5503 3420 5559 Lauda
3447 5505 3659 5564 Jerusa‘

488 5696 493 5700 _
525 5633 550 5665 ι
586 5618 714 5678 ilice
733 5613 969 5689 praelatio
995 5630 1100 5672 non
1120 5616 1348 5673 conteret
1373 5632 1493 5673 cum
1510 5617 1708 5676 Libello
1740 5616 2003 5696 sequenti,
2042 5616 2136 5674 sed
2160 5631 2282 5674 cum
2306 5615 2504 5675 altero:
2543 5615 2722 5689 Ofﬁcia
2746 5635 2836 5690 per
2869 5614 3076 5672 Ferias.
