4246 6184
567 152 743 206 ,ιῧἻ

1465 167 1523 218 Β.
1560 165 1619 220 ιτ.
1660 168 1886 226 AI.le
1923 172 2056 230 SEU
2089 175 2367 234 Αιουι-Νι
2404 180 2680 238 OPERUM
2713 183 2894 242 PARS
2928 186 3030 243 lV.’

3751 202 3853 260 £68

641 270 776 337 lem;
822 272 1055 329 Laudate
1076 276 1351 333 Dominum
1378 281 1443 335 de
1467 283 1626 350 caelis,
1668 299 1838 356 usque
1874 287 1980 344 ad:
2016 287 2199 346 Omnis
2224 296 2271 351 Δ
2300 297 2674 363 perscmteris,
2719 307 2774 354 et
2801 301 2867 354 ad
2909 303 3200 370 medullam
3230 305 3399 363 intimi
3425 309 3720 372 intellectus
3763 334 3856 388 per

642 365 855 433 spiritus
881 365 1056 421 laudet
1081 368 1378 425 Dominum.

1213 461 1443 527 Quartus
1471 484 1612 521 usus.

711 543 770 600 Si
790 547 1012 604 diversis
1036 553 1420 610 tentationibus
1441 556 1668 613 alliictus
1689 561 1783 625 sis,
1813 574 1866 616 et
1892 565 1972 618 vel
2009 568 2195 620 huma-

639 637 722 691 nis
747 637 830 692 vel
855 640 1221 708 spiritualibus
1238 645 1618 713 tentationibus
1653 652 1884 721 undique
1917 658 2192 716 astrictus.

637 734 691 779 et
710 727 803 782 tibi
825 729 1019 784 videris
1039 746 1069 785 a
1091 732 1195 786 Deo
1215 734 1518 802 derelictus,
1542 740 1634 808 qui
1653 741 1966 813 plerumque
1980 757 2192 803 sanctos

634 831 759 873 suos
780 819 848 874 ad
879 827 1087 891 tempus
1113 823 1436 895 derelinquit
1461 830 1783 898 probandos,
1814 845 1868 888 et
1894 852 1993 905 per
2014 839 2064 894 id
2097 842 2190 895 tibi

633 905 876 963 videatur
911 913 1134 967 tentatio
1157 910 1331 996 major
1367 931 1497 986 esse
1536 934 1696 988 quam
1737 923 1968 987 tolerare
1997 931 2188 996 possis,

634 998 812 1052 intima
845 1011 1020 1056 mente
1042 989 1280 1060 det-aula
1315 1009 1428 1062 illas
1473 1013 1743 1089 psalmos;
1778 1004 2004 1085 quorum
2031 1032 2189 1095 caput

629 1098 748 1143 est:
790 1091 951 1159 Deus,
979 1094 1116 1150 Deus
1140 1113 1303 1164 meus,
1334 1105 1523 1171 respice
1543 1105 1596 1159 in
1623 1122 1734 1170 me;
1762 1107 1992 1177 Exaudi,
2025 1112 2186 1182 Deus,

629 1183 913 1237 orationem
960 1203 1160 1253 meam,
1214 1206 1330 1242 cum
1377 1192 1660 1261 deprecor;
1711 1197 1923 1254 Saluum
1952 1219 2033 1257 me
2079 1205 2183 1273 fac,

629 1269 784 1325 Deus.
815 1273 880 1328 Et
921 1276 1156 1334 clemens
1176 1280 1316 1334 Deus
1345 1283 1523 1338 statim
1555 1293 1606 1338 te
1635 1287 1933 1357 adjuvabit,
1989 1302 2042 1346 et
2069 1269 2187 1350 ten-

627 1362 905 1430 tationem,
942 1382 1102 1435 quam
1129 1372 1349 1438 pateris,
1377 1374 1603 1432 tolerare
1632 1386 1684 1433 te
1706 1394 1864 1448 posse
1899 1381 2110 1441 eﬂiciet.

1219 1481 1440 1546 Quintus
1476 1504 1616 1540 usus.

692 1563 750 1617 Si
777 1563 868 1619 tibi
892 1567 998 1620 vita
1027 1559 1261 1637 pnescns
1288 1571 1558 1629 fastidiosa
1583 1579 1672 1644 sit,
1703 1587 1754 1634 et
1769 1583 2004 1637 animum
2031 1592 2176 1640 tuum

619 1653 848 1709 delectet
867 1672 1150 1727 supernam
1179 1664 1406 1730 patriam
1435 1671 1806 1739 contemplari,
1855 1682 1909 1728 et
1933 1676 2178 1746 omnipo-

620 1753 820 1801 tentem
837 1747 1001 1803 Deum
1016 1752 1226 1807 ardenti
1239 1755 1502 1813 desiderio
1515 1776 1770 1830 quaerere,
1789 1764 1989 1821 intenta
2005 1780 2181 1825 mente

618 1837 716 1892 hos
734 1839 969 1908 psalmos
984 1842 1208 1900 decanto
1229 1865 1240 1900 :
1263 1846 1742 1921 Quemadmodum;
1766 1855 1936 1922 Quam
1956 1859 2178 1928 dilecta;

613 1925 770 1991 Deus,
810 1929 948 1984 Deus
987 1949 1148 1988 meus.
1199 1935 1265 1990 Et
1309 1937 1540 1995 clemens
1568 1943 1705 1999 Deus
1751 1947 1913 2002 citius
1942 1925 2176 2008 mentem

617 2020 761 2073 tuam
791 2022 1171 2079 consolahitur.

975 2111 994 2123 ⁸
1215 2118 1403 2176 δια-(ιω
1433 2141 1578 2178 usus.
1868 2195 1878 2201 _

684 2200 739 2256 Si
770 2212 819 2257 te
841 2205 897 2260 in
924 2209 1355 2268 tribulationibus
1381 2232 1408 2268 a
1432 2216 1540 2271 Deo
1561 2217 2168 2298 derelictumintelligas,

613 2304 930 2360 compuncto
956 2299 1116 2354 corde
1154 2302 1377 2358 decuma
1429 2308 1527 2362 hos
1577 2312 1844 2378 psalmos:
1875 2315 2166 2391 Usquequo,

609 2380 861 2451 Domine;
902 2387 1044 2443 Deus
1070 2393 1283 2447 auribus
1313 2401 1535 2460 nostris;
1567 2401 1810 2459 Miserere
1835 2410 1954 2475 mei,
1996 2410 2167 2477 Deus;

610 2470 842 2541 Exaudi,
872 2476 1033 2544 Deus,
1062 2483 1342 2538 orationem
1368 2504 1552 2555 meam,
1579 2501 1626 2544 et
1650 2509 1710 2546 ne
1736 2494 2057 2564 desrexeris;
2099 2500 2165 2556 In

607 2570 676 2625 te,
701 2561 937 2631 Domine,
957 2571 1176 2639 speravi.
1216 2574 1284 2627 Et
1310 2574 1451 2632 Deus
1471 2581 1653 2635 statim
1689 2561 1978 2643 lmtilicabit
2009 2561 2062 2646 te
2111 2593 2164 2646 in

606 2654 854 2712 omnibus
878 2663 1138 2728 angustiis
1168 2667 1287 2721 tuis.
1751 2675 1753 2677 ’

1160 2753 1416 2826 Septimus
1453 2779 1599 2818 usus.

675 2832 802 2890 Post
825 2848 1095 2910 acceptam
1119 2847 1376 2916 quietem,
1411 2861 1466 2908 et
1496 2861 1865 2927 prosperitatis
1901 2874 2156 2937 tempore,

604 2924 700 2979 hos
718 2929 948 2996 psalmos
961 2934 1182 2993 decanta
1209 2942 1262 2994 in
1288 2941 1525 3001 laudem:
1557 2924 1864 3008 Benedlcam
1890 2924 2111 3014 Domino

601 3013 842 3084 Benedic,
878 3024 1052 3079 anima
1082 3045 1215 3097 mea,
1241 3032 1484 3104 Domino,
1510 3047 1565 3093 et
1589 3058 1601 3092 :
1637 3041 1893 3100 Exaltabo
1915 3058 1982 3114 te,
2015 3050 2151 3107 Deus

598 3118 743 3160 meus
768 3125 872 3164 rex.
919 3114 985 3169 Et
1005 3116 1055 3170 in
1078 3123 1222 3177 omni
1243 3133 1480 3194 tempore
1499 3131 1610 3186 sive
1623 3138 2003 3204 prosperitatis,
2038 3143 2151 3197 sive

600 3195 958 3267 adversitatis,
1008 3221 1216 3282 semper
1245 3214 1511 3285 Dymnum
1549 3195 1705 3278 trium
1747 3195 2024 3295 puerorum
2055 3234 2148 3287 de-

597 3296 774 3343 canta.
826 3291 1008 3350 Nullus
1049 3299 1227 3369 itaque
1253 3301 1502 3362 virtutem
1542 3311 1701 3382 hujus
1728 3291 1956 3374 nominis
1981 3323 2148 3391 expli-

596 3392 723 3433 care
758 3389 954 3449 potest,
1010 3387 1064 3441 in
1108 3405 1215 3459 quo
1247 3395 1423 3450 omnis
1454 3408 1701 3456 creatura
1726 3405 1794 3460 ad
1827 3387 2147 3466 laudandum

593 3465 900 3529 Creatorem
930 3477 1223 3536 invocatur.
1565 3491 1574 3494 ’

1175 3571 1395 3633 Octavus
1418 3597 1562 3638 usus.

607 3697 611 3702 .
663 3647 721 3704 Si
748 3654 977 3713 volueris
1003 3661 1186 3718 intima
1208 3678 1382 3725 mente
1397 3686 1647 3731 exercere
1669 3679 1787 3734 tein
1813 3681 2008 3740 divinis
2030 3685 2143 3744 lau-

591 3737 747 3795 dibus
792 3757 856 3798 ac
906 3753 1205 3820 prmeeptis,
1240 3767 1297 3810 et
1341 3764 1602 3820 mandatis
1637 3737 2142 3845 cmics_tibus,vpsdl-

590 3846 755 3897 tnum,
794 3832 944 3892 Beati
987 3840 1308 3900 immaculati
1353 3850 1409 3902 in
1445 3853 1545 3917 via,
1607 3843 1848 3915 decanta.
1912 3832 1975 3918 Et
2006 3832 2143 3924 licet

512 3971 519 3978 ,
590 3935 758 3990 usque
803 3925 870 3980 ad
896 3928 1100 3989 obitum
1123 3934 1244 3990 vita:
1291 3943 1396 3993 tua:
1458 3941 1614 4014 hujus
1659 3948 1848 4015 psalmi
1887 3953 2138 4010 virtutem

587 4018 961 4088 contempleris
999 4032 1158 4095 atque
1203 4032 1478 4099 scruteris,
1517 4051 1784 4108 nunquam
1818 4043 2134 4114 perfecteil-

587 4104 720 4171 lum,
773 4118 834 4163 ut
870 4122 1022 4180 puto,
1069 4116 1363 4189 intelligere
1416 4104 1659 4192 poteris:
1704 4129 1763 4185 hi
1811 4104 1917 4201 quo
1964 4138 2138 4194 nullus

590 4207 776 4250 versus
818 4208 941 4265 est,
985 4205 1113 4271 quin
1157 4207 1287 4261 insit
1324 4211 1409 4263 vel
1455 4214 1538 4266 via
1591 4217 1702 4280 Dei,
1748 4222 1828 4272 vel
1872 4223 1991 4286 lex,
2048 4229 2134 4281 vel

586 4283 912 4354 mandatum,
959 4306 1050 4346 seu
1072 4303 1394 4366 praeceptum
1439 4299 1575 4367 Dei,
1614 4306 1698 4359 vel
1721 4309 1904 4372 verba,
1941 4283 2034 4367 aut
2047 4313 2133 4384 ju-

582 4374 950 4443 stilicationes,
976 4381 1055 4435 vel
1074 4381 1274 4452 judicia
1289 4425 1317 4451 ,.
1335 4395 1426 4441 aut
1450 4405 1740 4453 sermones.
1788 4397 1857 4453 Et
1883 4401 2001 4458 ideo
2026 4374 2133 4460 non

581 4471 664 4518 est
709 4467 802 4522 tibi
847 4484 1015 4541 opus,
1069 4481 1128 4527 ut
1157 4491 1258 4545 per
1297 4477 1536 4537 diversos
1563 4483 1725 4541 libros
1771 4489 2008 4548 animum
2032 4494 2132 4550 dif-

581 4553 792 4612 trinitas.

1170 4635 1356 4694 Nonus
1393 4658 1538 4696 usus.

648 4737 705 4792 la
730 4739 983 4809 psalterio
1003 4760 1169 4816 usque
1188 4750 1255 4804 ad
1273 4753 1475 4808 obitum
1494 4757 1619 4814 vitae
1647 4768 1750 4817 tua:
1772 4762 1936 4819 habes
1950 4771 2125 4822 mate-

579 4823 712 4877 riam
758 4824 990 4897 legendi,
1019 4831 1306 4898 scrutandi,
1341 4837 1596 4906 docendi;
1639 4845 1694 4899 in
1738 4861 1844 4914 quo
1887 4848 2127 4907 invenies

575 4915 933 4985 propheticus,
985 4921 1337 4994 evangelicos,
1385 4933 1550 4997 atque
1583 4933 1922 5002 apostolicos,
1965 4945 2128 5009 atque

575 5017 759 5061 omnes
786 5008 992 5066 divinos
1027 5011 1193 5069 libros
1232 5014 1599 5085 spiritualiter,
1645 5024 1709 5076 ad
1730 5038 1886 5093 quem
1925 5008 2124 5084 intelli-

572 5094 716 5167 gitur
741 5095 955 5170 [Forte,
998 5111 1157 5172 atque
1202 5103 1624 5184 intelliglbiliter]
1644 5125 1707 5166 es
1741 5123 1890 5183 parte
1928 5126 2124 5176 tracta-

573 5193 657 5238 tos
678 5193 836 5256 atque
865 5189 1179 5262 descriptos,
1208 5202 1263 5247 et
1285 5195 1515 5264 priorem
1535 5207 1696 5270 atque
1722 5204 2009 5262 secundum
2031 5211 2125 5265 ad—

570 5281 785 5329 ventum
796 5275 1008 5335 Domini
1028 5281 1102 5335 ibi
1128 5284 1366 5361 reperies
1389 5289 1751 5358 prophetatos.
1796 5293 2123 5355 lncarnatio-

569 5378 920 5446 uemgquoque
935 5383 994 5428 et
1014 5373 1338 5444 passionem,
1360 5383 1930 5455 resumctionemque,
1959 5398 2122 5459 atque

569 5444 934 5514 amissionem
951 5461 1306 5536 Dominicsm,
1335 5478 1389 5524 et
1399 5485 1616 5528 omnem
1640 5444 1891 5534 virtutem
1917 5444 2122 5536 divino-

571 5561 686 5605 rum
720 5547 979 5607 dictorum
1023 5555 1076 5610 in
1101 5557 1318 5625 psalmis
1344 5551 1599 5628 invenies,
1647 5565 1691 5619 si
1730 5565 1925 5622 intima
1943 5579 2120 5624 mente

2299 381 2395 436 Dei
2417 384 2643 454 gratiam
2665 391 2996 455 perveneris.

3044 505 3093 564 Ι.

2297 585 2688 652 Αὑύνευίἀίιο
2725 602 2978 675 furtz‘vce
3022 605 3352 678 orationis,
3402 609 3553 687 quid
3578 614 3662 672 sit
3699 617 3851 678 sctis

2787 695 3130 755 congruum
3163 701 3360 746 orare.

2362 789 2634 847 Imitemur
2669 806 2908 854 sanctam
2939 789 3234 861 Ecclesium
3267 849 3281 872 ,
3322 798 3475 876 cuius
3517 822 3574 868 et
3615 819 3850 874 membra

2292 893 2493 935 sumus.
2526 882 2640 953 Ipsa
2663 888 2808 941 enim
2835 900 2937 957 est,
2970 909 3087 962 qua:
3115 897 3244 952 dicit
3269 918 3281 950 :
3315 897 3380 953 In
3411 900 3597 959 lectulo
3623 923 3735 960 meo
3760 927 3849 979 per

2291 980 2464 1026 noctes
2485 966 2721 1045 quiniri,‘
2743 981 3292 1069 quem-“diligitanima
3329 1008 3442 1045 mea
3471 991 3647 1062 (Cant.
3669 966 3846 1069 nhil).

2290 1062 2508 1120 Et'illud
2545 1069 2609 1121 ad
2645 1062 2953 1128 Dominum:
3007 1075 3209 1132 Memor
3243 1081 3323 1149 fui
3344 1084 3420 1136 tui
3451 1101 3607 1154 super
3630 1062 3848 1143 stratum

2286 1169 2456 1208 meum
2489 1155 2655 1227 (Psal.
2695 1178 2827 1228 un,
2857 1165 2932 1234 'l).
2986 1167 3124 1238 Ergo
3156 1185 3278 1226 cum
3313 1188 3343 1226 a
3386 1190 3573 1231 somno
3608 1180 3844 1250 evigilas,

2285 1253 2340 1297 et
2363 1245 2539 1303 crucis
2559 1251 2765 1320 signum
2787 1255 3027 1326 depingis
3047 1260 3098 1313 in
3119 1260 3293 1328 labiis,
3322 1266 3478 1320 tertio
3506 1245 3721 1338 repete;
3740 1272 3847 1326 Do-

2285 1339 2440 1404 mine,
2465 1339 2606 1396 labia
2635 1361 2748 1398 mea
2769 1351 2991 1417 aperias,
3018 1361 3065 1404 et
3090 1369 3146 1406 os
3176 1371 3344 1409 meum
3373 1362 3703 1416 annuntiabit
3726 1363 3845 1417 lau-

2281 1427 2398 1482 dem
2416 1440 2578 1487 tuam.
2621 1435 2755 1492 Huic
2778 1442 3030 1497 continuo
3059 1444 3284 1517 adjuuge
3307 1450 3567 1518 psalmum
3593 1457 3840 1512 tertium:

2284 1516 2523 1582 Domine.
2543 1525 2668 1593 quid
2689 1527 3014 1600 multiplicati
3037 1546 3176 1589 sunt.
3228 1516 3320 1592 7Et_
3349 1542 3659 1598 vicesimum
3689 1563 3846 1615 quar-

2211 1647 2253 1706 Β
2282 1615 2425 1661 tum:
2448 1611 2528 1662 Ad
2549 1621 2615 1676 te,
2635 1613 2871 1682 Domine,
2896 1617 3073 1675 leuari.
3097 1623 3291 1680 Etocto
3307 1643 3490 1684 versus
3508 1611 3848 1700 psalmi-cen-

2284 1699 2459 1753 tesimi
2505 1702 2609 1773 23
2643 1708 2819 1761 octavi
2854 1709 3082 1776 decimi,
3128 1730 3355 1783 quorum
3393 1699 3554 1789 caput
3584 1733 3695 1778 est:
3737 1725 3845 1791 Ad—

2278 1788 2425 1843 lta'sit
2449 1793 2757 1860 pavimento.
2817 1796 2980 1868 Kyrie
3009 1800 3223 1870 eleison,
3265 1788 3573 1866 Orationem
3600 1812 3840 1869 Domini-

3693 1944 3708 1967 1

2426 1976 2605 2052 malum
2656 1989 2704 2034 et
2741 1992 2955 2048 terram,
2979 1983 3287 2055 Symbolum
3317 1991 3718 2072 Ανοειοιοηπην
3762 2006 3837 2062 δι’

2273 2053 2568 2122 Benedicite
2606 2073 2781 2125 omnia
2826 2083 2981 2144 opera
3005 2053 3236 2132 Domini
3264 2080 3503 2137 Domino.
3567 2067 3638 2139 Te
3679 2086 3838 2154 Deum

2271 2153 2566 2213 laudamus.
2625 2161 2694 2217 Te
2719 2163 2860 2218 decet
2889 2165 3038 2231 laus;
3069 2171 3121 2222 in
3141 2171 3244 2226 hoc
3268 2189 3425 2245 versu
3453 2192 3658 2246 sm'ges.
3705 2177 3837 2233 Pro-

2268 2254 2383 2314 pter
2398 2263 2581 2304 nomen
2602 2261 2768 2318 tuum,
2814 2254 3056 2312 Domine.
3126 2260 3540 2320 Firmamentum
3567 2285 3757 2345 meum,
3788 2282 3837 2326 et

2268 2338 2527 2410 refugium
2548 2361 2738 2412 meum,
2761 2357 2808 2402 et
2829 2349 2937 2405 dua:
2953 2369 3095 2411 meus
3123 2362 3252 2423 esto,
3271 2357 3489 2415 Domine
3508 2362 3648 2418 Deus
3668 2381 3828 2419 meus.

2263 2427 2323 2483 In
2364 2431 2448 2487 his
2469 2437 2652 2505 gerhis
2681 2455 2804 2494 mox
2828 2452 2884 2495 ut
2911 2443 3207 2501 Ecclesiam
3234 2450 3564 2521 ingrediaris,
3593 2462 3830 2511 sanctam

2265 2522 2489 2578 adorare
2515 2531 2717 2596 pateris
2740 2530 3075 2589 Trinitatem.

2852 2647 2988 2702 Item
3027 2649 3230 2708 Oratio.

2332 2726 2551 2784 Domine
2573 2732 2714 2786 Deus
2751 2739 3105 2808 omnipotens,
3133 2754 3331 2801 aeterne
3351 2756 3406 2802 et
3431 2750 3730 2820 inell'abilis,
3750 2757 3829 2812 si—

2259 2833 2326 2871 ne
2355 2818 2457 2874 line
2491 2829 2653 2892 atque
2680 2826 2849 2888 initio.
2878 2834 3035 2905 quem
3079 2850 3241 2889 unum
3270 2837 3323 2891 in
3348 2839 3624 2908 Trinitate,
3654 2818 3827 2900 et-tri-

2259 2926 2386 2964 num
2413 2914 2464 2966 in
2488 2916 2691 2970 unitate
2710 2910 3027 2976 conﬁtemur
3051 2942 3063 2976 :
3098 2935 3147 2979 te
3175 2928 3344 2982 solum
3363 2932 3550 2998 adoro,
3577 2945 3629 2990 te
3649 2936 3823 3003 laudo,

2175 3005 2222 3065 ο
2255 3010 2306 3055 te
2335 3002 2612 3070 bene'lico,
2666 3015 2820 3076 teque
2865 3013 3121 3080 glorifico.
3172 3019 3309 3080 Tibi.
3340 3037 3374 3075 o
3419 3025 3728 3083 misericors
3773 3038 3826 3104 et

2251 3089 2500 3155 clemens,
2547 3098 2747 3164 gratias
2776 3099 2968 3165 refero,
2999 3104 3088 3172 qui
3125 3121 3208 3160 me
3251 3118 3471 3166 exutum
3514 3124 3670 3173 nocte
3705 3099 3826 3187 per—

2251 3179 2386 3236 ﬁdia:
2410 3191 2464 3238 et
2489 3189 2708 3252 erroris,
2739 3192 3052 3259 participem
3082 3194 3197 3251 ﬁeri
3223 3199 3457 3256 tribuisti
3486 3207 3669 3274 gratim
3689 3179 3818 3267 tua}.

2247 3271 2470 3341 Pet-tice,
2500 3293 2701 3345 qumso,
2735 3280 2979 3347 Domine,
3005 3294 3238 3356 coeptum
3265 3289 3319 3342 in
3349 3306 3435 3346 me
3459 3308 3592 3362 opus
3610 3298 3821 3353 miseri-

2246 3365 2439 3420 cordia:
2477 3375 2599 3422 tum.
2651 3371 2795 3424 Dona
2847 3374 2979 3428 mihi
3026 3391 3240 3448 semper
3284 3382 3542 3451 cogitare,
3589 3386 3732 3458 loqui
3765 3398 3822 3444 et

2245 3469 2425 3523 agere,
2456 3475 2575 3528 qua:
2614 3462 2812 3531 placita
2841 3473 2966 3520 sunt
2993 3468 3087 3521 tibi
3114 3484 3129 3534 ;
3177 3473 3487 3541 et‘gratuita
3512 3479 3822 3548 meumque

2175 3550 2180 3556 '
2244 3545 2439 3613 pietate
2463 3552 2790 3616 custodiens,
2821 3555 2906 3610 fac
2943 3571 3030 3610 me
3069 3558 3349 3628 indignum
3382 3571 3437 3616 et
3467 3545 3819 3622 miserum—ad

2245 3641 2386 3689 tuam
2415 3641 2696 3706 pervenire
2721 3642 2998 3708 visionem,
3029 3644 3217 3702 Amen.

2979 3755 3060 3818 ll.
3097 3772 3103 3778 ‘

2242 3845 2424 3937 Quod
2476 3849 2702 3937 bonum
2745 3853 2829 3913 sit
2857 3854 3094 3937 homini
3121 3861 3192 3937 in
3232 3870 3501 3937 quatuor
3535 3867 3808 3930 subscri-

2300 3927 2447 4015 ‘ptis
2470 3929 2733 4015 psalmis
2768 3941 2846 4015 et-
2880 3934 3081 4015 triens
3109 3927 3351 4015 hymnis
3382 3941 3638 4005 laudare
3681 3927 3804 4008 Do-

2315 4005 2545 4065 minum
2573 4009 2839 4086 singulis
2866 4011 3101 4077 diebus.

2305 4123 2564 4179 Hortatur
2582 4142 2682 4183 nos
2712 4127 2991 4199 Scriptura
3013 4134 3265 4204 divinitus
3283 4138 3563 4208 inspirata,
3588 4142 3802 4200 dicens:

2238 4211 2341 4277 Qui
2398 4215 2588 4270 timetis
2641 4217 2960 4283 Dominum,
3025 4222 3306 4276 benedicite
3349 4226 3572 4283 Domino
3621 4231 3799 4303 (Psal.

2165 4348 2210 4403 υ
2235 4317 2448 4367 cxxxiv,
2475 4305 2587 4372 20).
2620 4305 2728 4360 Nec
2754 4322 2854 4362 nos
2883 4316 3065 4376 terret,
3090 4315 3230 4382 quod
3250 4317 3506 4386 scriptum
3526 4330 3646 4376 est:
3680 4323 3801 4380 Non

2234 4401 2305 4446 est
2334 4396 2563 4463 speciosa
2603 4396 2720 4451 laus
2747 4399 2802 4452 in
2840 4417 2927 4454 ore
2962 4407 3248 4472 peccatoris
3279 4407 3464 4478 (Eccli.
3494 4428 3582 4479 xv,
3613 4412 3688 4487 9),
3729 4417 3801 4471 si-

2231 4483 2340 4539 lere
2362 4487 2503 4541 enim
2535 4503 2564 4541 a
2592 4487 2746 4544 laude
2772 4490 3046 4549 Creatoris
3076 4499 3244 4554 multo
3272 4500 3531 4558 deterius.
3579 4483 3655 4559 Et
3675 4505 3800 4562 licet

2228 4575 2338 4631 sint
2366 4578 2518 4634 multi
2547 4579 2615 4635 ad
2639 4582 2742 4640 hoc
2766 4598 2899 4652 opus
2926 4585 3148 4658 congrui
3172 4583 3387 4659 psalmi,
3417 4593 3472 4645 in
3509 4594 3592 4672 his
3619 4595 3797 4652 tamen

2228 4667 2337 4722 Deo
2365 4671 2550 4725 sedulo
2575 4670 2775 4744 poteris
2802 4675 3024 4730 reddere
3049 4677 3282 4744 laudem,
3303 4681 3407 4733 hoc
3427 4667 3587 4736 modo
3611 4701 3624 4735 :
3655 4682 3797 4741 Pras-

2226 4757 2388 4812 misso
2410 4773 2586 4814 versu.
2630 4761 2790 4826 Deus,
2813 4765 2867 4815 in
2890 4765 3213 4834 adjutorium
3251 4783 3421 4820 meum
3461 4770 3687 4840 intende,
3711 4791 3795 4832 se-

2231 4857 2425 4918 quatur
2436 4853 2687 4921 psalmus,
2703 4853 2937 4908 Laudate
2946 4871 3129 4908 nomen
3145 4856 3372 4923 Domini,
3389 4859 3618 4930 laudate,
3639 4870 3788 4933 servi,

2230 4937 2547 5008 Dominum;
2593 4944 2647 4997 in
2695 4959 2803 5011 quo
2848 4944 3110 5013 despectis
3161 4951 3461 5009 nominibus
3502 4958 3790 5015 multorum

2228 5025 2585 5100 falsorumque
2631 5032 2875 5093 deorum.
2918 5049 3054 5088 unus
3088 5037 3226 5094 Deus
3271 5057 3495 5115 magnus
3536 5057 3594 5102 et
3630 5065 3790 5109 verus

2226 5120 2486 5177 laudatur.
2513 5122 2751 5186 Benedic,
2767 5125 2939 5178 animo
2953 5143 3086 5193 mea,
3104 5128 3341 5198 Domino,
3363 5146 3412 5190 et
3432 5141 3629 5206 omnia,
3655 5154 3785 5208 etc..

2225 5212 2526 5264 numerosis
2561 5212 2846 5266 virtutibus
2889 5224 2944 5268 et
2984 5216 3233 5276 laudibus
3263 5225 3468 5294 plenus.
3520 5229 3782 5289 Exaltabo

2222 5312 2290 5367 te,
2315 5304 2452 5357 Deus
2482 5322 2623 5360 meus
2665 5324 2775 5370 rex,
2816 5307 3198 5377 jucundissima
3227 5335 3291 5374 ac
3337 5323 3652 5378 suavissima
3682 5324 3784 5380 Do-

2221 5392 2366 5446 mino
2390 5392 2622 5450 laudatio
2648 5396 2832 5451 David.
2871 5398 3104 5459 Laudate
3143 5401 3422 5464 Dominum
3445 5413 3512 5466 de
3538 5413 3698 5476 aclis,
3728 5415 3780 5466 in

2219 5492 2327 5550 quo
2355 5482 2646 5538 invitantur
2670 5500 2855 5543 omnes
2898 5500 3176 5560 creauirze,
3203 5505 3264 5550 ut
3301 5498 3518 5555 laudent
3540 5503 3779 5567 omnium

2218 5569 2548 5630 Creatorem.
2605 5573 2840 5646 Hymnus
2905 5584 3062 5636 trium
3110 5602 3385 5654 puerorum
3433 5591 3576 5645 omni
3626 5588 3777 5643 laude
