4246 6208
480 283 584 340 £69

1348 286 1736 349 ιιτιῖιιειιᾈ.
1772 322 1841 333 --
1870 294 1961 350 DE
1994 294 2237 354 PSALM.
2280 294 2436 354 USU.
2466 295 2733 351 —PABS
2768 294 2809 350 Ι.

2144 36 2157 37 κ
2200 34 2495 43 ww"
2514 32 2679 43 ——-——---
2714 36 2723 41 η
2772 24 4015 67 ama-mini:

3591 298 3694 357 870

475 404 586 462 Deo
611 404 910 471 amabilior,
942 406 995 462 in
1013 422 1120 479 quo
1156 423 1343 466 omnes
1377 423 1637 489 creaturae
1662 417 1819 472 simul
1841 426 1895 474 et
1919 419 2033 475 sin-
2070 426 2111 485 Α
2136 429 2279 477 stum
2314 426 2643 479 servatorem
2664 429 2718 477 et
2752 428 3182 494 recuperatorem
3209 430 3471 489 nostrum,
3498 425 3589 494 qui
3619 434 3694 481 te-

472 497 695 570 gulatim
735 498 804 555 ad
827 497 1101 556 Creatoris
1142 501 1353 559 laudem
1400 505 1701 564 hortantur.
1752 507 1825 564 Te
1866 509 2042 565 Deum-

472 587 772 653 manus,
800 587 946 643 nulla
972 588 1133 645 laude
1159 591 1403 659 inferior,
1434 594 1505 649 Te
1528 596 1671 651 decet
1697 597 1937 668 hymnus.

749 700 877 757 Post
896 701 1225 760 Doasinicam
1253 704 1550 764 Orationem
1573 725 1768 766 versus.

546 811 830 868 Benedicat
851 824 950 869 nos
974 815 1309 885 omnipotens
1331 824 1388 873 et
1405 818 1728 876 misericors
1754 820 1916 888 Deus,
1942 823 2032 892 qui

473 901 601 958 fecit
633 902 827 959 cadum
854 910 910 959 et
935 912 1156 961 terram.
1201 905 1571 966 Benedicimus
1595 908 1829 977 Patrem,
1867 920 1923 967 et
1946 912 2037 967 Fi-

473 992 626 1057 lium,
653 998 711 1046 et
728 990 987 1062 Spiritum
1028 1003 1274 1052 sanctum
1299 1016 1312 1051 :
1352 997 1628 1055 laudamus
1647 1008 1703 1057 et
1730 1003 2034 1073 superemi-

474 1095 650 1141 tamus
666 1100 791 1142 eum
819 1086 875 1142 in
902 1086 1116 1143 stecuIa.
1158 1086 1480 1145 Benedictus
1505 1074 1589 1158 es,
1633 1091 1858 1149 Domine
1894 1093 2035 1150 Deus

471 1176 692 1233 Patrum
733 1185 1060 1243 nostrorum,
1102 1188 1160 1234 et
1207 1178 1470 1236 laudabile
1496 1189 1553 1237 et
1592 1180 1881 1250 gloriosum
1931 1198 2030 1239 no-

472 1285 597 1325 men
625 1276 776 1324 tuum
801 1268 856 1345 in
883 1269 1098 1332 szecula,
1138 1268 1251 1337 Qui.
1280 1271 1480 1349 timetis
1519 1271 1821 1338 Dominum,
1870 1272 2032 1328 bene-

470 1360 632 1416 dicite
676 1360 903 1416 Domino
944 1378 957 1414 :
991 1361 1304 1418 benedictus
1342 1362 1599 1418 Dominus
1641 1377 1709 1417 ex
1747 1361 1897 1427 Sion,
1939 1361 2031 1431 qui

470 1449 681 1508 habitat
705 1450 761 1505 in
787 1448 1352 1531 Jerusalem..Cantate
1374 1450 1619 1518 Domino,
1654 1460 1713 1507 et
1735 1451 2033 1508 benedieite

470 1557 668 1600 nomen
689 1540 844 1611 ejus:
886 1541 1023 1597 bene
1044 1541 1286 1597 nuntiate
1306 1541 1374 1597 de
1406 1541 1496 1597 die
1544 1541 1601 1598 in
1625 1541 1769 1598 diem
1801 1540 2033 1597 salutare

469 1636 607 1706 ejus.
640 1632 751 1690 Nos
775 1631 868 1704 qui
889 1631 1139 1697 vivimus,
1161 1632 1525 1710 benedicimus
1546 1632 1809 1699 Domino;
1840 1649 1905 1689 ex
1930 1633 2033 1689 hoc

471 1741 614 1782 nunc
631 1734 689 1809 et
706 1739 876 1800 usque
897 1724 955 1780 in
974 1723 1249 1803 saeculum.
1267 1723 1588 1780 Benedictus
1612 1723 1870 1781 Dominus
1891 1723 2032 1781 Deus
2058 1734 2065 1738 '

470 1816 657 1884 Israel,
677 1817 769 1888 qui
788 1814 918 1871 fecit
935 1812 1198 1891 mirabilia
1226 1828 1419 1885 magna
1435 1812 1607 1870 solus:
1626 1820 1681 1869 et
1699 1813 2035 1870 benedictum

474 1922 673 1965 nomen
690 1904 989 1979 maiestatis
1007 1903 1125 1976 dus
1146 1905 1202 1961 in
1222 1912 1503 1971 aeternum,
1521 1905 1649 1960 etin
1667 1903 1921 1961 smeulum
1940 1920 2039 1960 ste-

471 1999 595 2056 culi.
616 1996 933 2055 Beoedicam
941 1995 1166 2052 Domino
1177 1994 1234 2051 in
1248 1993 1396 2051 omni
1416 2003 1674 2065 tempore,
1691 1979 1906 2065 semper
1921 1992 2038 2048 laus

470 2090 588 2163 ejus
604 2088 663 2144 in
678 2102 775 2144 ore
794 2102 937 2144 meo.
952 2085 1204 2143 Laudabo
1221 2099 1416 2142 nomen
1434 2083 1530 2140 Dei
1544 2084 1651 2140 mei
1670 2099 1791 2140 eum
1806 2083 2035 2148 cantico,

469 2192 529 2239 et
547 2180 899 2254 magnificabo
915 2194 1039 2237 eum
1058 2178 1116 2235 in
1132 2176 1310 2233 laude.
1324 2174 1570 2232 Laudent
1584 2176 1706 2231 eum
1720 2175 1844 2230 caeli
1861 2184 1917 2229 et
1939 2182 2040 2229 ter-

474 2288 554 2339 ra,
574 2286 742 2338 mare,
765 2278 820 2326 et
833 2269 1145 2340 omniaque
1157 2268 1213 2324 in
1232 2267 1312 2324 eis
1323 2273 1465 2323 sunt.
1486 2263 1723 2323 Cantabo
1740 2263 1967 2319 Domino
1982 2265 2036 2319 in

471 2361 579 2416 vita
602 2374 743 2425 mea,
760 2357 986 2430 psallam
1006 2357 1117 2415 Deo
1142 2372 1285 2423 meo,
1299 2354 1533 2428 quandiu
1549 2369 1663 2411 ero.
1686 2352 1878 2409 Suavis
1902 2352 2035 2408 sitei

473 2450 713 2509 laudatio
735 2466 877 2518 mea,
914 2465 1014 2522 ego
1054 2464 1184 2506 vero
1214 2447 1519 2505 delectabor
1560 2447 1616 2502 in
1659 2445 1903 2502 Domino.
1952 2442 2036 2498 Sit

471 2546 642 2618 gloria
665 2544 877 2603 Domini
896 2544 952 2601 in
977 2542 1228 2599 suculam
1252 2540 1457 2609 saeculi,
1490 2540 1757 2598 laetabitur
1779 2537 2036 2593 Dominus

470 2638 531 2698 in
556 2638 811 2710 operibus
840 2638 973 2693 suis.
996 2633 1232 2692 Laudem
1254 2632 1468 2690 Domini
1492 2633 1726 2703 loquitur
1744 2647 1807 2688 os
1832 2644 2030 2695 meum,

470 2738 529 2787 et
545 2728 822 2787 benedicat
847 2727 1022 2785 omnis
1040 2743 1167 2784 caro
1185 2740 1378 2783 nomen
1402 2721 1783 2793 sanctum’ejus
1806 2724 1859 2779 in
1879 2712 2035 2780 aeter-

471 2834 621 2886 num,
647 2825 704 2874 et
726 2819 782 2873 in
807 2817 1058 2874 secutum
1083 2807 1286 2872 steculi.
1316 2813 1400 2871 Sit
1418 2828 1611 2870 nomen
1634 2813 1847 2869 Domini
1870 2812 2032 2869 bene-

472 2910 693 2974 dictum,
720 2922 788 2963 ει
810 2908 915 2967 hoe
936 2918 1080 2961 nunc
1102 2912 1158 2960 et
1180 2918 1351 2974 usque
1375 2904 1430 2957 in
1456 2901 1727 2959 multum.

1007 3014 1307 3072 Gratiarum
1324 3016 1499 3083 actio.

538 3110 754 3168 Gratias
773 3108 871 3169 tibi
892 3106 1216 3191 ago‘inliuita
1239 3104 1624 3171 misericordia,
1646 3104 1870 3161 Domine
1890 3104 2031 3161 Dens
2058 3119 2103 3182 ο

470 3202 825 3274 omnipotens,
846 3201 940 3271 qui
966 3215 1052 3256 me
1082 3215 1180 3270 per
1202 3214 1397 3270 aquam
1421 3199 1561 3255 sacri
1597 3198 1951 3268 baptismatis,
1979 3207 2036 3254 et

471 3293 867 3350 reoovationem
896 3290 1066 3347 sancti
1114 3289 1346 3360 Spiritus
1369 3289 1436 3343 ab
1463 3287 1814 3358 originalibus
1839 3287 2032 3342 vincu—

469 3383 536 3439 lis
564 3381 844 3451 expedisti.
882 3380 1101 3437 Gratias
1126 3379 1220 3434 tibi
1248 3393 1369 3450 ago,
1401 3378 1490 3447 qui
1530 3392 1616 3433 me
1644 3378 1696 3431 in
1727 3386 1781 3432 te
1812 3376 2033 3431 credere

468 3480 615 3528 recte
643 3469 838 3535 fecisti,
864 3476 921 3524 et
945 3476 1160 3525 tuorum
1198 3483 1283 3523 me
1318 3467 1555 3523 fidelium
1578 3480 1803 3521 onmem
1825 3467 2033 3521 sociare

467 3563 718 3633 dignatus
744 3576 824 3618 es.
851 3559 928 3616 Te
966 3558 1129 3615 laudo
1150 3566 1206 3616 et
1230 3558 1488 3631 gloritlco,
1533 3558 2034 3615 misericordissime

466 3654 713 3721 Domine,
750 3654 843 3726 qui
879 3667 967 3711 me
989 3667 1089 3723 per
1108 3652 1358 3709 universa
1384 3652 1608 3708 crimina
1630 3660 2031 3722 percurrentem

468 3761 574 3803 non
605 3760 668 3802 es
690 3759 882 3816 passus
902 3743 1082 3814 perire
1108 3759 1125 3810 ;
1166 3744 1259 3798 sed
1282 3740 1391 3815 ﬂ
1421 3741 1649 3814 benigne
1686 3756 1946 3798 revocans
1969 3744 2035 3798 de

466 3833 736 3905 pwfundo
772 3847 861 3890 me
906 3831 1206 3902 iniquitatis
1239 3831 1515 3901 ereptum,
1558 3832 1626 3885 ad
1664 3831 2032 3901 pmnite‘ntiam

352 3984 359 3993 ,
468 3906 795 3993 perduxisti.
825 3919 903 3975 'l‘e
922 3920 1103 3986 laudo,
1129 3928 1185 3975 et
1219 3916 1478 3990 glorifico,
1502 3919 1595 3988 qui
1623 3934 1709 3973 me
1735 3920 1802 3974 de
1821 3927 2035 3974 mternze

468 4009 665 4068 mortis
700 4010 941 4074 interitu,
986 4010 1054 4063 de
1079 4009 1254 4079 pmnis
1278 4019 1334 4063 et
1376 4006 1535 4076 hujus
1575 4007 1755 4063 carnis
1783 4009 2034 4063 cruciati-

468 4102 591 4168 bus,
635 4101 691 4155 in
729 4115 837 4170 qua
870 4098 1032 4169 aﬂligi
1057 4099 1250 4178 dignus
1288 4114 1427 4165 sum,
1471 4098 1732 4162 hactenus
1773 4098 2031 4155 liberasti.

469 4189 592 4249 Tibi
619 4200 725 4269 ago
744 4188 931 4245 laudes
954 4197 1007 4245 et
1049 4189 1271 4260 gratias,
1300 4190 1393 4260 qui
1433 4204 1520 4244 me
1546 4190 1613 4245 de
1638 4187 1822 4244 multis
1844 4190 2032 4246 morti-

467 4284 590 4348 bus,
618 4281 686 4339 de
708 4278 894 4337 multis
916 4279 1238 4352 opprobriis,
1276 4270 1672 4336 calathitatibus
1694 4287 1750 4333 et
1776 4278 2031 4344 miseriis,
2060 4326 2067 4333 .

464 4371 960 4431 de—immanissimis
995 4370 1192 4428 diaboli
1217 4369 1447 4441 laqueis,
1476 4369 1541 4425 de
1570 4369 1864 4426 immundis
1893 4370 2032 4426 desi-

2131 518 2252 567 cum
2276 519 2332 567 et
2356 526 2479 568 eum
2504 509 2709 583 Spiritu
2733 518 2921 567 sancto
2947 511 3082 568 vivit
3116 518 3173 568 et
3199 521 3387 585 regnat
3411 514 3464 567 in
3501 515 3694 570 secula

2131 603 2469 660 saeculorum.
2514 601 2705 660 Amen.
2758 604 2867 660 Deo
2891 604 3112 676 gratias,
3164 604 3274 660 Deo
3322 605 3544 676 gratias,
3587 606 3696 662 Deo

2131 694 2349 765 gratias.
2379 693 2666 750 Benedicta
2691 693 2862 765 gloria
2889 695 3100 750 Domini
3125 696 3190 752 de
3217 694 3334 753 loco
3354 711 3471 753 suo.

2855 816 2995 881 ιιιμ

2169 931 2562 1007 Ρωηίεεηιία,
2595 940 2649 993 et
2670 931 2941 1011 publicw
2963 934 3339 1012 pauitantia
3370 938 3650 1017 gemitus.

2198 1030 2449 1103 Legimus
2480 1032 2548 1086 de
2572 1030 2797 1087 Domino
2822 1030 3060 1090 Christo.
3088 1036 3214 1105 quia
3253 1045 3364 1091 erat
3392 1046 3697 1106 pernoctans

2129 1123 2186 1176 in
2212 1119 2531 1173 orationibus
2559 1117 2707 1191 (Luc.
2732 1135 2805 1185 γι,
2838 1119 2951 1192 12).
2973 1120 3112 1188 Quid
3138 1136 3265 1191 ergo
3303 1123 3362 1177 in
3403 1122 3700 1191 iniquitati-

2129 1206 2229 1265 bus
2253 1211 2496 1280 concepti
2520 1220 2576 1266 et
2621 1210 2678 1265 in
2706 1212 2939 1279 delictis,
2979 1210 3174 1269 lectulo
3217 1212 3561 1269 conferentes
3602 1230 3700 1269 nos

2128 1296 2359 1354 delicate
2378 1298 2679 1369 palpamus,
2701 1299 2747 1354 si
2770 1298 2861 1357 ille
2888 1300 3238 1370 pernoctabat
3264 1301 3319 1355 in
3346 1299 3694 1363 orationibus,

2129 1385 2220 1454 qui
2256 1387 2400 1442 omni
2421 1401 2643 1457 prorsus
2665 1388 2981 1459 contagione
3011 1389 3230 1444 carebat
3252 1389 3500 1460 peccati?
3539 1386 3702 1463 Scru-

2131 1481 2306 1529 temur
2333 1489 2463 1546 ergo
2488 1475 2606 1533 vias
2650 1484 2885 1542 nostras,
2925 1483 2980 1530 et
3004 1476 3266 1546 duplicem
3297 1477 3352 1530 in
3381 1476 3698 1545 poenitentia

2128 1565 2384 1636 gemitum
2405 1565 2698 1625 habeamus
2722 1565 2777 1622 iri
2797 1566 3010 1622 saeculo.
3036 1564 3323 1631 Nimirum,
3345 1565 3471 1635 quia
3491 1573 3546 1619 et
3561 1565 3697 1620 bona
3804 1624 3807 1629 ,
3834 1584 3839 1595 δ

2132 1650 2250 1725 qut’e
2271 1653 2529 1725 oportuit,
2558 1668 2666 1710 non
2691 1653 2939 1719 fecimus,
2967 1661 3023 1709 et
3062 1653 3203 1710 mala
3231 1668 3351 1723 qua:
3394 1668 3499 1709 non
3538 1667 3699 1724 opor-

2067 1775 2114 1836 B
2138 1745 2256 1812 tuit,
2287 1745 2492 1836 operati
2518 1760 2725 1802 sumus.
2769 1742 3040 1836 canamus
3071 1752 3332 1836 praeterea
3358 1743 3540 1800 sedula
3567 1744 3701 1801 reci-
3766 1740 3775 1743 ’

2136 1835 2449 1905 procatione
2472 1836 2574 1892 hos
2595 1842 2800 1906 septem
2820 1833 3101 1890 Davidicos
3128 1833 3384 1904 psalmos,
3408 1848 3542 1903 quos
3567 1848 3704 1903 pene

2137 1939 2328 1984 omnes
2352 1925 2657 1996 spirituales
2689 1926 2800 2011 viri-
2829 1925 3339 1995 congruentissimos
3379 1921 3704 1994 pmnilentius

2137 2015 2490 2082 tradiderunt,
2522 2017 2576 2073 id
2599 2025 2716 2072 est:
2752 2015 2999 2071 Miserere
3022 2017 3143 2082 mei,
3170 2015 3347 2080 Deus;
3376 2014 3613 2081 Domine,
3643 2030 3705 2069 ne

2134 2112 2190 2167 in
2212 2111 2296 2166 ἕω
2315 2120 2407 2166 tua
2434 2126 2626 2182 arguas
2653 2125 2775 2175 me;
2809 2108 2960 2164 Beati
2980 2124 3243 2180 quorum;
3291 2106 3526 2172 Domine,
3566 2123 3628 2162 ne
3650 2107 3705 2161 in

2134 2200 2402 2259 ira'tua...
2425 2200 2673 2274 quoniam
2710 2202 2914 2273 sagitta:
2942 2211 3069 2267 tum,
3097 2208 3204 2255 etc.
3231 2215 3246 2265 ;
3283 2197 3520 2261 Domine,
3545 2213 3703 2252 exaue

2134 2292 2192 2347 di
2217 2295 2505 2348 orationem
2527 2307 2716 2358 meam,
2744 2301 2794 2347 et
2823 2290 3063 2356 clamor;
3099 2289 3173 2345 De
3191 2288 3464 2361 profundis
3490 2288 3703 2348 :Domi—

2136 2400 2219 2449 ne,
2247 2384 2440 2438 exaudi
2466 2384 2752 2438 orationem
2778 2399 2966 2448 meam,
2983 2381 3232 2441 auribus.

2415 2501 2539 2557 Post
2570 2485 2896 2557 Dominicmn
2922 2501 3207 2556 orationem
3233 2496 3405 2555 versus
3422 2518 3441 2553 .-

2205 2617 2317 2688 Ego
2341 2617 2471 2681 dixi,
2498 2614 2741 2682 Domine,
2783 2614 3041 2670 miserere
3066 2612 3193 2680 mei,
3224 2612 3475 2683 quoniam
3507 2611 3704 2683 iniqui-

2137 2717 2275 2766 tates
2302 2722 2434 2763 me'e
2462 2720 2823 2778 supergressa:
2864 2711 2992 2760 sunt
3025 2710 3186 2773 caput
3222 2717 3425 2767 meum,
3451 2700 3704 2770 multipli-

2133 2809 2267 2858 catae
2293 2808 2421 2854 sunt
2458 2813 2620 2869 super
2647 2796 2868 2867 capillos
2907 2794 3104 2865 capitis
3140 2783 3266 2849 mei.
3293 2792 3410 2859 Quo
3438 2792 3525 2847 ibo
3543 2806 3574 2846 a
3601 2791 3708 2860 spi-

2132 2894 2239 2947 ritu
2288 2890 2425 2945 tuo?
2461 2888 2621 2958 Eripe
2662 2901 2748 2943 me
2792 2886 2859 2942 de
2897 2884 3129 2941 inimicis
3157 2883 3317 2949 meis,
3361 2882 3503 2938 Deus
3536 2897 3706 2946 meus,
3752 2933 3756 2936 ι

2135 2982 2359 3052 Suscipe
2388 2995 2474 3037 me
2521 2980 2818 3036 secundum
2851 2977 3125 3049 eloquium
3152 2985 3321 3033 tuum.
3366 2976 3448 3032 Ab
3488 2975 3707 3041 occultis

2136 3075 2272 3130 meis
2298 3072 2496 3128 munda
2520 3086 2626 3137 me,
2656 3071 2899 3127 Domine.
2938 3069 3166 3138 Propter
3190 3081 3385 3123 nomen
3414 3075 3583 3130 tuum,
3599 3063 3704 3120 -Do.

2136 3166 2304 3233 mine,
2341 3162 2720 3236 propitiaberis
2757 3167 2977 3232 peccato
3005 3171 3143 3214 meo.
3172 3155 3433 3225 Quoniam
3462 3155 3707 3224 iniquita-

2136 3265 2246 3313 tem
2270 3271 2370 3326 ego
2390 3270 2641 3326 agnosco.
2668 3251 2930 3319 Delicium
2956 3264 3133 3306 meum
3172 3248 3445 3318 cognitum
3472 3244 3707 3319 [Suppl.,

2135 3346 2230 3401 tibi
2261 3344 2407 3417 feci].
2456 3341 2686 3413 Adjutor
2730 3331 2882 3396 meus
2910 3347 3049 3404 esto,
3096 3353 3165 3394 ne
3213 3336 3556 3406 derelinquas
3598 3349 3706 3392 me.

2133 3434 2395 3502 Quoniam
2421 3443 2477 3488 tn
2515 3448 2576 3489 es
2601 3431 2861 3503 patientia
2898 3445 3037 3487 mea.
3079 3426 3309 3498 Adjutor
3348 3440 3498 3483 meus
3541 3434 3598 3481 tu
3625 3441 3706 3483 es.

2092 3566 2098 3573 ο
2136 3527 2220 3583 Sit
2246 3539 2439 3582 nomen
2468 3523 2682 3579 Domini
2711 3520 3072 3578 benedictum.

2374 3637 2506 3713 [Al.,
2536 3633 2804 3707 Sequitur]
2834 3631 3103 3702 Confessio
3124 3638 3477 3702 peccatorum.

2206 3750 2347 3814 Tibi,
2375 3749 2600 3804 Domine
2639 3746 2802 3809 Deus,
2840 3742 3101 3799 confiteor
3151 3739 3382 3795 crimina
3411 3746 3465 3792 et
3493 3734 3706 3793 delicta.

2135 3840 2213 3896 Tu
2263 3845 2497 3909 propter,
2525 3834 2845 3890 inell‘abilem
2891 3833 3146 3903 pietatem
3189 3839 3246 3885 et
3291 3828 3706 3884 misericordiam

2135 3935 2281 3981 tuam
2321 3924 2533 3999 suscipe
2575 3938 2757 3993 quaeso
2797 3919 3193 3977 confessionem
3223 3932 3432 3973 meam:
3463 3915 3570 3972 imo
3598 3916 3712 3989 ipse

2135 4016 2352 4087 largire,
2380 4022 2439 4069 ιιι
2464 4022 2577 4071 toto
2608 4012 2769 4069 corde
2816 4010 3096 4068 confitear.
3145 4009 3225 4065 'l‘u
3269 4007 3433 4073 enim,
3481 4006 3715 4064 clemen-

2134 4106 2342 4163 tissime
2369 4104 2613 4167 Domine,
2661 4103 2914 4175 dignatus
2937 4116 2996 4158 es
3038 4100 3257 4158 dicere:
3313 4096 3453 4177 Nolo
3496 4108 3708 4153 mortem

2134 4188 2441 4266 percntari},
2471 4194 2562 4248 sed
2582 4202 2638 4247 ut
2661 4200 2992 4246 convertatur
3009 4200 3059 4245 ct
3091 4191 3227 4245 rieat
3250 4188 3490 4259 (Ezech.,
3518 4202 3707 4266 taxus,

2138 4260 2246 4358 ιι).
2289 4285 2460 4348 (inim,
2489 4283 2771 4339 ebrietatis
2808 4291 2865 4336 et
2890 4279 3123 4351 crapula:
3169 4278 3319 4334 vitiis
3366 4260 3553 4333 infelix
3593 4260 3706 4333 sine

2136 4376 2534 4433 intermissione
2556 4373 2824 4438 deservio,
2854 4387 2919 4428 ac
2947 4381 3163 4444 propter
3188 4372 3291 4426 hoc
3314 4377 3569 4441 gravatur
3594 4370 3711 4425 ani-

465 4461 632 4518 deriis
662 4470 994 4532 exemptum,
1038 4462 1266 4533 diruptis
1305 4460 1550 4527 vinculis,
1581 4454 1775 4531 quibus
1815 4464 2035 4518 tenebar
2064 4463 2111 4522 υ
2137 4483 2225 4523 ma
2269 4482 2410 4530 mea,
2454 4474 2511 4520 et
2552 4479 2750 4535 corpus
2787 4478 3004 4519 meum:
3041 4463 3182 4518 unde
3222 4459 3611 4518 solnniculosus
3646 4475 3708 4516 ac

466 4553 746 4618 astrictus,
768 4553 1063 4622 perducere
1088 4555 1337 4625 dignatus
1360 4568 1419 4609 es
1442 4554 1511 4610 ad
1546 4555 1823 4611 servitium
1855 4565 2025 4611 tuum.

468 4641 588 4699 Tibi
613 4656 716 4714 ago
741 4639 949 4706 laudes,
971 4650 1027 4696 et
1049 4639 1273 4715 gratias,
1290 4642 1382 4711 qui
1409 4657 1495 4697 me
1520 4644 1752 4713 eripiens
1775 4661 1805 4699 a
1826 4645 2031 4715 jurgio—
2057 4682 2063 4687 .

466 4750 588 4791 rum
628 4731 897 4807 procellis,
953 4732 1049 4788 des
1088 4731 1218 4797 mihi
1253 4747 1532 4787 servomm
1577 4741 1788 4805 tuorum
1826 4735 2030 4804 perfrui

464 4826 750 4891 charitate,
778 4824 877 4898 qui
898 4823 1026 4880 mihi
1064 4822 1289 4879 salutem
1310 4822 1568 4894 corporis,
1600 4832 1655 4878 et
1680 4824 1841 4879 animi
1870 4825 2029 4898 largi-

466 4915 544 4973 ris
568 4918 827 4987 quietem.
853 4915 973 4972 Tibi
998 4914 1201 4981 laudes,
1227 4914 1343 4976 tibi.
1388 4913 1633 4980 Domine,
1676 4915 1904 4971 decanto
1929 4916 2027 4971 ho—

379 5047 383 5051 .
465 5019 651 5062 norem
676 5016 734 5069 et
755 5006 1003 5077 gloriam,
1028 5006 1121 5078 qui
1148 5003 1385 5076 quotidie
1412 5018 1500 5061 me
1534 5012 1591 5059 et
1616 5003 1733 5059 sine
1760 5004 2032 5062 intermis-

431 5160 437 5166 ,
465 5092 617 5150 sione
650 5091 1067 5172 miliaque-atem,
1091 5107 1148 5154 et
1171 5111 1261 5152 tua
1299 5103 1559 5167 precepts
1594 5094 2029 5166 postponentem,

464 5189 615 5240 tanta
643 5181 819 5239 adhuc
856 5185 1116 5255 patientia
1157 5186 1397 5257 quotidie
1443 5184 1554 5260 [ad]
1602 5185 2029 5244 emendationem

463 5281 766 5347 exspectas.
792 5271 1005 5342 Quaaso,
1028 5274 1417 5346 Domine.Deus
1439 5290 1616 5341 meus,
1657 5276 1750 5346 qui
1775 5277 1907 5333 mihi
1935 5295 2028 5334 us-

464 5375 574 5432 que
596 5362 666 5417 ad
698 5367 1017 5432 prasentem
1058 5363 1247 5420 horam
1295 5373 1436 5421 tuam
1472 5350 1895 5422 misericordiam
1929 5366 2031 5422 im-

464 5449 700 5524 pendere
717 5450 970 5522 dignatus
996 5466 1075 5516 es,
1095 5452 1296 5523 perfice
1320 5469 1455 5525 opus
1478 5454 1859 5525 misericordia:
1888 5464 2024 5521 tuas;

464 5539 635 5599 libera
657 5556 746 5597 me
771 5556 804 5595 a
829 5540 979 5597 malis
1004 5542 1272 5610 omnibus,
1301 5560 1421 5616 qua:
1444 5554 1693 5615 premunt
1727 5560 1829 5610 me,
1868 5547 2025 5603 sicuti

469 5631 718 5703 cupisti;
755 5630 899 5685 salva
936 5647 1021 5688 mc
1056 5648 1222 5704 usque
1248 5636 1303 5691 in
1331 5638 1490 5692 tinent
1517 5652 1615 5707 per
1648 5636 1826 5692 Jcsum
1871 5636 2026 5694 Chri-

138 6170 327 6195 a-I'F
342 6170 527 6193 Η-.-
572 6186 587 6191 -

2137 4569 2375 4631 torpens,
2422 4560 2571 4615 tarde
2621 4559 2689 4613 ad
2728 4558 3003 4613 orationes
3050 4565 3109 4610 ct
3150 4555 3325 4611 cilicia
3368 4570 3612 4619 accurro,
3656 4562 3708 4608 et

2136 4666 2351 4721 semper
2368 4651 2635 4706 alienatus
2649 4658 2705 4703 et
2721 4648 2996 4719 negligens
3011 4647 3223 4702 assis-to.
3246 4646 3708 4702 Fornicationibus

2135 4750 2191 4795 et
2211 4741 2444 4795 libidinis
2470 4737 2805 4794 stercoribus
2828 4736 3164 4806 putrefactus
3191 4753 3333 4802 sum,
3363 4744 3417 4791 et
3453 4737 3595 4791 intus
3615 4751 3696 4790 ex-

2137 4830 2410 4898 teriusque
2436 4835 2580 4882 totus
2604 4826 2932 4897 inquinatus.
2984 4824 3251 4881 Pollutum
3289 4832 3373 4880 est
3414 4839 3479 4880 os
3505 4837 3703 4885 meum.

2132 4927 2190 4974 et
2214 4917 2358 4973 labia
2382 4931 2521 4982 mea,
2545 4915 2687 4972 oculi
2714 4914 2837 4977 mei,
2863 4924 2918 4969 et
2955 4931 3115 4971 aures
3143 4903 3297 4977 meae,
3325 4920 3513 4983 gustus
3533 4927 3702 4977 meus,

2134 5008 2338 5078 pariter
2360 5006 2612 5063 odoratus
2648 5013 2704 5062 et
2742 5014 2939 5070 tactus,
2964 5016 3023 5061 et
3050 5017 3217 5075 usque
3242 5003 3311 5058 ad
3339 5004 3477 5060 hanc
3518 5004 3703 5060 horam

2134 5096 2551 5167 cogitationibus
2577 5096 2731 5153 vanis
2767 5106 2822 5153 et
2864 5094 3227 5167 spurcissimis
3265 5094 3572 5151 sordidatur
3607 5110 3703 5151 cor

2135 5202 2333 5242 meum.
2384 5185 2628 5242 Tristitia
2670 5187 2945 5243 demersus
2990 5201 3129 5250 sum,
3169 5185 3356 5242 acedia
3393 5184 3699 5248 dissiilutus,

2134 5276 2229 5331 irae
2256 5275 2462 5333 facibus
2490 5274 2848 5332 inﬂammatus
2889 5290 3008 5332 sum
3032 5316 3049 5342 ,
3093 5275 3416 5349 cupiditatis
3436 5276 3556 5347 igne
3582 5289 3705 5346 per-

2137 5373 2313 5431 ustus,
2352 5366 2567 5422 invidia:
2606 5367 2827 5422 venenis
2853 5364 3084 5423 infectus
3109 5380 3252 5430 sum,
3303 5362 3541 5419 fraterno
3580 5363 3704 5418 odio

2132 5454 2416 5520 tosicatus,
2446 5456 2777 5513 detractione
2819 5456 3107 5513 convulsus
3145 5469 3286 5525 sum,
3314 5453 3461 5513 omni
3500 5451 3700 5508 malitia

2129 5544 2446 5609 tabefactus,
2472 5545 2737 5617 oblivione
2757 5557 2815 5603 et
2835 5547 3037 5603 desidia
3068 5546 3347 5601 hebetatus
3375 5559 3493 5599 sum
3520 5561 3535 5608 ;
3562 5543 3699 5599 frau-

2130 5634 2196 5692 de
2239 5645 2293 5691 et
2336 5636 2602 5709 hypocrisi
2650 5639 2893 5705 obnttus,
2944 5636 3230 5708 fragilitate
3272 5643 3326 5692 et
3376 5618 3696 5711 negligentia
