4246 6186
602 297 695 349 ιη

604 496 810 552 eulatus
857 515 995 564 sum,
1035 517 1186 555 van-.e
1226 504 1405 572 gloria:
1447 504 1663 560 levitate
1707 505 1966 573 turgidus.
2017 504 2171 571 Srepe

600 590 858 659 majorum
884 595 1033 664 jussa
1079 601 1397 666 contempsi.
1445 601 1598 669 Saepe
1639 601 1902 654 rcbellans
1947 609 2000 652 et
2031 615 2171 652 inur—

598 696 816 740 murans
844 688 1045 741 exstiti.
1073 689 1223 758 Sa‘pe
1243 691 1404 744 corde
1436 693 1636 746 tumido
1663 692 2038 746 excusationes
2080 691 2172 744 fal-

598 786 686 823 sas
707 775 892 842 objeci.
921 777 1146 832 Promisi
1168 778 1232 832 de
1253 781 1335 833 his
1358 790 1411 833 ct
1429 781 1792 855 lllljllSt‘ClllUtli
1817 781 1969 833 malis
1991 796 2170 833 cmen-

595 863 883 929 dationem,
913 877 967 920 et
994 865 1205 937 selnper
1234 870 1284 923 in
1317 871 1524 926 eisdem
1548 872 1774 926 relabor.
1802 871 2025 939 Propter
2057 871 2166 923 lucc

562 945 566 949 ’
594 955 813 1009 delenda
839 958 1138 1012 camoliimn
1166 963 1312 1030 petii,
1346 963 1439 1017 sed
1469 978 1681 1032 semper
1721 963 1771 1016 in
1813 963 2051 1015 deterius
2079 979 2160 1015 eo.

595 1042 858 1113 l‘rrecepta
885 1055 971 1100 tua
999 1051 1116 1102 sine
1144 1051 1544 1126 intermissione
1581 1060 1885 1106 contemno.
1928 1050 2164 1104 Promis-

593 1135 774 1190 siones
821 1153 989 1204 meas,
1029 1141 1222 1207 quibus
1263 1158 1349 1195 me
1390 1150 1631 1196 sanetam
1681 1141 1916 1211 regulam
1960 1148 2165 1194 seruta-

593 1233 767 1278 turum
796 1224 928 1295 [ΑΙ.,
973 1230 1637 1300 servaturum]spopondi,
1673 1229 1958 1284 metuentis
1987 1229 2164 1298 singu-

592 1312 655 1366 lis
683 1315 839 1369 violo.
889 1315 1112 1386 Semper
1140 1318 1323 1373 infelix
1350 1321 1416 1374 ad
1454 1322 1824 1384 scurrilitates,
1871 1321 1935 1372 ad
1967 1307 2169 1373 vanilo¥

587 1403 731 1470 quia,
761 1403 828 1458 ad
855 1406 1180 1462 otiositatcm
1225 1408 1438 1463 festino.
1493 1410 1604 1464 lleu
1636 1411 1757 1464 tne!
1808 1419 2021 1477 quanta:
2059 1411 2159 1462 im-

589 1495 832 1561 pietatcs,
862 1509 1076 1566 quantze
1104 1500 1464 1569 blasphemiae,
1507 1512 1720 1571 quanta:
1749 1503 1974 1556 (“\‘CI‘SLC
2017 1509 2162 1555 tcne-

589 1584 698 1637 brze
727 1585 964 1641 lacerant
1009 1595 1243 1643 mentem
1293 1593 1506 1644 meam!
1555 1592 1684 1656 Qua:
1730 1592 2000 1654 universa,
2053 1590 2158 1644 nisi

589 1672 842 1728 inctl'abili
885 1675 1137 1732 bonitatis
1169 1687 1270 1732 tua:
1299 1680 1666 1734 misericordia
1713 1681 1937 1749 repellas
1981 1696 2042 1733 ac
2069 1681 2158 1734 de-

582 1768 694 1818 leas
721 1781 734 1829 ;
765 1776 970 1820 mortua
997 1778 1080 1822 est
1117 1769 1170 1822 in
1200 1772 1436 1839 peccatis
1459 1773 1635 1826 anima
1665 1788 1803 1825 mea.
1835 1772 1990 1825 Plura
2031 1780 2156 1825 sunt

587 1854 721 1907 nuda
762 1872 897 1921 mea,
934 1859 984 1910 in
1025 1861 1216 1928 quibus
1255 1877 1350 1930 per
1391 1863 1744 1930 ignorantiam
1789 1864 1969 1932 lapsus
1999 1878 2148 1917 sum;

585 1942 752 2010 plura,
783 1948 1116 2014 quzeanimo
1162 1966 1283 2004 meo
1321 1953 1653 2006 exciderunt.
1703 1953 1984 2006 lnnumera
2028 1963 2156 2007 sunt

583 2035 801 2089 oinuino
829 2037 986 2101 mala,
1025 2053 1143 2106 qua:
1171 2040 1333 2095 miser
1370 2043 1637 2106 commisi,
1670 2052 1726 2096 et
1761 2051 1960 2111 quanta
2001 2058 2154 2096 enar-

586 2140 701 2178 rare
731 2136 836 2180 uon
865 2127 1104 2182 sullicio:
1136 2146 1233 2198 pro
1260 2132 1454 2200 quibus
1497 2134 1746 2187 omnibus
1772 2133 1902 2187 mihi
1946 2134 2152 2202 perdito

587 2226 844 2274 Iormenta
873 2223 1093 2291 pariter,
1124 2233 1188 2277 et“
1215 2242 1444 2289 vermes,
1474 2234 1528 2279 et
1575 2227 1709 2296 ignis
1753 2235 1972 2294 paratur
2006 2235 2154 2279 aeter-

585 2325 701 2362 nus.
725 2307 1006 2378 Succurre,
1035 2313 1258 2368 Domine
1279 2314 1405 2370 Jesu
1432 2315 1662 2380 Christe,
1695 2317 1823 2369 mihi
1849 2316 2151 2369 miserrimo

580 2407 634 2450 et
660 2402 869 2468 captivo
893 2412 985 2466 ;et
1014 2422 1079 2457 ne
1106 2421 1190 2459 me.
1220 2407 1397 2475 perire
1434 2408 1677 2476 patiaris,
1705 2425 1862 2478 quem
1903 2410 2150 2477 dignatus

580 2505 639 2542 es
668 2490 931 2547 redimere
971 2495 1207 2562 pretioso
1253 2499 1514 2567 sanguine
1561 2508 1666 2552 tuo.
1721 2499 1796 2553 Ne
1844 2501 2035 2568 perdas
2065 2514 2150 2552 me

581 2594 700 2634 cum
727 2584 960 2649 peccatis
987 2587 1140 2650 meis,
1174 2603 1346 2656 neque
1375 2589 1427 2640 in
1453 2599 1712 2643 aeternum
1742 2605 1986 2642 reserves
2010 2589 2147 2642 mala

583 2683 718 2723 mea.
749 2668 824 2724 Ne
861 2671 1108 2740 projieias
1149 2690 1286 2728 mea
1319 2676 1452 2730 facie
1485 2685 1592 2737 tua,
1643 2694 1711 2731 ne
1748 2678 2010 2745 despicias
2039 2693 2144 2738 me,

581 2775 752 2828 neque
780 2761 1075 2818 confundas
1106 2780 1191 2819 me
1219 2777 1530 2834 peccantem
1573 2768 1623 2820 in
1671 2774 1739 2820 te.
1786 2766 2148 2819 lleminiscere

585 2851 984 2906 miserationum
1018 2862 1246 2908 tuarum.
1281 2855 1380 2922 Qui
1422 2856 1556 2910 facis
1585 2872 1772 2926 magna
1803 2865 1857 2909 et
1885 2856 2170 2911 mirabilia.

579 2942 778 3008 absque
800 2958 1044 3006 numero,
1086 2961 1239 2997 serva
1264 2962 1348 2999 me
1386 2947 1617 3015 gratuito
1658 2962 1877 2999 innuero
1907 2956 2014 2999 tuo.
2045 2946 2144 3012 Qui

581 3045 684 3081 non
709 3031 958 3098 sprevisti,
982 3032 1341 3101 publicanum,
1377 3051 1443 3088 ne
1468 3049 1690 3103 spernas
1722 3049 1823 3087 me.
1855 3036 1953 3100 Qui
1983 3036 2144 3089 latro-

1443 300 1499 355 Β.
1543 303 1600 356 F.
1628 302 1849 356 .\LBlNl
1891 301 2018 357 SEU
2061 302 2331 360 ALCUlNl
2371 307 2648 364 OPERUM
2687 307 2861 367 PARS
2898 308 2985 363 IV.

577 437 580 440 -
606 411 903 477 languidus,
935 413 1201 481 pcrjuriis,
1235 415 1485 478 falsitate,
1516 425 1570 469 et
1612 416 1902 470 memlaeiis
1929 413 2035 484 25
2062 429 2172 467 ma-
2204 420 2244 476 A

3725 306 3828 360 472

3017 397 3118 477 1v.

2295 531 2317 557 ι·
2346 513 2744 590 Supplicatio
2775 531 2900 590 pro
2935 512 3142 588 gratia
3173 512 3433 590 virtutes
3459 529 3658 590 omnes
3693 531 3829 574 con-

2389 587 2675 668 sequendi
2707 598 2760 649 et
2775 587 2953 649 ὐὶιίᾰ
2983 589 3303 648 contraria
3331 587 3704 652 emendandi.

2340 707 2626 760 l‘ollicetur
2651 707 2804 762 nobis
2829 705 3060 771 Veritas,
3101 722 3220 776 qua:
3263 707 3448 776 utique
3484 708 3659 762 nescit
3685 721 3830 762 men-

2271 796 2356 848 tiri
2382 815 2394 848 :
2428 793 2662 861 Pulsate,
2690 807 2737 850 et
2776 798 3036 866 aperietur
3059 797 3196 850 vobis
3234 795 3450 866 (Matth.
3480 812 3576 860 vn,
3607 795 3680 867 7).
3711 796 3830 850 Pul-

2266 900 2446 940 senms
2465 902 2592 956 ergo
2606 888 2827 956 januam
2850 887 3196 955 psalmorum,
3217 895 3276 940 ut
3299 887 3503 955 aperiat
3539 889 3716 951 nobis,
3737 889 3828 957 qui

2268 975 2321 1028 in
2351 977 2570 1043 psalmis
2597 977 2820 1030 habitat.
2851 977 2966 1046 lpsc
2990 985 3073 1030 est
3095 977 3237 1031 enim
3276 978 3494 1043 ostium,
3518 986 3567 1031 et
3601 979 3714 1048 ipse
3745 987 3831 1034 est

2263 1067 2536 1120 ostiarius.
2574 1066 2891 1121 Scrutemur
2933 1077 3192 1136 praeterea
3247 1068 3344 1122 hos
3391 1077 3595 1137 septem
3634 1072 3831 1124 dccaué

2265 1155 2451 1208 tandos
2489 1156 2673 1210 sedulo
2708 1156 2962 1224 psalmos,
2993 1163 3048 1210 et
3072 1155 3370 1210 videbimus
3407 1156 3526 1224 plus
3553 1171 3647 1211 eos
3672 1173 3830 1226 posse

2262 1246 2314 1296 in
2342 1246 2606 1310 oratione,
2627 1261 2788 1314 quam
2817 1235 3084 1300 hbmanus
3109 1242 3301 1300 sulﬁcit
3328 1259 3524 1299 sermo.
3552 1245 3610 1299 ln
3636 1245 3722 1301 his
3749 1247 3834 1321 di-g

2251 1335 2395 1388 ’vinae
2419 1334 2549 1404 legis
2578 1334 2918 1389 dulcissimus
2946 1348 3116 1398 amor,
3144 1333 3211 1386 de
3237 1334 3581 1402 perceptione
3608 1334 3829 1390 alterius

2260 1427 2381 1479 vita:
2427 1425 2681 1479 ﬁdissima
2719 1439 2861 1492 spes,
2903 1432 3088 1479 contra
3126 1423 3423 1492 spiritualia
3465 1424 3624 1490 bella,
3669 1424 3828 1478 fortia

2258 1530 2426 1579 arma,
2459 1515 2511 1568 in
2538 1503 2884 1569 tribulatione
2921 1513 3192 1583 singulare
3228 1513 3533 1582 praesidium
3562 1533 3574 1568 :
3626 1524 3829 1584 tempo-

2259 1604 2423 1659 ralem
2472 1605 2743 1669 timorem,
2791 1604 3173 1672 tristitiamque
3221 1604 3517 1674 expellunt,
3564 1605 3827 1674 spirituali

2239 1685 2586 1764 'jucunditate
2606 1704 2767 1764 atque
2788 1694 2968 1748 lwtitia
2993 1704 3200 1751 mentes
3223 1696 3527 1750 exhilarant
3551 1715 3563 1749 :
3590 1695 3823 1761 Exaudi,

2257 1785 2491 1842 Domine.
2512 1786 2771 1854 justitiam
2799 1801 2999 1857 meant;
3023 1786 3102 1838 Ad
3125 1797 3192 1852 te,
3226 1786 3467 1850 Domine,
3495 1785 3691 1852 levavi;
3721 1787 3827 1841 Do-

2257 1876 2423 1929 minus
2447 1874 2760 1928 illuminatio
2783 1892 2896 1929 mea
2913 1893 2931 1939 ;
2959 1875 3024 1929 In
3041 1886 3108 1940 te,
3136 1876 3374 1942 Domine,
3399 1878 3597 1947 speravi
3613 1894 3631 1942 ,'
3661 1877 3823 1942 Deus,

2253 1969 2304 2020 in
2328 1977 2374 2022 te
2394 1969 2609 2037 speravi,
2634 1968 2853 2023 Domine
2868 1986 2886 2033 ;
2904 1968 3132 2035 Inclina,
3151 1969 3386 2036 Domine,
3410 1987 3586 2024 aunem
3611 1981 3751 2024 tuam
3773 1971 3819 2024 ι).

2466 2106 2468 2108 τ
2498 2079 2622 2134 Post
2653 2080 2978 2158 Dominicam
3024 2081 3325 2138 Orationem
3363 2100 3537 2139 versus
3558 2097 3578 2136 :

2322 2191 2538 2248 Custodi
2563 2194 2795 2247 animam
2822 2209 3013 2262 meam,
3037 2203 3088 2250 et
3120 2197 3266 2265 eripe
3294 2211 3398 2260 me,
3427 2177 3650 2251 Domine
3674 2214 3688 2261 ;
3716 2213 3821 2252 non

2251 2288 2567 2351 confundar,
2614 2289 2869 2357 quoniam
2902 2289 3154 2344 invocavi
3208 2299 3279 2344 te.
3332 2289 3741 2345 Confundantur
3767 2301 3823 2346 et

2250 2380 2522 2442 deﬁciant,
2553 2380 2896 2435 detrahentes
2927 2382 3118 2434 anima:
3158 2396 3323 2434 mea):
3357 2382 3666 2450 aperiantur
3700 2399 3821 2436 con-

2252 2475 2459 2527 fusione
2486 2482 2541 2526 et
2575 2473 2793 2541 pudore,
2817 2473 2908 2541 qui
2935 2481 3181 2540 quarrunt
3218 2473 3355 2529 mala
3383 2473 3532 2527 mihi.
3558 2474 3816 2544 Exsurge,

2249 2563 2490 2627 Domine,
2524 2565 2753 2632 przcveni
2777 2579 2890 2626 eos,
2921 2563 3028 2633 26
3048 2571 3100 2617 et
3122 2565 3371 2618 subverte
3393 2581 3506 2630 eos,
3536 2567 3680 2633 eripe
3709 2566 3820 2619 ani-

2250 2670 2388 2706 mam
2415 2669 2586 2705 meam
2605 2653 2673 2706 ab
2702 2652 2883 2720 impio,
2909 2652 3164 2706 frameam
3195 2653 3532 2705 inimicorum
3561 2654 3627 2707 de
3655 2667 3816 2706 manu

2251 2755 2358 2797 tua.
2385 2746 2524 2798 Deus
2549 2761 2719 2806 meus,
2743 2745 2888 2813 eripe
2914 2759 2998 2797 me
3027 2744 3092 2798 de
3124 2758 3283 2796 manu
3322 2743 3640 2811 peccatoris,
3673 2743 3817 2798 etde

2250 2850 2408 2887 manu
2435 2843 2620 2887 contra
2647 2834 2813 2903 legem
2841 2834 3046 2903 agentis
3076 2841 3130 2886 et
3151 2832 3337 2901 iniqui.
3370 2833 3588 2886 Intende
3627 2833 3817 2886 anima:

2249 2908 2398 2988 m‘eze,
2428 2933 2477 2978 et
2503 2925 2666 2976 libera
2689 2939 2830 2987 eam,
2860 2932 3078 2993 propter
3099 2924 3341 2977 inimicos
3363 2940 3511 2978 meos
3539 2924 3686 2993 eripe
3708 2940 3810 2976 me.

2248 3014 2376 3067 Esto
2408 3014 2535 3067 mihi
2567 3015 2618 3066 in
2647 3012 2812 3066 Deum
2842 3021 3222 3082 protectorem,
3250 3021 3304 3066 et
3338 3013 3391 3065 in
3433 3013 3606 3066 locum
3647 3011 3815 3065 muni-

717 3081 754 3098 el
779 3081 791 3082 ,
811 3081 823 3083 ἡ
982 3081 1341 3101 ,νῇ----μηηηἾ
1378 3081 1442 3088 __-
1468 3081 1489 3088 η
1518 3081 1689 3087 .-___--_
1724 3081 1823 3087 η---
1861 3081 1953 3100 κ--.
2843 3081 2852 3082 κ

580 3121 630 3174 ni
661 3139 714 3173 in
740 3137 898 3180 erucc
935 3125 1108 3193 posito
1137 3125 1452 3189 subvenisti,
1484 3081 1705 3179 slubvcni
1733 3126 1880 3180 mihi.
1908 3126 2006 3192 Qui
2033 3144 2144 3180 mu—
2166 3081 2218 3148 Ο
2249 3114 2376 3167 ί¹¹¹¹¹ν
2417 3115 2474 3158 ιη
2511 3105 2714 3158 salvum
2746 3119 2838 3193 me
2871 3103 3053 3193 ίδφίθε·
3090 3103 3312 3193 Εδίωδίν
3344 3103 3588 3193 θθηῄηίλ
3622 3118 3812 3157 Vocem

578 3213 694 3267 licri
723 3216 1006 3282 peccatrici
1059 3217 1201 3274 ﬁeuli
1248 3220 1314 3273 ad
1366 3219 1589 3289 vestigia
1635 3229 1721 3273 tua
1771 3220 2019 3274 misertus
2063 3236 2140 3285 es,

580 3305 832 3360 miserere
859 3308 982 3360 mei.
1015 3308 1111 3362 Cui
1137 3319 1220 3364 est
1247 3327 1366 3365 cum
1399 3309 1507 3365 Deo
1535 3310 1690 3364 Patre
1719 3319 1773 3365 et
1800 3319 1989 3364 sancto
2028 3310 2144 3380 Spi—

580 3395 682 3449 ritu
721 3395 774 3451 in
814 3395 1019 3452 Deitatc
1045 3400 1342 3454 substantia
1383 3401 1565 3471 {Forte
1603 3403 1760 3466 deest,
1804 3403 1931 3473 una]
1959 3419 2141 3472 :cquus

579 3486 767 3550 honor,
797 3495 849 3541 et
871 3503 966 3555 par
984 3488 1146 3558 gloria
1179 3491 1232 3544 in
1263 3491 1453 3545 siccula
1481 3493 1812 3546 smculorum.
1843 3494 2030 3548 Amen.

797 3621 913 3674 Atia
943 3623 1110 3676 oratio
1139 3623 1202 3677 de
1240 3623 1558 3692 confessione
1586 3636 1929 3694 peccatorum.

645 3756 994 3826 Omnipotens
1032 3767 1087 3812 ct
1135 3759 1442 3814 misericors
1491 3759 1650 3823 Deus,
1698 3760 1844 3814 solus
1883 3761 2143 3813 essentia-

577 3848 698 3902 liter
725 3850 912 3914 bonus,
936 3850 1063 3901 velit
1103 3850 1252 3914 nolit,
1282 3851 1524 3920 cogitatio
1555 3852 1777 3904 hominis
1817 3851 2144 3919 conﬁtebitur

575 3938 667 3991 tibi
697 3935 867 4009 (l’sal.
920 3955 1078 4000 Lxxv,
1130 3938 1234 4008 ll).
1279 3937 1384 3992 Sed
1413 3948 1468 3992 et
1503 3955 1603 4008 ego
1630 3940 1932 3994 voluntarie
1970 3941 2138 3994 conﬁ-

577 4036 695 4080 teor
717 4041 800 4079 me
841 4040 1112 4094 peccasse,
1145 4034 1198 4080 et
1235 4026 1395 4093 impie
1422 4027 1595 4094 egisse
1633 4027 1686 4078 in
1734 4037 2024 4095 conspectu
2053 4038 2142 4083 tuo

575 4116 722 4186 iuxta
744 4131 931 4171 omnes
960 4116 1407 4181 abominationes,
1430 4132 1564 4185 quas
1588 4117 1800 4186 iniquus
1821 4118 1996 4172 facere
2019 4108 2145 4173 con;

574 4209 781 4274 suevit;
810 4208 910 4264 sed
941 4207 1318 4264 misericordiae
1346 4214 1447 4262 tua:
1486 4209 1854 4278 magnitudine
1891 4218 2140 4279 peceato-

577 4315 693 4352 rum
723 4313 965 4354 meorum
1007 4299 1241 4354 vincitur
1284 4297 1612 4373 magnitudo.
1663 4299 1830 4370 Major
1873 4308 1957 4354 est
1997 4301 2140 4355 enim

576 4387 944 4443 misericordia
966 4396 1054 4441 tua
1085 4389 1249 4442 totius
1276 4388 1458 4442 mundi
1506 4391 1762 4456 peccatis,
1789 4396 1844 4442 et
1885 4386 2006 4443 ideo
2035 4405 2142 4442 ma-
2171 4419 2217 4476 ο

577 4487 668 4532 net
687 4477 816 4531 mihi
840 4478 906 4532 de
931 4476 1254 4545 indulgentia
1284 4491 1432 4551 spes,
1453 4476 1577 4543 quia
1607 4485 1786 4530 manet
1824 4477 1954 4530 mihi
1975 4479 2146 4531 omni-

577 4570 676 4623 bus
721 4566 865 4639 [Vox
887 4566 1134 4622 omnibus
1161 4564 1437 4636 redundat]
1485 4564 1552 4619 de
1580 4565 1945 4619 misericordia
1991 4569 2146 4620 certi-

578 4657 720 4712 tudo.
755 4657 965 4712 Ablutis
992 4673 1119 4727 ergo
1158 4656 1404 4712 sordibus
1447 4657 1840 4726 praeteritorum
1880 4672 2139 4721 meorum,

575 4749 643 4803 (la
669 4749 797 4802 mihi
824 4756 879 4802 et
904 4747 1056 4812 velle,
1083 4756 1138 4802 et
1164 4762 1321 4816 posse
1361 4747 1700 4816 pnesentium
1731 4745 1989 4800 malormn
2020 4762 2144 4801 eau-

575 4853 666 4894 sas
689 4839 959 4902 excidere,
1004 4854 1104 4892 nec
1147 4853 1334 4892 eorum
1376 4838 1806 4908 suggestionibus
1852 4839 1905 4890 in
1937 4839 2143 4907 reliquo

577 4930 774 4983 aditum
803 4929 1076 4992 adhibere,
1121 4929 1213 4982 sed
1251 4944 1544 4998 congruum
1587 4927 1763 4981 locum
1805 4936 1860 4982 et
1887 4929 2138 4996 spatium,

575 5031 632 5075 et
654 5019 842 5090 dignos
866 5018 1196 5089 pmnitentia:
1225 5016 1427 5071 fruetus
1453 5025 1576 5085 peto
1602 5015 1732 5071 mihi
1763 5034 1867 5072 non
1889 5019 2137 5088 deneges.

577 5113 790 5166 Certum
819 5120 902 5165 est
921 5126 1040 5165 eum
1067 5107 1273 5179 [Fel-te,
1300 5116 1506 5161 certum
1535 5116 1618 5160 est
1638 5109 1803 5179 enim]
1834 5111 1887 5163 in
1914 5112 2140 5166 salutent

579 5201 877 5255 mortalium
898 5199 1146 5268 gaudium
1176 5205 1323 5250 tuum
1342 5195 1621 5264 perﬁcere,
1650 5199 1740 5266 qui
1765 5215 1870 5252 non
1898 5202 1978 5254 vis
2006 5218 2141 5255 mor-

582 5305 684 5345 tem
707 5289 1023 5359 peccatoris,
1070 5287 1163 5341 scd
1201 5295 1260 5339 ut
1284 5294 1626 5340 convertatur
1653 5296 1706 5341 et
1732 5290 1875 5342 vivat
1897 5294 2034 5360 apud
2065 5302 2138 5356 te,

577 5375 667 5451 qui
692 5381 745 5434 in
774 5381 943 5434 tribus
962 5378 1206 5448 personis
1235 5377 1370 5430 vivis
1398 5386 1452 5431 et
1473 5374 1664 5449 regnas
1695 5379 1834 5436 Deus
1856 5382 1911 5434 in
1948 5384 2144 5439 smeula

579 5471 902 5526 surculorum.
946 5471 1134 5525 Amen.

652 5614 674 5638 α
708 5601 761 5652 In
802 5603 1062 5669 prioribus
1091 5603 1411 5657 editionibus
1440 5606 1637 5659 omissa
1669 5623 1788 5660 esse
1818 5609 2027 5664 videtur
2052 5626 2138 5664 ru—

583 5671 726 5730 brica
754 5686 846 5727 seu
870 5673 1069 5739 titulus,
1097 5675 1186 5742 qui
1212 5675 1298 5728 hic
1329 5693 1356 5727 a
1385 5676 1539 5729 nobis
1562 5677 1831 5747 suppletus
1858 5687 1958 5731 cst.

2248 3210 2440 3256 meam,
2469 3209 2573 3261 qua
2618 3192 2841 3246 clamavi
2882 3191 2946 3245 ad
2989 3200 3062 3255 te,
3096 3191 3352 3245 miserere
3395 3192 3498 3246 mei
3531 3201 3586 3244 et
3621 3193 3812 3246 exattdi

2247 3301 2349 3336 me.
2377 3283 2598 3346 Exaudi,
2615 3282 2864 3344 Domine,
2890 3297 3075 3336 vocem
3097 3282 3486 3350 deprecationis
3513 3298 3664 3346 mem,
3686 3283 3813 3336 dum

2244 3391 2336 3427 oro
2359 3375 2425 3426 ad
2459 3383 2532 3437 te,
2564 3383 2616 3428 et
2649 3376 2772 3428 dum
2800 3373 2999 3426 extollo
3038 3389 3226 3428 manus
3270 3390 3417 3445 meas
3463 3375 3528 3428 ad
3560 3374 3811 3443 templum

2245 3473 2490 3520 sanetum
2516 3472 2683 3517 tuum.
2715 3464 2882 3518 lntret
2911 3465 3083 3518 oratio
3119 3479 3238 3518 mea
3269 3465 3321 3517 in
3353 3474 3771 3534 conspectu'tuo
3797 3482 3809 3518 :

2246 3557 2440 3610 inclina
2470 3571 2652 3609 aurem
2676 3563 2820 3608 tuam
2845 3555 2909 3608 ad
2941 3556 3372 3624 deprecationem
3411 3571 3606 3618 meam,
3639 3555 3816 3608 Domi-

2247 3664 2328 3699 ne.
2357 3645 2523 3698 lntret
2551 3644 2836 3712 postulatio
2873 3659 2989 3697 mea
3019 3646 3072 3697 in
3101 3655 3390 3713 conspectu
3425 3653 3533 3707 tuo,
3567 3643 3811 3705 Domine,

2245 3734 2535 3788 secundum
2563 3732 2832 3802 eloquium
2864 3742 3008 3786 tuum
3048 3735 3196 3803 eripe
3224 3751 3327 3788 me.
3375 3735 3532 3802 Eripe
3579 3749 3682 3796 me,
3715 3733 3814 3787 Do-

2246 3825 2408 3887 mine,
2439 3824 2506 3877 ab
2552 3822 2766 3876 homine
2809 3822 2986 3884 malo;
3029 3838 3058 3874 a
3105 3823 3222 3875 viro
3271 3824 3454 3891 iniquo
3492 3822 3658 3876 libera
3701 3838 3805 3876 me.

2245 3912 2404 3981 Eripe
2427 3926 2512 3965 me
2543 3911 2607 3965 de
2635 3911 2979 3980 operantibus
3003 3911 3360 3979 iniquitatem,
3385 3913 3522 3966 etde
3542 3913 3671 3976 viris
3693 3929 3813 3989 san-

2245 4009 2460 4075 guinum
2489 4005 2633 4059 salva
2663 4021 2765 4059 me.
2799 4003 3194 4059 Convertantur
3237 4005 3436 4058 ἰιιὶιηίςί
3484 4005 3587 4058 mei
3618 4011 3813 4058 retror-

2244 4110 2380 4158 sum,
2413 4095 2466 4148 in
2497 4111 2812 4164 quacunque
2855 4097 2938 4150 die
2980 4097 3297 4151 invocavero
3327 4105 3397 4160 te,
3436 4109 3560 4150 ecce
3586 4082 3809 4165 cognovi

2243 4185 2494 4255 quoniam
2519 4183 2658 4238 Deus
2695 4200 2847 4239 meus
2871 4201 2930 4238 es
2950 4195 3026 4238 tu.
3060 4186 3165 4240 Fac
3189 4201 3414 4250 mecum,
3459 4187 3700 4249 Domine,
3731 4185 3805 4251 si-

2243 4291 2404 4344 gnum
2425 4275 2481 4328 in
2504 4275 2719 4340 bonum,
2748 4284 2806 4329 ut
2827 4277 3041 4331 videant
3070 4279 3160 4347 qui
3189 4293 3273 4332 me
3316 4278 3560 4340 oderunt,
3591 4283 3646 4328 et
3675 4291 3803 4331 eon-

2245 4367 2552 4420 l‘undantur.
2583 4365 2667 4421 Sit
2710 4381 2904 4420 nomen
2946 4368 3156 4421 Domini
3206 4367 3561 4431 benedictum,
3591 4381 3657 4421 ex
3701 4366 3804 4421 hoc

2245 4471 2385 4510 nunc
2407 4463 2460 4508 et
2481 4471 2648 4522 usque
2667 4456 2720 4507 in
2746 4456 3016 4508 szeculum.

2875 4563 3182 4620 Postulatio.

2310 4677 2505 4732 Praesta
2536 4678 2688 4742 mihi,
2731 4678 2974 4744 Domine,
3002 4680 3248 4748 spiritum
3271 4722 3286 4745 ,
3317 4691 3373 4734 ut
3399 4690 3448 4735 te
3490 4689 3598 4734 tota
3627 4679 3804 4734 cordis

2242 4769 2530 4824 intentione
2553 4771 2861 4837 exquiram;
2885 4769 3073 4825 deinde
3097 4780 3156 4824 ut
3178 4772 3335 4840 digna
3358 4779 3567 4839 petam;
3598 4779 3804 4838 postre-

2243 4875 2327 4912 mo
2348 4867 2405 4912 ut
2429 4859 2737 4928 petitionum
2764 4874 3002 4913 mearum
3031 4859 3276 4915 ell‘ectum
3306 4873 3621 4926 consequar.
3658 4860 3803 4916 Exue

2242 4965 2327 5002 me
2355 4965 2382 5000 a
2407 4949 2638 5017 peccatis
2689 4949 2996 5017 przeteritis,
3026 4947 3233 5002 custodi
3272 4961 3358 4999 me
3385 4946 3451 4998 ab
3478 4947 3802 5004 imminenti-

2241 5037 2360 5099 bus,
2401 5039 2546 5090 muni
2595 5053 2679 5092 me
2723 5054 2752 5090 a
2799 5036 3010 5090 futuris.
3052 5036 3198 5088 Dona
3234 5035 3362 5089 mihi
3403 5036 3505 5090 cibi
3539 5048 3802 5110 potusque

2239 5135 2619 5194 congruentem
2651 5125 3046 5186 abstinentiam,
3083 5122 3342 5177 castitatis
3363 5123 3654 5195 cingulum,
3683 5145 3794 5183 cor-
3863 5172 3870 5173 κ

2239 5214 2320 5266 dis
2347 5213 2710 5284 labiorumque
2735 5213 3066 5275 munditiam,
3098 5211 3293 5284 largire
3315 5216 3444 5270 mihi
3466 5218 3798 5286 patientiam,

2240 5304 2712 5372 longanimitatem,
2739 5303 3139 5370 benignitatem,
3167 5309 3501 5373 modestiam,
3526 5309 3801 5376 spirituale

2240 5390 2587 5455 gaudium,et
2631 5386 2922 5458 perfectum
2966 5390 3145 5443 mundi
3192 5400 3570 5462 contemptum.
3605 5395 3799 5450 Tribue

2241 5479 2369 5532 mihi
2396 5477 2568 5551 [nulli]
2590 5477 2920 5534 occasionem
2949 5479 3180 5534 scandali
3212 5483 3468 5551 pneberc,
3494 5484 3798 5555 simplicitao

2318 5613 2342 5650 1)
2375 5611 2642 5682 Septimus
2667 5610 2898 5680 psalmus
2922 5613 3005 5668 hic
3035 5616 3199 5671 deest.
