4246 6226
545 343 639 401 ΠΤ)

537 555 659 600 sunt
679 544 850 614 sequi.
893 540 1070 612 Longe
1102 541 1187 597 fac
1220 556 1252 597 a
1277 556 1363 597 me
1384 542 1728 613 hypocrisim,
1759 543 1935 599 tribue
1960 544 2093 597 mihi

536 648 717 689 veram
735 631 1105 696 humilitatem,
1131 630 1340 701 plenam
1367 630 1775 697 confessionem,
1802 632 2093 702 perfectam

533 724 978 783 emendationem.
1004 721 1168 778 Aufer
1188 738 1219 776 a
1242 722 1422 792 lingua
1452 737 1569 777 mea
1584 722 2095 793 jurandiconsuetu-

534 817 736 883 dinem,
765 814 1159 871 mendaciorum
1187 814 1456 880 nebulam,
1482 814 1825 877 detractionis
1866 823 2091 883 pestem,

535 904 973 963 murmurationis
990 904 1296 975 ingluviem,
1320 903 1672 986 scurrilitatis
1691 920 1756 960 ac
1778 905 2091 975 stultiloquii

428 1062 443 1070 ρ
535 995 846 1055 vanitatem.
886 993 1033 1049 Pone
1063 993 1361 1049 custodiam
1379 994 1461 1049 ori
1496 1008 1639 1057 meo,
1682 1002 1738 1049 et
1757 994 1952 1049 ostium
1987 993 2094 1049 eir-

534 1085 867 1142 cumstantite
895 1083 1050 1140 labiis
1075 1084 1226 1139 meis.
1255 1083 1496 1139 Concede
1520 1085 1672 1151 mihi,
1702 1099 1900 1154 quaeso,
1927 1085 2094 1156 majo-

537 1182 656 1232 rum
679 1175 834 1232 subdi
865 1174 1121 1245 imperiis,
1142 1181 1196 1229 et
1215 1173 1381 1231 alacri
1422 1175 1584 1230 corde
1605 1175 1673 1230 ad
1709 1176 2088 1241 obedientiam,

535 1266 604 1321 ad
628 1265 1073 1335 compassionem,
1095 1267 1161 1321 ad
1178 1265 1516 1322 concordiam
1554 1264 1669 1322 sine
1695 1281 1844 1321 mora
1872 1281 2092 1322 concur-

538 1371 675 1411 rere.
691 1356 766 1410 Da
791 1355 921 1410 mihi
945 1356 1000 1409 in
1020 1355 1266 1410 omnibus
1289 1355 1683 1434 discretionem,
1707 1364 1762 1410 ut
1784 1355 1987 1425 possim
2012 1355 2086 1411 in-

537 1453 618 1498 ter
654 1445 793 1500 bona
832 1442 1078 1515 malaque
1110 1443 1432 1511 discernere,
1477 1452 1536 1498 ut
1578 1445 1745 1500 bonos
1789 1445 1991 1499 valeam
2020 1447 2088 1501 ad
2143 1498 2147 1502 .

537 1538 755 1601 meliora
781 1536 1072 1604 exhortari,
1092 1545 1147 1592 et
1168 1551 1261 1592 eos
1280 1536 1370 1606 qui
1409 1537 1631 1593 adverse
1651 1538 1983 1609 gradiuntur,
2021 1538 2089 1594 ad

538 1639 640 1683 tunc
678 1629 1012 1685 rectitudinis
1050 1629 1247 1685 lineam
1278 1644 1545 1685 revocare.
1584 1628 1770 1685 Excita
1817 1639 2087 1700 torporem

535 1739 736 1792 meum,
774 1732 831 1778 et
854 1721 1116 1777 desidiam
1141 1737 1315 1778 meam
1343 1723 1449 1779 tuis
1487 1723 1735 1788 stimulis,
1774 1731 1830 1778 et
1875 1723 1957 1778 fac
2000 1738 2085 1781 me

1386 330 1879 399 LITURGICACL—
1915 341 2001 398 DE
2032 340 2277 398 PSALM.
2318 341 2474 400 USU.
2508 373 2578 384 —
2612 340 2792 403 PARS
2828 341 2870 397 ῐ.

3638 346 3741 401 4ῗᾶ

540 470 643 513 tem
691 454 1081 525 puritatemquc
1125 451 1364 523 diligere,
1388 452 1648 508 instanter
1700 469 1902 524 eaquae
1950 454 2096 523 pacis
2123 462 2170 516 Α
2198 454 2266 506 bit
2291 453 2430 508 vobis
2474 430 2653 524 (Joan.
2686 469 2797 520 xw,
2852 453 2958 523 i5).
3011 453 3243 509 Obsecro
3270 463 3339 517 te,
3398 464 3456 509 ut
3492 456 3585 510 des
3613 458 3747 515 milii

2190 556 2314 595 eum
2341 542 2530 596 eodem
2572 540 2706 596 Filio
2734 550 2824 596 tuo
2865 551 2915 596 te
2950 541 3003 596 in
3031 543 3279 598 onmibus
3326 544 3641 602 benedicere
3686 556 3739 602 et

2190 631 2509 702 glorificare,
2535 634 2659 702 quia
2710 648 2935 702 quorum
2972 649 3074 687 una
3106 642 3189 689 est
3232 635 3547 701 substantia,
3580 645 3741 693 unum

2189 731 2246 777 et
2290 725 2491 778 datum.
2522 724 2651 799 -Des
2678 726 2836 780 etiam
2888 724 3021 780 mihi
3070 740 3169 794 per
3217 725 3364 780 illum
3408 734 3463 782 et
3487 743 3608 782 eum
3649 729 3740 783 illo

2188 821 2527 881 peccatorum
2572 814 2808 869 omnium
2830 815 3059 879 veniam,
3110 822 3165 869 et
3191 817 3564 871 mandatorum
3617 828 3708 872 tuo

2190 916 2310 956 rum
2360 904 2691 968 custodiam;
2743 899 3079 958 dilectionem
3137 912 3301 967 tuam,
3338 914 3394 960 et
3436 905 3732 961 fraternum

2189 1006 2446 1056 amorem,
2472 1001 2656 1048 contra
2686 992 2952 1047 diabolum
2981 992 3137 1048 fortia
3164 1008 3331 1061 arma,
3380 1003 3435 1050 et
3458 1009 3595 1071 erga
3627 996 3733 1051 fra-

2191 1090 2299 1135 tres
2348 1081 2670 1147 charitatem
2722 1081 3055 1151 perfectam;
3100 1085 3507 1153 temperantiam
3554 1086 3657 1141 cibi
3686 1098 3741 1143 et

2188 1179 2367 1241 potus,
2396 1179 2449 1225 et
2488 1170 2723 1226 libidinis
2742 1173 3153 1238 continentiam;
3176 1173 3413 1229 auditum
3439 1187 3661 1247 castum,
3687 1188 3742 1232 et

2188 1261 2479 1331 simplicem
2507 1262 2710 1328 visum;
2763 1262 3050 1332 puritatem
3081 1264 3278 1330 cordis,
3325 1272 3378 1320 et
3426 1267 3774 1322 munditiam-

2186 1350 2455 1419 corporis;
2500 1351 2877 1421 cogitationem
2914 1353 3203 1419 'mundam,
3256 1363 3313 1409 et
3358 1354 3466 1409 oris
3486 1364 3539 1409 et
3562 1357 3741 1413 cordis

2186 1438 2501 1503 custodiam,
2548 1449 2721 1495 utnec
2747 1454 2843 1495 cor
2883 1440 3024 1495 intus
3070 1440 3404 1511 iniquitatem
3447 1446 3733 1514 concipiat,

2187 1541 2285 1581 nec
2317 1527 2493 1596 lingua
2559 1527 2703 1583 foras
2762 1530 3059 1598 parturiat;
3116 1537 3175 1585 ut
3218 1545 3317 1589 nec
3354 1529 3483 1589 falsa
3530 1534 3737 1606 loquar,

2187 1630 2285 1671 nec
2312 1631 2435 1671 vera
2493 1625 2716 1683 taceam,
2760 1633 2857 1672 nec
2908 1619 3184 1676 salutifera
3240 1622 3581 1689 abscondam,
3638 1641 3737 1680 nec

2185 1704 2459 1759 mortifera
2502 1704 2789 1775 proferam.
2819 1704 3014 1761 Precor
3045 1722 3192 1777 ergo,
3234 1716 3291 1762 ut
3338 1710 3432 1765 des
3471 1711 3599 1765 mihi
3649 1728 3734 1766 as-

535 1823 748 1872 strenuc
792 1828 1136 1886 perseverare
1179 1813 1236 1869 in
1261 1816 1542 1884 praeceptis
1581 1822 1637 1869 ei
1676 1813 1918 1870 laudibus
1953 1814 2095 1874 ,παίει
2121 1796 2165 1856 Β
2190 1797 2491 1853 siduitatem
2525 1798 2798 1863 orationis,
2832 1797 3185 1869 frequentiam
3214 1799 3474 1865 lectionis,
3521 1811 3576 1855 ut
3604 1819 3739 1871 pne-

534 1907 682 1963 Dona
706 1907 837 1961 mihi
866 1906 1217 1978 prudentiam,
1242 1906 1519 1976 justitiam,
1560 1905 1945 1972 fortitudinem,
1976 1906 2089 1960 sive

535 1997 962 2071 temperantiam.
987 1995 1205 2066 Largire
1230 1995 1359 2050 mihi
1386 1992 1544 2050 fidem
1572 2004 1794 2062 rectam,
1823 2012 1973 2067 spem
2012 1998 2091 2052 in-

532 2101 869 2153 concussam,
890 2085 1206 2140 charitatem
1226 2086 1535 2155 perfectam.
1555 2084 1777 2142 lnfunde
1798 2087 1945 2141 cordi
1966 2101 2092 2141 meo

533 2175 778 2245 spiritum
817 2173 1091 2243 sapientiae
1118 2183 1173 2229 et
1199 2175 1519 2241 intellectus,
1548 2175 1755 2230 consilii
1792 2184 1846 2230 et
1885 2175 2094 2231 fortitu-

533 2265 694 2332 dinis,
723 2264 963 2331 scientia:
1002 2272 1057 2319 et
1085 2251 1318 2333 pictatis,
1365 2273 1524 2335 atque
1562 2265 1770 2320 timoris
1798 2265 1895 2319 tui.
1942 2264 2089 2319 Dona

532 2355 686 2420 mihi,
723 2355 967 2419 Domine,
1014 2355 1437 2425 benedictionem
1480 2357 1545 2411 de
1590 2372 1712 2412 rore
1751 2357 1894 2423 coeli,
1943 2357 2091 2414 etde

534 2446 850 2517 pinguedine
899 2455 1092 2501 terrae:
1130 2447 1209 2502 .da
1258 2448 1513 2519 irriguum
1557 2449 1824 2516 superius,
1872 2457 1928 2503 et
1970 2448 2091 2502 irri-

532 2550 692 2606 guum
732 2534 971 2590 inferius.
1003 2533 1247 2591 Concede
1276 2536 1487 2593 misera:
1526 2538 1718 2592 anima:
1758 2537 2093 2605 meae-lique-

530 2624 648 2680 ﬁeri
677 2624 798 2695 igne
820 2624 1096 2681 charitatis
1120 2632 1246 2691 tuae,
1271 2624 1355 2680 fac
1376 2640 1462 2681 me
1484 2635 1575 2681 tuo
1595 2625 1861 2685 desiderio
1882 2624 2085 2697 [Forte,

466 2712 473 2721 “
536 2715 609 2769 tui
636 2714 943 2788 desiderio],
987 2718 1188 2772 mundo
1233 2716 1468 2773 funditus
1509 2720 1795 2791 exstingui.
1845 2720 2091 2775 Concede

535 2805 665 2859 mihi
691 2822 784 2861 eor
808 2806 1015 2863 habere
1047 2808 1336 2863 contritum
1361 2817 1416 2864 et
1450 2809 1783 2864 bumiliatum
1826 2826 2009 2865 coram
2036 2818 2091 2867 te

532 2912 766 2967 semper.
815 2899 1055 2973 Largire,
1086 2916 1172 2955 me
1209 2902 1261 2955 in
1307 2911 1596 2972 conspectu
1645 2907 1736 2958 tuo
1770 2919 1866 2972 per
1912 2906 2090 2974 ignem

532 2989 959 3058 compunctionis
984 2990 1212 3046 hostiam
1251 2990 1424 3045 vivam
1463 2991 1595 3046 ﬁeri.
1629 2991 1845 3047 Summa
1889 3002 2090 3049 a-terna

532 3077 640 3143 lux,
673 3077 909 3133 illumina
936 3095 1040 3135 me.
1069 3079 1285 3136 Summa
1322 3091 1520 3139 aeterna
1559 3084 1744 3148 virtus,
1777 3084 1941 3139 libera
1979 3100 2083 3139 me.

2188 1899 2341 1960 cepta
2369 1899 2461 1946 tua
2487 1890 2887 1962 infatigabiliter
2913 1892 3101 1963 legam,
3134 1902 3189 1950 et
3213 1894 3599 1965 inexplebiliter
3621 1897 3738 1951 dili-

2188 1994 2328 2048 gam,
2357 1988 2413 2062 et
2455 1979 2740 2036 efﬁcaciter
2790 1981 3104 2051 compleam,
3143 1992 3198 2037 et
3239 1982 3494 2052 quidquid
3549 1985 3600 2039 in
3652 2001 3737 2041 me

2188 2088 2409 2142 pravum
2437 2072 2853 2141 deprehendero,
2907 2075 3205 2144 corrigam;
3261 2076 3401 2145 quod
3430 2087 3629 2131 rectmn
3656 2087 3738 2132 est

2189 2162 2418 2228 teneam,
2473 2162 2612 2232 quod
2637 2161 2873 2216 deforme
2901 2177 3233 2232 componam,
3287 2164 3427 2233 quod
3453 2161 3735 2234 pulchrum

2187 2252 2449 2318 excolam,
2481 2248 2829 2333 quod'sanum
2858 2268 3084 2318 servem,
3133 2255 3275 2324 quod
3302 2254 3571 2310 inﬁrmum
3614 2272 3732 2310 coro

2191 2341 2456 2397 rohorem.
2509 2343 2612 2398 Des
2637 2344 2854 2413 insuper
2894 2343 3023 2397 mihi
3073 2344 3347 2414 despicere
3404 2345 3731 2415 temporalia,

2188 2443 2241 2488 et
2267 2445 2463 2490 aeterna
2490 2436 2728 2507 diligere,
2757 2447 2815 2490 ut
2836 2422 3104 2491 mortuum
3135 2439 3264 2493 milii
3294 2440 3539 2508 deputem
3585 2458 3739 2495 mun-

2189 2524 2334 2577 dum.
2386 2522 2492 2578 Nec
2519 2525 2771 2594 gaudens,
2802 2539 2902 2579 nec
2927 2524 3111 2595 lugens
3130 2525 3194 2582 de
3233 2528 3627 2599 temporalibus,
3677 2537 3740 2584 ut

2190 2622 2287 2668 nec
2336 2624 2569 2670 metuam
2626 2615 2821 2685 aliquid
2864 2616 3298 2686 temporale-nec
3340 2606 3580 2686 diligam,
3631 2632 3730 2674 nec

2188 2703 2397 2759 blandis
2417 2704 2751 2775 corrumpar,
2777 2720 2875 2760 nec
2908 2706 3149 2760 adversis
3178 2707 3469 2760 concutiar.
3511 2707 3575 2760 Et
3602 2706 3728 2775 quia

2190 2792 2299 2862 ipse
2325 2800 2446 2849 tuus
2468 2796 2625 2849 unice
2653 2803 2808 2849 natus
2829 2795 2964 2850 dixit
2992 2809 3007 2849 :
3038 2792 3203 2849 Nemo
3237 2797 3371 2849 venit
3398 2795 3465 2848 ad
3507 2811 3609 2858 me,
3638 2796 3737 2848 nisi

2189 2873 2367 2945 Pater,
2400 2884 2492 2954 'qni
2528 2884 2663 2938 misit
2716 2900 2810 2949 me,
2853 2885 3069 2938 traxerit
3102 2900 3219 2938 eum
3269 2885 3449 2956 (Joan.
3502 2901 3577 2951 vi,
3623 2885 3732 2955 44).

2189 2975 2434 3041 obsecro,
2475 2960 2718 3041 Domine,
2749 2984 2803 3032 et
2839 2976 3146 3046 suppliciter
3174 2992 3331 3055 rogo,
3361 2978 3513 3031 trabe
3550 2994 3633 3031 me
3680 2985 3734 3030 tu

2190 3066 2256 3119 ad
2277 3056 2467 3134 ipSum,
2505 3074 2558 3121 et
2585 3066 2694 3136 ipse
2740 3080 2825 3120 me
2871 3067 3126 3136 perducat
3168 3067 3233 3120 ad
3275 3076 3326 3121 te
3353 3067 3493 3127 illuc,
3548 3067 3636 3120 ubi
3656 3078 3739 3121 est

534 3164 752 3223 summa
772 3176 971 3225 mtema
1000 3170 1275 3237 fortitudo,
1298 3174 1536 3229 conferta
1563 3188 1666 3229 me.
1698 3143 1914 3230 summa
1936 3182 2088 3231 ωιρμ
2114 3143 2159 3204 C
2188 3156 2508 3223 sempiterna
2532 3157 2659 3220 vita,
2712 3164 2765 3211 et
2790 3157 3114 3224 sempiterno
3137 3158 3321 3220 beata;
3354 3166 3552 3211 interna
3582 3172 3733 3211 secu—

533 3271 597 3315 na
628 3258 912 3327 sapientia,
934 3260 1137 3329 depelle
1156 3261 1402 3318 tenebras
1423 3264 1735 3335 ignorantiae
1758 3280 1906 3319 meae.
1931 3264 2088 3319 Sum-

534 3362 619 3401 ma
655 3356 852 3402 aeterna
882 3350 1271 3417 misericordia,
1318 3354 1574 3408 miserere
1613 3355 1737 3409 mei.
1780 3355 1927 3409 Dona
1955 3356 2086 3409 mihi

532 3444 647 3492 toto
670 3438 829 3492 corde
854 3453 992 3503 meo,
1023 3448 1132 3495 tota
1158 3443 1337 3495 anima
1366 3458 1506 3508 mea,
1536 3445 1662 3497 totis
1702 3444 1902 3498 viribus
1931 3446 2083 3507 meis,

531 3527 814 3596 exquirere
838 3526 1029 3584 faciem
1070 3537 1217 3584 tuam
1244 3545 1475 3600 semper.
1503 3530 1569 3585 Et
1592 3533 1789 3601 perduc
1817 3548 1902 3587 me
1934 3535 2089 3588 misc-

531 3616 699 3672 ricors
720 3617 787 3672 ad
810 3623 954 3671 tuam
975 3619 1368 3674 sanctissimam
1388 3621 1666 3676 visionem.
1687 3622 1861 3688 Adsit,
1884 3639 2084 3692 quaeso,

532 3705 663 3760 mihi
690 3705 965 3762 beatorum
1015 3707 1323 3778 angelorum
1355 3717 1563 3764 tuorum
1600 3711 1688 3780 pia
1727 3713 1994 3780 custodia,
2033 3722 2088 3769 et

531 3805 723 3865 praesta
758 3806 820 3853 ut
863 3797 1003 3868 apud
1050 3808 1104 3855 te
1150 3815 1247 3870 pro
1288 3816 1376 3857 me
1426 3801 1735 3859 felicissima
1780 3814 2089 3861 sanctorum

533 3888 743 3942 tuorum
784 3882 994 3960 agmina
1033 3880 1390 3945 intercedant.
1419 3891 1664 3948 Concede
1692 3893 1821 3947 mihi
1862 3895 2090 3964 fragilis-

531 3976 670 4032 sinto
694 3976 874 4032 dilectl
898 3979 993 4042 tui,
1022 3978 1198 4033 Patris
1217 3980 1322 4034 mei
1351 3980 1622 4035 Benedicti
1643 3981 1792 4049 sequi
1812 3988 1867 4035 et
1888 3980 2087 4035 imitari

529 4066 773 4137 vestigia,
817 4074 874 4120 ut
912 4082 1121 4123 merear
1161 4060 1417 4138 consequi
1454 4068 1871 4124 misericordiam
1917 4079 2086 4137 tuam,

530 4165 586 4211 et
608 4157 674 4233 ad
716 4155 907 4227 gaudia
935 4157 1216 4227 pervenire
1255 4158 1537 4231 promissa.
1590 4159 1693 4215 Per
1735 4158 1917 4217 Iesum
1941 4160 2091 4217 Chri-

531 4255 673 4301 stum
691 4245 883 4303 Filium
911 4254 1059 4301 tuum
1084 4246 1363 4302 Dominum
1390 4256 1657 4314 nostrum,
1698 4251 1790 4320 qui
1818 4260 1993 4306 tecum
2031 4253 2086 4307 in

531 4335 739 4392 unitate
779 4334 1009 4406 Spiritus
1052 4336 1221 4392 sancti
1266 4336 1398 4392 vivit
1421 4345 1476 4392 et
1519 4346 1706 4410 regnat
1748 4355 1845 4409 per
1879 4340 2086 4396 infinita

530 4426 742 4483 szecula.
766 4426 958 4482 Amen.

735 4536 856 4592 Alia
879 4540 1045 4595 oratio
1070 4541 1140 4595 ad
1165 4539 1377 4596 Patrem
1396 4541 1453 4597 in
1487 4542 1689 4598 nomine
1711 4540 1860 4597 Filii.

598 4628 740 4684 Deus
780 4623 1063 4682 ined‘abilis
1107 4636 1163 4682 et
1207 4629 1681 4701 incircumscriptus
1724 4640 1950 4699 natum,
2000 4634 2082 4689 in-

532 4717 753 4774 stitutor.
790 4715 1027 4773 omnium
1093 4732 1296 4783 rerum,
1352 4725 1410 4774 et
1463 4720 1671 4776 Domini
1733 4724 1903 4779 nostri
1957 4720 2085 4780 Jesu’

530 4800 733 4866 Christi
791 4807 953 4865 Pater
978 4848 995 4874 ,
1050 4808 1151 4877 qui
1193 4809 1445 4877 eumdem
1473 4806 1725 4866 dilectum
1753 4797 1966 4870 'Filium
2017 4818 2085 4872 de

531 4899 656 4955 sinu
713 4907 809 4957 tuo
864 4900 1062 4979 misisti
1114 4899 1181 4955 ad
1229 4898 1496 4970 publicum
1556 4909 1800 4957 nostrum
1831 4943 1847 4968 ,
1910 4907 2084 4960 susci-

531 4998 659 5063 pere
695 4998 937 5048 nostram
964 4978 1147 5058 vitam,
1194 4997 1255 5045 ut
1295 4990 1447 5046 nobis
1488 4990 1709 5047 donaret
1748 5008 1927 5058 suam,
1977 4978 2083 5064 27

533 5088 781 5151 essetque
800 5068 1075 5150 perfectus
1091 5080 1233 5155 Deus
1256 5096 1319 5138 ex
1345 5080 1522 5146 Patre,
1544 5090 1600 5136 et
1626 5081 1894 5151 perfectus
1923 5083 2085 5138 homo

533 5189 598 5231 ex
624 5178 814 5241 matre,
860 5176 1004 5227 totus
1038 5171 1202 5237 Deus,
1229 5180 1284 5228 et
1320 5181 1463 5228 totus
1494 5173 1681 5238 homo;
1734 5188 1871 5227 unus
1910 5173 2081 5227 idem-

535 5278 640 5337 que
691 5260 957 5324 Christus,
983 5265 1217 5315 aeternus
1246 5269 1301 5316 et
1327 5261 1648 5331 temporalis,
1685 5262 2001 5317 immortalis
2029 5271 2084 5317 et

536 5352 846 5416 moriturus,
898 5356 1111 5405 creator
1136 5358 1193 5404 et
1236 5361 1477 5419 creatus,
1531 5352 1685 5409 fortis
1714 5361 1770 5409 ct
1818 5354 2081 5417 inﬁrmus,

539 5444 772 5501 nutritor
796 5450 853 5497 et
898 5441 1152 5507 nutritus,
1205 5439 1393 5497 Pastor
1434 5452 1490 5499 et
1539 5445 1674 5510 ovis,
1727 5444 2086 5514 temporaliter

542 5542 802 5595 mortuus,
858 5537 1035 5586 tecum
1077 5530 1132 5585 in
1158 5537 1416 5585 aeternum
1442 5533 1649 5597 vivens,
1681 5533 1790 5588 suis
1817 5533 2085 5589 dilectori-

542 5624 638 5680 bus
658 5621 780 5676 vitae
797 5619 1175 5689 municipatum
1196 5619 1510 5689 promittens
1527 5623 1687 5686 dedit,
1713 5622 1897 5693 eisque
1918 5622 2081 5677 dixit:

544 5714 893 5782 Quodcunque
925 5711 1166 5780 petieritis
1217 5707 1425 5767 Patrem
1457 5712 1510 5763 in
1574 5712 1774 5766 nomine
1814 5729 1942 5775 meo,
1989 5709 2082 5762 da-

978 5888 1016 5980 1.

2188 3245 2338 3309 ritas,
2386 3253 2439 3299 et
2489 3259 2677 3300 secura
2727 3245 3124 3315 tranquillitas;
3158 3244 3282 3299 felix
3334 3246 3626 3310 ιιειοιιιίιίιδ,
3675 3255 3732 3301 et

2186 3342 2381 3388 aeterna
2409 3332 2663 3402 felicitas;
2723 3333 2813 3388 ubi
2843 3340 2927 3388 est
2952 3349 3103 3389 amor
3127 3332 3413 3404 perfectus,
3464 3342 3521 3389 et
3556 3335 3735 3392 nullus

2188 3425 2374 3492 timor;
2420 3425 2511 3480 ubi
2547 3433 2628 3480 est
2673 3423 2786 3480 dies
2805 3432 3053 3499 aeternus,
3080 3433 3134 3479 et
3168 3440 3307 3479 unus
3339 3425 3575 3479 omnium
3624 3426 3732 3495 spi-

2188 3515 2319 3569 ritus
2359 3533 2371 3566 :
2405 3515 2494 3569 ubi
2519 3524 2727 3570 tutcum
2755 3515 2862 3581 illo,
2889 3524 2944 3571 et
2966 3515 3051 3571 ille
3074 3523 3247 3571 tecum
3274 3516 3327 3569 in
3368 3515 3739 3571 communione

2188 3604 2357 3658 sancti
2386 3603 2616 3675 Spiritus
2661 3604 2988 3662 aiternaliter
3010 3621 3073 3660 ac
3101 3605 3547 3674 sempiternaliter
3585 3603 3736 3658 vivis

2188 3704 2243 3750 ct
2301 3710 2492 3767 regnas
2532 3696 2690 3752 Deus.
2733 3696 2837 3752 Per
2898 3696 3075 3753 omnia
3135 3696 3327 3751 saecula
3391 3694 3725 3751 seculorum.

2188 3786 2377 3843 Amen.

2930 3898 3001 3958 V.

2188 3998 2314 4059 Pro
2341 3999 2852 4079 contemplatione
2886 4007 2939 4060 et
2974 4017 3178 4079 timore
3206 3997 3459 4059 cmlestis
3487 4004 3731 4077 pqtriw,

2266 4095 2399 4159 qua;
2449 4077 2700 4142 nonnisi
2733 4098 2771 4139 a
2798 4077 3013 4139 mundi
3046 4079 3565 4157 contemptoribtts
3594 4099 3737 4159 pcr-

2267 4157 2527 4236 cipitur.

2257 4273 2522 4329 Admonet
2550 4288 2650 4330 nos
2687 4273 2877 4329 beatus
2919 4270 3221 4342 Apostolus,
3252 4271 3437 4328 dicens
3468 4289 3481 4326 :
3513 4270 3571 4327 Si
3605 4289 3734 4328 con-

2187 4366 2483 4421 surrea'istis
2528 4381 2645 4420 cum
2675 4364 2902 4431 Christo,
2948 4382 3065 4437 qua:
3092 4356 3299 4421 sursum
3350 4373 3468 4420 sunt
3495 4368 3735 4441 φατι-εις,

2191 4457 2276 4511 ubi
2318 4455 2554 4511 Christus
2591 4466 2665 4513 est
2693 4458 2746 4511 in
2769 4457 2981 4513 dextera
3024 4457 3120 4513 Dei
3149 4458 3327 4514 sedens
3378 4457 3598 4530 (Coloss.
3640 4470 3734 4523 ιιι,

2190 4549 2263 4620 l).
2308 4548 2373 4604 Et
2400 4550 2588 4605 iterum
2626 4567 2640 4603 :
2686 4548 2879 4604 Nostra
2930 4560 3104 4605 autem
3149 4552 3469 4605 conversatio
3491 4551 3545 4605 in
3593 4551 3733 4605 etzli‘s

2187 4646 2261 4690 est
2321 4635 2539 4707 (Philip.
2567 4652 2648 4702 ιιι,
2702 4635 2813 4705 20).
2863 4636 2920 4692 Si
2944 4643 3073 4707 ergo
3094 4646 3275 4693 nostra
3298 4636 3640 4705 conversatio
3667 4637 3721 4690 in

2187 4725 2337 4781 ctelis
2375 4733 2478 4790 est,
2512 4725 2785 4795 lugeamus
2826 4739 2928 4779 nos
2948 4725 3004 4779 in
3046 4725 3149 4780 hoc
3176 4719 3726 4797 calamitoso'itiuere,

2185 4812 2418 4883 quandiu
2441 4813 2746 4868 exsulamus
2765 4814 2819 4868 in
2847 4813 2952 4868 hoc
2991 4828 3024 4868 a
3051 4804 3246 4882 patria.
3278 4811 3738 4870 Transcendanms

2187 4901 2642 4971 contemplationis
2661 4900 2922 4970 pannulis,
2966 4911 3159 4957 cuneta
3187 4918 3307 4973 quae
3364 4913 3636 4972 cmperunt
3668 4920 3735 4958 ex

2191 5000 2450 5062 tempore,
2501 4999 2556 5046 et
2580 5006 2703 5046 eum
2749 5000 2988 5062 tempore
3039 4992 3335 5057 liniuntur;
3389 5000 3444 5048 et
3475 4992 3542 5048 ad
3592 4993 3736 5047 illam

2192 5080 2315 5136 totis
2341 5078 2621 5136 desideriis
2645 5080 2870 5150 patriam
2898 5090 3077 5138 mente
3125 5081 3426 5146 volitcmus,
3475 5085 3543 5136 ad
3572 5097 3733 5151 qnam

2191 5171 2243 5224 in
2275 5181 2511 5239 tempore
2540 5170 2799 5240 pergitur,
2825 5170 2946 5241 .sed
2985 5170 3101 5226 sine
3144 5178 3380 5239 tempore
3412 5167 3624 5223 vivitur.
3653 5167 3733 5221 Ad

2188 5259 2520 5315 accendenda
2566 5275 2693 5330 ergo
2712 5267 2893 5316 nostra
2919 5259 3205 5325 desideria,
3254 5260 3352 5315 bos
3377 5258 3614 5330 quinque
3639 5275 3730 5312 ca-

2190 5364 2377 5403 namus
2431 5350 2621 5417 spiritu
2676 5359 2728 5405 et
2762 5358 2940 5405 mente
2989 5350 3227 5419 quotidie
3280 5350 3555 5420 psalmos:
3587 5348 3731 5403 Sicut

2184 5454 2393 5501 cerrus;
2421 5438 2613 5491 Indica
2639 5455 2716 5492 me
2743 5438 2904 5503 Deus,
2944 5448 2992 5492 et
3016 5438 3281 5501 discerne;
3309 5437 3378 5491 Te
3404 5438 3545 5492 decet
3584 5438 3733 5507 Itym-

2186 5547 2281 5584 nus
2316 5529 2483 5605 Deus;
2515 5527 2684 5593 Quam
2707 5526 2956 5582 amabilia
2981 5538 3138 5593 sunt;
3170 5526 3303 5581 Voce
3332 5543 3443 5580 mea
3458 5514 3535 5580 ad
3563 5526 3735 5581 Domi-

2186 5636 2306 5675 unm
2341 5619 2576 5681 clamavi,
2618 5618 2735 5671 v‘oce
2783 5633 2897 5671 mea
2937 5618 3006 5671 ad
3032 5618 3332 5672 Dominum.
3382 5614 3447 5669 lli
3488 5616 3650 5671 etiam
3680 5617 3734 5673 in

2187 5707 2523 5764 tribulatione
2562 5714 2766 5763 mentes
2793 5706 3135 5762 consolantur
3162 5714 3217 5762 et
3236 5703 3534 5762 sublevant.
