4246 6198
529 253 635 341 ns

817 364 939 419 Post
965 363 1264 418 Orationem
1289 365 1610 420 Dominicam
1636 381 1826 419 versus.

596 475 673 530 Te
698 477 850 528 decet
873 475 1128 545 .hymnus
1157 473 1298 526 Deus
1353 474 1404 526 in
1435 471 1586 535 Sion,
1640 480 1693 526 et
1718 473 1814 526 tibi
1840 472 2095 526 reddetur

523 573 708 620 votum
736 565 789 619 in
848 561 1162 616 Jerusalem.
1191 561 1302 615 Illic
1329 562 1472 616 enim
1497 561 1856 614 ascenleruut
1903 560 2091 621 tribus,

527 658 696 710 tribus
742 654 973 719 Domini,
1004 654 1370 708 testimonium
1400 651 1584 715 Israel,
1635 651 1700 703 ad
1730 650 2090 704 conﬁtendum

526 749 728 801 nomini
777 755 884 800 tuo.
933 745 1181 806 Domine,
1211 742 1748 798 exaudi'orationem
1798 755 1996 804 meam,
2025 742 2092 794 ad

476 843 478 845 ’
526 848 579 890 te
615 838 791 890 omnis
820 836 991 889 oratio
1039 835 1238 888 veniat.
1278 833 1476 888 Beatus
1503 847 1663 904 quem
1695 831 1900 902 elegisti
1926 841 1979 885 et
2006 846 2092 883 as-

523 927 817 998 sumpsisti,
858 924 1182 980 inhabitabit
1209 925 1261 978 in
1287 923 1440 977 atriis
1467 923 1592 977 tuis.
1645 922 1759 975 Heu
1787 923 1901 976 me!
1948 921 2092 990 quod

525 1017 786 1075 iucolatus
833 1015 1364 1086 meus’prolongatus
1416 1023 1522 1079 est,
1573 1013 1808 1068 liabitavi
1855 1029 1972 1068 cum
2002 1015 2091 1066 lia-

522 1110 815 1166 l.itantibus
863 1109 1058 1172 Cedar,
1107 1108 1330 1162 multum
1363 1107 1536 1162 incola
1584 1093 1696 1160 fuit.
1737 1107 1915 1160 anima
1945 1121 2082 1159 mea.
2131 1147 2138 1153 .

518 1197 745 1270 ‘Ncgavit
769 1199 1034 1255 consolari
1083 1200 1262 1252 anima
1303 1213 1442 1270 mea,
1496 1194 1704 1251 memor
1755 1196 1826 1250 lui
1867 1195 1985 1259 Dei,
2033 1203 2089 1249 et

523 1269 820 1345 delectatus
865 1305 1004 1344 sum.
1066 1289 1270 1344 Deiecit
1298 1269 1391 1342 cor
1428 1302 1627 1352 meum,
1680 1294 1736 1340 et
1763 1301 1891 1340 caro
1919 1300 2038 1341 mea
2070 1303 2081 1338 :

521 1381 661 1435 Deus
688 1381 864 1434 cordis
891 1381 1015 1444 mei,
1043 1387 1099 1434 et
1123 1395 1248 1450 pars
1277 1393 1396 1433 mea
1433 1377 1573 1431 Deus
1611 1376 1896 1431 iusaecnla.
1948 1374 2086 1441 Quid

517 1474 661 1526 enim
701 1471 829 1525 mihi
852 1478 1022 1530 restat
1063 1471 1116 1524 in
1163 1469 1318 1535 coelo,
1349 1476 1405 1524 et
1430 1484 1462 1523 a
1492 1476 1543 1521 te
1571 1467 1697 1537 quid
1735 1465 1874 1521 volui
1924 1479 2086 1536 super

525 1565 765 1618 terram?
795 1563 1061 1630 Quoniam
1096 1563 1272 1617 incola
1298 1578 1396 1633 ego
1425 1577 1542 1616 sum
1574 1560 1713 1634 apud
1741 1571 1792 1615 te
1817 1562 1869 1614 in
1914 1569 2081 1625 terra,

518 1657 907 1728 etpcregrinus
934 1657 1073 1712 sicut
1091 1671 1278 1711 omnes
1319 1662 1502 1726 patres
1548 1655 1675 1708 mei.
1736 1653 1917 1706 Sitivit
1941 1653 1994 1707 in
2030 1660 2081 1706 te

518 1749 698 1802 anima
741 1763 879 1813 mea,
933 1763 1095 1818 quam
1149 1747 1511 1816 multipliciter
1550 1755 1604 1802 et
1627 1761 1754 1800 caro
1789 1761 1928 1799 mea.
1985 1745 2084 1800 Do—

517 1839 679 1901 mine,
694 1838 864 1892 dilexi
880 1839 990 1910 28
1003 1838 1256 1894 decorem
1277 1839 1467 1892 domus
1489 1846 1610 1902 tuae,
1634 1845 1689 1892 et
1711 1837 1883 1892 locum
1906 1837 2084 1891 taber-

505 1929 695 1998 naculi
749 1929 932 1999 gloria:
959 1937 1080 1984 tuae.
1116 1917 1263 1985 Tene
1291 1944 1511 1983 manum
1553 1931 1828 1984 dexteram
1883 1942 2081 1992 meam,

514 2027 568 2074 et
597 2019 653 2073 in
685 2019 958 2085 voluntate
991 2029 1082 2074 tua
1107 2020 1280 2076 deduc
1301 2034 1412 2084 me,
1452 2028 1507 2073 et
1535 2034 1656 2074 cum
1680 2019 1848 2089 gloria
1869 2034 2084 2073 assume

514 2136 618 2175 me.
660 2121 728 2176 Ut
753 2123 957 2176 videam
1012 2122 1340 2176 voluntatem
1390 2120 1622 2185 Domini,
1673 2128 1730 2175 et
1766 2129 2019 2190 protegar
2050 2135 2080 2174 a

513 2209 710 2281 templo
734 2219 922 2265 sancto
953 2211 1088 2281 ejus.
1142 2210 1213 2265 Ut
1266 2210 1481 2264 audiam
1529 2223 1713 2264 vocem
1760 2207 2082 2263 laudationis

516 2310 640 2367 tuae,
675 2311 730 2357 et
753 2319 998 2358 enarrem
1034 2302 1280 2356 universa
1310 2301 1573 2356 mirabilia
1603 2310 1710 2355 tua.
1741 2300 1807 2353 Et
1851 2310 1913 2376 ut
1934 2300 2084 2353 inha-

511 2391 675 2445 bitem
702 2393 756 2444 in
777 2393 934 2447 domo
978 2392 1187 2447 Domini
1234 2392 1290 2445 in
1316 2391 1645 2460 longitudine
1690 2390 1917 2444 dierum.
1966 2388 2078 2457 Ego

511 2487 690 2534 autem
735 2495 859 2534 cum
887 2481 1094 2550 justitia
1117 2481 1387 2549 apparebo
1441 2481 1494 2532 in
1517 2486 1806 2547 conspectu
1832 2487 1942 2541 tuo,
1997 2490 2080 2529 sa-

511 2558 686 2624 tiabor
739 2570 865 2624 dum
896 2569 1330 2624 manilestabitur
1354 2568 1519 2639 gloria
1544 2575 1654 2624 tua.
1687 2567 1908 2629 Domine
1935 2567 2077 2620 Deus

509 2672 683 2722 meus,
728 2658 783 2712 in
822 2667 1081 2712 aeternum
1119 2656 1417 2712 conﬁtebor
1460 2656 1575 2711 tibi.
1631 2655 1714 2710 Sit
1743 2670 1938 2710 nomen
1973 2655 2076 2710 Do-

510 2746 639 2800 mini
663 2747 1024 2809 benedictum,
1053 2763 1120 2801 ex
1141 2747 1244 2800 hoc
1275 2762 1416 2800 nunc
1439 2754 1494 2800 et
1519 2760 1687 2814 usque
1708 2747 1761 2799 in
1795 2745 2070 2800 saeculum.

647 2833 912 2904 Confessio
944 2835 1139 2901 Patris,
1164 2846 1215 2889 et
1237 2835 1382 2900 Filii,
1410 2846 1456 2893 et
1483 2835 1708 2905 Spiritus
1729 2838 1923 2889 sancti.

576 2927 882 2984 Conﬁtebor
933 2928 1066 2992 tibi,
1103 2927 1348 2990 Domine,
1389 2942 1483 2980 rex
1538 2925 1660 2979 coeli
1700 2933 1754 2979 et
1802 2935 1979 2988 terrm,
2019 2933 2074 2979 et

1371 252 1428 305 Β.
1469 227 1531 305 Ρ.
1571 250 1794 305 Αωι-Νι
1834 251 1962 308 SEU
2003 250 2276 307 ALCUINI
2314 241 2595 305 OPEREM
2627 247 2805 302 PARS
2840 246 2925 301 IV.
3002 224 3018 239 ς

2121 359 2167 422 Α
2195 370 2362 421 ctant,
2388 375 2488 413 nec
2515 357 2761 412 voluntas
2808 359 3000 420 variat,
3029 371 3130 410 uec
3156 356 3497 410 necessitudo
3515 372 3755 411 corrum-

3649 246 3751 300 476

2196 453 2294 520 pit,
2336 466 2434 505 nec
2480 458 2671 504 maesta
2709 449 3044 518 perturbant,
3093 462 3195 501 nec
3237 447 3354 502 laeta
3423 447 3748 503 demulcent.

2195 540 2290 594 Cui
2316 555 2414 594 nec
2433 538 2627 593 oblivio
2667 537 2820 602 tollit,
2843 552 2943 591 nec
2973 537 3230 590 memoria
3263 535 3466 601 reddit;
3499 551 3597 590 nec
3624 551 3748 605 prae»

2197 630 2350 682 terita
2404 636 2718 693 transeunt,
2767 642 2865 682 nec
2908 625 3087 681 futura
3137 626 3450 680 succedunt.
3502 625 3599 680 Cui
3652 634 3754 679 nec

2190 719 2338 787 origo
2368 718 2598 782 initium,
2636 732 2738 771 nec
2763 725 3000 785 tempora
3018 716 3430 778 incrementum,
3463 731 3562 770 nec
3587 730 3748 770 casus

2193 805 2353 860 ﬁnem
2383 807 2531 861 dabit
2566 825 2578 859 :
2613 807 2707 860 sed
2737 814 2861 860 ante
2889 805 3104 868 mula,
3131 813 3187 859 et
3219 806 3274 858 in
3303 805 3531 868 sarculis,
3574 814 3629 859 et
3655 820 3751 874 per

2190 900 2388 954 s:ecula
2437 901 2490 954 in
2532 907 2790 954 aeternum
2821 899 2973 953 vivis.
3030 900 3095 952 Et
3114 899 3308 953 esttibi
3336 899 3586 968 perennis
3608 898 3746 962 laus,

2188 1000 2241 1044 et
2265 1000 2462 1046 aeterna
2509 991 2696 1061 gloria,
2724 1005 2932 1044 summa
2960 999 3220 1060 potestas,
3260 999 3316 1043 et
3331 989 3613 1060 singularis
3659 989 3753 1046 bo-

2189 1097 2305 1147 nor,
2369 1066 2685 1151 perpetuum
2734 1079 2980 1151 regnum,
3035 1090 3090 1135 et
3133 1081 3251 1135 sine
3283 1079 3390 1134 ﬁne
3419 1080 3743 1150 imperium:

2184 1188 2282 1242 per
2331 1172 2602 1228 indefessa
2663 1180 2718 1228 et
2776 1173 3097 1227 immortalia
3159 1173 3351 1228 saecula
3400 1174 3746 1230 saeculorum.

2183 1265 2375 1320 Amen.

2916 1336 3022 1394 Vl.

2182 1430 2309 1491 Pro
2367 1431 2766 1512 custodienda
2826 1432 3223 1512 humilitate,
3284 1442 3338 1493 et
3397 1424 3639 1512 cogniq'

2613 1511 2888 1571 humana:
2917 1511 3310 1590 fragilitatis.

2250 1627 2487 1683 Revocat
2535 1645 2633 1684 nos
2692 1621 2757 1683 ad
2801 1627 3118 1683 humilitatis
3166 1630 3402 1699 regulam
3470 1628 3746 1698 Scriptura

2115 1704 2158 1764 Β
2185 1721 2498 1790 praecipiens
2526 1740 2537 1774 :
2565 1721 2771 1786 Quanto
2815 1737 3029 1791 magnus
3073 1739 3148 1786 es,
3206 1721 3425 1776 humilia
3465 1732 3513 1776 te
3560 1724 3614 1777 in
3636 1740 3748 1776 om-

2185 1812 2334 1865 nibus
2366 1811 2554 1881 (Eccli.
2591 1828 2676 1878 ιιι,
2712 1812 2824 1884 20).
2871 1813 3040 1880 Quam
3091 1811 3226 1873 bene
3251 1813 3568 1869 humilitatis
3598 1829 3748 1886 regu-

2184 1901 2290 1956 lam
2331 1902 2602 1956 Abraham
2656 1913 2897 1968 noverat,
2929 1905 3021 1974 qui
3059 1919 3181 1958 cum
3210 1920 3273 1960 ex
3317 1887 3595 1959 Dominica
3622 1915 3747 1957 con-

2184 1992 2508 2062 fabulatione
2544 1993 2722 2047 extolli
2774 1994 3059 2063 potuisset,
3100 1993 3366 2062 abjectum
3414 2001 3470 2048 et
3511 1994 3749 2063 despica—

2181 2084 2340 2138 bilem
2382 2099 2440 2138 se
2497 2084 2882 2153 pronuntiavit,
2941 2084 3123 2138 dicens
3151 2101 3165 2138 :
3195 2083 3408 2157 Loquar
3453 2085 3522 2136 ad
3560 2085 3744 2137 Domi-

2136 2194 2138 2196 ν
2183 2191 2304 2229 num
2325 2191 2517 2239 meum,
2547 2191 2665 2227 cum
2687 2176 2786 2228 sim
2804 2174 2971 2244 pulvis
2998 2185 3045 2228 et
3070 2174 3200 2229 cinis
3238 2173 3391 2246 (Gen.
3435 2191 3589 2239 xvm,
3618 2175 3745 2246 27)?

2181 2267 2322 2336 Ergo
2357 2274 2418 2320 ut
2442 2266 2509 2320 de
2534 2266 2698 2322 nobis
2735 2281 2947 2336 semper
2975 2266 3196 2320 humilia
3242 2267 3560 2332 sentiamus,
3615 2283 3746 2322 ven-

2178 2357 2395 2412 tilemus
2422 2359 2660 2427 quotidie
2685 2359 2784 2413 hos
2813 2357 3252 2413 coramDomino
3286 2358 3520 2428 psalmos
3551 2377 3563 2413 :
3598 2360 3744 2424 Dixi,

2178 2449 2501 2514 custodiam;
2554 2448 2761 2522 Nonne,
2793 2449 3012 2503 Domine
3055 2449 3260 2520 μείρει,
3304 2466 3471 2504 nonne
3491 2451 3601 2504 Deo
3623 2450 3742 2505 sub-

2169 2538 2312 2607 jecta
2351 2540 2505 2612 erit];
2540 2540 2790 2605 Domine,
2824 2557 2924 2594 non
2951 2550 3024 2593 est
3054 2541 3341 2594 exaltatum
3373 2559 3463 2594 cor
3490 2557 3679 2595 meum.

2426 2648 2553 2702 Post
2587 2648 2910 2704 Doniinicam
2960 2649 3263 2706 Orationem
3297 2670 3491 2707 versus.

2246 2745 2534 2812 Memento,
2565 2746 2808 2827 Domine,
2855 2749 3107 2817 quoniam
3135 2750 3309 2827 pulvis
3337 2767 3538 2813 sumus,
3583 2751 3742 2808 homo

2173 2837 2314 2891 sicut
2359 2835 2588 2908 [fenum]
2623 2837 2736 2891 dies
2759 2823 2895 2907 ejus,
2919 2847 2974 2892 et
3019 2838 3159 2894 sicut
3201 2823 3299 2894 llos
3333 2840 3467 2909 agri,
3499 2842 3573 2894 ita
3603 2841 3744 2896 emo-

2173 2927 2329 2982 rebit.
2357 2927 2492 2993 Quia
2526 2927 2747 2996 spiritus
2774 2929 3125 2996 pertransibit
3160 2929 3228 2982 ab
3270 2944 3357 2994 eo,
3400 2938 3450 2985 et
3482 2946 3587 2985 non
3614 2934 3738 2997 erit,

505 3017 802 3073 honoriﬁco
855 3027 907 3072 te
948 3018 1217 3072 sacriﬁcio
1261 3017 1478 3070 laudis:
1513 3023 1569 3071 et
1619 3017 1744 3086 quia
1798 3017 2066 3071 exteriora
2095 3039 2138 3099 ρ
2171 3027 2225 3073 et
2271 3034 2378 3072 non
2400 3026 2688 3088 cognoscet
2736 3018 2964 3087 amplius
2989 3018 3162 3074 locum
3191 3036 3367 3074 suum.
3410 3021 3590 3078 Exibit
3629 3025 3738 3094 spi—

506 3109 637 3163 iuihi
665 3124 887 3163 munera
935 3109 1151 3173 desunt,
1205 3122 1327 3178 qua":
1360 3115 1486 3162 sunt
1520 3109 1573 3162 in
1627 3122 1714 3161 me
1739 3115 1860 3161 vota
1893 3106 2071 3164 lauda-

505 3201 669 3257 tionis
707 3201 926 3255 reddam
948 3201 1062 3255 tibi.
1094 3199 1265 3255 Credo
1303 3208 1355 3254 te
1400 3207 1512 3255 toto
1538 3199 1720 3265 corde,
1739 3207 1794 3253 et
1823 3215 1916 3254 ore
1944 3214 2073 3253 con-

505 3292 664 3347 ﬁteor
713 3290 950 3356 Patrem,
974 3299 1031 3346 et
1065 3291 1290 3358 Filium,
1345 3299 1403 3347 et
1440 3292 1698 3360 Spiritum
1721 3300 1990 3357 sanctum,
2015 3293 2068 3344 in

503 3380 748 3449 personis
799 3381 1120 3444 ternionem,
1165 3381 1220 3434 in
1269 3380 1567 3434 substantia
1616 3380 1900 3445 unionem;
1960 3396 2069 3436 non

501 3486 718 3541 corpus,
754 3479 850 3526 aut
877 3472 931 3526 in
958 3486 1182 3542 corpore
1208 3472 1464 3541 positum,
1513 3485 1688 3540 neque
1729 3486 1795 3526 ex
1839 3471 2069 3527 diversis

459 3566 462 3570 ’
501 3562 780 3630 speciebus
819 3570 911 3616 aut
942 3563 1179 3627 mistum,
1218 3569 1310 3615 aut
1338 3561 1698 3616 membrorum
1717 3562 2068 3632 compagibus

500 3652 809 3725 elligiatum,
848 3654 943 3710 sed
985 3654 1489 3724 unius,.simplicis,
1514 3648 1862 3723 incorporeas}
1895 3663 2068 3722 atque

501 3743 786 3798 invisibilis
832 3754 1076 3811 naturae;
1123 3745 1252 3799 nihil
1288 3747 1340 3800 in
1385 3753 1439 3798 te
1485 3744 1657 3813 majus
1707 3755 1801 3800 aut
1844 3745 2068 3800 inferius

501 3832 786 3886 habentem
806 3850 820 3897 ;
844 3834 935 3887 sed
949 3849 1046 3902 per
1063 3849 1276 3887 omnem
1292 3835 1504 3888 modum
1515 3876 1529 3898 ,
1547 3851 1612 3888 ex
1631 3835 1776 3889 omni
1789 3843 1938 3904 parte
1951 3836 2067 3890 sine

501 3921 846 3977 deformitate
909 3922 1228 3990 perfectum,
1277 3923 1396 3976 sine
1450 3910 1757 3990 quantitate
1794 3941 2063 3993 magnum,

503 4013 619 4067 sine
661 4011 920 4082 qualitate
962 4010 1183 4076 bonum,
1233 4012 1352 4066 sine
1383 4019 1620 4082 tempore
1656 4015 2063 4084 sempiternum,

499 4106 618 4160 sine
665 4112 834 4158 morte
881 4104 1076 4169 vitam,
1142 4104 1262 4158 sine
1305 4102 1614 4158 inﬁrmitate
1685 4104 1899 4170 fortem,
1949 4105 2065 4160 sine

499 4197 776 4253 mendacio
812 4196 1116 4260 veritatem,
1165 4196 1282 4250 sine
1307 4194 1423 4250 loco
1462 4195 1659 4265 ubique
1708 4204 1900 4261 totum,
1946 4196 2062 4251 sine

499 4289 605 4350 situ
631 4287 826 4356 ubique
876 4295 1216 4355 praesentem,
1269 4287 1388 4341 sine
1411 4287 1726 4341 extensione
1747 4287 1926 4340 omnia
1965 4287 2062 4341 im-

498 4375 754 4443 plentem,
811 4373 930 4426 sine
975 4373 1347 4427 contractione
1407 4371 1605 4439 ubique
1663 4383 2054 4440 occurrentem,
2090 4383 2136 4439 ι)

499 4465 616 4519 sine
644 4471 788 4518 motu
818 4463 998 4521 ornnia
1029 4449 1517 4526 transcendentem,
1576 4462 1695 4516 sine
1742 4471 1882 4516 statu
1918 4463 2057 4519 infra

497 4557 677 4612 omnia
725 4563 1055 4618 manentem,
1096 4555 1213 4609 sine
1239 4553 1532 4624 indigentia
1559 4554 1741 4608 omnia
1761 4563 2055 4622 creantem,

497 4649 615 4703 sine
663 4647 842 4701 labore
898 4647 1078 4701 omnia
1116 4653 1411 4717 regentem,
1463 4646 1580 4700 sine
1618 4645 1703 4699 sui
1755 4646 1908 4700 initio
1947 4662 2060 4700 om-

497 4739 655 4795 nibus
700 4739 910 4793 initium
938 4739 1176 4803 dantem,
1203 4738 1322 4792 sine
1347 4737 1430 4792 sui
1456 4735 1586 4809 [Al.,
1623 4735 1724 4810 tui]
1761 4740 2058 4794 mutatione

495 4829 677 4883 omnia
712 4829 986 4883 mutabilia
1041 4830 1358 4893 facientem;
1413 4829 1466 4884 in
1525 4829 1898 4900 magnitudine
1942 4829 2060 4885 inﬁ-

495 4919 684 4984 nitum,
724 4919 777 4972 in
824 4917 1018 4972 virtute
1047 4919 1494 4987 omnipotentem,
1536 4919 1591 4971 in
1635 4919 1878 4973 bonitate
1916 4934 2060 4973 sum-

494 5022 664 5071 mum,
713 5007 767 5061 in
800 5007 1062 5075 sapientia
1103 5006 1549 5074 inaestimabilem,
1588 5008 1644 5060 in
1685 5008 1926 5062 consiliis
1956 5015 2062 5061 ter-

495 5097 726 5160 ribilem,
774 5096 828 5149 in
869 5091 1092 5165 justitiis
1135 5095 1358 5165 justum,
1413 5095 1465 5149 in
1518 5097 1938 5166 cogitationibus
1979 5112 2060 5151 se-

495 5189 878 5252 cretissimum,
931 5185 997 5240 in'
1018 5187 1196 5242 verbis
1239 5202 1503 5250 veraeem,
1548 5188 1604 5243 in
1633 5190 1886 5258 operibus
1933 5204 2058 5243 san-

496 5287 660 5342 ctum,
681 5279 736 5332 in
778 5276 1158 5345 misericordiis
1181 5278 1478 5355 mpiosum,
1503 5293 1643 5349 erga
1681 5277 2058 5348 delinquentes

496 5368 966 5439 patientissimum,
1010 5381 1136 5438 erga
1167 5368 1437 5441 patientes
1458 5369 1639 5440 pium;
1672 5384 1887 5439 semper
1912 5369 2053 5422 idem

498 5473 669 5526 ipsum
696 5468 954 5515 aeternum
978 5475 1043 5515 ac
1067 5462 1473 5530 sempiternum,
1499 5460 1854 5515 immortalem
1895 5468 2058 5528 atque

498 5544 998 5604 incommutabilem.
1027 5550 1198 5617 Quem
1216 5565 1316 5605 nec
1343 5551 1516 5620 spatia
1539 5551 1780 5613 dilatant.
1814 5565 1914 5604 nec
1939 5551 2056 5604 bre-

499 5635 635 5689 vitas
681 5635 914 5694 locorum
942 5649 1212 5710 angustat,
1262 5656 1361 5696 nee
1391 5641 1722 5712 receptacula
1767 5640 1872 5694 ulla
1906 5657 2055 5694 coar-

2174 3109 2310 3162 ritus
2348 3108 2483 3177 ejus,
2513 3119 2568 3161 et
2616 3117 2916 3162 revertetur
2969 3108 3022 3162 in
3079 3117 3278 3164 terram
3332 3127 3484 3166 suam
3520 3132 3531 3166 :
3563 3115 3616 3167 in
3648 3115 3734 3168 illa

2171 3199 2258 3253 die
2299 3200 2549 3268 peribunt
2596 3214 2783 3254 omnes
2827 3202 3179 3271 cogitationes
3231 3219 3436 3259 eorum.
3489 3206 3600 3278 Ego
3625 3208 3736 3262 dixi

2171 3290 2226 3344 in
2276 3305 2501 3345 excessu
2555 3294 2751 3347 mentis
2807 3308 2939 3348 mea:
2986 3309 3000 3347 :
3049 3294 3236 3352 Omnis
3271 3298 3432 3354 homo
3482 3301 3731 3355 mendax.

2171 3381 2489 3447 Memorare,
2539 3383 2784 3447 Domine,
2841 3400 2960 3453 qua:
2986 3394 3070 3440 est
3099 3402 3217 3441 mea
3244 3389 3545 3444 substantia
3579 3409 3590 3442 :
3623 3406 3730 3444 non

2169 3474 2313 3526 enim
2363 3489 2501 3527 vane
2568 3475 2894 3529 constituisti
2952 3475 3087 3531 ﬁlios
3138 3477 3436 3534 hominum.
3482 3479 3728 3543 Domine,

2169 3562 2294 3630 quid
2319 3572 2403 3616 est
2428 3563 2617 3641 homo,
2684 3565 2824 3633 quod
2856 3566 3136 3622 innotuisti
3184 3570 3266 3632 ei;
3316 3579 3410 3623 aut
3453 3569 3593 3624 ﬁlius
3638 3572 3726 3641 ho-

2169 3652 2353 3715 minis,
2391 3640 2642 3721 qnoniam
2669 3663 2884 3724 reputas
2914 3659 3069 3711 eum?
3119 3659 3441 3715 Humiliatus
3492 3677 3613 3717 sum
3652 3640 3741 3718 us-

2168 3757 2508 3812 quequaque,
2538 3743 2783 3808 Domine,
2814 3747 3026 3802 viviﬁca
3050 3764 3136 3803 me
3165 3751 3460 3806 secundum
3507 3753 3746 3808 verbum.

2168 3842 2336 3907 tuum.
2390 3833 2521 3900 Vide
2550 3834 2905 3890 humilitatem
2940 3853 3136 3904 meam,
3195 3848 3252 3893 et
3279 3841 3426 3912 eripe
3452 3857 3537 3897 me
3564 3861 3576 3895 :
3605 3827 3731 3914 quia

2166 3923 2336 3994 legem
2367 3934 2510 3980 tuam
2557 3943 2664 3981 non
2703 3944 2821 3982 sum
2851 3929 3063 3985 oblitus.
3123 3930 3444 3989 Custodiens
3483 3936 3733 4004 parvulos

2166 4010 2445 4076 Dominus,
2472 4014 2783 4071 humiliatus
2813 4033 2951 4083 sum,
2978 4028 3033 4073 et
3055 4020 3303 4075 liberavit
3329 4038 3434 4076 me.
3476 4024 3587 4093 Ego
3605 4037 3732 4078 vero

2165 4118 2367 4174 egenus
2403 4113 2458 4159 et
2483 4122 2685 4176 pauper
2729 4110 2838 4180 29
2882 4127 3022 4176 sum,
3063 4111 3322 4168 Dominus
3350 4130 3534 4168 curam
3572 4114 3730 4168 habet

2167 4196 2292 4250 mei.
2319 4195 2400 4252 Sit
2427 4214 2621 4253 nomen
2666 4199 2877 4256 Domini
2906 4203 3268 4270 benedictum,
3309 4220 3372 4257 ex
3395 4205 3497 4258 hoc
3515 4219 3657 4258 nunc
3677 4213 3729 4259 et

2163 4303 2332 4356 usque
2359 4289 2412 4342 in
2452 4291 2721 4344 sacculum.

2761 4379 2966 4436 Oratio.

2230 4463 2454 4517 Domine
2480 4463 2607 4520 Jesu
2644 4466 2877 4534 Christe,
2913 4472 3002 4540 qui
3031 4472 3081 4525 in
3109 4473 3249 4530 hunc
3279 4479 3536 4535 mundum
3562 4495 3728 4552 prop-

2160 4558 2244 4604 ter
2266 4564 2574 4620 peceatores
2622 4557 2688 4612 de
2744 4559 2864 4614 sinu
2902 4560 3080 4618 Patris
3104 4566 3390 4634 advenisti,
3430 4579 3490 4623 ut
3519 4585 3618 4625 nos
3654 4571 3721 4624 de

2157 4644 2346 4698 eodem
2373 4658 2592 4716 peccato
2625 4651 2941 4721 redimeres,
2983 4659 3110 4728 quia
3141 4660 3253 4713 scio
3278 4669 3334 4714 et
3359 4662 3524 4715 credo
3549 4677 3565 4725 ;
3613 4677 3724 4718 non

2156 4735 2592 4806 pr0pterjustos,
2623 4743 2716 4818 sed
2752 4754 2974 4815 propter
3001 4757 3316 4816 peccatores
3349 4751 3405 4803 in
3445 4757 3590 4804 terra
3623 4751 3755 4809 ha-.

2156 4825 2331 4910 bitare
2365 4830 2600 4886 voluisti.
2641 4833 2846 4890 Exaudi
2878 4851 2985 4901 me,
3014 4836 3239 4891 Domine
3276 4833 3440 4905 Deus,
3473 4851 3724 4910 peccato-

2159 4931 2272 4970 rem
2300 4927 2354 4972 et
2395 4920 2730 4990 culpabilem,
2765 4933 2820 4979 et
2848 4924 3125 4993 indignum
3153 4934 3212 4979 et
3243 4928 3615 5000 negligentem,
3667 4940 3722 4987 et

2155 5008 2463 5064 obnoxium.
2495 5011 2610 5066 Tibi
2638 5013 2899 5068 conﬁteor
2923 5014 3104 5068 omnia
3131 5027 3353 5084 peccata
3378 5036 3517 5087 mea,
3535 5026 3718 5078 omnia

2157 5095 2298 5150 mala
2339 5112 2479 5162 mea,
2527 5098 2784 5166 quidquid
2832 5098 2887 5153 in
2938 5099 3043 5155 hoc
3099 5105 3296 5160 saculo
3324 5111 3487 5175 gessi,
3523 5111 3720 5168 delicto

2159 5199 2300 5249 meo,
2329 5194 2470 5248 actu,
2501 5186 2616 5241 sive
2645 5185 2841 5255 iniquis
2873 5191 3308 5261 cogitationibus,
3371 5200 3438 5254 de
3467 5202 3721 5257 omnibus

2088 5287 2104 5294 δ
2156 5273 2364 5328 veniam
2393 5282 2536 5341 peto.
2563 5272 2809 5339 Peccavi,
2830 5275 3051 5345 iuravi:
3085 5293 3262 5339 tamen
3307 5295 3362 5342 te
3399 5303 3504 5343 non
3546 5291 3717 5345 abne-

2155 5362 2298 5432 gavi,
2331 5363 2455 5431 quia
2485 5363 2600 5418 scio
2627 5373 2684 5418 et
2710 5367 2875 5422 credo
2909 5374 3034 5441 quia
3069 5383 3125 5430 tu
3163 5375 3328 5431 Pater
3367 5393 3446 5433 es.
3497 5380 3716 5449 lndnlge

2156 5455 2310 5519 mihi,
2336 5453 2567 5516 Christe.
2618 5456 2693 5511 Te
2721 5457 2897 5526 laudo,
2929 5471 2980 5518 te
3028 5467 3332 5538 magniﬁco,
3362 5479 3416 5524 te
3451 5450 3712 5541 gloriﬁco.

2156 5544 2390 5599 Trinitas
2419 5553 2620 5600 sancta.
2671 5546 2790 5604 Tibi
2814 5554 3016 5620 gratias
3041 5571 3140 5628 ago
3171 5559 3226 5612 in
3267 5561 3520 5615 omnibus
3567 5557 3714 5613 iniit-

2155 5635 2428 5690 mitalibus
2455 5636 2614 5702 meis,
2650 5640 2773 5708 quia
2797 5658 2900 5697 non
2923 5645 3094 5701 habeo
3117 5661 3268 5716 spem
3299 5650 3350 5703 in
3378 5651 3560 5707 alium,
3607 5648 3706 5702 nisi
