4246 6190
527 218 639 302 2,79

1372 228 1430 284 Β.
1466 227 1529 283 F.
1564 225 1786 282 ALBINI
1824 224 1953 283 εει]
1991 222 2264 280 ALCUINI
2297 219 2577 279 OPEllUM
2616 218 2792 275 PARS
2820 210 2917 271 ιν.

3636 211 3740 271 480
3782 226 3785 233 ’

536 354 685 407 tiam.
707 348 971 404 lllumiuet
993 358 1078 400 me
1125 342 1357 413 Spiritus
1378 350 1618 406 sanctus,
1642 339 1913 411 indulgeat
1955 337 2084 392 mibi
2117 338 2162 398 Α
2189 335 2441 405 quoniam
2477 332 2655 389 suavis
2699 339 2781 386 est
2827 328 3188 385 misericordia
3235 335 3345 382 tua.
3389 325 3579 383 Libera
3630 344 3737 391 me,

537 443 794 500 Dominus
816 441 993 496 omnia
1017 446 1232 509 peccata
1254 449 1372 490 mea
1401 434 1490 489 hic
1514 442 1569 489 et
1597 434 1650 488 in
1674 431 1869 486 futuro.
1899 430 2088 484 Amen.

1252 543 1384 607 Vll.

596 675 675 735 In
704 669 1145 733 tentatiouibus
1173 665 1627 747 immundorum
1662 660 2022 740 spirituum.

608 794 925 851 Consolatur
946 806 1043 846 nos
1063 791 1115 844 in
1144 787 1528 843 tentationibus
1555 782 1897 839 dzemoniacis
1941 794 2095 851 egre-

542 887 662 956 gius
687 883 1021 953 praedicator,
1073 877 1296 934 dicens:
1342 872 1543 929 Fidelis
1586 882 1755 925 autem
1797 870 1957 934 Deus,
2010 869 2098 939 qui

543 993 645 1031 non
682 975 901 1044 patietur
929 987 1013 1026 vos
1041 967 1229 1023 tentari
1251 980 1407 1035 supra
1432 980 1590 1035 quam
1618 960 1864 1033 potestis;
1910 958 2000 1013 sed
2017 958 2099 1027 fa—

542 1065 638 1118 ciet
673 1078 787 1116 cum
825 1060 1102 1114 teutatione
1133 1058 1289 1112 etiam
1314 1054 1544 1117 exitum,
1577 1061 1633 1105 ut
1678 1050 1886 1121 possitis
1940 1048 2098 1101 susti—
2147 1063 2154 1069 ·

545 1152 728 1224 nere(l
753 1150 873 1206 Cor.
909 1166 964 1215 x,
998 1148 1123 1220 13).,
1155 1146 1413 1213 Quocirca
1442 1144 1714 1199 sciendum
1750 1149 1850 1203 est,
1877 1140 1999 1210 quia
2016 1140 2101 1211 ju-

544 1244 669 1300 dicii
686 1242 879 1299 occulti
892 1254 1140 1296 mensura
1160 1248 1262 1303 est,
1277 1246 1329 1292 et
1342 1236 1554 1307 quando
1571 1233 1882 1289 tentationis
1903 1232 2104 1303 procel-

546 1333 595 1387 la
613 1331 876 1402 prosiliat,
899 1337 956 1384 et
1001 1328 1215 1398 quando
1241 1324 1606 1394 conquiescat.
1633 1322 1793 1397 Certe
1813 1320 2103 1392 Evangelio

544 1426 829 1473 atlestante
857 1415 1197 1477 describitur,
1225 1413 1363 1481 quod
1382 1427 1483 1465 nec
1502 1425 1719 1464 manere
1774 1410 1827 1463 in
1879 1409 2103 1465 obsesso

545 1512 761 1568 homine
796 1508 993 1579 potuit,
1020 1520 1119 1565 nec
1142 1520 1325 1560 rursus
1354 1503 1607 1557 invadere
1647 1501 1802 1557 bruta
1851 1499 2103 1555 animalia

546 1603 649 1657 nisi
676 1601 858 1669 jussus
885 1597 1241 1670 praesumpsit,
1264 1595 1483 1650 dicens:
1518 1591 1577 1649 Si
1614 1592 1760 1663 ejicis
1809 1608 1923 1656 nos,
1960 1590 2105 1644 mitte

549 1711 640 1747 uos
663 1694 715 1747 in
731 1707 933 1763 gregem
960 1704 1234 1761 porcorum
1278 1686 1490 1758 (Matth.
1536 1700 1656 1749 vm,
1703 1682 1816 1755 '51).
1877 1680 2102 1748 Quando
2132 1677 2176 1737 Β

549 1782 806 1851 ρτεο,ἱδιο
824 1795 920 1834 sua
954 1786 1143 1848 sponte
1168 1789 1359 1831 nocere
1387 1774 1542 1830 factis
1572 1774 1639 1828 ad
1684 1771 1778 1826 Dei
1816 1771 2100 1842 imaginem

549 1872 851 1929 hominibus
871 1870 1110 1934 auderet,
1143 1869 1227 1924 cui
1257 1869 1301 1923 si
1338 1874 1576 1937 potestas
1602 1879 1807 1920 summa
1831 1862 2103 1918 licentiam

551 1980 656 2020 non
711 1965 989 2036 praeberet,
1018 1962 1252 2035 grassari
1278 1975 1375 2015 nec
1403 1960 1456 2013 in
1484 1972 1677 2029 porcos
1694 1956 1929 2011 valeret?
1951 1952 2105 2008 Nullo

550 2073 680 2127 ergo
709 2057 867 2111 modo
915 2054 1288 2124 ambigendum
1341 2059 1446 2113 est,
1494 2049 1756 2118 permissu
1810 2043 2103 2114 aequissimi

546 2146 759 2216 indicis,
783 2145 834 2199 in
864 2143 1061 2200 electos
1081 2143 1147 2196 ad
1182 2151 1390 2210 tempus
1416 2137 1685 2192 diabolum
1728 2133 1967 2189 tentandi
2015 2146 2106 2186 ac—

552 2240 730 2307 cipere
755 2243 1074 2305 potestatem
1101 2252 1113 2286 :
1147 2232 1238 2288 sed
1268 2229 1689 2286 misericorditer
1725 2226 1887 2297 judex
1918 2238 2105 2279 conce-

553 2316 651 2387 dit,
683 2325 823 2392 quod
850 2324 1134 2378 crudeliter
1162 2322 1331 2377 hostis
1346 2321 1506 2390 capit.
1542 2316 1948 2386 llincest,quod
1963 2312 2105 2368 fideli

555 2410 751 2467 famulo
774 2412 837 2467 de
857 2412 1043 2465 eodem
1066 2411 1320 2464 Dominus
1345 2411 1475 2464 dicit
1502 2427 1514 2461 :
1544 2406 1663 2461 Non
1685 2407 1834 2476 quasi
1881 2402 2105 2458 crudelis

552 2501 808 2557 suscitabo
829 2518 944 2556 eum
978 2500 1117 2573 (Job.
1155 2518 1266 2564 xu,
1314 2501 1383 2569 l).
1445 2500 1579 2553 llinc
1629 2496 1840 2553 fidelem
1877 2496 2107 2550 animam

555 2594 934 2650 tcntationibus
952 2594 1225 2664 fatigatam
1266 2593 1472 2649 blandis
1516 2590 1971 2647 consolationibus
2024 2603 2108 2643 re-

555 2684 713 2744 fovet,
743 2683 924 2737 dicens
953 2700 973 2735 τ
996 2682 1138 2736 Dixit
1172 2682 1424 2735 Dominus
1465 2681 1604 2734 Deus
1650 2690 1769 2733 tuus
1809 2692 1826 2730 :
1856 2679 1935 2731 Ad
1978 2696 2109 2749 pun-

510 2820 515 2825 .
554 2782 691 2825 ctum
714 2773 768 2825 in
796 2772 996 2825 modico
1022 2772 1267 2840 τίετείὶᾳυὶ
1297 2782 1363 2835 te,
1387 2783 1432 2825 et
1468 2774 1518 2825 in
1550 2771 1968 2825 miserationibus
1999 2787 2109 2823 ma-

552 2862 666 2932 gnis
694 2860 1010 2931 congregabo
1034 2870 1102 2913 te.
1127 2860 1257 2914 ltcm
1286 2862 1356 2914 ibi
1384 2880 1393 2912 :
1426 2862 1681 2914 Abscondi
1710 2862 1897 2929 faciem
1945 2876 2107 2912 meam

552 2969 827 3027 parumper
852 2961 977 3016 ate,
1003 2960 1049 3005 et
1111 2952 1166 3004 in
1196 2951 1556 3004 misericordia
1585 2950 1897 3019 sempiterna
1926 2949 2109 3001 miser—

554 3050 637 3094 tus
664 3056 778 3094 sum
799 3040 875 3094 tui
905 3038 1057 3111 (lsai.
1098 3056 1208 3105 Liv,
1235 3040 1286 3104 7,
1315 3040 1389 3103 8).
1423 3037 1556 3093 Cum
1586 3031 1713 3108 ergo
1747 3038 1801 3090 in
1832 3035 2112 3090 tentatoris

554 3131 882 3186 voluntatem
905 3132 972 3186 ad
996 3141 1200 3202 tempus
1225 3132 1531 3196 incidimus,
1560 3131 1872 3201 priusquam
1916 3127 1969 3180 in
2020 3127 2112 3181 de-

556 3221 856 3276 lectationis
883 3229 975 3274 aut
999 3224 1145 3290 pravi
1172 3238 1466 3277 consensus
1511 3222 1613 3292 31
1664 3221 1911 3274 labamur
1956 3234 2112 3273 vora-

557 3309 1079 3378 ginem;clamemus
1126 3310 1449 3375 medulliter,
1506 3311 1797 3364 clamemus
1850 3310 2129 3375 valenter,

558 3402 657 3457 bos
677 3401 1008 3456 decantando
1027 3399 1262 3469 psalmos
1289 3414 1304 3452 :
1349 3400 1510 3464 Deus,
1552 3400 1692 3453 Deus
1734 3416 1897 3462 meus,
1923 3399 2114 3467 respice

558 3494 614 3547 in
643 3510 757 3558 me;
786 3494 925 3547 Deus
949 3534 963 3558 ,
998 3493 1057 3546 in
1093 3494 1297 3545 nomine
1320 3500 1443 3555 tuo;
1467 3489 1711 3544 Miserere
1727 3489 1846 3554 mei,
1872 3488 2111 3549 Domine,

557 3587 805 3652 quoniam
836 3584 1289 3650 conculcaverunt;
1318 3586 1454 3639 Deus
1479 3586 1531 3637 in
1554 3583 1874 3653 adjutorium
1906 3594 2113 3640 meum;

560 3673 780 3728 Domine
807 3674 948 3729 Deus
973 3675 1155 3730 salutis
1187 3694 1347 3740 metr;
1402 3676 1560 3745 Eripe
1596 3691 1708 3740 me,
1754 3672 1975 3726 Domine
1998 3711 2012 3735 ν
2051 3667 2114 3721 ab

562 3764 764 3818 nomine
792 3765 951 3818 malo.

798 3869 921 3928 Post
962 3874 1263 3929 Orationem
1290 3874 1618 3928 Dominicam
1658 3890 1830 3926 versus
1857 3893 1873 3926 :

629 3986 855 4052 Exaudi,
890 3987 1049 4055 Deus,
1094 3989 1393 4045 orationem
1421 4003 1614 4053 meam,
1646 4004 1767 4043 cum
1804 3987 2054 4051 tribulor,
2088 4002 2118 4039 a

561 4082 754 4136 timore
803 4074 1006 4137 inimiéi
1044 4082 1191 4153 eripe
1229 4082 1463 4136 animam
1493 4097 1684 4136 meam.
1728 4079 2120 4135 Tribulationes

559 4172 737 4227 cordis
758 4172 863 4225 uici
890 4171 1125 4227 dilatatur.
1145 4180 1286 4237 sunt,
1310 4172 1377 4226 de
1397 4172 1803 4227 necessitatibus
1824 4169 1957 4224 meis
1975 4169 2121 4238 eripe

563 4275 669 4314 me.
699 4259 940 4315 Statuisti
978 4260 1175 4314 inloco
1198 4260 1435 4328 spatioso
1461 4259 1624 4328 pedes
1660 4274 1828 4325 meos,
1864 4258 2122 4313 miserere

563 4348 687 4411 mei,
754 4348 996 4413 Domine,
1050 4348 1301 4417 quoniam
1361 4348 1607 4403 tribulor.
1659 4348 1920 4417 Exsurge,
1952 4362 2120 4417 quare

561 4435 855 4501 obdormis,
878 4436 1131 4491 Domine?
1159 4436 1415 4507 Exsurge,
1446 4447 1501 4492 et
1526 4452 1592 4491 ne
1618 4436 1845 4507 repellas
1872 4449 2038 4505 usque
2068 4434 2122 4489 in

564 4527 745 4582 tinem.
784 4525 860 4581 Ne
890 4527 1067 4582 tradas
1093 4543 1179 4583 me
1205 4544 1234 4582 a
1262 4528 1528 4585 desiderio
1552 4543 1672 4584 meo
1708 4524 2000 4599 peccatori,
2028 4540 2121 4581 co-

564 4620 868 4689 gitaverunt
892 4620 1172 4676 adversum
1199 4635 1304 4686 me,
1334 4637 1401 4677 ne
1424 4620 1766 4691 derelinquas
1791 4635 1897 4684 me,
1925 4630 1993 4672 ne
2018 4634 2118 4672 un-

563 4726 724 4780 quam
760 4709 1075 4766 exaltemur.
1104 4711 1365 4788 Exsurge,
1417 4711 1659 4775 Domine,
1687 4724 1797 4765 nou
1836 4707 2122 4779 praevaleat

568 4803 743 4866 homo,
767 4801 1075 4873 iudicentur
1097 4812 1284 4874 gentes
1309 4804 1364 4859 in
1393 4810 1676 4872 conspectu
1701 4810 1811 4856 tuo.
1858 4799 2119 4869 Exsurge,

568 4888 787 4948 Domine
814 4894 953 4949 Deus
985 4907 1157 4958 meus,
1185 4892 1448 4947 exaltetur
1476 4907 1666 4947 manus
1683 4898 1803 4956 tua,
1835 4905 1903 4944 ne
1930 4889 2119 4944 oblivi-

565 4982 730 5038 scaris
750 4982 1001 5053 pauperis
1020 4982 1073 5035 in
1091 4980 1269 5035 finem.
1296 4981 1374 5034 Tu
1395 4989 1593 5044 autem,
1618 4981 1859 5044 Domine,
1886 4994 1952 5034 ne
1965 4979 2119 5047 longe

568 5074 733 5130 iacias
778 5074 1036 5128 auxilium
1063 5081 1210 5127 tuum
1236 5088 1267 5128 a
1304 5087 1406 5136 me,
1445 5073 1511 5127 ad
1551 5070 1914 5127 defensionem
1945 5084 2117 5127 meam

567 5164 765 5236 aspice.
801 5163 1000 5219 Emitte
1026 5178 1242 5218 manum
1295 5172 1439 5217 tuam
1466 5163 1535 5217 de
1560 5158 1688 5228 alto,
1739 5162 1885 5230 eripe
1926 5176 2030 5226 tne,
2065 5168 2147 5235 et;

570 5251 732 5309 libera
760 5270 846 5309 me
869 5254 935 5308 de
961 5254 1113 5323 aquis
1139 5253 1339 5317 multis,
1372 5262 1427 5306 et
1455 5254 1519 5307 de
1547 5268 1705 5307 manu
1732 5252 1961 5308 filiorum
1986 5251 2115 5305 alic-

570 5358 775 5398 uorum.
803 5345 1061 5413 Quoniam
1094 5344 1253 5398 alieni
1288 5345 1692 5399 insurrexerunt
1721 5344 1773 5400 in
1800 5360 1903 5410 me,
1934 5354 1989 5400 ct
2014 5343 2120 5397 for-

568 5440 649 5485 tes
671 5435 989 5501 quaesierunt
1009 5436 1239 5490 animum
1267 5451 1438 5488 meam
1478 5455 1484 5485 :
1523 5444 1574 5487 et
1600 5452 1702 5489 uon
1732 5441 2121 5503 proposuerunt

569 5519 851 5574 Dominum
900 5531 1023 5576 ante
1070 5534 1413 5593 conspectum
1452 5540 1623 5577 suum.
1664 5524 1729 5576 Et
1772 5532 1849 5585 tu,
1880 5522 2119 5584 Domine,

572 5621 652 5680 tae
698 5626 903 5669 mecum
954 5613 1372 5669 miscricordiam
1438 5622 1655 5683 propter
1701 5622 1913 5666 nomen'
1950 5616 2118 5670 tuum,

2192 440 2443 496 quoniam
2481 438 2681 495 egenus
2728 439 2867 488 sum,
2912 432 2966 477 et
3015 435 3214 491 pauper
3255 436 3373 474 sum
3422 436 3539 490 ego,
3566 428 3619 475 ct
3650 435 3746 475 cor

2196 528 2371 568 meum
2409 513 2783 569 conturbatum
2803 520 2886 566 est
2929 511 2983 565 in
3013 525 3118 565 me.
3151 509 3227 564 Ne
3251 509 3536 564 tradideris
3572 525 3656 564 me
3690 510 3745 564 in

2194 602 2401 667 animas
2439 600 2867 671 persequentium
2920 615 3027 665 me,
3056 598 3306 667 quoniam
3340 584 3747 655 insurrexerunt

2196 694 2248 747 in
2281 706 2367 746 me
2407 699 2569 746 testes
2597 690 2782 760 iniqui.
2820 690 3074 759 Dispergc
3109 688 3228 742 illos
3256 688 3309 741 in
3340 688 3538 742 virtute
3559 697 3670 753 tua,
3696 698 3751 744 et

2196 782 2415 837 destrue
2458 795 2551 836 eos
2578 789 2850 851 protector
2875 793 3041 843 meus,
3076 778 3325 834 Domine.
3347 775 3574 847 Adjutor
3600 794 3753 836 meus

2196 881 2249 927 et
2292 870 2547 926 liberator
2585 886 2736 926 meus
2771 878 2907 935 esto,
2936 868 3274 933 Domine,ne
3301 869 3615 924 tardaveris.
3642 854 3773 925 Sed~

2197 972 2252 1017 et
2276 962 2453 1032 lingua
2478 977 2595 1017 mea
2625 949 2968 1016 meditabitur
2978 959 3240 1029 justitiam
3266 966 3432 1025 tuam,
3465 961 3591 1016 dum
3626 976 3754 1016 con-

2199 1052 2300 1106 fusi
2320 1060 2373 1106 et
2401 1052 2613 1106 reveriti
2660 1050 2871 1114 fuerint,
2903 1052 2993 1120 qui
3033 1056 3276 1119 quaerunt
3298 1050 3446 1115 .mala
3481 1051 3631 1105 mihi.
3672 1051 3758 1107 Sit

2200 1157 2393 1197 nomen
2417 1131 2625 1197 Domini
2656 1140 3011 1206 benedictum,
3045 1155 3111 1195 ex
3142 1141 3243 1195 hoc
3266 1156 3407 1196 nunc
3424 1148 3479 1195 et
3506 1156 3674 1211 usque
3698 1143 3752 1197 in

2201 1234 2470 1295 smeulum.
2499 1233 2720 1287 Domine
2765 1233 2904 1289 Deus
2955 1232 3234 1297 virtutum,
3269 1240 3521 1289 converte
3554 1249 3671 1298 nos,
3700 1236 3765 1305 (δι’

2199 1324 2422 1379 ostende
2447 1322 2635 1377 faciem
2663 1331 2828 1389 tuam,
2871 1331 2926 1379 et
2946 1322 3076 1378 salvi
3120 1322 3340 1377 erimus.
3370 1323 3627 1397 Exsurge,
3654 1324 3757 1381 Do-

2203 1411 2363 1475 mine,
2416 1411 2608 1481 adjuva
2656 1425 2772 1475 nos,
2820 1418 2875 1465 et
2928 1410 3096 1465 libera
3144 1425 3243 1465 nos
3290 1420 3509 1482 propter
3565 1428 3754 1468 nomen

2204 1511 2372 1557 tuum.
3291 1514 3296 1519 ’

2876 1590 3077 1645 Oratio.

2275 1730 2477 1785 Prmsta
2505 1729 2654 1794 mihi,
2685 1728 2925 1793 Domine,
2951 1727 3246 1799 profectum
3291 1729 3561 1798 quzcrendi
3589 1728 3758 1799 legem

2206 1832 2374 1884 tuam.
2408 1830 2465 1878 et
2491 1831 2833 1892 peccatorum
2872 1821 3108 1875 omnium
3144 1806 3537 1883 remissionem,
3587 1820 3760 1889 utqui

2206 1914 2471 1969 desiderio
2524 1927 2719 1981 magno
2770 1911 2835 1964 ad
2861 1911 3039 1965 lumen
3094 1911 3496 1980 Scripturarum
3553 1920 3760 1965 tuarum

2205 2003 2485 2073 pervenire
2529 2000 2705 2070 cupio,
2749 2000 2909 2055 nullis
2965 2009 3304 2071 peccatorum
3357 2001 3764 2071 caligationibus

2204 2093 2345 2153 oculi
2387 2092 2505 2147 mei
2537 2093 2911 2149 obscurentur.
2950 2092 3173 2148 Attrabe
3218 2108 3304 2147 me
3348 2094 3414 2147 ad
3467 2100 3520 2147 te
3569 2092 3765 2148 virtute

2210 2186 2609 2255 omnipotentiae
2641 2193 2762 2240 tute.
2806 2184 2920 2240 Non
2959 2200 3044 2240 me
3084 2185 3422 2255 derelinquas
3451 2184 3503 2239 in
3550 2176 3793 2254 propria

2207 2277 2478 2332 voluntate
2504 2278 2711 2346 vagari,
2738 2291 2898 2346 quem
2919 2276 3153 2345 pretioso
3185 2276 3440 2346 sanguine
3467 2276 3761 2331 redemisti.

2208 2366 2496 2437 Imaginem
2528 2373 2673 2420 tuam
2699 2365 2749 2418 in
2787 2379 2870 2419 me
2912 2374 3015 2420 nan
3045 2365 3190 2419 sinas
3216 2366 3521 2430 obscurari;
3576 2380 3695 2434 quae
3719 2368 3765 2422 si

2209 2461 2261 2509 te
2287 2462 2574 2523 praestante
2601 2452 2934 2520 defendatur,
2991 2469 3201 2524 semper
3242 2455 3455 2524 egregia
3504 2461 3606 2508 est.
3650 2452 3764 2509 Νόη

2207 2547 2419 2601 diabolo
2437 2546 2596 2602 liceat
2616 2556 2706 2601 tua
2731 2548 2866 2601 dona
2887 2540 3214 2612 subvertere,
3240 2546 3367 2614 quia
3390 2553 3557 2599 totum
3580 2543 3765 2617 fragile

2208 2642 2308 2699 est,
2333 2636 2589 2706 quidquid
2620 2635 2713 2690 tibi
2744 2636 2931 2690 nititur
2968 2635 3201 2691 obviare.
3233 2634 3373 2689 Audi
3402 2650 3506 2700 me,
3534 2633 3619 2703 pic
3650 2646 3764 2690 rex.

2208 2729 2529 2785 clamantem
2575 2744 2672 2799 pro
2716 2730 2946 2798 peccatis
2992 2728 3140 2791 meis,
3194 2736 3249 2782 et
3292 2727 3442 2796 prius
3486 2726 3575 2781 illa
3624 2740 3654 2778 a
3683 2739 3769 2778 me

2210 2833 2447 2883 remove,
2493 2833 2661 2887 quam
2687 2834 2783 2887 pro
2802 2819 3001 2873 eisdem
3024 2816 3078 2871 in
3100 2826 3188 2872 tua
3226 2816 3623 2871 examinatione
3642 2829 3769 2867 con-

2210 2912 2449 2964 demncr.
2498 2910 2635 2976 Quid
2663 2910 2792 2963 mibi
2838 2925 2953 2961 mea
2998 2907 3280 2961 insidiatur
3314 2907 3605 2975 iniquitas?
3632 2898 3772 2971 Quid

2140 3024 2185 3086 ρ
2214 3007 2400 3055 contra
2427 3014 2512 3054 me
2550 3000 2746 3053 delicta
2781 3014 2896 3053 mea
2919 2997 3210 3069 confligunt
3239 2998 3596 3053 ?Creaturam
3624 3004 3771 3050 tuam

2213 3097 2454 3144 evertere
2495 3088 2733 3156 cupiunt,
2783 3103 2901 3157 quae
2948 3086 3091 3141 nulla
3150 3086 3463 3142 substantiae
3515 3085 3773 3140 firmitate

2214 3182 2530 3237 subsistunt.
2555 3180 2705 3235 Dicat
2732 3186 2875 3234 certe
2915 3168 3177 3243 diabolus,
3202 3193 3297 3233 cur
3323 3194 3409 3232 me
3437 3176 3774 3232 insaturabili

2214 3272 2397 3328 dolore
2445 3270 2817 3341 prosequitur?
2865 3269 3112 3339 Nunquid
3157 3285 3253 3339 ego
3278 3269 3351 3322 illi
3388 3268 3533 3333 dedi,
3560 3275 3622 3322 ut
3655 3266 3771 3328 tibi.

2214 3363 2459 3428 Domine,
2485 3360 2747 3432 superbus
2784 3360 3059 3425 existeret,
3078 3355 3149 3415 ‘et
3173 3360 3239 3415 de
3263 3357 3591 3415 beatitudine
3613 3356 3780 3413 collo-

2216 3464 2335 3509 cata
2353 3454 2591 3518 caderet,
2621 3468 2744 3508 cum
2767 3460 2927 3509 tanta:
2952 3452 3166 3507 virtutis
3190 3451 3417 3521 insignia
3445 3446 3779 3518 possideret?

2218 3540 2454 3596 Sulllciat
2494 3541 2591 3607 llli,
2623 3543 2766 3611 quod
2790 3557 2875 3597 me
2904 3543 2958 3596 in
2991 3542 3159 3597 Adam
3189 3538 3421 3610 perdidit
3452 3556 3465 3591 :
3502 3552 3669 3607 quare
3692 3552 3778 3590 me

2216 3634 2541 3704 quotidianis
2578 3634 2979 3703 deeeptionibus
3026 3633 3220 3702 impius
3244 3630 3599 3687 calumniator
3639 3631 3771 3685 iuse-

2217 3727 2427 3798 quitur;
2451 3733 2505 3780 et
2528 3722 2775 3782 sicut‘ille
2793 3741 2824 3780 a
2848 3724 3016 3796 gratia
3044 3730 3137 3778 tua
3170 3738 3265 3794 per
3282 3723 3491 3794 culpam
3515 3738 3666 3779 suam
3689 3738 3777 3778 ce-

2217 3817 2367 3882 cidit,
2421 3832 2509 3873 me
2535 3832 2765 3887 quoque,
2796 3824 2855 3872 ut
2899 3816 2966 3871 ab
3004 3816 3191 3882 eadem
3236 3824 3473 3886 separet,
3510 3800 3781 3884 exquirit?

2216 3905 2461 3961 Concede
2502 3905 2655 3969 mihi.
2699 3905 2937 3969 Domine,
2963 3914 3152 3960 contra
3205 3905 3414 3960 hostem
3461 3903 3769 3959 crudelissi-

2219 4008 2390 4059 mum,
2434 3992 2580 4063 pium
2608 4001 2713 4047 tuas
2748 3992 3070 4048 defensionis
3110 3992 3400 4059 auxilium;
3440 4000 3500 4045 ut
3528 3990 3667 4046 sicut
3692 3989 3780 4042 ille

2218 4085 2565 4157 fragilitatem
2605 4101 2778 4141 meam
2826 4101 2931 4140 non
2959 4086 3157 4143 desinit
3200 4085 3533 4153 impugnare,
3571 4081 3647 4135 ita
3676 4078 3782 4133 tuis

2219 4186 2443 4251 cogatur
2473 4179 2678 4235 viribus
2700 4177 2955 4235 confusus
2978 4177 3285 4232 abscedere.
3325 4173 3438 4229 Non
3467 4173 3780 4243 permittas,

2218 4267 2359 4323 bone
2382 4282 2497 4332 rex,
2522 4267 2577 4320 in
2604 4280 2690 4320 me
2712 4265 3061 4320 srevissimnm
3087 4264 3292 4318 hostem
3338 4278 3432 4317 sua
3469 4270 3595 4318 vo'ta
3634 4277 3776 4319 com-

2149 4374 2199 4434 υ
2219 4354 2387 4423 plere,
2416 4354 2508 4423 qui
2532 4360 2584 4407 te
2608 4350 2841 4422 graviter
2862 4351 3025 4433 elegit
3045 4350 3332 4407 offendere.
3364 4350 3502 4419 Quid
3527 4366 3613 4406 me
3640 4350 3781 4406 sicut

2223 4443 2308 4499 leo
2331 4442 2547 4512 rugiens
2570 4441 2779 4505 circuit,
2808 4440 2935 4511 quid
2963 4457 3047 4496 me
3069 4441 3327 4498 devorare
3346 4441 3650 4497 contendit?
3679 4437 3776 4494 Sco

2223 4535 2332 4591 mel
2370 4534 2445 4589 illi
2484 4534 2538 4589 in
2576 4535 2895 4604 baptismate
2922 4548 3076 4590 sacro
3123 4533 3447 4599 renuntiavi,
3483 4529 3648 4586 semel
3678 4528 3781 4583 tibi

2224 4622 2450 4680 Domino
2477 4622 2699 4680 credere
2722 4624 2994 4695 professus
3014 4637 3153 4678 sum.
3182 4621 3366 4677 Talem
3406 4634 3493 4674 me
3520 4625 3776 4688 perpetua

2223 4706 2545 4771 defensione
2582 4714 2814 4769 concede
2864 4710 3087 4775 servari,
3136 4708 3348 4780 qualem
3378 4722 3462 4762 me
3512 4707 3629 4763 ﬁeri
3680 4722 3779 4779 per

2223 4823 2417 4877 aquam
2482 4804 2917 4876 regenerationis,
2964 4800 3188 4856 Creator
3246 4800 3525 4865 altissime,
3570 4800 3777 4871 praesti-

2221 4896 2350 4951 tisti.
2378 4896 2445 4951 Et
2469 4896 2593 4965 quia
2640 4902 2761 4949 tuus
2798 4906 2915 4947 esse
2948 4890 3110 4959 cmpi,
3154 4888 3318 4945 alium
3366 4890 3638 4945 dominum
3684 4905 3775 4946 ne-

2220 4985 2421 5051 sciam;
2473 4992 2533 5039 ut
2584 4984 2708 5053 quia
2769 4991 2858 5033 tua
2902 4980 3072 5049 gloria
3124 4978 3429 5051 redemptus
3478 4996 3617 5046 sum,
3685 4988 3776 5035 tua

2221 5066 2468 5131 mandata
2499 5083 2550 5128 te
2594 5074 2825 5127 donante
2867 5070 3076 5125 faciam.
3119 5069 3271 5139 Quod
3299 5071 3343 5127 si
3380 5088 3465 5127 me
3496 5071 3774 5141 relinquis,

2218 5166 2399 5218 statim
2426 5162 2513 5217 ille
2542 5162 2916 5230 tergiversatur
2949 5160 3166 5237 invadit,
3191 5162 3281 5231 qui
3311 5160 3610 5217 indefessus
3640 5159 3771 5231 [Al.,

2224 5250 2541 5322 indefectus]
2572 5258 2731 5317 atque
2781 5249 3057 5317 impudens
3111 5265 3323 5319 semper
3370 5250 3594 5312 assistit,
3625 5248 3774 5302 lucra

2222 5358 2314 5395 sua
2344 5347 2663 5409 computans
2684 5340 2940 5394 humanas
2966 5340 3163 5395 ruinas.
3206 5340 3307 5406 Qui
3347 5338 3467 5393 ideo
3506 5337 3773 5391 blanditur

2222 5438 2281 5483 ut
2329 5430 2436 5501 32
2462 5427 2713 5498 decipiat,
2762 5428 2877 5483 ideo
2930 5429 3143 5500 instigat
3165 5438 3222 5483 ut
3251 5429 3497 5498 perimat.
3542 5424 3772 5480 Maxime

2223 5532 2319 5587 per
2361 5532 2553 5585 corpus
2600 5526 2837 5572 nostrum
2869 5518 3072 5574 animas
3098 5528 3307 5573 nostras
3346 5516 3563 5586 decipit,
3618 5520 3671 5566 et
3696 5510 3807 5564 ita'

2226 5621 2319 5675 per
2365 5606 2625 5662 desideria
2687 5608 2912 5663 humana
2968 5608 3289 5664 diffunditur.
3340 5615 3395 5659 ut
3443 5602 3581 5657 nulla
3635 5611 3767 5670 pcue
