4246 6208
538 293 635 350 £8!

1435 283 1815 342 LITURGICA.
1851 311 1921 323 —
1956 279 2044 334 ne
2080 273 2325 331 rsum.
2365 272 2518 364 usu.
2558 304 2628 314 —
2663 229 2841 329 ritus
2868 272 2906 330 l.

3642 274 3738 326 582

539 401 893 474 providentia,
933 402 1076 456 nullo
1103 414 1321 472 prorsus
1344 400 1566 454 consilio
1607 399 1921 454 sentiantur.
1946 393 2086 447 Lon-
2113 396 2162 454 Α
2186 389 2270 474 α’ξέ
2316 389 2665 444 τνίιιιιῑαιίοηῑε
2706 400 2833 453 ηιαό
2880 375 3190 458 ενῑμιαηιέσ
3235 387 3403 464 (PM?-
3446 392 3556 461 τίθη)
3596 412 3605 443 ε
3646 409 3742 460 tvm

537 508 662 562 gum
711 504 795 549 est
835 508 931 564 per
980 501 1174 548 cuncta
1227 491 1574 546 discurrere:
1608 489 1694 542 tali
1742 487 1862 556 quis
1905 491 2087 554 posset

487 607 496 625 ι
537 583 818 650 obsistere,
848 583 949 636 nisi
974 589 1053 646 tu,
1081 581 1320 644 Domine,
1343 578 1642 634 decreveris
1665 575 1922 632 obviare?
1950 572 2086 639 Quid

538 673 684 730 enim
727 673 856 748 mihi
886 686 990 726 non
1007 662 1190 742 potest
1219 669 1410 731 facere,
1431 667 1523 736 qui
1549 675 1601 721 te
1637 667 1690 720 in
1718 679 1839 721 meo
1861 677 2088 732 corpore

539 777 703 818 ausus
748 761 848 816 fuit
911 775 1004 831 per
1062 757 1282 815 subdola
1355 757 1778 814 machinamenta
1847 753 2088 809 tentare?

541 851 746 906 Exaudi
776 865 881 912 me,
907 864 940 904 ο
967 858 1147 904 custos
1166 847 1464 912 hominum;
1492 853 1548 900 et
1570 860 1655 900 me
1704 845 1772 898 ab
1799 844 1889 898 illo
1917 843 2089 897 indul-

541 941 722 1012 gentia
752 949 844 994 tua
879 939 1068 1004 libera,
1092 939 1183 1007 qui
1219 953 1306 995 me
1333 937 1543 993 trahere
1566 929 1754 990 nititur
1777 935 1844 989 ad
1891 935 2090 1006 gehen-

542 1044 686 1084 nam.
715 1028 848 1084 Cum
877 1027 968 1082 illo
1001 1036 1208 1097 partem
1246 1041 1350 1080 non
1378 1025 1621 1086 habeam,
1654 1032 1713 1077 ut
1756 1031 1952 1086 tecum,
1982 1021 2088 1074 Do-

542 1121 704 1186 mine,
733 1119 934 1190 possim
983 1119 1202 1191 habere.
1251 1117 1474 1172 Vindica
1528 1113 1784 1169 fabricam
1825 1121 1973 1167 tuam
2022 1113 2090 1167 ab

543 1209 655 1276 illo,
692 1209 784 1279 qui
833 1208 1077 1269 destruit.
1138 1207 1385 1261 Damnari
1431 1205 1567 1260 alios
1612 1219 1719 1260 non
1778 1203 1954 1266 faciat,
1997 1204 2091 1272 qui

542 1299 778 1368 seipsum
801 1296 1070 1352 damnavit
1108 1312 1122 1348 :
1156 1295 1248 1350 sed
1273 1290 1458 1365 potius
1475 1293 1564 1349 ille
1601 1308 1725 1348 cum
1754 1293 1866 1347 suis
1887 1301 2090 1363 pereat,

544 1387 636 1456 qui
679 1386 903 1456 perdere
953 1393 1145 1440 cuncta
1202 1384 1435 1438 festinat.
1487 1383 1567 1438 Me
1594 1398 1723 1437 vero
1755 1383 2095 1453 omnipotens

546 1474 736 1539 libera,
772 1484 829 1528 et
866 1473 1014 1544 eripe
1043 1473 1112 1528 ah
1139 1473 1292 1526 hoste
1320 1469 1527 1542 generis
1555 1470 1794 1535 humani,
1820 1476 1875 1524 et
1899 1470 2097 1540 perduc

548 1579 635 1620 me
669 1565 735 1619 ad
760 1565 948 1635 gaudia
971 1573 1190 1631 aeterna,
1231 1564 1320 1621 ubi
1363 1564 1478 1619 sine
1528 1563 1634 1618 line
1659 1563 1828 1618 lauari
1863 1577 2092 1618 merear.

547 1653 742 1710 Amen.
1008 1691 1010 1693 ›
1521 1671 1526 1674 ·
1767 1642 1775 1662 ’

1235 1743 1398 1806 VIII.

551 1807 630 1900 In
677 1839 1188 1903 tribulationibus
1219 1841 1447 1912 variis,
1484 1859 1614 1920 qua:
1650 1839 1722 1902 ab
1755 1840 2105 1903 flaminibus

639 1945 642 1948 θ
1138 1920 1516 1999 inlinuntur.

623 2025 815 2094 Invoco
837 2043 939 2104 ine,
967 2039 1044 2094 ait
1063 2036 1321 2094 Dominus
1341 2053 1439 2108 per
1458 2038 1798 2108 Prophetam,
1823 2039 1879 2093 in
1905 2038 1989 2093 die
2015 2039 2108 2092 tri-

555 2119 834 2185 bulationis
884 2145 1012 2184 mea:
1063 2128 1236 2202 [Leg.,
1298 2121 1424 2200 tute]
1476 2139 1524 2183 et
1585 2130 1804 2205 eripiam
1845 2139 1893 2184 te
1934 2128 2105 2202 (Psal.

555 2237 702 2287 χιιι,
743 2221 854 2292 15).
878 2220 1096 2278 Dulcior
1119 2221 1256 2276 lacte
1284 2228 1338 2274 et
1370 2219 1525 2275 melle
1544 2220 1624 2274 ori
1652 2230 1834 2297 nostro
1858 2221 1973 2280 haec
2001 2221 2108 2275 Do-

556 2312 685 2367 mini
708 2311 1009 2383 promissio.
1045 2310 1178 2367 Cum
1215 2325 1342 2382 ergo
1389 2309 1757 2366 tribulationes
1783 2326 1815 2365 a
1839 2310 1984 2366 falsis
2003 2312 2111 2368 fra-

557 2399 727 2454 tribus
751 2401 1002 2469 pa'timur,
1033 2401 1340 2456 invocemus
1365 2415 1503 2465 eum,
1547 2401 1639 2470 qui
1668 2417 1768 2456 nos
1809 2409 1869 2457 ut
1897 2401 2112 2456 invoce-

557 2502 677 2543 mus
716 2487 987 2543 hortatur.‘
1008 2485 1223 2548 Certum
1246 2495 1331 2543 est
1351 2489 1492 2542 enim
1521 2489 1646 2558 quia
1675 2489 1790 2543 vult
1831 2489 2105 2554 exaudire,

557 2582 650 2651 qui
683 2582 794 2637 vult
821 2582 1078 2638 invocari.
1107 2582 1164 2638 In
1211 2583 1295 2638 his
1319 2593 1446 2655 ergo
1473 2583 1648 2654 quinis
1694 2599 1944 2656 congruis
1968 2583 2112 2656 psal-

559 2675 662 2730 mis
714 2673 1006 2732 clamemus
1043 2677 1110 2731 ad
1150 2675 1432 2730 Dominum
1478 2691 1509 2730 a
1558 2675 1694 2732 facie
1741 2677 2048 2734 tribulantis
2092 2696 2103 2731 :

485 2757 489 2762 ’
558 2765 779 2822 Salvum
803 2782 882 2820 me
901 2765 1004 2837 fac,
1029 2766 1266 2831 Domine,
1290 2767 1533 2838 quoniam
1547 2767 1730 2837 defecit
1751 2778 1992 2833 sanctus;
2014 2769 2112 2823 Ju-

558 2853 703 2918 dica,
730 2853 976 2920 Domine,
994 2864 1229 2909 nocentes
1253 2871 1368 2920 me;
1388 2854 1618 2920 Exaudi,
1642 2855 1800 2921 Deus,
1826 2849 2110 2911 orationem

561 2959 751 3008 meam,
780 2952 828 2997 et
865 2960 929 2998 ne
965 2943 1253 3014 despexeris
1289 2944 1693 3014 deprecationem
1723 2961 1925 3009 meam;
1955 2944 2113 3016 Eripe

563 3031 947 3086 medeinimicis
969 3033 1116 3099 meis,
1140 3032 1274 3087 Deus
1292 3049 1464 3097 meus;
1489 3031 1702 3087 Salvum
1723 3051 1802 3088 me
1823 3035 1927 3104 fac,
1951 3033 2109 3102 Deus,

561 3124 806 3193 quoniam
837 3125 1154 3179 intraverunt
1182 3142 1329 3196 aqua:
1368 3142 1526 3197 usque
1552 3127 1619 3192 ad
1647 3128 1874 3182 animam
1901 3145 2067 3183 meam
2093 3143 2112 3181 :

566 3231 754 3286 usque,
799 3215 1060 3271 Dederunt
1088 3218 1143 3272 in
1188 3234 1306 3272 esca
1343 3233 1457 3271 mea
1491 3216 1578 3286 fet.
1608 3216 1811 3272 Caetera
1845 3235 1973 3273 vero
1997 3236 2116 3289 quae

566 3314 884 3382 sequuntur,
911 3308 1035 3375 quia
1057 3306 1401 3376 spiritualiter
1423 3305 1616 3360 Christi
1641 3305 2011 3361 interfectores
2040 3307 2118 3361 fe-

571 3395 736 3457 riunt,
774 3395 1023 3449 nolumus
1065 3403 1251 3452 contra
1296 3394 1628 3466 Cbristianos
1680 3403 1789 3447 tam
1817 3396 2116 3464 perniciosa

570 3485 850 3540 maledicta
875 3486 1090 3555 jactari.

769 3654 776 3662 ,
857 3595 1047 3651 Versus
1083 3609 1140 3651 ut
1177 3595 1351 3662 supra.
1394 3596 1633 3670 Sequitur
1659 3599 1842 3654 oratio.

640 3707 850 3764 Christe
907 3707 1146 3764 FiliDei
1188 3705 1312 3776 vivi,
1344 3709 1511 3764 virtus
1559 3718 1614 3765 et
1668 3725 1772 3766 una
1833 3710 2121 3766 indiscreta

573 3798 846 3868 majestas,
880 3799 1139 3854 orationis
1167 3814 1295 3855 meae
1317 3807 1427 3854 tota
1452 3801 1779 3866 substantia;
1808 3801 1997 3856 invoco
2028 3817 2122 3857 no—

574 3904 696 3943 men
727 3898 875 3958 tuum
930 3900 1171 3946 sanctum
1194 3908 1217 3944 .:
1243 3889 1431 3944 exaudi
1473 3906 1556 3946 me
1585 3907 1704 3946 cum
1733 3893 1892 3947 corde
1920 3893 2122 3948 luctan-

575 3985 703 4044 tem,
723 3986 778 4032 et
795 3989 1166 4047 agnoscentem
1195 3988 1408 4050 peccata
1433 3978 1746 4044 facinorum,
1769 3989 1824 4035 et
1843 3981 2123 4051 cogitatio-

576 4085 702 4124 num
732 4070 957 4124 crimina
1005 4069 1365 4125 conﬁtentem.
1411 4069 1634 4140 Frange,
1688 4069 1929 4136 Domine,
1979 4081 2124 4128 artes

577 4160 797 4228 diaboli,
851 4146 1226 4231 obrepentibus
1272 4160 1387 4215 aliis
1433 4159 1575 4214 aliud
1621 4160 1968 4230 suggerendo.
2007 4161 2121 4232 ipsa

579 4252 719 4306 enim
758 4251 1054 4306 orationem
1079 4251 1132 4304 in
1179 4249 1546 4329 alienationem
1576 4250 1826 4317 captivat.
1876 4250 2122 4320 Respice,

582 4343 824 4406 Domine,
874 4341 1136 4411 lacrymas
1201 4355 1381 4402 meas;
1437 4347 1492 4393 et
1544 4353 1663 4393 cum
1722 4339 1970 4409 lacrymm
2019 4355 2124 4394 non

581 4440 725 4495 sunt,
747 4389 1069 4500 indulgentia
1093 4439 1196 4484 tua:
1221 4429 1434 4498 pietatis
1463 4427 1697 4490 infunde.
1729 4389 1947 4482 Custodi
1970 4417 2128 4483 inme
2159 4411 2205 4470 ι)
2229 4389 2268 4443 Ρ

583 4520 976 4574 immaculatam
1006 4521 1183 4582 (idem,
1212 4533 1400 4588 meque
1421 4533 1539 4573 cum
1564 4517 1823 4587 proximis
1845 4519 1976 4573 meis
1994 4534 2132 4574 sem-

581 4621 680 4676 per
705 4609 759 4662 in
786 4623 916 4678 pace
950 4609 1269 4673 reconcilia;
1311 4608 1515 4663 fructus
1540 4616 1675 4671 tuos,
1720 4608 1873 4678 panis
1913 4624 1976 4665 ac
2000 4597 2130 4676 vini,

584 4698 802 4768 propria
847 4683 1411 4767 largitate‘distribuc.
1461 4695 1578 4751 Tibi
1625 4697 1818 4753 inclino
1845 4688 2131 4766 cervicem,

590 4790 682 4846 tibi
707 4804 875 4862 genua
917 4788 1088 4844 ﬂecto.
1126 4788 1200 4843 Te
1230 4779 1504 4869 Dominum
1533 4795 1728 4852 meum,
1753 4803 1875 4846 eum
1901 4792 1975 4846 sis
1998 4807 2135 4846 unus

586 4879 722 4951 [Αι.,
762 4880 936 4952 vivus]
961 4899 974 4946 ;
1024 4881 1078 4935 in
1108 4889 1288 4936 sancta
1318 4878 1576 4934 Trinitate
1604 4880 1879 4936 conﬁteor.
1911 4882 2136 4954 Frange,

593 4968 833 5032 Domine,
879 4979 1061 5026 contra
1109 4988 1194 5026 me
1235 4972 1470 5051 omnium
1497 4973 1833 5039 potestatem,
1877 4987 2006 5028 erue
2054 4991 2140 5031 me

591 5057 886 5128 iacentem;
916 5069 972 5114 et
987 5077 1050 5116 ea
1071 5078 1190 5132 quae
1213 5062 1424 5133 explere
1449 5078 1553 5118 non
1575 5076 1810 5134 possum,
1852 5063 2008 5132 quasi
2033 5067 2143 5121 sint

595 5148 884 5218 postulata,
913 5152 1158 5206 concede.
1187 5149 1378 5215 Amen.
1429 5173 1437 5190 ι

1310 5265 1424 5326 ΙΧ.

599 5355 913 5453 Optimum
927 5360 1293 5453 recitatione
1317 5364 1582 5453 quinque
1601 5365 1981 5453 psalmorum
2003 5372 2148 5453 post

681 5436 1139 5498 tribulationem
1185 5435 1257 5498 de
1303 5435 1622 5519 percepto-
1648 5441 1876 5520 gaudio
1912 5435 2150 5519 gratias

683 5531 879 5590 agerc.

675 5626 839 5697 Igitur
887 5639 1010 5683 cum
1058 5629 1177 5698 pius
1202 5629 1457 5686 Dominus
1481 5633 1722 5699 dixisset,
1759 5632 1944 5688 Invoco
1975 5649 2053 5687 me
2079 5634 2148 5705 _in

2186 465 2300 544 ipsa
2347 478 2622 547 ereptione
2675 494 2922 546 quzerens
2972 493 3002 530 a
3059 479 3212 533 nobis
3262 479 3431 534 laudis
3482 481 3739 540 debitum.

2184 563 2456 630 subjunxit
2494 565 2677 619 statim
2724 582 2737 618 :
2784 576 2830 618 et
2877 566 3246 634 lionoriﬁcabis
3272 584 3368 621 me.
3403 568 3538 622 llinc
3577 569 3742 622 David

2185 654 2260 707 ait
2284 669 2297 706 :
2334 653 2397 708 In
2415 669 2494 706 me
2523 663 2667 719 sunt,
2697 653 2858 719 Deus,
2882 665 3022 718 rota,
3049 657 3165 726 qua:
3187 656 3401 717 reddam
3422 657 3744 724 laudationis

2186 743 2299 796 tibi.
2362 742 2624 808 Quoniam
2685 745 2922 814 eripuisti
2973 745 3201 799 animam
3250 762 3416 800 meam
3467 747 3531 800 de
3585 759 3745 800 morte

2187 830 2360 892 (Psal.
2391 845 2478 895 LV,
2525 830 2634 902 12).
2687 831 2824 887 Hinc
2850 834 3042 887 iterum
3073 825 3207 888 dicit
3252 851 3269 888 :
3311 833 3450 899 Quia
3494 835 3663 904 fartus
3691 851 3744 888 es

2186 917 2400 986 adjutor
2420 933 2564 972 meus
2592 928 2642 972 et
2664 918 2922 988 refugium
2948 936 3154 990 meum;
3191 922 3248 974 in
3283 922 3366 975 die
3394 915 3745 986 tribulationis

2187 1022 2316 1060 mea:
2340 997 2625 1076 susceptor.
2651 1022 2795 1060 meus
2834 1007 2928 1060 tibi
2967 997 3189 1075 psallam
3235 1006 3405 1080 (Psat.
3437 1026 3588 1076 LVIII,
3635 1012 3742 1084 18).

2259 1094 2399 1165 Ergo
2418 1111 2540 1150 cum
2559 1096 2611 1149 in
2641 1098 3026 1158 teutationibus
3044 1099 3230 1163 variis,
3252 1100 3335 1155 vel
3362 1099 3616 1156 falsorum
3641 1101 3745 1156 fra-

2193 1193 2350 1249 trum,
2387 1186 2472 1240 vel
2515 1187 2850 1243 saevientium
2877 1189 3176 1244 daemonum
3202 1191 3585 1246 inciderimus:
3617 1207 3747 1246 con-

2193 1285 2275 1331 tra
2306 1277 2404 1333 hos
2429 1289 2486 1332 et
2506 1277 2626 1333 illos
2651 1279 2816 1334 divini
2841 1281 2986 1334 verbi
3006 1281 3184 1350 jacula
3210 1283 3596 1352 intorquentes,
3622 1299 3746 1339 eum

2195 1368 2319 1423 illos
2353 1368 2638 1436 defecisse,
2666 1379 2855 1426 et'nos
2894 1373 3225 1429 convaluisse
3261 1375 3570 1441 viderimus,
3625 1391 3748 1444 mox

2195 1472 2383 1527 puram
2421 1459 2601 1514 cordis
2644 1461 2814 1515 nostri
2848 1461 3215 1529 intentionem,
3248 1463 3534 1535 oculosque
3560 1475 3617 1520 et
3645 1455 3756 1520 nia-

2198 1561 2298 1600 nus
2323 1547 2391 1600 ad
2430 1546 2624 1602 cmlum
2648 1547 2911 1615 levantes,
2939 1551 2993 1604 in
3019 1567 3151 1608 voce
3193 1553 3366 1609 laudis
3386 1564 3443 1610 et
3465 1555 3756 1611 confessio—

2199 1637 2285 1690 nis
2307 1637 2685 1693 benedicamus
2717 1638 2814 1702 illi,
2838 1641 2928 1710 qui
2971 1642 3118 1696 misit
3139 1644 3206 1698 de
3232 1643 3390 1708 coelo,
3431 1654 3486 1700 et
3513 1645 3759 1700 liberavit

2135 1737 2180 1799 Β
2205 1742 2321 1793 nos,
2343 1736 2396 1783 et
2423 1727 2569 1782 dedit
2595 1729 2647 1782 in
2673 1730 3020 1799 opprobrium
3053 1732 3428 1788 conculcantes
3453 1750 3568 1789 nos.
3601 1733 3757 1789 Dica-

2205 1831 2325 1872 mus
2362 1816 2438 1871 illi
2485 1819 2830 1873 concordanti
2877 1821 3080 1875 corde:
3112 1821 3370 1877 Exaltabo
3410 1834 3480 1889 te,
3518 1823 3756 1888 Domine,

2204 1907 2447 1978 quoniam
2463 1910 2731 1979 suscepisti
2753 1926 2856 1975 me;
2881 1926 2970 1964 nec
2988 1897 3252 1966 delectasti
3268 1913 3500 1969 inimicos
3521 1931 3659 1977 meos
3674 1933 3762 1969 su-

2205 2011 2298 2066 per
2315 2010 2413 2049 me.
2431 1996 2498 2050 Et
2517 2001 2863 2068 consequenti
2886 2000 3265 2055 conscientiam
3282 2001 3446 2073 (locus
3465 2006 3762 2075 corruptus)

2207 2083 2323 2152 ejus
2350 2100 2518 2155 usque
2540 2087 2594 2140 in
2627 2087 2785 2142 ﬁnem
2810 2089 3181 2144 continuemus
3207 2091 3255 2145 ei
3281 2108 3295 2143 :
3318 2091 3626 2146 Benedicam
3655 2093 3763 2145 Do-

2208 2175 2348 2228 mino
2375 2177 2590 2229 inomni
2611 2187 2867 2248 tempore;
2890 2177 3121 2234 Jubilate
3139 2179 3244 2252 33
3266 2181 3370 2234 Deo
3393 2183 3558 2237 omnis
3580 2192 3718 2238 terra
3744 2199 3762 2235 :

2211 2267 2479 2322 Psalmum
2509 2270 2664 2324 dicite
2685 2271 2883 2326 nomini
2903 2271 3047 2342 ejus;
3074 2271 3192 2326 Nisi
3222 2274 3357 2344 quod
3383 2273 3634 2329 Dominus
3653 2285 3766 2329 erat

2210 2359 2265 2412 in
2295 2360 2463 2424 nobis,
2499 2361 2640 2414 dicat
2665 2378 2802 2416 nunc
2825 2361 3029 2426 Israel;
3055 2363 3352 2433 Conﬁtcbor
3384 2364 3498 2429 tibi,
3523 2366 3764 2429 Domine,

2210 2448 2266 2500 in
2307 2457 2412 2502 toto
2453 2449 2607 2502 corde
2655 2466 2803 2514 meo;
2831 2453 3076 2521 quoniam
3110 2452 3372 2509 exaudiui
3405 2455 3580 2507 omnia
3616 2455 3767 2508 acrba

2211 2537 2316 2588 oris
2365 2538 2484 2590 mei.
2521 2537 2814 2594 Considera
2849 2548 3047 2604 tamen,
3079 2542 3171 2612 qui
3208 2542 3358 2614 legis,
3388 2550 3443 2597 et
3483 2539 3764 2613 perspicue

2212 2625 2416 2679 videbis
2445 2626 2498 2679 in
2526 2627 2672 2681 nullo
2713 2628 3060 2698 psalmorum,
3100 2645 3259 2700 quam
3301 2632 3354 2685 in
3380 2631 3464 2686 bis
3510 2632 3764 2701 quinque,

2214 2716 2409 2770 melius
2451 2725 2574 2788 post
2645 2712 3041 2773 tribulationem
3118 2721 3184 2774 de
3240 2730 3490 2790 percepto
3555 2723 3766 2790 gaudio,

2215 2807 2456 2875 aptiusve
2483 2823 2639 2877 posse
2663 2810 2866 2877 gratias
2893 2809 3120 2864 Domino
3148 2813 3504 2881 compensari.
3547 2859 3551 2863 .

2452 2912 2577 2969 Post
2611 2914 2937 2970 Dominicam
2970 2916 3273 2974 Orationem
3307 2933 3477 2975 versus
3509 2961 3521 2977 .

2284 3027 2416 3081 Cum
2452 3028 2755 3082 invocarem
2813 3039 2884 3095 te,
2933 3032 3198 3087 exaudisti
3243 3049 3328 3087 me
3374 3034 3514 3087 Deus
3549 3035 3772 3104 justitim

2216 3135 2368 3184 mem,
2410 3119 2462 3173 in
2487 3120 2828 3175 tribulatione
2855 3121 3088 3175 dilatasti
3128 3121 3278 3176 mihi.
3317 3122 3621 3177 Conlitebor
3654 3124 3769 3188 tibi,

2218 3212 2461 3277 Domine,
2492 3211 2546 3265 in
2578 3219 2691 3265 toto
2716 3212 2875 3265 corde
2898 3227 3038 3276 meo,
3061 3212 3290 3265 narrabo
3311 3212 3488 3265 omnia
3515 3212 3774 3267 mirabilia

2217 3317 2325 3361 tua.
2356 3306 2601 3361 Lmtabor
2635 3315 2689 3359 et
2717 3306 2997 3360 exsultabo
3039 3305 3091 3358 in
3139 3314 3207 3369 te,
3241 3314 3294 3359 et
3321 3305 3543 3375 psallam
3574 3308 3777 3361 nomini

2217 3403 2330 3460 tuo,
2357 3395 2646 3450 Altissime.
2679 3394 2974 3449 Exsultavit
3004 3411 3096 3450 cor
3119 3411 3294 3450 meum
3317 3397 3369 3450 in
3401 3396 3618 3450 salutari
3646 3407 3734 3451 tuo
3760 3411 3774 3448 :

2216 3485 2443 3539 cantabo
2485 3485 2730 3550 Domino,
2759 3487 2849 3554 qui
2881 3486 3017 3540 bona
3056 3486 3240 3540 tribuit
3273 3489 3412 3542 .milii
3433 3528 3448 3553 ,
3478 3496 3529 3541 et
3559 3487 3780 3557 psallam

2219 3574 2416 3628 nomini
2432 3574 2636 3628 Domini
2651 3575 2928 3631 Altissimi.
2950 3576 3186 3631 Narrabo
3207 3593 3397 3632 nomen
3427 3587 3573 3631 tuum
3599 3577 3780 3630 fratri-

2219 3666 2319 3720 bus
2361 3667 2513 3730 meis,
2564 3667 2618 3720 in
2657 3666 2832 3722 medio
2862 3667 3113 3722 Ecclesia:
3153 3668 3378 3721 laudabo
3409 3677 3478 3722 te.
3517 3666 3776 3734 Quoniam

2220 3756 2500 3825 respexisti
2548 3756 2900 3808 humilitatem
2951 3770 3123 3809 meam
3153 3795 3167 3820 ,
3213 3759 3438 3810 servasti
3481 3758 3548 3811 de
3595 3771 3778 3812 neces-

2221 3844 2468 3899 sitatibus
2523 3845 2754 3897 animam
2818 3860 3024 3908 meam;
3073 3861 3173 3900 nec
3227 3846 3532 3902 conclusisti
3581 3864 3664 3903 me
3724 3850 3777 3903 in

2220 3949 2409 3990 manus
2464 3935 2683 3989 inimici.
2744 3936 3052 3992 Coulitebor
3092 3939 3225 4003 tibi,
3286 3939 3528 4006 Domine,
3564 3942 3616 3996 in
3675 3958 3776 3998 sa:-

2223 4028 2362 4094 cula,
2416 4028 2542 4099 quia
2591 4027 2808 4084 fecisti:
2856 4038 2911 4084 et
2966 4033 3292 4102 exspectabo
3335 4048 3527 4088 nomen
3585 4043 3777 4101 tuum,

2224 4123 2474 4191 quoniam
2544 4122 2742 4176 bonum
2816 4131 2899 4175 est
2977 4131 3103 4178 ante
3165 4134 3509 4194 conspectum
3569 4136 3781 4182 sancto-

2223 4225 2341 4263 rum
2384 4219 2616 4264 tuorum.
2659 4209 2949 4264 Protexistt
2995 4226 3079 4264 me
3120 4227 3150 4264 a
3197 4221 3455 4266 conventu
3487 4215 3777 4285 malignan-

2208 4303 2378 4366 'tium,
2433 4309 2486 4356 et
2544 4317 2574 4354 a
2633 4302 2971 4357 multitudine
3029 4305 3377 4372 operantium,
3426 4305 3778 4376 iniquitatem.

2273 4399 2514 4461 ropterca
2564 4391 2860 4446 conﬁtebor
2899 4392 2994 4445 tibi
3051 4393 3105 4447 in
3159 4391 3396 4462 populis,
3434 4392 3683 4459 Domine,
3731 4405 3788 4451 et

2232 4482 2430 4537 nomini
2455 4491 2548 4536 tuo
2577 4482 2839 4552 psalmum
2865 4484 3059 4538 dicam.
3089 4483 3229 4538 Deus
3254 4484 3309 4538 in
3338 4494 3521 4539 sancto
3548 4486 3632 4538 via
3672 4493 3782 4548 tua,

2231 4575 2352 4643 quis
2377 4575 2516 4629 Deus
2555 4588 2777 4642 magnus
2823 4575 2961 4628 sicut
2998 4575 3138 4629 Deus
3181 4575 3397 4629 noster?
3439 4574 3598 4630 Tues
3628 4573 3786 4640 Deus,
3830 4610 3834 4613 »

2233 4668 2323 4736 qui
2353 4666 2484 4722 facis
2525 4667 2789 4721 mirabilia
2819 4667 2984 4723 solus.
3033 4668 3142 4738 Ego
3179 4677 3357 4722 autem
3386 4683 3596 4737 semper
3636 4668 3692 4722 in
3731 4679 3787 4723 te

2237 4758 2466 4826 speravi,
2509 4756 2753 4821 Domine,
2795 4766 2850 4812 et
2907 4756 3154 4826 adjiciam
3211 4771 3372 4826 super
3422 4771 3635 4811 omnem
3674 4749 3789 4813 lau-

2235 4845 2355 4899 dem
2395 4853 2558 4898 tuam.
2618 4844 2742 4899 Mihi
2784 4853 2961 4904 autem
3000 4844 3272 4897 adhmrere
3326 4843 3549 4898 Domino
3594 4845 3788 4901 bonmn

2235 4942 2338 4998 est,
2370 4950 2568 5003 ponere
2593 4935 2644 4987 in
2672 4933 2894 4987 Domino
2926 4933 3034 4986 Deo
3065 4946 3215 5000 spem
3254 4945 3447 4986 meam.
3479 4933 3582 4988 Per
3604 4934 3791 5006 singu—

2235 5025 2316 5080 los
2349 5025 2462 5079 dies
2488 5025 2798 5079 benedicam
2829 5032 2899 5088 te,
2950 5031 3005 5077 et
3032 5022 3261 5079 laudabo
3301 5040 3493 5080 nomen
3540 5034 3692 5081 tuum
3736 5034 3790 5084 in

2238 5124 2516 5176 aeternum,
2564 5123 2619 5166 et
2657 5113 2710 5166 in
2738 5112 2990 5168 saeculum
3038 5114 3239 5169 saeculi.
3272 5115 3531 5183 Quoniam
3575 5125 3654 5181 tu,
3684 5117 3790 5172 Do-

2240 5204 2399 5268 mine,
2429 5202 2682 5272 adiuvisti
2712 5217 2825 5268 me,
2853 5213 2907 5259 et
2935 5206 3242 5262 consolatus
3268 5221 3328 5260 es
3355 5222 3458 5261 me.
3490 5205 3573 5260 Sit
3600 5221 3793 5264 nomen

2246 5292 2455 5347 Domini
2493 5293 2856 5360 benedictmu,
2894 5310 2960 5351 ex
2990 5297 3090 5353 hoc
3117 5313 3256 5354 nunc
3281 5307 3336 5353 et
3356 5299 3599 5374 usquein
3631 5315 3797 5356 saccu-

2248 5381 2378 5437 lum.

2915 5453 3119 5510 Oratio.

2320 5541 2664 5598 Benedictum
2710 5560 2903 5600 nomen
2946 5556 3114 5610 tuum,
3156 5545 3376 5600 Domine
3405 5544 3546 5598 Deus
3584 5551 3795 5616 patrum

2251 5639 2584 5686 nostrorum:
2612 5636 2703 5704 qui
2734 5650 2855 5690 cum
2879 5637 3045 5690 iratus
3080 5635 3244 5692 fueris
3274 5636 3692 5693 misericordiam
3721 5638 3799 5694 ta-
