4246 6196
521 352 624 407 ιεδ

1371 348 1430 401 n.
1471 302 1794 401 F..ALBI.\‘l
1830 344 1956 400 seu
1994 342 2267 400 ALCUlNl
2304 342 2585 399 orsum:
2619 342 2794 398 rans
2829 342 2913 398 iv.

3617 347 3718 404 £85

519 466 616 525 cis.
642 474 701 520 et
721 465 773 520 in
801 444 1036 535 tempore
1060 460 1422 518 tribulationis
1449 472 1671 533 peccata
1697 461 1927 517 dimittis
1962 460 2068 522 his.
2098 466 2146 523 Α
2175 475 2369 515 meam.
2395 461 2576 531 Dirige
2615 477 2701 516 me
2741 464 2795 517 in
2819 460 3044 518 veritate
3085 472 3194 529 tua,
3218 472 3271 518 et
3289 464 3421 520 doce
3441 480 3525 521 me
3557 483 3571 520 :
3595 468 3720 537 quia

520 555 610 624 qui
656 555 902 617 invocant
930 569 1122 609 nomen
1167 562 1335 608 tuum.
1370 552 1455 607 Ad
1496 561 1568 617 te,
1609 553 1851 618 Domine,
1879 552 2072 607 faciem

426 654 427 657 ‘
521 658 694 698 meam
737 648 1017 712 converto,
1047 643 1143 697 tibi
1168 636 1347 697 omnia
1390 652 1611 712 peccata
1637 658 1763 697 mea.
1788 642 2068 698 confiteor.

521 734 601 789 Tu
625 735 763 789 nosti
790 734 988 799 omnia,
1030 720 1320 806 antequam
1352 733 1501 788 ﬁant.
1538 733 1618 788 Tu
1646 735 1772 800 seis,
1809 738 1934 805 quia
1955 742 2075 804 post

523 824 841 896 baptismum
866 832 1131 896 prmcepta
1161 835 1250 879 tua
1273 826 1588 895 contempsi,
1622 834 1678 880 et
1708 826 1956 880 mandata
1982 834 2071 880 tua

521 929 625 969 non
686 914 989 978 custodiri;
1046 922 1102 966 et
1133 912 1505 983 bonnm‘quod
1542 916 1691 982 potui
1734 914 1935 979 facere,
1977 931 2075 984 per

524 1001 895 1073 negligentiam
923 1017 1026 1055 uon
1050 1000 1152 1056 feci
1178 1020 1190 1055 :
1219 1011 1275 1057 et
1300 1003 1496 1057 malum
1519 1005 1658 1071 quod
1681 1020 1785 1059 non
1815 1004 1971 1059 debui
1996 1005 2093 1059 ἴθι-⁸

523 1104 663 1153 cere,
686 1105 782 1159 per
819 1091 1097 1148 audaciam
1121 1093 1445 1163 perpetravi.
1475 1093 1541 1147 Et
1563 1109 1662 1164 per
1698 1096 2073 1165 concupiscen-

523 1179 653 1233 tiam
682 1179 850 1234 multa
881 1180 1019 1235 mala
1050 1179 1149 1235 feci
1180 1182 1233 1235 in
1260 1182 1397 1247 visu,
1428 1183 1481 1236 in
1510 1184 1717 1249 auditu,
1743 1185 1795 1239 in
1819 1194 1996 1254 gustu,
2020 1187 2073 1258 in

522 1272 828 1336 odoratn,et
848 1280 991 1327 tactu
1016 1287 1031 1326 :
1058 1273 1111 1327 in
1124 1275 1464 1344 cogitatione,
1480 1284 1533 1329 et
1554 1277 1605 1329 in
1627 1276 1913 1342 locutione,
1941 1287 1995 1333 et
2018 1279 2070 1333 in

422 1356 425 1359 ’
522 1373 703 1428 opere.
723 1360 788 1414 Et
810 1360 1017 1431 quodin
1032 1371 1371 1418 sacrosancto
1381 1366 1697 1433 baptismate
1719 1381 1899 1421 coram
1914 1382 2074 1439 ange-

525 1448 595 1504 lis
612 1457 669 1504 et
680 1452 881 1506 sanctis
900 1452 1007 1507 tuis
1025 1452 1269 1521 promisi,
1297 1469 1402 1508 non
1428 1455 1718 1521 custodiri,
1734 1458 1871 1512 sicut
1883 1459 2069 1523 debui;

523 1553 625 1594 nec
667 1540 969 1610 adimmevi,
1007 1541 1102 1595 sed
1138 1544 1450 1611 consumpsi
1484 1541 1696 1614 [Forte,
1731 1546 2071 1618 contempsi],
2126 1609 2132 1615 ,

524 1634 582 1680 et
630 1630 910 1699 praeceptis
946 1630 1052 1683 tuis
1080 1645 1185 1683 non
1218 1632 1448 1697 obedivi,
1499 1634 1638 1689 sicut
1684 1636 1841 1691 debui
1864 1648 1890 1676 ι
1924 1656 1937 1689 :
1980 1637 2073 1692 sed

524 1717 894 1786 superbiendo,
931 1717 1229 1784 irascendo,
1278 1723 1687 1789 contemnendo,
1734 1726 2067 1798 negligenda,

2171 558 2227 603 tu
2248 565 2309 604 es
2327 550 2467 606 Deus
2487 550 2740 608 salutaris
2763 567 2931 617 meus,
2951 561 3008 609 et
3025 562 3077 608 te
3104 556 3329 611 sustinui
3352 564 3468 612 tota
3493 558 3599 614 die.
3623 559 3724 616 De-

2169 641 2273 695 due
2306 656 2412 707 me,
2448 643 2670 699 Domine
2723 645 2777 698 in
2813 646 2898 698 via
2939 653 3058 709 tua;
3094 654 3149 701 et
3187 648 3548 704 ambulaboin
3582 653 3724 707 veri-

2171 738 2282 785 tate
2314 740 2423 785 tua.
2449 732 2646 788 Averte
2665 734 2847 789 oculos
2863 751 3029 800 meos,
3058 752 3124 790 ne
3150 738 3362 793 videant
3386 741 3677 798 vanitate'n
3704 783 3718 797 .

2170 818 2224 871 in
2262 818 2349 872 via
2381 828 2470 873 tua
2502 820 2711 876 viviﬁca
2736 837 2839 878 me.
2868 822 3061 895 Legem
3098 825 3226 880 mihi
3251 829 3515 884 constitue
3539 831 3595 884 in
3643 831 3721 885 via

2172 913 2278 969 tua,
2303 915 2359 962 et
2378 907 2549 978 dirige
2570 924 2656 963 me
2679 912 2731 965 in
2753 911 2994 967 semitam
3014 923 3217 969 rectam
3242 926 3459 986 propter
3479 919 3723 975 inimicos

2170 1009 2337 1050 meos.
2379 996 2556 1052 Dednc
2588 1013 2675 1053 me
2700 1000 2752 1053 in
2787 1001 3031 1056 semitam
3060 1006 3434 1063 mandatorum
3476 1017 3721 1085 tuorum,

2170 1084 2294 1153 quia
2343 1085 2513 1155 ipsam
2540 1087 2701 1151 volui.
2730 1089 2795 1143 Et
2832 1090 3195 1147 misericordia
3229 1103 3318 1150 tua
3365 1099 3724 1168 subsequatur

2168 1192 2276 1242 me,
2321 1178 2568 1234 omnibus
2594 1180 2782 1237 diebus
2819 1181 2944 1238 vita:
2982 1199 3134 1240 mete.
3164 1185 3270 1241 Sed
3304 1196 3357 1242 et
3392 1189 3569 1261 lingua
3605 1208 3723 1248 mea

2170 1266 2515 1322 meditabitur
2538 1266 2805 1337 justitiam
2850 1280 3015 1335 tuam,
3041 1280 3150 1329 tota
3182 1274 3269 1330 die
3309 1276 3520 1332 laudem
3553 1289 3719 1335 tuam.

2172 1354 2255 1409 Sit
2280 1372 2474 1410 nomen
2496 1358 2702 1413 Domini
2721 1361 3082 1437 benedictum,
3105 1378 3171 1418 ex
3194 1365 3301 1420 hoc
3318 1383 3458 1422 nunc
3477 1377 3532 1424 ct
3554 1383 3721 1440 usqm

2172 1443 2226 1498 in
2252 1445 2520 1500 saculum.

2847 1519 3048 1575 Oratio.

2241 1604 2456 1661 Gratias
2486 1608 2580 1661 tibi
2606 1623 2723 1680 ago,
2747 1611 3086 1681 omnipotens
3106 1613 3286 1680 Pater,
3312 1616 3403 1684 qui
3431 1632 3515 1671 me
3536 1618 3721 1687 digna-

2175 1705 2346 1754 tus-es
2374 1699 2426 1751 in
2464 1700 2563 1754 hac
2590 1710 2746 1755 nocte
2781 1704 3067 1759 custodire.
3097 1705 3723 1775 Deprecor’elementiam

523 1808 765 1877 proprias
806 1809 1107 1867 voluntates
1136 1810 1401 1878 faciendo,
1448 1789 1849 1881 murmurando,
1882 1789 2145 1874 'detra;B
2172 1791 2357 1853 mam’l
2402 1789 2639 1881 piissime
2680 1790 2921 1857 Domine’
2984 1801 3044 1847 ut
3095 1796 3358 1853 concedas
3398 1799 3531 1853 mihi
3577 1802 3720 1868 diem

525 1897 716 1963 bendo,
744 1898 1076 1967 dijudicando
1100 1901 1283 1970 culpas
1304 1904 1524 1957 incurri.
1555 1905 1714 1970 Deus,
1737 1914 1795 1959 tu
1816 1908 1921 1962 scis
1943 1909 2071 1963 insi-

526 1985 779 2054 pientiam
803 2002 999 2053 meam,
1020 1997 1076 2043 et
1098 1989 1287 2045 delicta
1312 2005 1427 2045 mea
1448 2006 1479 2046 a
1498 2001 1552 2046 te
1572 2008 1678 2047 non
1702 2002 1827 2048 sunt
1848 1994 2072 2051 abscon-

525 2074 655 2129 dita.
694 2075 885 2147 Aspice
910 2079 963 2133 in
995 2094 1081 2134 me
1112 2081 1451 2136 confitentem
1483 2092 1699 2152 peccata
1730 2096 1865 2141 mea"
1888 2100 2070 2141 coram

529 2172 597 2224 te.
636 2173 687 2219 et
720 2166 973 2223 miserere
1016 2170 1146 2223 mei.
1187 2169 1432 2225 Concede
1469 2173 1601 2226 mihi
1652 2175 1704 2227 in
1744 2166 2072 2231 lioesmculo

525 2270 682 2325 agerc
725 2272 906 2311 veram
931 2257 1314 2328 penitentiam,
1343 2246 1475 2318 etin
1518 2262 1698 2319 futuro
1724 2264 1949 2343 damibi
1987 2268 2097 2320 in--

528 2345 873 2415 dulgentiam,
894 2350 1019 2417 quia
1060 2358 1117 2404 tn
1157 2352 1404 2421 dignatus
1425 2369 1486 2408 es
1512 2354 1689 2411 dicere
1719 2374 1732 2409 :
1777 2355 1913 2411 Nolo
1936 2374 2074 2411 mor-

520 2432 628 2488 tem
670 2439 991 2506 peccatoris,
1017 2439 1105 2494 sed
1154 2450 1211 2494 ut
1228 2452 1555 2497 convertatur
1600 2455 1649 2499 et
1690 2447 1821 2501 vivat
1856 2446 2067 2518 (Ezech.

525 2539 715 2589 sum,
758 2526 865 2597 ll).
911 2526 1129 2583 Etl‘unde
1149 2544 1308 2600 super
1328 2548 1414 2587 me
1436 2532 1874 2590 misericordiam
1901 2545 2067 2602 tuam,

526 2622 582 2667 et
606 2615 809 2670 dimitte
829 2617 1004 2689 omnia
1029 2628 1249 2685 peccata
1276 2635 1413 2686 mea,
1440 2637 1562 2691 qua:
1594 2624 1916 2678 conscientia
1955 2639 2073 2678 mea

529 2701 740 2766 metuit,
773 2710 829 2757 et
862 2702 1029 2771 adjice
1049 2705 1190 2773 quod
1214 2708 1389 2763 oratio
1425 2725 1533 2764 non
1571 2711 1861 2779 praesumit.
1910 2712 1975 2766 Et
2007 2713 2073 2767 da

516 2790 657 2865 mihi
687 2795 1138 2863 perseverantiam
1169 2796 1221 2849 in
1254 2796 1410 2853 bonis
1436 2790 1705 2868 operibus,
1744 2808 1807 2855 ut
1842 2809 1895 2857 te
1917 2802 2077 2857 mise-

529 2888 680 2933 rante
709 2883 985 2950 pervenire
1022 2898 1230 2940 merear
1253 2887 1321 2940 ad
1342 2887 1566 2957 gloriam
1592 2891 1740 2962 regni
1763 2891 1859 2957 tui,
1893 2889 2062 2946 Salva-

529 2975 615 3021 tor
637 2971 851 3034 mundi,
883 2972 972 3040 qui
999 2973 1131 3029 vivis
1149 2984 1204 3028 et
1228 2990 1419 3047 regnas
1439 2978 1491 3031 in
1515 2980 1706 3042 saecula
1736 2982 2067 3037 saeculorum.

531 3058 719 3113 Amen.

1275 3136 1353 3196 X.

532 3224 713 3301 Quod
738 3229 887 3311 satis
916 3229 1012 3311 sit
1032 3230 1180 3311 utile
1202 3236 1539 3311 pmvcnire
1574 3238 1900 3299 Dominum
1927 3258 2076 3300 ora-

827 3307 1105 3368 tionibus
1133 3307 1367 3390 infipso
1398 3311 1529 3376 dici
1550 3316 1757 3378 initio.
1888 3322 1894 3327 ’

554 3473 566 3485 ,
595 3423 795 3480 Doceat
848 3443 945 3483 nos
1001 3433 1169 3509 sancti
1229 3437 1501 3506 prophetae
1559 3440 1671 3495 suis
1730 3441 2076 3498 imitabilibns

530 3513 807 3583 exemplis,
842 3521 1131 3584 prmvenire
1153 3521 1343 3579 faciem
1380 3526 1589 3583 Domini
1624 3546 1783 3586 mane
1820 3533 2076 3589 orationi-

528 3603 629 3658 bus
663 3608 876 3661 nostris.
917 3608 984 3663 Et
1008 3609 1171 3667 David
1194 3614 1432 3683 quidem,
1462 3616 1637 3683 Hane,
1666 3621 1839 3690 inquit
1867 3624 1936 3678 ad
1974 3624 2075 3679 Do-

529 3695 753 3760 minum,
778 3698 945 3751 oratio
972 3716 1084 3753 mea
1109 3705 1381 3771 praveniet
1404 3714 1453 3759 te
1478 3704 1647 3777 (Psal.
1692 3726 1928 3777 unm,
1966 3713 2071 3785 ﬂ).

526 3782 692 3841 Isaias
709 3795 885 3841 autem
907 3789 985 3843 sic
1012 3807 1025 3843 :
1063 3789 1250 3846 Anima
1275 3810 1387 3848 mea
1412 3794 1721 3852 desideravit
1740 3809 1790 3853 te
1813 3801 1869 3855 in
1890 3782 2038 3856 nocte
2056 3819 2074 3856 :

531 3875 619 3955 sed
641 3877 695 3931 in
721 3879 905 3947 spiritu
932 3896 1063 3945 meo,
1096 3884 1151 3936 in
1176 3886 1475 3954 praecordiis
1514 3889 1640 3944 meis
1666 3889 1731 3944 de
1771 3907 1921 3946 mane
1956 3894 2077 3963 rigi-

528 3963 646 4017 labo
669 3967 739 4019 ad
756 3976 803 4020 te
833 3967 986 4037 (Iani.
1031 3987 1180 4038 xxvr,
1204 3973 1285 4045 9).
1306 3974 1443 4029 Cum
1472 3977 1559 4033 his
1584 3994 1713 4050 ergo
1751 3982 1924 4037 tribus
1948 3999 2076 4039 con-

530 4054 921 4123 gruentissimis
947 4058 1164 4141 psalmis
1185 4062 1366 4131 vigilet
1395 4064 1461 4118 ad
1487 4064 1771 4124 Dominum
1795 4058 1947 4126 mane
1968 4075 2076 4143 spi-
2096 4101 2109 4108 ~

531 4143 667 4197 ritus
696 4160 862 4207 meus.
895 4162 1217 4217 oremusque
1239 4152 1292 4205 in
1321 4162 1438 4207 ortu
1465 4159 1729 4227 surgentis
1751 4175 1986 4227 aurorae;
2020 4172 2077 4217 ut

531 4246 565 4285 a
600 4231 717 4287 luce
752 4235 923 4303 prima
951 4237 1003 4291 in
1027 4229 1301 4309 vesperam
1327 4244 1434 4299 sint
1460 4246 1599 4300 oculi
1626 4246 1741 4315 ejus
1784 4250 1892 4325 36
1916 4266 2077 4321 super

527 4326 648 4385 nos,
674 4331 729 4375 et
774 4339 930 4380 aures
967 4326 1081 4394 ejus
1113 4330 1179 4384 ad
1229 4346 1415 4400 preces
1453 4345 1659 4391 nostras
1696 4354 1709 4390 :
1763 4351 2076 4411 nostrosque

530 4410 723 4489 dirigat
758 4429 972 4484 gressus
1009 4418 1062 4470 in
1101 4420 1241 4474 viam
1268 4424 1434 4490 pacis,
1477 4433 1535 4479 ut
1572 4428 1771 4498 absque
1807 4432 1953 4488 omni
1989 4410 2075 4487 er-

532 4512 713 4558 rorum
757 4505 1009 4560 seandalo
1044 4511 1394 4579 gradientes,
1416 4530 1519 4568 non
1563 4516 1865 4575 dominetur
1906 4524 2073 4578 nostri

529 4593 707 4647 omnis
727 4593 1000 4661 iniustitia.
1033 4598 1139 4652 Hos
1158 4614 1284 4667 ergo
1306 4616 1557 4656 canamus
1578 4603 1631 4656 in
1657 4604 1771 4674 ipso
1793 4592 1894 4661 diei
1923 4609 2073 4665 initio

530 4682 799 4752 psalmos;
845 4682 1009 4739 Verba
1052 4703 1183 4741 mea.
1238 4686 1469 4746 διαπιαυὶ
1505 4692 1561 4746 in
1599 4702 1701 4748 toto
1741 4696 1893 4750 corde
1921 4714 2031 4753 meo
2054 4740 2067 4765 ,
2108 4676 2121 4699 ’

530 4773 720 4825 exaudi
767 4788 864 4837 me,
908 4773 1145 4841 Domine,
1191 4793 1358 4847 usque
1393 4798 1405 4833 :
1436 4779 1501 4834 In
1549 4778 1795 4845 (sternunt
1838 4787 2070 4855 fundasti

449 4887 453 4891 ν
530 4879 674 4928 eam;
696 4864 938 4936 Domine,
964 4868 1155 4919 exaudi
1193 4871 1475 4922 orationem
1516 4888 1701 4945 meum,
1726 4877 1937 4932 auribus
1956 4896 2071 4949 per-

530 4953 639 5021 cipe
666 4954 1067 5009 obsecrationem
1099 4972 1283 5010 meam.

698 5110 703 5115 ν
762 5061 896 5116 Post
933 5065 1257 5120 Dominicam
1296 5064 1594 5124 Orationem
1633 5088 1836 5127 versus.

594 5150 862 5207 Conserva
889 5170 992 5219 me,
1014 5156 1256 5223 Domine,
1280 5161 1528 5226 quoniam
1549 5162 1603 5217 in
1624 5170 1676 5218 te
1698 5166 1935 5234 speravi;
1961 5165 2072 5221 dixi

524 5234 767 5302 Domino,
803 5238 943 5293 Deus
978 5258 1125 5297 meus
1170 5260 1228 5299 es
1260 5254 1335 5309 tu,
1373 5249 1623 5315 quoniam
1666 5251 1927 5308 bonorum
1967 5271 2071 5309 non

525 5342 669 5395 eges.
706 5330 956 5382 Auditam
989 5330 1070 5384 fac
1097 5333 1225 5386 mihi
1263 5350 1418 5391 mane
1445 5338 1863 5394 misericordiam
1900 5351 2071 5408 tuam,

527 5418 648 5483 quia
677 5420 727 5471 in
761 5428 814 5473 te
837 5420 1065 5487 speravi,
1096 5419 1331 5476 Domine.
1376 5424 1568 5479 Notam
1600 5430 1728 5482 mihi
1756 5430 1839 5484 fac
1858 5433 1997 5505 viam
2018 5434 2071 5486 in

527 5520 631 5571 qua
664 5507 947 5573 ambulem,
974 5508 1099 5577 quia
1141 5508 1207 5562 ad
1238 5519 1307 5574 te,
1347 5511 1584 5580 Domine,
1630 5518 1799 5572 levavi
1840 5522 2071 5575 animam

2097 3125 2147 3186 C

2170 1886 2452 1932 venturum
2492 1879 2568 1933 sic
2602 1895 2857 1952 peragere
2882 1882 2934 1937 in
2980 1892 3070 1939 tuo
3100 1895 3284 1941 sancto
3317 1889 3558 1953 servitio,
3601 1907 3722 1946 cum

2170 1967 2468 2022 humilitate
2503 1976 2557 2022 et
2599 1970 2955 2039 discretione,
2996 1974 3225 2043 qualiter
3264 1977 3358 2031 tibi
3400 1980 3726 2050 eomplaeeat

2171 2056 2401 2110 servitus
2428 2064 2609 2131 nostra
2639 2076 2651 2112 :
2690 2068 2744 2113 et
2762 2071 2957 2129 praesta
3005 2062 3133 2117 mihi
3177 2064 3334 2119 hodie
3361 2082 3484 2121 cum
3520 2084 3725 2127 summa

2170 2150 2424 2222 patientia
2462 2151 2556 2206 tibi
2589 2162 2798 2223 gratum
2822 2154 3073 2211 exhibere
3122 2158 3418 2213 servitium.
3456 2160 3686 2218 Immitto
3709 2204 3725 2228 ,

2170 2254 2373 2310 quaso,
2413 2228 2656 2308 Domine,
2698 2244 2944 2314 angelum
2983 2253 3131 2299 tuum
3168 2247 3221 2300 in
3247 2241 3722 2315 circuitu'nostro,

2170 2339 2225 2385 et
2259 2331 2406 2402 eripe
2442 2347 2540 2386 nos
2577 2334 2644 2388 ab
2683 2334 2879 2402 impiis,
2915 2334 3005 2404 qui
3042 2335 3093 2389 in
3142 2336 3368 2392 circuitu
3406 2340 3721 2405 ambulant;

2171 2431 2231 2477 ut
2265 2422 2405 2477 viam
2430 2424 2800 2480 mandatorum
2839 2436 3047 2481 tuorum
3078 2428 3276 2499 absque
3301 2432 3445 2486 omni
3481 2448 3725 2505 errorum

2172 2514 2425 2567 seandalo
2461 2512 2718 2569 inoffenso
2752 2516 2886 2584 pede
2912 2512 3455 2588 currere'valeamus,
3494 2538 3593 2594 per
3626 2524 3727 2583 Do-

2171 2605 2374 2658 minum
2410 2613 2650 2660 nostrum
2684 2605 2865 2662 Jesum
2901 2608 3194 2663 Christum.
3232 2610 3425 2667 Amen.

2171 2809 2334 2899 Laus
2365 2810 2593 2899 psalmi
2620 2812 2869 2899 VII.
2907 2719 3142 2899 εἴξαἱᾴ
3173 2834 3211 2874 a
3235 2816 3409 2899 nobis
3435 2814 3727 2899 «frequen-

2252 2887 2507 2950 tandum
2540 2891 2621 2950 sit
2651 2893 2847 2969 [ch.,
2876 2901 2927 2952 et
2975 2887 3140 2973 άτιοά
3172 2912 3210 2952 α
3236 2895 3414 2956 nobis
3436 2887 3727 2977 frequen-

2255 2965 2480 3027 tandus
2507 2967 2635 3045 ait].
3146 3006 3173 3011 -ν

2255 2977 2480 3027 lendus
2508 2977 2635 3029 sit].
3146 3006 3173 3011 -ν

2243 3085 2371 3157 Legi
2394 3095 2650 3161 praeterea
2685 3091 2740 3145 in
2762 3090 3033 3160 cujusdam
3059 3096 3304 3151 monachi
3327 3097 3551 3161 visione,
3588 3101 3731 3168 quod

2178 3175 2246 3229 ab
2283 3176 2470 3246 angelo
2503 3178 2635 3234 lucis
2669 3181 2896 3237 sollicite
2914 3183 2982 3236 sit
3017 3176 3337 3249 admonitus,
3375 3196 3434 3241 ut
3466 3189 3727 3257 psalmum

2176 3268 2526 3325 centesimum
2545 3278 2789 3325 octavum
2833 3272 3118 3339 decimum,
3148 3274 3201 3330 id
3241 3284 3343 3341 est,
3375 3277 3523 3331 Beati
3546 3280 3730 3333 imma-

2176 3358 2366 3425 culati,
2409 3351 2464 3415 in
2498 3376 2604 3431 quo
2642 3363 2860 3418 moralis
2894 3364 3065 3420 virtus
3101 3366 3441 3439 describitur,
3480 3384 3619 3440 saepe
3673 3370 3727 3424 in

2175 3454 2415 3504 oratione
2464 3460 2749 3521 repeteret.
2788 3453 2854 3509 Et
2891 3469 3077 3510 revera
3114 3456 3256 3511 idem
3304 3457 3530 3514 diversis
3566 3459 3728 3529 spiri-

2177 3539 2408 3593 tualibus
2440 3539 2710 3595 confertur
2745 3543 3047 3608 virtutibus,
3104 3554 3164 3599 ut
3208 3547 3258 3600 si
3298 3546 3476 3603 nullus
3513 3549 3726 3604 adesset

2176 3629 2333 3695 alius,
2376 3629 2429 3683 in
2451 3632 2690 3687 oratione
2709 3634 2853 3689 solus
2879 3624 3162 3690 sulliceret.
3189 3637 3403 3707 Absque
3438 3641 3579 3695 enim
3601 3656 3726 3711 pro-

2172 3722 2366 3790 phetize
2399 3724 2694 3803 mysteriis,
2734 3726 2910 3780 omnia
2946 3727 3350 3821 humanm/vitae
3385 3730 3688 3786 necessaria
3708 3773 3723 3795 ,

2177 3826 2295 3880 quae
2328 3812 2381 3865 in
2419 3799 2629 3869 caeteris
2661 3816 2878 3887 psalmis
2914 3800 3071 3875 latius
3105 3799 3497 3886 describuntur,
3532 3822 3591 3877 iu‘
3610 3822 3729 3880 isto

2174 3900 2317 3954 velut
2354 3902 2409 3956 in
2442 3904 2668 3972 quodam
2701 3904 2903 3963 feréulo
2938 3918 3189 3978 congesta
3217 3909 3369 3965 nobis
3403 3911 3720 3967 oll'eruutnr.

2175 3989 2315 4061 Ergo
2359 3990 2512 4061 juxta
2561 3993 2784 4064 angelici
2819 3998 3050 4051 numinis
3103 3993 3314 4055 salubre
3366 3990 3720 4071 praeceptum,

2175 4096 2454 4151 quousque
2486 4082 2611 4139 huic
2632 4084 2839 4140 mortali
2873 4088 2993 4141 vitae
3030 4082 3314 4147 terminum
3352 4090 3556 4156 demus,
3584 4092 3725 4151 hunc

2174 4170 2459 4240 singularis
2492 4172 2733 4235 beneﬁcii
2768 4173 3026 4243 psalmum
3060 4174 3247 4231 diebus
3277 4178 3509 4255 singulis
3531 4182 3725 4236 docan-
3774 4188 3775 4191 “

2174 4266 2365 4313 temus.
2387 4319 2391 4323 ,
2452 4284 2473 4327 ο,
2829 4268 2834 4277 ’

2223 4346 2377 4411 ,Ροει
2415 4350 2575 4424 Kyrie
2611 4352 2829 4417 eleison,
2866 4364 2912 4407 et
2950 4352 3249 4411 Orationem
3280 4359 3727 4425 Dominicam,di-

2103 4474 2150 4535 υ
2174 4453 2359 4497 cantur
2392 4461 2565 4499 cerrus
2602 4448 2906 4517 supradicti.

2846 4554 3049 4610 Oratio.

2247 4638 2339 4694 Pie
2370 4641 2685 4697 exaudibilis
2720 4642 2942 4699 Domine
2973 4644 3096 4702 Jesu
3135 4646 3377 4716 Christe,
3415 4654 3604 4708 exaudi
3637 4669 3724 4710 mo

2175 4726 2597 4795 indignissimum
2625 4725 2959 4799 peccatorem
2990 4736 3371 4805 supplicantem
3392 4781 3406 4805 ,
3431 4756 3528 4810 per
3559 4742 3725 4801 inter—

2173 4825 2386 4876 ventum
2422 4827 2476 4872 et
2510 4820 2757 4874 meritum
2793 4822 2962 4878 beata:
2998 4834 3049 4877 et
3088 4824 3329 4896 gloriosa:
3364 4844 3575 4899 semper
3610 4830 3721 4884 vir-

2173 4906 2309 4977 ginis
2346 4907 2523 4963 Μαι-ἰδέ
2560 4910 2832 4978 genitricis
2875 4921 2998 4976 tuae,
3037 4923 3091 4968 et
3127 4918 3362 4989 omnium
3402 4919 3595 4973 civium
3633 4934 3722 4975 su-

2172 5011 2477 5064 pernorum.
2534 4998 2783 5053 Ecclesia:
2839 5008 2943 5056 tua:
2980 5014 3197 5059 sancta:
3233 5008 3506 5061 catholicze
3560 5008 3719 5066 ﬁdem

2178 5098 2329 5154 auge,
2383 5099 2566 5153 pacem
2607 5088 2778 5143 tribue
2828 5106 2977 5161 papa:
3036 5101 3218 5147 nostro
3258 5094 3332 5157 il.,
3371 5085 3721 5170 episcopoque

2177 5181 2360 5226 nostro
2398 5174 2477 5237 il.,
2517 5176 2695 5230 abbati
2729 5190 2913 5232 nostro
2946 5180 3029 5244 il.,
3066 5190 3120 5234 et
3154 5186 3296 5238 omni
3336 5186 3459 5239 huic
3494 5202 3713 5256 congre-

2179 5263 2406 5331 gationi;
2444 5266 2769 5333 principibus
2807 5283 3015 5337 quoque
3052 5274 3266 5338 nostris,
3293 5270 3716 5346 consanguineis.

2176 5351 2502 5416 parentibus,
2541 5362 2597 5405 et
2622 5363 2707 5407 tua
2744 5356 2870 5409 mihi
2909 5360 3165 5416 cliaritate
3198 5364 3522 5430 conjunctis;
3553 5368 3714 5425 etiam

2177 5453 2286 5491 sua
2332 5442 2488 5495 nobis
2521 5458 2739 5498 munera
2771 5446 3155 5517 largientibus,
3190 5452 3637 5521 persequentibus
3665 5454 3718 5511 et

2176 5528 2619 5589 calumniantibus
2643 5552 2741 5591 nos
2759 5554 2771 5566 υ
2812 5540 3076 5606 omnibus,
3111 5542 3201 5611 qui
3236 5554 3333 5613 pro
3358 5547 3510 5604 nobis
3533 5550 3717 5621 implo-

600 5620 1155 5734 ἓὲιξηξάὲξίωξοιοη.
1200 5631 1511 5734 «Ἀξεξαιςμιορ
1566 5644 1716 5734 ἀξξ
1740 5649 2138 5734 sacrosanctum
2166 5646 2342 5703 altare
2378 5652 2565 5709 coram”
2598 5661 2647 5707 te
2703 5664 2757 5709 et
2807 5659 2986 5710 coram
3041 5659 3241 5728 angelis
3296 5665 3631 5734 promisi....;
3660 5678 3716 5721 et

521 5698 788 5763 precepto
825 5696 1019 5764 prioris
1056 5716 1159 5755 non
1198 5696 1407 5757 obedivi
1448 5704 1585 5757 sicut
1620 5696 1796 5772 debui,
1834 5718 1938 5763 etc.
1992 5730 2010 5761 ι
