4246 6206
478 308 585 365 λεδ

1344 317 1729 408 LlTURGlCA.
1762 357 1830 369 —-
1869 330 1956 387 DE
1992 332 2236 390 PSALM.
2281 334 2439 395 L'SU.
2476 372 2542 382 -
2575 344 2754 399 PARS
2793 348 2830 402 l.

3540 361 3702 433 ass

482 436 601 482 '3'"
635 437 883 501 “nam
914 445 1105 486 nomen
1152 441 1321 502 mmo
1362 438 1443 493 νει
1469 442 1560 510 «ιυί
1589 457 1686 512 PFO
1721 459 1781 499 δε
1817 461 1916 500 "05
1939 446 2110 509 Illi-'A
2136 457 2221 515 Ius
2242 453 2296 507 in
2324 456 2537 511 saecula.
2564 458 2881 520 Benedictus
2898 480 2980 533 es,
3010 470 3101 538 qui
3125 471 3348 528 intueris
3373 475 3615 546 abyssi».
3643 489 3699 533 et

482 514 627 546 ...μέ
664 520 800 546 --.με
839 530 980 546 ιη-..
1024 524 1353 546 -1-..Α...ξ-,.,
1403 543 1415 546 λ
1535 530 1565 546 ιο
1800 534 1815 546 ι
2000 544 2005 546 _
2220 544 2229 546 _

479 514 630 575 seros
662 520 803 591 apud
839 530 985 585 tuam
1018 524 1361 581 clementiam
1398 530 1696 599 supplicare
1732 534 2032 589 voluerunt.

479 606 643 663 Nobis
692 624 904 681 quoque
955 613 1328 682 peccatoribus
1365 619 1736 676 remissionem
1771 630 1827 678 et
1864 623 2039 678 indul-

479 701 710 770 gentiam
752 703 928 758 tribue
964 705 1203 759 omnium
1249 715 1609 776 peccatorum,
1641 710 1868 767 infirmis
1893 713 2039 769 salu-

480 798 609 855 tem,
649 791 813 861 lapsis
849 795 1262 863 reparationem,
1302 798 1444 852 aeris
1481 800 1911 856 commoditatem
1942 818 2040 856 na-

478 879 797 950 vigantibus,
837 892 891 937 et
927 884 1303 943 itincrantibus
1355 888 1457 942 iter
1492 904 1805 959 prospermn
1848 907 1914 947 ac
1949 907 2038 947 sa-

478 965 602 1021 lutis
640 979 871 1037 portum,
914 972 1182 1028 tribulatis
1217 976 1485 1044 gaudium,
1524 980 1794 1049 oppressis
1832 972 2035 1036 releva-

486 1056 721 1124 tionem,
752 1062 977 1130 captivis
1004 1103 1019 1127 ,
1056 1064 1279 1132 vinetis,
1319 1078 1373 1121 et
1407 1070 1703 1141 peregrinis
1758 1072 2031 1129 remissio-

476 1160 620 1210 nem,
655 1150 1063 1217 absolutionem,
1102 1155 1169 1210 ad
1205 1157 1465 1225 patriam,
1507 1162 1868 1217 reversionem
1908 1178 2033 1232 pro-

473 1236 638 1304 pitius
672 1241 924 1295 concede.
958 1240 1147 1298 Amen.
1184 1245 1445 1316 Angelum
1481 1255 1630 1303 tuum
1666 1260 1911 1305 sanctum
1936 1267 2031 1305 no-

475 1325 559 1383 bis
594 1327 682 1383 hic
719 1337 775 1383 et
806 1330 1002 1401 ubique
1040 1332 1237 1405 largire
1274 1338 1545 1392 custodem
1582 1345 1636 1392 et
1670 1339 2024 1403 defensorem,

474 1424 713 1474 mutuam
748 1418 1176 1479 discordantibus
1210 1426 1881 1493 cbaritatevn,.intidelibus
1936 1447 2027 1486 ve-

473 1517 589 1556 ram
638 1503 816 1573 lidem,
871 1509 977 1580 35
1033 1512 1296 1569 defunctis
1328 1518 1639 1584 parentibus
1675 1520 1894 1588 nostris,
1935 1536 2037 1590 pas

473 1588 660 1658 tribus,
698 1596 973 1666 fratribus,
1008 1615 1100 1656 seu
1120 1604 1368 1660 omnibus
1396 1607 1450 1660 in
1474 1615 1564 1661 tua
1602 1606 1705 1662 fide
1741 1588 2017 1679 quiescen-

470 1680 610 1737 tibus
647 1682 1022 1757 indulgentiam
1056 1691 1233 1747 tribue
1267 1695 1599 1750 delictorum;
1633 1695 1802 1752 Amen
1831 1708 1877 1752 α.

1170 1800 1312 1861 XII.

465 1887 869 1982 Lausﬁgmni
895 1894 1103 1982 trium.
1122 1914 1455 1982 puerorum
1482 1946 1497 1971 ,
1532 1911 1583 1961 et
1625 1903 1791 1982 quod
1818 1906 1884 1965 in
1912 1908 2025 1968 Dei

506 1965 684 2027 laude
700 1965 1141 2050 frequentanda
1163 1977 1329 2055 [Leg.
1342 2022 1359 2050 ,
1382 1965 1880 2059 ft‘eqztcntandus]
1900 1965 2017 2048 «sit;

533 2074 755 2154 Oportet
797 2104 895 2143 nos
930 2102 1171 2148 sanctum
1211 2096 1409 2151 imitari
1461 2097 1783 2169 Prophetam
1837 2103 2021 2160 dicen-

465 2179 571 2227 tem
601 2192 616 2227 :
652 2174 960 2235 Benedicam
1004 2176 1222 2237 Domino
1261 2186 1315 2238 in
1364 2189 1505 2241 omni
1543 2198 1789 2261 tempore,
1823 2203 2033 2265 semper

463 2260 583 2316 laus
629 2265 743 2334 ejus
780 2267 835 2320 in
872 2285 961 2323 ore
1002 2287 1114 2324 meo
1164 2272 1333 2344 (Psal.
1391 2292 1583 2344 XXXIII,
1618 2282 1696 2351 2).
1744 2282 1809 2337 Et
1847 2260 2016 2342 illud:

463 2350 531 2404 In
559 2356 699 2408 omni
740 2354 853 2410 loco
904 2360 1271 2418 dominationis
1314 2366 1426 2435 ejus
1463 2368 1671 2424 benedic
1694 2375 1869 2427 anima
1905 2394 2019 2432 mea

462 2440 741 2500 Dominum
790 2447 962 2519 (Psal.
1001 2467 1095 2518 cu,
1125 2453 1236 2527 22).
1291 2455 1357 2510 Et
1390 2457 1434 2512 si
1478 2458 1617 2514 Deus
1646 2463 1845 2533 ubique
1872 2476 2017 2523 recte

462 2534 701 2589 creditur
728 2552 866 2603 esse,
896 2544 1145 2598 omnibus
1179 2560 1301 2601 eum
1350 2547 1481 2604 locis
1520 2552 1783 2609 dominari
1829 2560 2017 2615 rectis-

460 2626 595 2681 sime
618 2629 957 2685 confitemur.
997 2634 1381 2695 Benedicamus
1403 2658 1531 2711 ergo
1550 2643 1600 2699 ei
1629 2644 1682 2699 in
1708 2649 1851 2701 omni
1884 2660 2018 2704 tem-

459 2732 607 2786 pore,
631 2721 721 2789 qui
752 2737 848 2777 nos
891 2724 943 2777 in
969 2728 1115 2781 omni
1138 2728 1256 2785 loco
1288 2738 1342 2785 et
1376 2733 1427 2787 in
1467 2737 1883 2811 omnitempore
1929 2759 2009 2797 re-

456 2809 567 2882 git;
599 2812 689 2879 qui
721 2828 816 2867 nos
841 2815 1043 2871 creavit
1062 2827 1117 2872 et
1145 2825 1424 2891 recreavit,
1453 2829 1687 2883 custodit
1729 2809 1783 2885 et
1810 2835 2012 2901 nutrit;

456 2896 510 2951 in
541 2914 650 2967 quo
672 2901 919 2968 vivimus,
963 2914 1017 2959 et
1048 2922 1342 2977 movemur,
1368 2912 1423 2968 'ct
1449 2930 1652 2972 sumus.
1683 2919 2015 2993 Quapropter

454 3004 559 3043 una
589 3005 750 3062 parva
770 3000 824 3046 et
844 3008 1033 3065 magna
1058 2996 1172 3051 laus
1200 3014 1411 3069 semper
1513 3020 1607 3061 ore
1630 3019 1814 3063 nostro
1826 3025 2013 3066 verse-

458 3087 546 3131 tur
572 3096 587 3133 :
617 3080 670 3133 in
700 3095 804 3150 qua
830 3084 1005 3139 omnis
1032 3097 1275 3144 creatura
1296 3106 1393 3160 per
1414 3108 1580 3163 genus
1605 3105 1659 3151 et
1686 3100 1915 3168 speciem
1943 3102 2010 3159 ad
2035 3128 2082 3192 ρ
2112 3080 2366 3186 ξιίιξηωξη
2405 3134 2461 3203 fa

458 3168 661 3203 Ιηηιιωη
680 3175 937 3203 “magna-
968 3177 1215 3203 ι...-....---
1260 3183 1320 3203 π.
1352 3200 1410 3203 μ,
1433 3201 1444 3203 _
1488 3202 1499 3203 γ
1543 3187 1556 3203 ι
1702 3191 1733 3203 ..
1773 3191 1784 3203 .
1926 3194 1937 3203 .

455 3168 663 3226 laudem
680 3175 940 3230 creatoris
968 3177 1232 3235 hortatur.
1259 3183 1325 3238 Et
1348 3200 1453 3240 non
1481 3187 1653 3243 solum
1683 3191 1872 3248 diebus
1895 3194 2005 3249 sin-

450 3258 609 3328 gulis,
643 3262 738 3317 sed
781 3272 838 3317 et
873 3280 1123 3336 vespere,
1148 3285 1303 3327 mane
1340 3283 1395 3328 et
1420 3277 1665 3344 meridie,
1694 3280 1803 3335 imo
1833 3281 2009 3353 singu-

452 3342 545 3404 lis’
566 3350 864 3419 quibusque
913 3355 1060 3411 horis
1110 3358 1214 3414 diei
1240 3400 1255 3424 ,
1310 3370 1421 3418 tota
1473 3342 1658 3421 cordis
1714 3342 2008 3428 intentione

453 3454 569 3493 eam
602 3440 829 3496 Domino
865 3443 1170 3502 offeramus.
1201 3449 1325 3513 Hac
1349 3468 1578 3528 namque
1601 3460 1850 3515 omnibus
1881 3462 2007 3518 'lau-t

454 3528 607 3584 dibus
633 3528 970 3597 laudabilior,
1016 3543 1070 3589 et
1113 3535 1221 3591 Deo
1250 3530 1372 3608 'prze
1419 3543 1669 3605 omnibus
1701 3548 2001 3605 amabilior.

456 3614 829 3691 llzec'uamque
851 3633 934 3679 est
955 3624 1042 3680 illa
1083 3628 1365 3703 singularis
1391 3632 1529 3700 laus,
1556 3651 1661 3705 qua
1692 3652 1792 3694 nos
1816 3638 2002 3695 lauda-

415 3723 419 3727 '
451 3727 587 3776 mus,
620 3712 773 3769 melle
795 3723 848 3769 et
876 3715 996 3772 favo
1024 3718 1230 3775 dulcior
1259 3721 1520 3793 :hymnus
1544 3727 1809 3794 videlicet,
1842 3747 2002 3802 quem

452 3811 560 3858 tres
589 3804 699 3860 Deo
726 3806 907 3863 dilecti
943 3811 1117 3879 pueri,
1151 3811 1290 3868 inter
1315 3815 1521 3872 medias
1546 3818 1738 3876 edaces
1758 3819 2004 3880 ﬂammas

450 3894 801 3963 tripudiantes
834 3899 1178 3971 luserunt,tid
1206 3914 1288 3961 est
1307 3924 1319 3960 :
1338 3902 1630 3965 Benedicite
1649 3914 1824 3967 omnia
1846 3930 2002 3984 opera

446 3980 658 4037 Domini
693 3985 939 4044 Domino.
981 3986 1081 4057 De
1105 4008 1212 4063 quo
1261 3996 1491 4052 ﬁdenter
1534 4000 1671 4063 dico,
1708 4004 1835 4071 quia
1863 3980 2002 4059 sicut

448 4068 676 4137 dicimus
708 4088 722 4126 :
766 4072 959 4131 Sancta
1001 4088 1296 4136 sanctorum
1322 4093 1377 4139 et
1413 4084 1631 4142 Cantica
1658 4092 1998 4160 canticorum,

451 4155 523 4213 ita
563 4167 619 4213 et
658 4161 761 4217 iste
811 4164 916 4255 dici
955 4176 1133 4235 potest
1173 4170 1411 4242 Hymnus
1442 4177 1775 4247 hymnorum.
1810 4183 1866 4238 In
1895 4155 2003 4255 quo

448 4250 715 4305 succincte
740 4262 795 4307 et
838 4248 1036 4312 all‘atim
1072 4261 1276 4341 melius
1319 4280 1480 4334 quam
1517 4268 1571 4323 in
1605 4274 1852 4329 omnibus
1881 4248 1998 4332 lau—

446 4337 604 4395 datur
635 4341 774 4399 Deus
797 4345 1039 4414 deorum,
1066 4337 1157 4420 qui
1181 4357 1535 4421 personaliter
1576 4362 1768 4429 trinus,
1794 4374 1847 4419 et
1869 4381 1999 4422 con-

446 4428 870 4490 substantialiter
924 4454 1060 4494 unus
1112 4434 1245 4496 vivit
1293 4451 1348 4499 et
1400 4458 1588 4517 regnat
1636 4452 1835 4522 ubique
1900 4471 1996 4526 per
2029 4439 2289 4537 Dme‘mf’
2316 4431 2438 4533 (Ιίξίεξ
2465 4438 2823 4540 Ρθεεανίοιίὺὶο
2862 4441 3208 4549 Peccavimus
3241 4458 3366 4506 cum
3414 4440 3663 4524 patribus

446 4521 627 4576 omnia
646 4526 840 4579 meum
865 4528 1199 4585 “culorum.
1232 4532 1425 4590 Amen.
2028 4544 2049 4605 ί
2101 4525 2321 4610 nostris,
2371 4534 2564 4591 injuste
2613 4541 2842 4599 egimus,
2891 4536 3225 4605 iniquitatem
3278 4540 3521 4602 fecimus.
3576 4548 3663 4610 No

446 4521 627 4576 omnia
646 4526 840 4606 saecula
865 4528 1199 4585 seculorum.
1232 4532 1425 4590 Amen.

695 4630 817 4687 Post
847 4635 1171 4695 Dominicam
1199 4641 1500 4702 Gratiam
1525 4667 1700 4708 versus
1727 4669 1745 4706 :

514 4735 831 4819 Benedictus
862 4757 941 4808 es,
971 4744 1193 4805 Domine
1237 4752 1379 4810 Deus
1418 4765 1630 4827 patrum
1665 4774 1991 4832 nostrorum,

443 4813 830 4896 “laudabilis,
855 4840 908 4887 et
946 4834 1229 4904 gloriosus,
1253 4850 1310 4895 et
1350 4813 1777 4915 superexaltatus
1807 4858 1862 4913 in
1889 4876 1994 4914 ssr-

443 4916 583 4973 cula.
609 4919 677 4974 Et
700 4922 1038 4981 benedictum
1057 4943 1249 4985 nomen
1275 4932 1457 5003 gloria:
1501 4949 1607 4996 tute
1646 4957 1912 5016 sanctum,
1938 4961 1995 5008 et

442 5006 726 5075 laudabile,
757 5020 1207 5087 supercxaltatum
1231 5026 1285 5082 in
1332 5031 1583 5088 omnibus
1623 5040 1849 5096 szeculis.
1894 5044 1997 5100 Be-

442 5099 689 5157 nedictus
710 5119 770 5159 es
810 5107 864 5161 in
894 5112 1087 5181 templo
1127 5115 1309 5184 gloriae
1355 5127 1487 5186 tum,
1516 5132 1569 5177 et
1596 5129 1994 5196 superlaudabi-

443 5188 530 5256 lis,
576 5199 635 5273 et
673 5197 1101 5281 supergloribsus
1120 5205 1172 5259 in
1220 5210 1429 5263 smcula.
1483 5188 1799 5275 Benedictus
1832 5237 1891 5280 es
1924 5188 1991 5280 in

444 5281 805 5359 tbronoregni
828 5290 924 5355 tui,
962 5303 1016 5348 et
1042 5301 1523 5378 superlaudabilis,
1541 5318 1594 5364 et
1623 5320 1989 5383 superexalta-

444 5447 550 5531 ὲ
576 5436 1313 5531 liniss'tatuitturyrima;
1349 5459 1517 5526 partis
1544 5465 1680 5530 apud
1705 5464 1993 5531 Querceta-

442 5510 984 5603 fat-in‘e'ditione
1015 5510 1314 5603 Coloniensi
1330 5510 1371 5591 ;r
1386 5510 1679 5603 male:
1694 5510 1990 5603 13$

443 5581 672 5696 scriptor
695 5581 911 5645 codicis,
947 5600 1053 5653 quo
1077 5603 1217 5645 usus
1245 5581 1991 5669 θείριιὶιιιιιξᾶίίὀῗ-ξνιῆὁῆἕί

444 5640 530 5694 hu
567 5657 653 5696 EH]
681 5646 859 5696 hvmni
890 5654 1046 5696 trium
1072 5672 1356 5696 nnnmnsm
1381 5669 1646 5696 modum..-
1669 5672 1733 5696 ..-ι
1759 5675 1929 5696 __.:-_-
1956 5695 1960 5696 ,

444 5640 653 5706 laudem
681 5646 860 5717 hymni
890 5640 1046 5711 litium
1072 5640 1990 5744 ptiéior'iin'ﬁEi't‘a'ﬁeié'Zf

2140 544 2295 600 sedes
2322 562 2482 617 super
2500 551 2824 621 cherubim;
2851 567 2907 611 et
2926 558 3229 628 laudabilis,
3252 573 3310 619 et
3332 544 3699 635 superexalta-

2139 641 2227 687 tus
2245 635 2299 688 in
2326 639 2539 693 saecula.
2567 640 2885 700 Benedictus
2904 662 2983 712 es,
3009 648 3252 717 Domine,
3284 654 3415 711 doce
3438 658 3700 725 mejustl-

2137 721 2418 781 ﬁcationes
2458 736 2596 783 tuas.

2368 829 2635 905 Confessio
2684 850 2734 893 et
2778 842 2892 898 laus
2931 859 3126 902 sancta:
3172 850 3460 907 Trinitatis.

2204 920 2407 988 Laudo,
2439 934 2490 981 et
2527 926 2786 986 benedico
2808 942 2880 998 te,
2904 934 3052 1004 juste
3090 945 3145 991 et
3172 940 3311 994 Itone
3338 942 3498 1009 Deus,
3532 950 3697 1009 totius

2132 1020 2395 1068 creatura:
2417 1025 2715 1091 parentem,
2731 1021 2783 1074 in
2804 1027 3049 1091 personis
3066 1028 3287 1093 trinum,
3315 1032 3367 1086 in
3390 1037 3690 1093 substantia

2130 1116 2314 1166 unum,
2352 1120 2539 1161 verum
2566 1108 2779 1165 Patrem
2807 1115 3095 1184 unigenittc
3112 1119 3431 1188 maiestatis,
3455 1141 3520 1181 ex
3546 1131 3693 1183 nullo

2130 1190 2414 1249 ducentem
2432 1196 2661 1265 initium,
2676 1203 2924 1257 omnibus
2942 1205 3153 1261 initium
3175 1210 3423 1278 dantem;
3446 1231 3552 1270 non
3576 1233 3692 1273 cor-

2126 1282 2297 1349 porali
2317 1289 2592 1357 progenie,
2618 1306 2790 1361 neque
2813 1296 3178 1377 extrinsecus;
3210 1318 3316 1357 non
3342 1312 3688 1379 necessitate.

2126 1389 2299 1444 neque
2311 1379 2602 1449 voluntate,
2624 1386 2718 1440 sed
2745 1398 2935 1444 natura
2969 1391 3164 1448 Filium
3189 1410 3557 1466 generantem.
3581 1405 3687 1459 Ve-

2125 1480 2243 1520 rum
2269 1467 2464 1525 Filium
2484 1488 2550 1527 ex
2576 1474 2735 1533 Patre
2755 1480 2871 1536 sine
2901 1484 3075 1551 spatio
3105 1490 3379 1557 temporis.
3405 1491 3689 1549 inell‘abili-

2123 1561 2208 1608 ter
2220 1565 2344 1612 ante
2363 1567 2602 1630 tempora
2627 1576 2832 1623 natum.
2848 1570 3044 1627 Verum
3062 1574 3321 1646 Spiritum
3349 1590 3593 1651 sanctum
3619 1601 3688 1640 ex

2120 1638 2279 1699 Patre
2292 1653 2347 1699 et
2361 1647 2495 1704 Filio
2510 1652 2940 1729 inenarrabiliter
2962 1638 3360 1733 procedentem,
3376 1638 3429 1723 in
3451 1669 3609 1727 Patre
3632 1683 3688 1727 et

2124 1728 2261 1787 Filio
2286 1728 2711 1797 substantialiter
2728 1728 3149 1814 permanentem.
3168 1728 3452 1813 Auernum
3474 1759 3700 1837 Patrem;

2127 1821 2244 1878 sine
2280 1825 2598 1896 nativitate,
2643 1842 2906 1891 mternum
2956 1838 3214 1910 Spiritum
3264 1859 3509 1905 sanctum
3562 1866 3687 1908 cum

2124 1915 2464 1977 proccssione
2501 1919 2617 1975 sine
2648 1924 2947 1981 nativitate.
2998 1930 3190 1987 Totum
3217 1933 3433 1992 Patrem
3464 1940 3516 1994 in
3549 1942 3694 1998 Filio

2122 2006 2179 2051 et
2209 1999 2410 2070 Spiritu
2447 2017 2651 2064 sancto.
2683 2011 2874 2069 Totum
2924 2015 3121 2074 Filium
3175 2022 3230 2076 in
3283 2023 3442 2081 Patre
3469 2036 3525 2083 et
3559 2029 3701 2099 Spi--
3784 2096 3787 2099 ,

2124 2088 2229 2141 ritu
2280 2101 2486 2147 sancto.
2543 2097 2736 2154 Totum
2782 2102 3042 2171 Spiritum
3070 2120 3316 2167 sanctum
3349 2115 3401 2169 in
3446 2088 3686 2176 Patre-et

2122 2178 2230 2233 tilio
2277 2192 2601 2252 manentem,
2634 2205 2738 2244 una
2785 2202 3052 2261 potestate
3102 2180 3316 2272 unoque
3357 2222 3545 2278 regno,
3574 2226 3681 2265 una

2120 2273 2356 2340 potentia
2379 2315 2395 2340 ,
2440 2287 2495 2331 et
2534 2294 2639 2333 una
2680 2285 3001 2342 (eternitate.
3032 2288 3097 2344 Et
3128 2301 3280 2359 tunc,
3306 2304 3361 2351 et
3389 2273 3538 2353 nunc»
3564 2301 3683 2355 ubi-

2120 2377 2237 2430 que-
2287 2378 2619 2437 regnantem.
2691 2374 2795 2429 Per
2855 2381 3033 2437 omnia
3086 2386 3282 2441 smcula
3338 2391 3675 2450 saeculorum.

2118 2452 2307 2509 Amen.

2810 2558 2963 2621 XIII

2117 2663 2297 2738 Quod
2326 2669 2629 2779 orandtim
2660 2674 2841 2767 nobis
2870 2681 2952 2779 s'it
2982 2687 3261 2774 quotidzc
3306 2711 3442 2779 cum
3477 2693 3682 2779 Iucry-

2252 2745 2368 2805 mis
2391 2766 2511 2825 pro
2544 2750 2806 2815 diversis
2828 2745 3037 2837 plagis
3063 2745 3222 2842 quasi
3237 2745 3583 2847 patimur:

2183 2859 2594 2939 Quiavidemus
2626 2884 2725 2925 nos
2752 2872 2805 2924 in
2845 2873 2975 2928 illud
3017 2876 3263 2938 Ieremia:
3300 2880 3554 2947 incidisse
3592 2893 3674 2948 la-

2114 2957 2371 3017 mentum,
2404 2956 2546 3024 quod
2591 2957 2720 3013 dicit
2767 2961 2874 3017 :Si
2920 2982 3153 3036 egressus
3185 2971 3332 3041 fuero
3382 2981 3452 3032 ad
3500 3000 3675 3055 agros,

2112 3058 2225 3097 cccc
2277 3045 2435 3098 occisi
2462 3046 2636 3116 gladio
2663 3067 2680 3104 :
2711 3062 2758 3105 et
2789 3055 2835 3107 si
2862 3056 3150 3116 introivero
3169 3064 3224 3118 in
3251 3067 3530 3139 civitatem,
3561 3094 3678 3133 eccs

2466 3153 2544 3190 me
2572 3137 2788 3208 (εἶεν-ειη.
2821 3160 2929 3210 xw,
2980 3147 3066 3220 l8)
3100 3169 3113 3203 :
3159 3167 3260 3210 nec
3288 3171 3397 3212 non
3430 3169 3482 3215 et
3517 3137 3671 3221 illam

2111 3221 2327 3278 Domini
2359 3228 2653 3285 terribilem
2676 3236 3145 3295 comminationem
3175 3243 3230 3298 in
3258 3249 3414 3304 nobis
3441 3255 3675 3324 comple-

2110 3322 2240 3380 tam,
2267 3317 2377 3390 36
2403 3336 2505 3390 qua
2534 3323 2792 3382 Dominus
2813 3329 3008 3399 gladio,
3023 3341 3079 3388 et
3096 3333 3258 3403 fame,
3284 3348 3340 3394 et
3359 3350 3510 3411 peste
3531 3317 3673 3404 con-

2109 3404 2284 3461 sumat
2309 3423 2404 3464 eos
2434 3428 2447 3464 :
2479 3422 2725 3501 petamus
2748 3426 2803 3473 et
2842 3436 2966 3477 cum
2993 3424 3180 3481 eodem
3206 3404 3472 3500 Propheta
3501 3438 3675 3505 capiti.

2106 3502 2295 3551 nostro
2314 3514 2532 3569 aquam,
2555 3513 2609 3559 et
2627 3498 2799 3563 oculis
2828 3514 3026 3570 nostris
3050 3513 3252 3574 fontem
3281 3498 3663 3594 lacrymarum,

2105 3592 2160 3638 et
2186 3585 2457 3655 ploremus
2486 3592 2571 3649 die
2602 3611 2665 3651 ac
2702 3607 2860 3655 nocte
2900 3603 3211 3665 interfectos
3476 3585 3665 3675 nostri;

2105 3674 2257 3741 Quod
2303 3695 2576 3753 nunquam
2616 3689 2808 3747 melius
2845 3709 3131 3764 possumus
3178 3674 3472 3772 deplorare,
3504 3725 3671 3780 quam

2105 3768 2151 3821 si
2184 3773 2417 3827 contrito
2443 3784 2499 3830 et
2525 3777 2807 3839 humiliato
2833 3787 2995 3841 corde
3021 3788 3122 3844 hos
3162 3768 3670 3866 quinquepsalmos

2103 3874 2283 3914 coram
2314 3863 2538 3922 Domino
2567 3867 2963 3939 frequentemus
2995 3894 3009 3933 :
3042 3877 3182 3935 Deus
3205 3863 3667 3947 auribus—nostris.
3747 3919 3756 3927 -

2102 3948 2265 4016 Deus,
2294 3956 2531 4023 νερειθὶπὶ
2569 3977 2701 4026 nos;
2742 3960 2809 4017 Ut
2830 3968 2958 4036 quid
2984 3972 3217 4039 τεραΙὶΜὶ
3247 3993 3373 4043 nos,
3418 3979 3582 4046 Dens,
3607 3985 3669 4040 in
3730 3974 3731 3977 η

2099 4039 2295 4107 ﬁnem?
2342 4045 2510 4107 Deus.
2554 4054 2800 4109 ecneru'nt
2829 4069 3034 4127 gentes;
3078 4062 3183 4129 Qui
3212 4072 3345 4139 regis
3387 4070 3557 4129 Israel
3581 4077 3673 4131 in-
3760 4065 3769 4083 ’

2100 4131 2270 4186 tende.

2336 4223 2459 4282 Post
2498 4229 2825 4290 Dominicam
2862 4238 3163 4299 Orationem
3201 4264 3418 4309 versus:
3496 4259 3499 4261 “

2164 4332 2278 4404 Ego
2306 4336 2416 4392 dixi
2441 4356 2455 4392 :
2483 4326 2744 4410 Domine,
2775 4348 3030 4405 miserere
3055 4354 3195 4420 mei;
3244 4369 3376 4413 sana
3422 4363 3666 4423 animam-

2100 4439 2289 4490 meam,
2316 4431 2438 4499 quia
2465 4438 2681 4503 peccavi
2710 4439 2823 4495 tibi.
2862 4441 3208 4504 Peccavimus
3241 4458 3366 4506 cum
3414 4440 3669 4524 patribus

2099 4609 2406 4667 memineris
2433 4614 2740 4685 iniquitates
2766 4632 2979 4680 nostras
3018 4629 3290 4699 antiquas,
3316 4634 3423 4690 cito
3442 4652 3539 4693 nos
3557 4654 3667 4695 anc-

2097 4698 2279 4768 tieipet
2306 4703 2671 4763 misericordia
2700 4714 3086 4787 tua,Domine.
3118 4698 3321 4789 Adjuva
3361 4742 3477 4793 nos,
3500 4730 3661 4788 [Deus

2096 4789 2348 4848 salutaris
2372 4805 2576 4863 noster,
2606 4808 2663 4855 et
2699 4794 2918 4874 propter
2961 4809 3220 4867 honorem
3269 4819 3501 4875 nominis
3544 4825 3647 4887 tui,

2096 4881 2344 4945 Domine,
2404 4885 2572 4943 libera
2621 4904 2738 4946 nos.
2798 4894 3065 4952 Memento
3118 4905 3286 4958 nostri
3310 4945 3328 4969 ,
3384 4881 3650 4980 Domine,

2100 4969 2155 5022 in
2202 4969 2531 5043 beneplacito
2581 4979 2759 5047 populi
2814 4982 2909 5046 tui,
2944 4992 2999 5038 et
3046 4986 3205 5042 visita
3256 5005 3358 5049 nos
3402 4995 3456 5051 in
3505 4969 3652 5057 salu;

2102 5060 2201 5121 tari
2249 5068 2359 5115 tuo.
2414 5062 2676 5124 Converte
2718 5086 2834 5137 nos,
2884 5073 3319 5137 Dcus‘salutaris
3365 5098 3565 5155 noster,
3596 5104 3653 5149 cl

2100 5159 2281 5205 averte
2312 5153 2443 5208 iram
2498 5164 2644 5213 tuam
2689 5177 2720 5216 a
2759 5165 2930 5221 nobis.
2974 5168 3136 5241 Eripe
3184 5188 3280 5231 nos
3316 5178 3383 5231 de
3418 5180 3649 5238 inimici;

2099 5242 2317 5306 nostris,
2350 5243 2488 5301 Deus
2529 5259 2735 5333 noster,
2781 5262 2835 5310 et
2890 5258 2957 5313 ab
3006 5261 3402 5333 insurgentibus
3448 5270 3501 5323 i'n
3552 5288 3653 5329 nos

2098 5332 2263 5388 libera
2300 5350 2415 5390 nos.
2448 5328 2708 5409 Domine,
2757 5362 2823 5401 ne
2853 5348 3007 5422 longe
3048 5367 3141 5408 eas
3183 5372 3212 5409 a
3257 5358 3435 5423 nobis;
3482 5360 3649 5432 Deus,

2094 5493 2331 5579 partem,
2360 5495 2418 5579 ett1
2439 5489 2597 5546 finem
2636 5494 3171 5579 hujusiustatuendum
3196 5523 3337 5563 esse
3372 5520 3493 5579 post
3522 5530 3651 5568 ora-

2096 5556 2293 5649 tionem
2312 5574 2337 5639 ,ε
2370 5556 2478 5649 fro
2498 5556 2753 5649 [ser-nantia
2778 5556 2970 5627 silendi

2094 5640 2185 5689 ηε,
2225 5635 2283 5679 ιιι
2312 5626 2470 5694 infra,
2496 5630 2523 5702 ς
2547 5632 2637 5687 Π,
2814 5709 2826 5726 ι
2900 5626 2921 5627 ⁷⁷
2984 5626 3344 5691 ,⁷νίινν--κντπν
3380 5626 3659 5711 --ννηνηυίο
