4246 6238
605 247 710 302 487

1429 255 1488 322 Β.
1525 255 1586 309 F.
1623 253 1846 319 ALBINI
1883 255 2014 311 SEU
2054 254 2325 310 ALCUINI
2362 253 2642 312 OPERUM
2676 253 2852 311 PARS
2888 253 2998 311 ιν.·

3709 255 3812 314 488

605 363 658 440 in
703 363 958 417 auxilium
1009 373 1249 421 nostrum
1297 366 1522 434 respice.
1575 346 1934 433 Convertere,
1971 367 2153 421 Domi-
2183 371 2228 425 Α
2256 380 2424 435 usque
2474 367 2526 420 in
2571 367 2842 422 sarculum.
2895 367 3158 423 Memento
3201 355 3625 438 congregationis
3671 361 3812 436 ttize,

607 471 692 515 ne,
734 454 1139 523 aliquantulum,
1167 465 1222 510 et
1258 457 1545 526 deprecare
1585 472 1745 526 super
1785 472 1967 512 servos
2011 465 2149 511 tuos.

605 545 794 599 Salvos
823 534 906 598 fac
939 556 1057 608 nos,
1091 547 1331 609 Domine,
1355 546 1495 600 Deus
1533 557 1737 611 noster,
1786 555 1840 601 et
1887 562 2152 622 co‘ngrega

607 651 704 688 nos
728 635 794 688 de
833 636 1169 690 nationibus:
1201 644 1260 689 ut
1299 636 1654 691 conﬁteantur
1686 637 1886 690 nomini
1920 644 2011 690 tuo
2033 652 2156 691 san-

606 739 725 792 cto,
779 739 832 783 et
887 728 1176 798 gloriemur
1226 728 1280 781 in
1335 727 1490 782 laude
1552 735 1660 780 tua.
1718 715 2015 799 Exsurge,
2051 727 2154 780 Do-

605 819 776 880 mine,
830 817 1023 886 adjuva
1071 833 1200 881 nos,
1252 825 1307 872 et
1352 817 1517 872 libera
1553 832 1652 872 nos
1696 825 1912 887 prOpter
1963 832 2152 872 nomen

605 914 771 960 ιιιιιιιι.

1303 972 1482 1028 Oratio
1571 999 1573 1001 ί

670 1081 899 1137 Oramus
939 1090 1014 1148 te,
1043 1083 1131 1152 pie
1172 1082 1491 1137 exaudibilis
1531 1083 1754 1137 Domine
1775 1082 1901 1139 Jesu
1940 1082 2155 1140 Christe

603 1168 742 1222 Deus
767 1179 1044 1235 noster,.et
1066 1186 1191 1226 cum
1219 1171 1365 1226 omni
1393 1171 1778 1240 supplicatione
1804 1187 2076 1242 rogamus,
2099 1181 2159 1227 ut

600 1279 695 1331 per
723 1265 1078 1319 interventum
1107 1265 1280 1318 beata:
1306 1273 1361 1318 et
1405 1264 1649 1333 gloriosae.
1694 1278 1907 1332 semper
1935 1265 2157 1333 virginis

604 1354 803 1419 Μαι-ἰαὶ,
829 1354 1173 1423 omniumque
1201 1361 1507 1409 sanctorum
1551 1353 1879 1423 angelorum,
1925 1355 2154 1408 areban-

601 1445 838 1516 gelorum
861 1484 877 1510 ,
914 1446 1341 1514 patriarcharum
1366 1483 1382 1509 ,
1427 1446 1806 1514 prophetarum
1832 1483 1847 1510 ,
1901 1445 2158 1514 apostolo-

605 1549 743 1599 rum,
771 1543 1065 1605 martyrum
1083 1573 1100 1598 ,
1130 1533 1519 1598 confessorum,
1552 1535 1842 1606 virginum,
1870 1536 2158 1591 monacho-

603 1639 743 1689 rum,
770 1633 827 1678 et
852 1623 1089 1678 omnium
1132 1623 1328 1678 civium
1354 1638 1726 1692 supernorum,
1772 1623 2024 1679 Ecclesia:
2053 1632 2158 1678 tua;

603 1713 876 1767 catholica:
896 1713 1052 1767 ﬁdem
1075 1727 1290 1783 augeas,
1316 1726 1503 1781 pacem
1531 1713 1756 1778 tribuas,
1778 1712 2156 1782 indulgentiam

603 1803 755 1856 nobis
778 1811 835 1857 et
871 1801 1239 1856 remissionem
1267 1808 1612 1870 peccatorum
1641 1801 1925 1857 concedas.
1962 1801 2154 1856 Amen.

603 1893 832 1947 Inﬁrmis
862 1893 1105 1955 salutem,
1137 1893 1302 1961 lapsis
1336 1894 1769 1962 reparationem,
1821 1892 1963 1947 aeris
2005 1906 2158 1946 com-

604 1984 912 2037 moditatem
964 1983 1353 2052 navigantibus,
1393 1991 1447 2036 et
1495 1981 1866 2037 itinerantibus
1920 1980 2158 2036 ﬁdelibus

605 2071 705 2126 iter
757 2086 1079 2141 prosperum
1119 2086 1182 2126 ac
1233 2072 1420 2126 salutis
1480 2079 1730 2142 portum,
1784 2070 2160 2125 tribulantibus

602 2160 810 2232 [Forte,
840 2159 1129 2232 tribulatis]
1154 2162 1401 2232 gaudium
1419 2200 1434 2224 ,
1458 2161 1727 2229 oppressis
1754 2159 2156 2224 relevationem,

603 2251 850 2318 captivis,
883 2250 1094 2312 vinctis,
1125 2259 1179 2303 et
1205 2249 1524 2318 peregrinis,
1571 2248 1958 2311 remissionem,
2003 2249 2160 2302 abso-

605 2344 858 2398 lutionem
881 2350 935 2408 et
958 2342 1020 2396 ad
1040 2345 1267 2413 patriam
1297 2343 1677 2407 reversionem.
1693 2341 1881 2396 Amen.
1898 2339 2156 2411 Angelnm

606 2444 753 2488 tuum
800 2435 1167 2500 sanctumbie
1212 2441 1266 2488 et
1313 2434 1511 2502 ubique
1556 2432 1859 2492 custodem,
1916 2439 2156 2484 mutuam

605 2511 1034 2579 diScordantibus
1062 2524 1399 2585 charitatem,
1431 2521 1728 2576 inﬁdelibus
1768 2535 1947 2574 veram
1975 2519 2154 2585 ﬁdem,

605 2623 665 2667 et
693 2612 960 2667 defunctis
999 2611 1240 2667 ﬁdelibus
1289 2611 1523 2682 requiem
1554 2609 1814 2679 propitius
1846 2609 2044 2663 donare
2075 2609 2172 2664 di-.

605 2702 784 2768 gneris
811 2711 1084 2756 aeternam.

1288 2811 1454 2872 XIV.

609 2928 788 3005 Quod
815 2928 1140 3009 secundum
1155 2937 1526 3009 praeceptum
1549 2929 1833 3009 Apostoli
1858 2931 2156 2990 orandum

899 3009 979 3068 sit
1011 3007 1082 3066 ab
1116 3007 1390 3067 omnibus
1417 3025 1538 3085 pro
1577 3007 1872 3067 omnibus.

681 3121 940 3191 Princepit
965 3123 1117 3177 nobis
1139 3139 1314 3178 sermo
1342 3123 1661 3192 apostolicus
1689 3139 1703 3176 :
1747 3124 1922 3187 Orate,
1955 3125 2154 3189 dicens,

605 3228 698 3280 pro
726 3211 964 3274 invicem,
982 3221 1036 3263 ut
1062 3211 1551 3281 salvemini(1ac.v,
1576 3211 1678 3282 l6).
1709 3211 1804 3266 Cui
1824 3228 1920 3265 nos
1942 3227 2158 3266 necesse

607 3307 688 3353 est
734 3299 787 3352 in
839 3299 1203 3354 saluberrimis
1254 3301 1535 3369 praeceptis
1587 3302 1842 3365 obedire,
1900 3309 1954 3354 et
1999 3316 2158 3355 orare

606 3402 793 3441 omnes
813 3403 908 3456 pro
939 3388 1206 3450 omnibus,
1229 3398 1287 3442 ut
1315 3390 1586 3443 solventur
1627 3405 1810 3444 omnes
1837 3405 1958 3444 cum
1987 3390 2159 3444 omni-

610 3480 725 3531 bus.
773 3478 984 3547 Septem
1025 3487 1146 3532 sunt
1191 3487 1445 3546 praeterea
1494 3479 1702 3548 psalmi,
1757 3494 1824 3532 ex
1875 3480 2070 3548 quibus
2113 3480 2165 3536 si.

608 3583 771 3622 unum
815 3583 1007 3636 corpus
1054 3567 1332 3631 efﬁcimur,
1363 3584 1458 3638 pro
1495 3571 1637 3623 omni
1686 3584 1906 3638 prorsus
1934 3585 2159 3638 corpore

608 3671 821 3713 oramus
844 3657 1112 3713 Ecclesiae.
1147 3659 1494 3713 Considerate
1545 3668 1742 3722 tamen,
1771 3660 1861 3728 qui
1909 3659 2061 3728 legis,
2106 3669 2160 3712 et

608 3749 772 3815 proba
797 3747 936 3816 quod
957 3747 1200 3801 dicimus.
1226 3747 1281 3801 lu
1308 3749 1391 3802 his
1424 3762 1651 3816 namque
1685 3748 1941 3801 memoria
1982 3761 2158 3801 sacer-

610 3838 809 3899 dotum,
843 3852 1151 3906 regumque,
1182 3844 1236 3890 et
1278 3845 1646 3905 potentatuum
1673 3877 1686 3902 ,
1726 3837 1904 3906 populi
1942 3844 2161 3905 quoque

609 3935 663 3978 et
707 3925 872 3994 plebis
915 3927 1091 3980 simul.
1134 3927 1464 3980 Psalmorum
1508 3943 1664 3996 ergo,
1724 3943 1858 3996 quos
1907 3927 2155 3989 diximus,

612 4015 710 4067 ista
733 4023 855 4067 sunt
876 4014 1045 4083 capita
1080 4031 1092 4065 :
1127 4014 1403 4078 Memento,
1434 4015 1672 4078 Domine,
1700 4014 1894 4077 David;
1921 4015 2158 4078 Domine,

609 4120 664 4156 tn
691 4105 876 4157 virtute
917 4113 1041 4167 tua;
1071 4105 1149 4157 Ad
1189 4114 1258 4166 te,
1296 4103 1528 4168 Domine,
1556 4102 1772 4158 clamavi
1819 4102 1955 4155 Deus
1985 4120 2124 4157 meus
2142 4120 2162 4167 ;

613 4191 750 4248 Deus
779 4196 1084 4248 misereatur
1109 4195 1284 4258 nobis;
1322 4193 1657 4257 Benedixisti,
1705 4192 1952 4256 Domine;
1984 4192 2163 4247 Domi-

612 4302 702 4347 ne,
751 4286 1043 4355 refugium;
1070 4284 1364 4352 Confitebor
1389 4286 1501 4349 tibi,
1532 4285 1768 4349 Domine,
1793 4287 1846 4338 in
1876 4296 1980 4339 toto
2011 4288 2161 4342 corde

2255 471 2414 524 quam
2443 458 2635 510 creasti
2662 458 2727 510 ab
2756 458 2925 510 initio.
2958 453 3218 513 Liberasti
3249 460 3452 529 virgam
3487 459 3814 517 haereditatis

2256 551 2378 598 tum.
2403 541 2480 608 Ne
2510 542 2692 616 tradas
2715 544 2901 599 bestiis
2925 546 3128 600 animas
3157 546 3521 602 conﬁtentium
3547 547 3672 602 tibi:
3699 549 3788 602 ani

2254 648 2370 688 mas
2393 648 2687 710 pauperum
2724 642 2934 689 tuorum
2966 649 3032 689 ne
3060 626 3395 691 obliviscaris
3423 637 3476 690 in
3499 637 3681 692 ﬁnem".
3712 640 3814 692 Do-

2253 723 2418 786 mine,
2434 721 2577 792 Deus
2596 723 2875 790 virtutum,
2897 733 3147 780 converte
3168 725 3288 788 nos,
3313 733 3369 779 et
3386 727 3608 781 ostende
3623 725 3810 782 faciem

2254 819 2419 876 tuam,
2436 819 2492 866 et
2516 811 2648 867 salvi
2681 812 2900 866 erimus.
2923 811 3156 868 Ostende
3183 813 3358 880 nobis,
3388 814 3631 880 Domine,
3659 816 3815 871 mise-

2255 900 2542 955 ricordiam
2564 907 2729 972 tuam,
2759 909 2814 955 et
2833 899 3068 955 salutare
3090 909 3238 956 tuum
3266 901 3334 956 da
3367 903 3540 958 nobis.
3569 903 3810 967 Domine,

2253 987 2395 1044 Deus
2415 989 2693 1053 virtutum,
2715 988 2907 1043 exaudi
2932 1003 3119 1058 preces
3141 998 3370 1054 nostras,
3399 991 3618 1046 auribus
3643 995 3816 1062 perci-

2253 1091 2340 1146 pe,
2360 1076 2499 1131 Deus
2520 1075 2704 1132 Jacob.
2733 1077 2799 1131 Et
2824 1086 2904 1143 tu,
2918 1078 3160 1144 Domine,
3176 1080 3413 1143 Domine,
3432 1079 3516 1136 fac
3538 1079 3814 1137 nobiscum

2254 1164 2676 1220 misericordiam
2702 1174 2919 1236 propter
2938 1155 3138 1235 nomen:
3173 1178 3343 1234 tuum,
3374 1169 3500 1238 quia
3527 1171 3706 1226 suavis
3732 1181 3816 1226 est

2255 1253 2621 1309 misericordia
2650 1263 2761 1309 tua.
2787 1253 3012 1325 Pro‘tege
3037 1271 3136 1310 nos
3170 1271 3199 1310 a
3224 1267 3488 1313 conventu
3515 1260 3814 1330 malignan-

2257 1344 2407 1408 tium,
2437 1353 2492 1398 et
2517 1359 2547 1397 a
2568 1344 2905 1400 multitudine
2924 1348 3262 1415 operantium
3288 1335 3647 1417 iniquitatem.
3666 1348 3814 1404 Mitte

2255 1433 2408 1487 nobis
2451 1432 2706 1486 auxilium
2755 1433 2821 1488 de
2861 1441 3079 1499 sancto,
3112 1443 3168 1490 et
3211 1437 3278 1490 de
3325 1435 3454 1491 Sion
3489 1445 3643 1492 tuere
3693 1454 3810 1492 nos.

2255 1521 2457 1576 EXaudi
2489 1536 2605 1594 nos,
2638 1522 2878 1587 Domine,
2927 1524 3180 1592 quoniam
3229 1525 3457 1595 benigna
3489 1535 3573 1581 est
3605 1527 3818 1581 miseri-

2255 1611 2437 1665 cordia
2480 1618 2607 1664 tua:
2634 1611 2927 1665 secundum
2966 1611 3358 1666 multitudinem
3408 1613 3812 1681 miserationum

2185 1691 2233 1750 B
2262 1711 2475 1756 tuarum
2504 1703 2709 1771 respice
2751 1703 2806 1756 in
2832 1717 2938 1756 me.
2987 1702 3290 1769 Praetende,
3321 1705 3565 1770 Domine,
3601 1705 3812 1760 miseri-

2260 1792 2499 1845 cordiam
2537 1801 2683 1844 tuam
2711 1791 3004 1848 scientibus
3040 1801 3108 1856 te,
3144 1802 3199 1848 et
3237 1791 3505 1861 justitiam
3555 1803 3698 1849 tuam
3729 1795 3816 1848 bis

2259 1883 2350 1953 qui
2388 1890 2534 1938 recto
2552 1891 2678 1937 sunt
2701 1885 2882 1939 corde.
2917 1885 3258 1955 Complaceat
3302 1888 3422 1952 tibi,
3470 1888 3714 1954 Domine,
3757 1899 3814 1943 ut

2243 1975 2457 2042 ‘eripias
2477 1989 2600 2029 me:
2632 1974 2876 2041 Domine,
2905 1976 2961 2031 in
2999 1977 3257 2033 auxilium
3304 1988 3548 2034 nostrum
3586 1980 3810 2048 respice.

2258 2063 2780 2133 Exsurge,Domine,
2808 2064 2998 2135 adjuva
3029 2081 3146 2131 nos,
3186 2075 3241 2121 et
3274 2067 3441 2124 libera
3474 2083 3572 2122 nos
3597 2076 3814 2138 propter

2258 2163 2449 2204 nomen
2472 2156 2617 2205 tuum
2626 2190 2636 2202 .

2937 2262 3142 2318 Oratio.

2325 2375 2647 2444 Propitiare,
2693 2364 2936 2439 Domine,
2982 2392 3194 2446 quieso,
3250 2378 3510 2432 universa:
3563 2377 3812 2432 Ecclesia:

2260 2474 2362 2522 tua:
2385 2465 2679 2529 catholicze,
2720 2474 2829 2520 toto
2859 2468 2987 2521 orbe
3018 2477 3278 2521 terrarum
3323 2467 3542 2522 diﬁ‘usaz.
3595 2470 3812 2538 Largire

2258 2557 2333 2611 illi
2379 2556 2534 2611 ﬁdem
2568 2565 2792 2622 rectam,
2841 2572 2974 2627 Opus
3011 2560 3329 2627 prtecipuum
3353 2599 3368 2623 ,
3408 2576 3590 2630 pacem
3627 2575 3813 2628 perpe—

2261 2653 2425 2700 tuam.
2468 2647 2767 2714 Propitiare
2810 2647 3058 2702 omnibus
3108 2647 3352 2703 ﬁdelibus
3401 2649 3504 2703 tuis
3552 2651 3649 2702 sub
3687 2649 3816 2719 jugo

2258 2735 2593 2788 ethnicorum
2637 2735 3017 2789 laborantibus.
3067 2735 3362 2805 Propitiare
3402 2736 3598 2790 famulo
3629 2746 3718 2791 tuo
3749 2738 3810 2792 N.

2261 2822 2388 2896 [Al.,
2415 2824 2511 2897 IL]
2543 2840 2712 2894 papae,
2739 2835 2793 2880 et
2831 2828 3076 2882 omnibus
3105 2827 3472 2882 sacerdotibus
3516 2837 3674 2897 atque
3716 2830 3808 2882 mi-

2257 2917 2465 2980 nistris,
2512 2925 2808 2985 cunctoque
2850 2918 2995 2971 clero
3038 2933 3241 2971 eorum.
3282 2916 3578 2987 Propitiare
3617 2918 3814 2972 famulo

2183 3012 2228 3072 ο
2261 3015 2352 3060 tuo
2382 3008 2440 3059 Ν.
2473 3007 2673 3070 abbati,
2712 3015 2766 3061 et
2793 3009 3052 3062 universa:
3082 3008 3205 3062 huic
3246 3009 3643 3078 congregationi
3686 3017 3809 3071 tua),

2255 3100 2606 3168 omnibusque
2657 3114 2752 3167 per
2797 3108 2964 3153 totum
2993 3101 3175 3154 orbem
3224 3100 3278 3153 in
3322 3109 3413 3155 tuo
3442 3102 3655 3155 nomine
3683 3117 3812 3172 con-

2256 3189 2506 3259 gregatis.
2539 3189 2832 3258 Propitiare
2876 3188 3070 3244 famulo
3106 3199 3193 3243 tuo
3225 3189 3285 3244 N.
3316 3207 3459 3261 regi,
3503 3192 3815 3260 cunctisque

2256 3277 2572 3334 Christianis
2597 3281 2941 3349 principibus,
2969 3291 3022 3334 et
3051 3281 3299 3337 universo
3320 3283 3578 3336 exercitui
3600 3299 3808 3337 eorum.

2258 3369 2551 3437 Propitiare
2579 3371 2844 3424 universis
2873 3370 3127 3425 fratribus
3149 3372 3301 3435 meis,
3332 3373 3442 3426 sive
3464 3374 3564 3436 eis,
3601 3375 3690 3440 qui
3723 3383 3812 3429 tua

2257 3457 2540 3520 cbaritate,
2573 3458 2650 3510 vel
2694 3459 2854 3512 etiam
2878 3459 3337 3528 consanguinitate
3371 3459 3638 3528 conjuncti
3667 3472 3812 3515 sunt.

2256 3547 2552 3616 Propitiare
2599 3551 2866 3612 omnibus,
2914 3551 3002 3617 qui
3045 3566 3141 3618 pro
3189 3551 3584 3619 Ine-implorant
3625 3567 3817 3607 nomen

2259 3648 2499 3692 sanctum
2525 3648 2691 3702 tuum,
2722 3641 2804 3692 vel
2835 3641 2924 3708 qui
2952 3656 3040 3694 me
3083 3641 3335 3694 miserum
3371 3642 3510 3710 apud
3539 3651 3683 3695 tuam
3713 3642 3819 3697 cle-

2258 3726 2513 3779 mentiam
2533 3727 2829 3795 supplicare
2851 3727 3149 3781 voluerunt.
3174 3727 3468 3796 Propitiare
3494 3715 3812 3798 virginibus,

2259 3816 2573 3885 coniugatis,
2603 3832 2663 3870 ac
2690 3817 2883 3880 viduis,
2921 3818 3196 3886 orphanis,
3232 3819 3476 3886 captivis,
3507 3820 3812 3888 paenitenti—

2258 3906 2378 3969 bus,
2404 3907 2649 3971 infirmis,
2691 3907 2918 3971 afﬂictis,
2968 3909 3371 3978 navigantibus,
3421 3909 3812 3974 ilinerantibus,

2262 3996 2626 4057 incarceratis,
2676 4005 2729 4052 et
2759 3999 2812 4051 in
2850 3998 3251 4080 quibuscunque
3299 3999 3708 4052 necessitatibus
3737 4008 3818 4052 at-
3907 4009 3910 4016 '

2261 4100 2364 4154 que
2413 4085 2642 4140 miseriis
2695 4085 3036 4149 constitutis,
3093 4095 3148 4140 et
3188 4086 3435 4140 universo
3483 4088 3676 4155 populo
3726 4096 3817 4141 tuo

2263 4172 2587 4238 Christiano,
2616 4189 2772 4242 quem
2813 4174 3048 4243 pretioso
3080 4161 3335 4245 sanguine
3363 4179 3650 4232 redemisti.
3690 4178 3817 4232 Pro-

2263 4262 2453 4331 pitiare
2477 4263 2639 4315 etiam
2679 4263 2890 4318 miseris
2915 4265 3156 4334 paganis,
3184 4264 3379 4319 Judaeis
3421 4276 3579 4334 atque
3608 4268 3817 4321 lucreti-

612 4391 752 4436 ,πων
779 4351 1022 4444 q'uo‘niam
1043 4351 1299 4428 exaudis“
1322 4378 1493 4429 omnia
1518 4377 1669 4429 verba
1708 4377 1811 4429 om
1840 4378 1959 4430 mei.
1998 4375 2158 4441 sane,
2195 4352 2241 4409 D
2266 4352 2363 4413 eis,
2390 4352 2501 4404 sive
2527 4351 2707 4420 lapsis,
2730 4361 2789 4405 ut
2815 4354 3034 4406 credant
3075 4355 3127 4406 in
3155 4361 3206 4407 te
3236 4356 3515 4408 Dominum
3545 4356 3816 4425 Deumque

613 4479 680 4518 ne
705 4466 823 4534 quis
845 4479 940 4519 nos
969 4466 1343 4533 reprehendat,
1371 4468 1511 4535 quod
1555 4470 1704 4535 prius
1725 4469 1998 4535 posuimus
2019 4469 2162 4536 psal-

614 4572 790 4622 mum,
832 4556 1118 4620 Memento,
1159 4557 1400 4619 Domine,
1425 4557 1592 4610 David
1616 4597 1630 4620 ,
1673 4559 1760 4626 qui
1787 4561 2050 4626 posterior
2083 4568 2164 4614 est

614 4647 832 4711 ordine,
866 4647 1109 4701 dabimus
1140 4661 1474 4714 responsum,
1505 4646 1626 4714 quia
1676 4662 1778 4700 non
1823 4657 2164 4716 est-pensan-

615 4738 712 4791 dus
737 4738 866 4791 ordo
894 4739 945 4790 in
976 4738 1214 4804 psalmis,
1249 4737 1342 4791 sed
1371 4738 1556 4791 virtus.
1591 4738 1655 4790 Et
1681 4737 1802 4806 quia
1838 4739 2040 4807 primus
2083 4749 2163 4793 est

616 4825 755 4878 intra
783 4826 1076 4880 Ecclesiam
1112 4827 1243 4880 ordo
1272 4828 1793 4892 sacerdotalis,hunc
1817 4829 2044 4897 primum
2070 4843 2164 4897 po-

616 4911 820 4967 suimus
851 4914 900 4966 in
927 4914 1201 4983 precibus.

848 5021 967 5076 Post
1007 5025 1331 5078 Dominicam
1374 5025 1670 5080 Orationem
1716 5042 1924 5081 versus:

689 5133 797 5199 Ego
825 5133 930 5184 dixi
962 5147 974 5184 :
1007 5133 1249 5198 Domine,
1306 5138 1558 5191 miserere
1606 5137 1737 5200 mei,
1769 5151 1897 5189 sana
1935 5139 2164 5191 animam

618 5238 819 5287 meam,
872 5225 996 5294 quia
1050 5231 1263 5293 peccavi
1308 5231 1423 5283 tibi.
1467 5229 1782 5284 Sacerdotes
1826 5229 1900 5282 tui
1949 5229 2168 5282 induant

613 5312 895 5380 justitiam,
933 5324 987 5368 et
1033 5316 1200 5369 sancti
1232 5319 1307 5370 tui
1361 5321 1642 5373 exsultent.
1697 5320 2166 5384 Domine,‘salvum

619 5401 702 5454 fac
723 5419 921 5470 regem,
949 5415 1003 5467 et
1037 5408 1230 5462 exaudi
1273 5425 1368 5463 nos
1396 5410 1446 5462 in
1479 5411 1581 5474 die,
1611 5427 1712 5478 qua
1745 5412 2168 5467 invocaverimus

618 5501 689 5544 te.
717 5493 934 5550 Salvum
976 5497 1056 5552 fac
1103 5501 1351 5569 populum
1374 5501 1476 5570 37
1505 5508 1672 5563 tuum,
1700 5502 1922 5556 Domine
1942 5544 1955 5565 ,
2000 5512 2054 5556 et
2079 5503 2167 5557 be-

622 5583 773 5638 nedic
797 5584 1157 5644 haereditatem
1204 5601 1369 5657 tuam,
1398 5602 1448 5646 et
1479 5606 1600 5660 rege
1631 5606 1738 5652 eos,
1765 5602 1817 5644 et
1859 5592 2048 5648 extolle
2077 5608 2167 5648 eos

2263 4453 2467 4502 verum,
2491 4447 2544 4491 et
2586 4448 2916 4494 revertantur
2943 4441 3008 4494 ad
3034 4452 3084 4494 te
3114 4442 3165 4494 in
3194 4450 3302 4496 toto
3341 4445 3499 4499 corde
3536 4461 3650 4500 suo.
3697 4447 3815 4501 Tri-

2266 4525 2388 4587 bue,
2421 4541 2618 4592 quaeso,
2646 4526 2888 4595 Domine,
2927 4531 3069 4582 omni
3093 4531 3260 4594 sexui,
3284 4541 3337 4585 et
3365 4535 3624 4588 universa!
3648 4535 3815 4601 aetati,

2264 4625 2422 4684 atque
2479 4616 2772 4670 conditioni
2822 4618 3024 4671 ordinis
3071 4618 3390 4686 Christiani,
3447 4625 3815 4677 mandatorum

2266 4716 2474 4760 tuorum
2521 4707 2816 4760 custodiam
2839 4746 2853 4770 ,
2896 4715 2948 4760 et
2982 4723 3199 4763 suorum
3227 4713 3462 4766 omnium
3489 4714 3698 4767 veniam
3725 4714 3817 4768 de—

2264 4797 2530 4859 lictorum,
2552 4803 2605 4848 et
2632 4793 2785 4848 nobis
2815 4797 3087 4852 miserere.
3116 4798 3304 4852 Amen.

2977 4928 3113 4986 XV.

2268 5020 2445 5092 Quod
2471 5021 2697 5081 bonum
2728 5023 2810 5081 sit
2843 5041 3021 5082 orare
3037 5042 3159 5101 pro
3184 5023 3486 5104 defunctis
3509 5027 3813 5108 ﬁdelibus.

2336 5138 2524 5207 Arguit
2549 5146 2766 5193 sanctus
2796 5139 3075 5209 Apostolus
3104 5144 3358 5210 quosdam
3390 5145 3698 5202 Corinthios
3737 5150 3818 5200 in-

2269 5231 2555 5296 lidelitatis,
2602 5234 2726 5300 quia
2759 5235 2822 5287 de
2850 5239 3252 5293 rcmtrrection‘is
3280 5241 3443 5310 gloria
3473 5243 3771 5295 titubabant
3800 5256 3816 5295 τ

2270 5319 2325 5374 Si
2378 5321 2634 5386 Christus,
2689 5324 2887 5392 inquit,
2933 5327 3247 5395 pradicatur
3277 5330 3415 5397 quod
3467 5333 3742 5385 resurrexit
3785 5349 3818 5385 a

2270 5415 2505 5475 mortuis,
2551 5415 2802 5482 quomodo
2837 5418 3259 5486 quidam'dicunt
3286 5420 3339 5472 in
3376 5422 3543 5487 vobis,
3573 5423 3817 5492 quoniam
3875 5422 3880 5426 ’

2272 5503 2571 5555 resurrectio
2619 5503 2867 5557 bonorum
2900 5505 3015 5574 [ΑΙ.
3045 5547 3058 5568 ,
3115 5511 3468 5581 mortuorum]
3511 5529 3610 5565 non
3651 5521 3724 5565 est
3765 5509 3816 5578 (1

2273 5591 2391 5645 Cor.
2419 5609 2507 5657 xv,
2537 5591 2656 5661 12)?
2680 5593 2784 5646 Nos
2828 5609 2973 5663 ergo,
3022 5596 3111 5663 qui
3142 5599 3338 5665 absque
3381 5604 3524 5655 omni
3573 5599 3820 5668 scrupulo
