4248 6188
406 276 508 331 489

1279 268 1665 327 muneres.
1699 298 1770 309 -
1805 268 1895 321 nr.
1933 264 2181 319 usus.
2220 262 2380 327 usu.
2421 294 2488 301 .-
2527 261 2725 315 mus.
2772 264 2805 315 ι.

3552 262 3658 318 490

404 388 855 444 resurrectionem
901 386 1168 441 veraciter
1206 385 1477 440 credimus
1500 394 1556 439 et
1578 391 1974 453 exspectamus,
2012 389 2050 445 Α
2081 379 2218 445 pori.
2255 376 2486 431 Possunt
2531 386 2737 435 tamen,
2772 379 2908 430 sicut
2931 374 3138 446 [πίητε.
3164 379 3205 432 si
3236 377 3343 448 cui]
3373 379 3567 446 placet,
3605 394 3660 435 et

404 490 620 530 oremus
649 474 883 544 quotidie
919 488 1018 542 pro
1039 473 1424 528 resurrecturis
1445 472 1834 527 dormientibus
1861 468 1972 523 fra-

406 567 577 622 tribus
604 556 821 621 nostris.
850 565 906 620 In
944 565 1029 621 his
1055 580 1286 635 namque
1316 565 1552 645 quinque
1584 563 1826 634 psalmis,
1854 577 1977 632 pos-

404 675 590 715 sumus
622 658 803 730 aliquo
830 658 990 713 modo
1028 673 1215 715 eorum
1251 656 1565 712 memoriam
1611 655 1811 720 facere,
1850 656 1974 723 quia

312 780 321 787 -ι
402 751 729 822 pmdicatur
761 752 814 804 in
844 750 924 805 eis
952 744 1348 820 quodammodo
1374 747 1698 803 resurrectio
1734 754 1975 801 mortuo-

406 854 525 895 rum
548 858 561 893 :
582 839 828 895 Miserere
847 839 973 907 mei,
995 839 1153 901 Deus,
1177 838 1462 893 secundum
1479 853 1753 908 magnam;
1776 834 1973 900 Dilexi,

351 945 354 949 ‘
402 930 650 1001 quoniam
687 929 951 984 exaudiuit
989 928 1278 991 Dominus;
1319 927 1551 993 Credidi,
1592 927 1801 999 propter
1834 930 1974 998 quod

410 1020 608 1074 locutus
645 1036 802 1085 sum;
833 1019 1162 1089 Confitentini
1208 1019 1433 1074 Domino
1482 1020 1729 1089 quoniam
1771 1019 1972 1090 bonus,

405 1110 647 1178 quoniam
687 1110 741 1164 in
783 1108 1033 1164 naculum
1062 1109 1420 1164 misericordia
1460 1109 1608 1178 ejus;
1655 1108 1808 1162 Dicat
1839 1125 1975 1162 nunc

404 1197 571 1254 Israel
586 1214 607 1263 ;
636 1197 872 1253 Laudat:
902 1198 1180 1272 Dominum
1202 1199 1257 1252 iu
1285 1199 1477 1261 sanctis
1503 1198 1637 1268 ejus.

586 1296 591 1305 ’
667 1307 793 1363 Post
812 1309 1143 1366 Dominicam
1165 1310 1468 1365 Orationem
1496 1327 1690 1365 versus.

469 1421 678 1476 Anima:
733 1422 1073 1480 morientium
1121 1421 1350 1478 fratrum
1386 1422 1693 1479 nostrorum
1732 1426 1784 1479 in
1821 1425 1975 1479 bonis

404 1511 770 1575 demorentur,
816 1519 874 1566 et
911 1525 1095 1567 semen
1133 1527 1320 1567 eorum
1351 1513 1663 1567 haereditate
1704 1514 1975 1584 possideat

404 1610 624 1657 terram.
654 1601 771 1656 Non
798 1602 977 1657 veniat
1004 1603 1084 1657 eis
1106 1617 1203 1673 pes
1237 1605 1521 1673 superbiae,
1554 1615 1607 1659 et
1637 1622 1828 1661 manus
1851 1623 1974 1677 pec-

402 1700 642 1747 catorum
668 1708 773 1746 non
802 1702 1053 1749 moveant
1084 1709 1198 1749 eos.
1224 1694 1504 1771 Accipiaut
1546 1698 1968 1755 benedictionem
2004 1736 2046 1794 Β

402 1798 433 1835 a
455 1782 700 1847 Domino,
729 1791 785 1837 et
819 1779 1247 1840 misericordiam
1276 1800 1305 1839 a
1332 1786 1441 1840 Deo
1471 1786 1692 1842 salutari
1725 1803 1840 1844 suo.
1866 1790 1971 1844 Ex-

404 1872 603 1927 sultent
628 1873 684 1927 in
722 1882 1010 1944 conspectu
1052 1874 1170 1939 Dei,
1196 1883 1252 1929 et
1292 1875 1626 1933 delectentur
1665 1878 1720 1931 in
1758 1878 1966 1935 laetitia.

404 1959 483 2014 τυ
524 1970 723 2024 autem,
765 1961 1018 2027 Domine,
1070 1979 1137 2017 ne
1183 1964 1335 2034 longe
1382 1963 1548 2019 facias
1571 1965 1972 2020 misericordias

404 2059 522 2105 tuas
546 2067 575 2104 a
597 2066 685 2107 me
717 2069 730 2104 :
763 2051 1131 2108 misericordia
1162 2063 1252 2108 tua
1281 2063 1335 2109 et
1354 2056 1555 2131 veritas
1577 2063 1666 2109 tua
1711 2055 1969 2125 suscipiat

401 2155 512 2196 eos.
544 2141 621 2196 Da
648 2142 750 2208 eis,
796 2142 1043 2210 Domine,
1088 2146 1474 2215 protectionem
1519 2146 1709 2202 salutis
1753 2156 1887 2213 tute,
1913 2158 1971 2203 et

399 2234 615 2289 dextera
645 2242 733 2311 tua
760 2236 1018 2306 suscipiat
1048 2252 1160 2293 eos.
1202 2238 1400 2293 Emitte
1425 2238 1599 2293 lucem
1625 2246 1773 2293 tuam
1804 2248 1860 2294 et
1879 2255 1971 2295 ve-

400 2327 610 2381 ritatem
664 2337 848 2383 tuam:
893 2330 1008 2401 ipsa
1047 2346 1143 2386 eos
1188 2332 1299 2402 38
1339 2331 1570 2388 deducat
1617 2333 1673 2387 in
1727 2342 1966 2388 montem

398 2426 641 2493 sanctum
673 2425 840 2479 tuum,
880 2418 934 2471 in
958 2419 1303 2475 tabernacula
1336 2430 1449 2476 tua.
1474 2422 1883 2477 Et.inhabitent
1912 2425 1965 2481 in

399 2504 741 2560 tabernacula
780 2515 868 2560 tua
922 2508 978 2561 in
1026 2509 1260 2575 saacula;
1314 2518 1669 2581 protegantur
1714 2513 1769 2567 in
1816 2514 1967 2568 vela—

397 2604 580 2648 mento
607 2594 814 2649 alarum
840 2604 1071 2652 tuarum.
1101 2595 1179 2653 Tu
1202 2608 1407 2665 autem,
1433 2600 1674 2667 Domine,
1709 2603 1967 2659 miserere

396 2683 575 2748 eis,et
602 2685 860 2740 resuscita
888 2698 1017 2751 eos;
1048 2696 1102 2742 et
1143 2689 1403 2744 conﬁrma
1437 2705 1532 2746 eos
1577 2692 1632 2746 in
1674 2702 1964 2763 conspectu

397 2781 491 2827 tuo
515 2773 568 2827 in
593 2781 852 2828 aeternum
884 2793 897 2829 :
930 2786 989 2830 ut
1027 2778 1327 2835 inbabitent
1352 2780 1414 2837 in
1434 2781 1594 2836 domo
1618 2790 1731 2847 tua,
1767 2782 1822 2838 in
1851 2781 1967 2840 lon-

396 2861 633 2932 gitudine
659 2862 884 2917 dierum.

1083 2975 1287 3032 Oratio.

2081 482 2184 521 non
2218 468 2359 520 cedit
2388 468 2640 536 pigritia'.
2663 468 2967 521 continuari
2998 468 3120 519 huic
3144 468 3380 537 psalmus
3408 469 3659 525 duodeci—

2081 575 2238 612 mus:
2267 557 2576 630 lisquequo,
2636 559 2892 621 Dandae;
2941 568 2994 612 et
3038 561 3365 615 centesimus
3414 571 3465 615 ct
3518 564 3651 633 vige-

2078 654 2283 707 simus:
2318 653 2504 708 Lerari
2534 653 2709 709 oculos
2735 670 2873 707 meos
2901 653 2969 707 ad
2999 664 3218 708 utentes.
3438 648 3447 655 ”

2330 762 2453 833 Post
2483 763 2811 817 Dominicam
2844 762 3147 830 Orationem
3188 782 3383 818 rersm.

2153 854 2304 910 Mitte
2349 856 2523 918 nobis,
2557 854 2806 917 Domine,
2853 856 3113 913 auxilium
3156 856 3220 911 de
3259 852 3483 923 saneto,
3507 870 3559 914 et
3594 864 3659 915 de

2079 944 2206 1025 $ion
2223 954 2373 999 tuere
2389 962 2505 1029 nos.
2529 945 2755 1016 Prntegc
2779 961 2877 999 nos
2895 964 2924 998 a
2941 957 3205 1001 conventu
3227 949 3631 1020 malignantimn
3644 978 3665 1013 ,-

2076 1042 2133 1086 et
2178 1050 2207 1087 a
2246 1034 2588 1089 multitudine
2632 1036 2970 1104 onerantium
3010 1036 3365 1106 iniquitatem.
3413 1039 3657 1095 lllnmina

2079 1122 2446 1193 faciemtuam
2491 1138 2667 1193 super_
2682 1140 2896 1178 servum
2929 1134 3101 1190 tutnn,
3133 1134 3185 1179 et
3211 1128 3415 1182 salvum
3460 1148 3544 1185 me
3571 1130 3658 1189 fac

2077 1214 2131 1265 in
2169 1221 2261 1267 tua
2301 1213 2692 1268 misericordia.
2730 1214 2979 1279 Domine,
3011 1231 3116 1269 non
3163 1216 3484 1282 confundor,
3527 1238 3660 1290 quo-

2076 1302 2221 1356 niam
2248 1301 2491 1357 invocavi
2528 1310 2600 1357 te.
2633 1303 2849 1359 Faciem
2888 1313 3034 1358 tuam
3068 1305 3309 1361 illumiua
3348 1324 3510 1378 super
3548 1328 3660 1364 ser-

2076 1407 2200 1446 vum
2233 1400 2403 1456 tuum,
2436 1401 2489 1447 et
2521 1392 2653 1448 doce
2681 1409 2765 1447 me
2785 1394 3196 1465 iustiﬁcationes
3224 1406 3362 1453 tuas.
3396 1399 3657 1466 Quoniam

2072 1492 2132 1536 tu
2162 1481 2433 1537 illuminas
2467 1483 2712 1539 lucernas
2744 1500 2914 1547 meas,
2945 1485 3167 1540 Domine
3202 1485 3344 1543 Deus
3386 1507 3555 1556 tllt'lb',
3599 1493 3659 1544 il-

2076 1574 2279 1645 lumina
2312 1576 2556 1630 tenebras
2577 1591 2744 1643 meas.

2347 1684 2531 1739 Oratio
2563 1687 2732 1755 prima
2758 1687 2811 1740 in
2841 1687 3136 1741 dormitorii
3172 1690 3379 1745 cellula.

2145 1776 2399 1843 Benedic,
2425 1777 2671 1843 Domine,
2700 1796 2904 1849 qumso,
2953 1780 3200 1837 cellulam
3226 1781 3246 1855 [
3274 1786 3380 1850 .11.,
3431 1786 3656 1864 cellam}

2075 1868 2252 1933 istam,
2271 1878 2341 1925 tut
2362 1862 2456 1940 qui
2479 1870 2531 1924 in
2561 1870 2751 1925 umbra
2778 1871 2986 1926 alarum
3018 1881 3229 1949 tuarum
3257 1862 3556 1944 speramus,
3589 1884 3656 1933 ali

2071 1962 2323 2021 omnibus
2367 1962 2576 2017 insidiis
2609 1962 2949 2029 dmmdnum,
2996 1965 3214 2021 virtutis
3259 1977 3363 2023 tua:
3419 1973 3656 2040 potentia

2072 2059 2338 2106 tueamur.
2388 2053 2492 2106 Per
2522 2052 2807 2107 Dominum
2844 2056 3087 2110 nostrum
3124 2055 3307 2113 Iesum
3356 2058 3650 2124 Christum,

2070 2144 2162 2213 qui
2190 2144 2321 2197 vivit
2354 2153 2407 2203 et
2433 2155 2621 2215 regnat
2652 2145 2704 2198 in
2731 2144 2923 2200 saecula
2951 2147 3290 2203 szecnlorum.
3322 2150 3515 2206 Amen.

2788 2255 2927 2310 Alia.
3160 2290 3168 2297 ι
3318 2254 3329 2263 “

2141 2343 2278 2398 llnie
2310 2344 2537 2408 cellulae,
2565 2359 2770 2413 qumso,
2792 2345 3036 2410 Domine,
3065 2360 3302 2417 praesens
3343 2350 3548 2414 adesto,
3593 2362 3652 2407 ut

2070 2426 2288 2489 catena
2310 2431 2627 2486 diemonunr
2643 2433 2873 2488 contrita
2895 2433 3180 2504 ctl’ugetur.
3657 2435 3665 2441 ’

2675 2541 2811 2595 Item
2860 2545 3051 2598 oratio.

2141 2629 2388 2694 Domine,
2414 2646 2574 2702 quem
2596 2648 2768 2703 neque
2799 2635 2972 2703 spatia
3001 2635 3245 2696 dilatant.
3277 2654 3375 2695 nec
3411 2640 3647 2699 brevitas

2068 2720 2307 2776 locorum
2338 2731 2609 2793 angustat,
2654 2726 2794 2779 hanc
2821 2724 3090 2792 cellulam,
3119 2743 3322 2797 qna-so,
3354 2734 3652 2800 plausentizie

2068 2818 2173 2864 tute
2202 2810 2320 2865 luce
2364 2801 2645 2881 perfunde,
2678 2820 2745 2866 ut
2794 2815 3139 2869 tenebrarum
3164 2828 3354 2873 auctor
3398 2822 3652 2879 confusus

2067 2903 2341 2958 abscedat.
2377 2904 2478 2959 Per
2499 2902 2784 2959 Dominum
2811 2916 3054 2961 nostrum
3079 2905 3261 2964 Jesnm
3290 2912 3586 2969 Christum.

2790 3015 2929 3069 Alia.

469 3082 544 3139 Ne
571 3095 806 3157 reputes,
850 3088 1089 3158 piissime
1117 3090 1363 3159 Domine,
1404 3104 1623 3164 peccata
1674 3098 1959 3167 quiescen-
1989 3071 2038 3134 θ
2135 3074 2366 3158 A.facie
2414 3104 2721 3172 impiorum,
2770 3120 2974 3173 qumso,
3025 3107 3269 3173 Domine,
3313 3114 3411 3166 sub
3456 3117 3645 3172 umbra

399 3175 529 3230 tium
583 3175 808 3231 fratrum
855 3194 1117 3248 meorum,
1162 3182 1259 3243 vel
1293 3200 1483 3241 eorum
1518 3187 1609 3256 qui
1660 3189 1789 3244 mihi
1835 3206 1985 3253 con-,

392 3264 562 3333 juncti
600 3279 688 3321 tua
719 3271 982 3324 charitate
1012 3274 1371 3355 etStiterunt;
1403 3285 1464 3329 ut
1490 3277 1577 3332 his
1603 3289 1762 3348 atque
1792 3283 1960 3336 omni-
1987 3310 1997 3318 -

400 3354 498 3407 bus
536 3356 589 3409 in
629 3364 718 3410 tua
749 3356 852 3412 ﬁde
880 3358 1144 3415 defunctis
1184 3362 1419 3433 digneris
1465 3375 1721 3421 aeternam
1770 3362 1960 3426 conce-

325 3504 330 3508 _
397 3442 522 3498 dere
552 3448 808 3515 requiem.
907 3448 915 3453 ’

482 3606 483 3609 γ
1002 3516 1128 3594 an.
1156 3543 1343 3595 o’ratio.

466 3639 564 3707 Da,
594 3641 795 3713 qumso,
839 3644 1085 3713 Domine,
1130 3651 1371 3719 requiem
1414 3654 1663 3721 omnibus
1700 3655 1960 3714 fratribus

397 3734 616 3799 nostris,
657 3736 746 3805 qui
778 3738 841 3791 de
868 3738 968 3792 hac
1010 3737 1127 3794 luce
1165 3740 1216 3795 in
1250 3739 1586 3798 confessione
1620 3746 1696 3799 tui
1727 3736 1958 3802 nominis

316 3874 321 3879 .
396 3827 776 3894 migraverunt,
805 3840 857 3881 et
886 3828 1042 3884 nobis
1061 3831 1333 3886 miserere.
1364 3832 1555 3886 Amen.

1100 3942 1269 4002 XVI.

432 4057 967 4143 Quadorandum
1007 4061 1092 4121 sit
1136 4064 1204 4124 in
1250 4061 1610 4143 dormitorii
1665 4065 1912 4143 cellula,

455 4200 459 4207 ,
524 4138 895 4216 priusquam
928 4140 1367 4217 corpusculum
1402 4140 1583 4202 detur
1611 4145 1830 4222 quieti.

461 4257 590 4316 Post
634 4260 912 4316 decursum
944 4275 1072 4316 vero
1107 4263 1268 4316 totius
1311 4262 1415 4317 diei
1439 4263 1696 4333 spatium,
1737 4282 1857 4341 cum
1885 4258 1950 4320 ad

288 4385 307 4390 ι
397 4351 617 4406 lectulos
643 4354 944 4408 accedimus
985 4353 1307 4420 dormitum,
1348 4355 1485 4409 votis
1512 4356 1761 4411 omnibus
1804 4371 1951 4428 roge-

2063 3197 2279 3268 alarum
2299 3204 2510 3248 tuarum
2543 3209 2641 3249 nos
2666 3203 2908 3267 protege,
2936 3205 2994 3250 ut
3017 3198 3083 3252 ad
3124 3197 3334 3255 laudem
3365 3205 3438 3257 tui
3472 3210 3645 3260 nomi-

2064 3287 2147 3338 nis
2174 3280 2490 3346 surrecturi,
2526 3290 2580 3341 te
2607 3298 2768 3351 super
2794 3299 2891 3337 nos
2917 3284 3171 3355 vigilante
3195 3292 3369 3345 securi
3406 3293 3643 3348 dormia-

2064 3392 2201 3429 mus.
2269 3364 2716 3457 l’er’Dom‘innm
2792 3385 3035 3430 uestrum
3101 3374 3281 3433 Jcsum
3346 3383 3640 3438 Christum.

2062 3465 2251 3519 Amen.

2310 3545 2316 3552 ’
2427 3595 2430 3599 η
2787 3557 2926 3612 Alia.

2130 3643 2346 3702 Gratias
2389 3630 2485 3698 tibi
2514 3659 2636 3715 ago,
2685 3643 2911 3700 Domine
2959 3654 3143 3701 sancte
3183 3647 3363 3713 Pater,
3400 3654 3636 3721 omnipo-

2060 3744 2179 3788 tens
2206 3744 2406 3789 mterne
2447 3734 2607 3799 Deus,
2658 3736 2749 3804 qui
2793 3750 2880 3790 me
2924 3736 3175 3807 dignatus
3220 3753 3281 3793 es
3319 3740 3371 3794 in
3412 3742 3511 3799 hac
3554 3746 3639 3799 die

2056 3826 2330 3879 custodire
2357 3840 2454 3895 per
2478 3835 2627 3880 tuam
2649 3826 2891 3885 sanctam
2913 3830 3377 3901 misericordiam;
3402 3841 3639 3895 concede

2057 3915 2186 3969 mihi
2216 3916 2355 3971 hanc
2378 3926 2592 3972 noctem
2621 3920 2911 3988 tranquillo
2938 3929 2992 3975 et
3016 3923 3216 3978 mundo
3246 3927 3408 3981 corde
3443 3916 3494 3982 ei
3516 3946 3639 3984 cor-

2054 4020 2184 4074 pore
2228 4007 2309 4062 sic
2355 4010 2722 4078 pertransire,
2768 4019 2827 4066 ut
2866 4028 3002 4083 pure
3048 4013 3118 4068 ad
3157 4016 3369 4087 vigilias
3410 4035 3637 4089 surgens

2053 4108 2264 4168 gratum
2292 4099 2384 4154 tibi
2415 4100 3003 4157 servitium'exsolvere
3036 4105 3258 4172 possint.

2030 4265 2037 4271 ,
2122 4208 2232 4279 39
2261 4208 2441 4291 Gratia
2488 4214 2655 4265 sancti
2696 4211 3005 4293 Hieronymi
3035 4229 3129 4283 pro
3176 4219 3416 4272 custodia
3449 4221 3554 4274 diei

2661 4291 2921 4351 sequentis
2964 4295 3013 4335 δ.

2124 4366 2331 4422 Mecum
2348 4362 2499 4435 esto,
2518 4368 2744 4425 Domine
2762 4370 3031 4436 Sabaoth;
3060 4387 3217 4427 mane
3238 4390 3359 4429 cum
3382 4393 3633 4434 surrexe-

393 4456 512 4496 lnus
551 4441 853 4507 DOMinum.
901 4458 1023 4498 cum
1068 4442 1335 4515 Ρτοριιειε
1385 4446 1622 4500 dicentes
1652 4462 1665 4499 ε
1700 4444 1951 4510 Munium
1982 4428 2028 4487 υ
2056 4473 2134 4520 ro,
2168 4457 2385 4517 intende
2406 4460 2475 4515 ad
2509 4476 2620 4526 me,
2644 4466 2698 4516 et
2727 4462 2963 4530 guberna
2997 4477 3186 4519 omnes
3208 4475 3359 4522 actus
3387 4484 3556 4529 meos.
3579 4483 3627 4524 ci

391 4529 568 4584 oculos
590 4546 749 4594 meos,
773 4548 836 4585 ne
855 4548 1083 4602 unquam
1105 4534 1427 4588 obdormiam
1452 4536 1507 4589 in
1540 4548 1703 4590 marte
1722 4535 1946 4608 (Psalm;

392 4614 490 4685 ιίι,
517 4619 591 4690 4).
620 4620 800 4691 Neque
826 4622 967 4675 enim
996 4622 1182 4678 melior
1204 4631 1288 4679 est
1327 4634 1535 4679 mortuo
1559 4627 1831 4683 dormiens
1860 4629 1949 4699 qui

394 4727 424 4764 a
453 4726 872 4781 respersusque
919 4712 985 4765 ad
1029 4727 1186 4768 mane
1231 4714 1497 4769 obdurato
1525 4713 1547 4787 [
1577 4713 1758 4780 Forte,
1796 4719 1950 4773 obtu-

394 4799 552 4871 rato]
600 4816 694 4856 ore
719 4801 873 4856 laude
902 4799 1191 4868 Creatoris,
1228 4820 1333 4858 non
1371 4812 1479 4858 tam
1526 4821 1734 4871 somno,
1788 4822 1947 4876 quam

394 4888 652 4958 lothargia
679 4891 960 4963 depressus
991 4892 1271 4963 resupinus
1306 4892 1484 4949 stertit
1508 4895 1562 4949 in
1597 4895 1809 4954 lectulo.
1844 4898 1944 4952 \‘e-

393 4990 507 5031 rum
554 4980 675 5047 quia
718 4988 904 5035 contra
933 4990 1177 5037 naturam
1206 4992 1288 5037 cst
1314 4983 1821 5040 insomnem‘vivcre
1851 4987 1945 5040 ho-

393 5066 609 5131 minem,
654 5066 803 5122 illnm
839 5085 1086 5140 rogemus
1115 5072 1423 5136 dormituri,
1475 5073 1565 5142 qui
1611 5088 1714 5128 non
1743 5072 1946 5129 dormi-

394 5155 527 5212 tabit
562 5170 735 5225 neque
777 5156 1041 5223 dormiet;
1080 5167 1138 5212 ut
1181 5159 1571 5217 satisfaciamus
1619 5162 1945 5218 dormientes

332 5298 337 5307 ,
390 5258 497 5301 non
534 5244 816 5311 voluntati,
859 5246 952 5301 sed
1001 5250 1323 5305 necessitati.
1372 5250 1638 5307 Canamus
1682 5261 1940 5322 prmterea

393 5331 789 5392 mnm‘lectulo
822 5336 1085 5407 psalmum
1114 5348 1342 5402 sextum,
1392 5343 1444 5398 id
1469 5351 1572 5409 est,
1600 5342 1838 5406 Domine,
1882 5360 1944 5397 ne

391 5421 447 5476 in
484 5424 566 5478 ira
593 5416 686 5479 tua
708 5442 901 5497 arguas
944 5441 1055 5490 me;
1085 5429 1331 5499 congruit
1364 5432 1506 5486 enim
1534 5440 1589 5486 et
1622 5430 1698 5486 rei
1728 5440 1782 5485 et
1811 5438 1945 5486 tem-

412 5520 486 5620 ζ·
516 5535 905 5620 _Exst3t_apud_
931 5538 1177 5601 Martem,
1215 5539 1446 5613 Antiqua
1485 5542 1732 5599 Ecclesia:
1768 5542 2079 5613 Disciplina,
2106 5562 2224 5620 pag.
2261 5548 2382 5614 621,
2419 5550 2469 5604 in
2534 5525 2737 5609 Libello
2795 5552 2969 5609 Caroli

395 5606 618 5683 quadam
644 5604 961 5663 dlﬂ'er'entia.

706 5696 980 5759 Ριτιιοι.
1025 5696 1124 5759 Cl.

2052 4548 2215 4603 verba
2256 4563 2398 4613 mea,
2431 4557 2484 4603 et
2521 4550 2870 4621 cogitationes
2899 4567 3047 4607 meas
3076 4555 3167 4608 vel
3196 4571 3356 4626 opera
3395 4575 3537 4623 mea,
3579 4573 3632 4616 ut

2053 4643 2222 4690 totum
2265 4637 2406 4691 diem
2452 4640 2746 4707 transigam
2791 4640 2842 4694 in
2885 4649 2976 4695 tua
3012 4642 3306 4699 voluntate.
3358 4646 3430 4701 Da
3479 4652 3629 4713 mihi,

2051 4723 2339 4811 Domine”.
2368 4726 2617 4782 timorem
2668 4737 2853 4790 tuum,
2915 4734 3094 4787 cordis
3140 4729 3626 4805 conmunctioncm.

2052 4814 2246 4869 mentis
2268 4813 2648 4882 humilitatem,
2687 4821 3029 4878 conscientia:
3066 4825 3374 4894 puritatem,
3416 4836 3473 4879 ut
3514 4838 3623 4883 ter-

2049 4918 2162 4957 ram
2190 4905 2504 4974 despiciam,
2543 4908 2737 4963 coelum
2776 4913 3085 4981 suspiciam,
3137 4925 3354 4983 peccata
3398 4917 3621 4979 oderim,

1972 5046 1978 5053 ,
2045 5003 2100 5049 ct
2129 4993 2397 5063 justitiam
2440 4999 2678 5070 diligam.
2723 5002 2990 5059 Abscinde
3015 5021 3045 5058 a
3074 5021 3179 5070 mc,
3211 5007 3448 5070 Domine,
3488 5014 3621 5081 gula-

2047 5085 2362 5154 appetitum,
2411 5090 2900 5158 concupiscentiam
2946 5091 3335 5160 fornicationis,
3380 5114 3618 5157 amorem

2044 5172 2302 5241 pecunia,
2332 5183 2536 5241 pestem
2564 5177 2874 5242 iracundiae,
2904 5183 3176 5239 tristitiam
3198 5188 3400 5252 seculi,
3424 5191 3621 5246 utentis

2049 5262 2323 5323 accidiam,
2378 5278 2570 5317 vanam
2620 5265 2889 5331 laetitiam,
2943 5274 3278 5342 tyrannidem
3336 5279 3617 5347 superbia.

2051 5350 2234 5405 Planta
2261 5351 2315 5405 in
2340 5364 2448 5414 me;
2476 5353 2722 5417 Domine,
2750 5357 3005 5416 virtutem
3032 5363 3389 5429 abstinentia,
3414 5374 3469 5421 et
3491 5384 3618 5425 con-

2049 5439 2326 5495 tinentiam
2359 5443 2561 5508 carnis,
2592 5453 2649 5498 et
2673 5446 2977 5504 castitatem
3008 5454 3222 5515 mentis,
3262 5455 3618 5515 voluntariam

3025 5556 3193 5641 Calvi.
3259 5578 3379 5632 pag.
3414 5566 3466 5631 6,
3496 5583 3619 5628 Cum

3112 5715 3185 5776 16
