  <div class='ocr_page' id='page_1' title='image "/cluster/home/n/w/nwhite01/storage/ocr_20150623/101/uva.x000834944/255.png"; bbox 0 0 4246 6228; ppageno 0'>
   <div class='ocr_carea' id='block_1_1' title="bbox 599 367 702 422">
    <p class='ocr_par' dir='ltr' id='par_1_1' title="bbox 599 367 702 422">
     <span class='ocr_line' id='line_1_1' title="bbox 599 367 702 422; baseline 0 -3"><span class='ocrx_word' id='word_1_1' title='bbox 599 367 702 422; x_wconf 67' lang='grc'><strong>495</strong></span> 
     </span>
    </p>
   </div>
   <div class='ocr_carea' id='block_1_2' title="bbox 1441 353 3000 427">
    <p class='ocr_par' dir='ltr' id='par_1_2' title="bbox 1441 353 3000 427">
     <span class='ocr_line' id='line_1_2' title="bbox 1441 353 3000 427; baseline -0.006 -13"><span class='ocrx_word' id='word_1_2' title='bbox 1441 363 1497 414; x_wconf 84' lang='grc' dir='ltr'><strong>Β.</strong></span> <span class='ocrx_word' id='word_1_3' title='bbox 1522 360 1598 413; x_wconf 69' lang='grc' dir='ltr'><strong>Ῥ.</strong></span> <span class='ocrx_word' id='word_1_4' title='bbox 1640 357 1862 412; x_wconf 70' lang='lat' dir='ltr'><strong>ALBlNl</strong></span> <span class='ocrx_word' id='word_1_5' title='bbox 1904 354 2033 408; x_wconf 75' lang='lat' dir='ltr'><strong>SEU</strong></span> <span class='ocrx_word' id='word_1_6' title='bbox 2072 354 2344 420; x_wconf 60' lang='grc' dir='ltr'><strong>ΑιριειΝι</strong></span> <span class='ocrx_word' id='word_1_7' title='bbox 2382 353 2658 427; x_wconf 60' lang='grc' dir='ltr'><strong>ΟΡΕΒΕΜ</strong></span> <span class='ocrx_word' id='word_1_8' title='bbox 2699 353 2872 407; x_wconf 70' lang='lat' dir='ltr'><strong>PARS</strong></span> <span class='ocrx_word' id='word_1_9' title='bbox 2916 354 3000 406; x_wconf 81' lang='lat' dir='ltr'><strong>IV.</strong></span> 
     </span>
    </p>
   </div>
   <div class='ocr_carea' id='block_1_3' title="bbox 3714 350 3819 407">
    <p class='ocr_par' dir='ltr' id='par_1_3' title="bbox 3714 350 3819 407">
     <span class='ocr_line' id='line_1_3' title="bbox 3714 350 3819 407; baseline 0.019 -2"><span class='ocrx_word' id='word_1_10' title='bbox 3714 350 3819 407; x_wconf 64' lang='lat'><strong>£96</strong></span> 
     </span>
    </p>
   </div>
   <div class='ocr_carea' id='block_1_4' title="bbox 598 465 3820 547">
    <p class='ocr_par' dir='ltr' id='par_1_4' title="bbox 598 465 3820 547">
     <span class='ocr_line' id='line_1_4' title="bbox 598 465 3820 547; baseline -0.003 -15"><span class='ocrx_word' id='word_1_11' title='bbox 598 475 1076 547; x_wconf 77' lang='lat' dir='ltr'><strong>byteris,diaconis</strong></span> <span class='ocrx_word' id='word_1_12' title='bbox 1106 481 1158 526; x_wconf 90' lang='lat' dir='ltr'><strong>et</strong></span> <span class='ocrx_word' id='word_1_13' title='bbox 1191 469 1549 536; x_wconf 81' lang='lat' dir='ltr'><strong>s&#39;ubdiaconis,</strong></span> <span class='ocrx_word' id='word_1_14' title='bbox 1579 470 1822 540; x_wconf 78' lang='lat' dir='ltr'><strong>acolytis,</strong></span> <span class='ocrx_word' id='word_1_15' title='bbox 1851 467 2150 530; x_wconf 83' lang='lat' dir='ltr'><strong>exorcistis,</strong></span> <span class='ocrx_word' id='word_1_16' title='bbox 2183 472 2227 528; x_wconf 76' lang='grc' dir='ltr'><strong>Α</strong></span> <span class='ocrx_word' id='word_1_17' title='bbox 2257 465 2432 533; x_wconf 82' lang='lat' dir='ltr'><strong>poenis</strong></span> <span class='ocrx_word' id='word_1_18' title='bbox 2462 465 2680 525; x_wconf 78' lang='lat' dir='ltr'><strong>inferni.</strong></span> <span class='ocrx_word' id='word_1_19' title='bbox 2715 467 2861 521; x_wconf 86' lang='lat' dir='ltr'><strong>etab</strong></span> <span class='ocrx_word' id='word_1_20' title='bbox 2886 467 3134 520; x_wconf 78' lang='lat' dir='ltr'><strong>omnibus</strong></span> <span class='ocrx_word' id='word_1_21' title='bbox 3159 465 3365 520; x_wconf 77' lang='lat' dir='ltr'><strong>insidiis</strong></span> <span class='ocrx_word' id='word_1_22' title='bbox 3395 465 3596 520; x_wconf 85' lang='lat' dir='ltr'><strong>inimici</strong></span> <span class='ocrx_word' id='word_1_23' title='bbox 3627 469 3820 521; x_wconf 81' lang='lat' dir='ltr'><strong>mentis</strong></span> 
     </span>
    </p>
   </div>
   <div class='ocr_carea' id='block_1_5' title="bbox 595 564 2152 637">
    <p class='ocr_par' dir='ltr' id='par_1_5' title="bbox 595 564 2152 637">
     <span class='ocr_line' id='line_1_5' title="bbox 595 564 2152 637; baseline -0.007 -11"><span class='ocrx_word' id='word_1_24' title='bbox 595 572 906 634; x_wconf 69' lang='lat' dir='ltr'><strong>lectoribus,</strong></span> <span class='ocrx_word' id='word_1_25' title='bbox 939 568 1280 637; x_wconf 87' lang='lat' dir='ltr'><strong>janitoribus,</strong></span> <span class='ocrx_word' id='word_1_26' title='bbox 1314 567 1620 629; x_wconf 87' lang='lat' dir='ltr'><strong>monachis,</strong></span> <span class='ocrx_word' id='word_1_27' title='bbox 1652 566 1883 627; x_wconf 85' lang='lat' dir='ltr'><strong>clericis,</strong></span> <span class='ocrx_word' id='word_1_28' title='bbox 1933 564 2152 633; x_wconf 86' lang='lat' dir='ltr'><strong>virgini-</strong></span> 
     </span>
    </p>
   </div>
   <div class='ocr_carea' id='block_1_6' title="bbox 597 652 2152 738">
    <p class='ocr_par' dir='ltr' id='par_1_6' title="bbox 597 652 2152 738">
     <span class='ocr_line' id='line_1_6' title="bbox 597 652 2152 738; baseline -0.009 -21"><span class='ocrx_word' id='word_1_29' title='bbox 597 666 714 727; x_wconf 90' lang='lat' dir='ltr'><strong>bus,</strong></span> <span class='ocrx_word' id='word_1_30' title='bbox 745 661 939 724; x_wconf 89' lang='lat' dir='ltr'><strong>viduis,</strong></span> <span class='ocrx_word' id='word_1_31' title='bbox 961 659 1274 730; x_wconf 68' lang='lat' dir='ltr'><strong>coniugatis,</strong></span> <span class='ocrx_word' id='word_1_32' title='bbox 1303 655 1719 738; x_wconf 78' lang='lat' dir='ltr'><strong>continentibus,</strong></span> <span class='ocrx_word' id='word_1_33' title='bbox 1749 652 2152 724; x_wconf 73' lang='lat' dir='ltr'><strong>paenitentibus,</strong></span> 
     </span>
    </p>
   </div>
   <div class='ocr_carea' id='block_1_7' title="bbox 597 745 2154 824">
    <p class='ocr_par' dir='ltr' id='par_1_7' title="bbox 597 745 2154 824">
     <span class='ocr_line' id='line_1_7' title="bbox 597 745 2154 824; baseline -0.008 -17"><span class='ocrx_word' id='word_1_34' title='bbox 597 754 830 824; x_wconf 80' lang='lat' dir='ltr'><strong>regibus,</strong></span> <span class='ocrx_word' id='word_1_35' title='bbox 878 750 1230 821; x_wconf 82' lang='lat' dir='ltr'><strong>principibus,</strong></span> <span class='ocrx_word' id='word_1_36' title='bbox 1281 747 1527 811; x_wconf 80' lang='lat' dir='ltr'><strong>ducibus,</strong></span> <span class='ocrx_word' id='word_1_37' title='bbox 1571 745 1871 816; x_wconf 73' lang='lat' dir='ltr'><strong>iudicibus,</strong></span> <span class='ocrx_word' id='word_1_38' title='bbox 1904 745 2154 806; x_wconf 73' lang='lat' dir='ltr'><strong>tribunis,</strong></span> 
     </span>
    </p>
   </div>
   <div class='ocr_carea' id='block_1_8' title="bbox 595 833 2156 908">
    <p class='ocr_par' dir='ltr' id='par_1_8' title="bbox 595 833 2156 908">
     <span class='ocr_line' id='line_1_8' title="bbox 595 833 2156 908; baseline -0.008 -11"><span class='ocrx_word' id='word_1_39' title='bbox 595 841 1009 902; x_wconf 90' lang='lat' dir='ltr'><strong>centurionibus,</strong></span> <span class='ocrx_word' id='word_1_40' title='bbox 1035 837 1504 908; x_wconf 89' lang='lat' dir='ltr'><strong>quinquagenariis</strong></span> <span class='ocrx_word' id='word_1_41' title='bbox 1539 845 1593 889; x_wconf 91' lang='lat' dir='ltr'><strong>et</strong></span> <span class='ocrx_word' id='word_1_42' title='bbox 1632 834 1869 897; x_wconf 88' lang='lat' dir='ltr'><strong>decanis,</strong></span> <span class='ocrx_word' id='word_1_43' title='bbox 1893 833 2156 887; x_wconf 76' lang='lat' dir='ltr'><strong>universis</strong></span> 
     </span>
    </p>
   </div>
   <div class='ocr_carea' id='block_1_9' title="bbox 595 921 2155 1001">
    <p class='ocr_par' dir='ltr' id='par_1_9' title="bbox 595 921 2155 1001">
     <span class='ocr_line' id='line_1_9' title="bbox 595 921 2155 1001; baseline -0.007 -15"><span class='ocrx_word' id='word_1_44' title='bbox 595 931 844 1001; x_wconf 76' lang='lat' dir='ltr'><strong>gradibus</strong></span> <span class='ocrx_word' id='word_1_45' title='bbox 870 929 960 999; x_wconf 87' lang='lat' dir='ltr'><strong>qui</strong></span> <span class='ocrx_word' id='word_1_46' title='bbox 983 930 1035 983; x_wconf 92' lang='lat' dir='ltr'><strong>in</strong></span> <span class='ocrx_word' id='word_1_47' title='bbox 1068 928 1172 982; x_wconf 78' lang='lat' dir='ltr'><strong>ﬁde</strong></span> <span class='ocrx_word' id='word_1_48' title='bbox 1196 935 1399 981; x_wconf 68' lang='lat' dir='ltr'><strong>saneta:</strong></span> <span class='ocrx_word' id='word_1_49' title='bbox 1423 924 1702 980; x_wconf 84' lang='lat' dir='ltr'><strong>Trinitatis</strong></span> <span class='ocrx_word' id='word_1_50' title='bbox 1726 923 1779 977; x_wconf 88' lang='lat' dir='ltr'><strong>in</strong></span> <span class='ocrx_word' id='word_1_51' title='bbox 1797 921 2035 977; x_wconf 81' lang='lat' dir='ltr'><strong>Ecclesia</strong></span> <span class='ocrx_word' id='word_1_52' title='bbox 2066 931 2155 975; x_wconf 91' lang='lat' dir='ltr'><strong>tua</strong></span> 
     </span>
    </p>
   </div>
   <div class='ocr_carea' id='block_1_10' title="bbox 594 1011 2156 1075">
    <p class='ocr_par' dir='ltr' id='par_1_10' title="bbox 594 1011 2156 1075">
     <span class='ocr_line' id='line_1_10' title="bbox 594 1011 2156 1075; baseline -0.006 -2"><span class='ocrx_word' id='word_1_53' title='bbox 594 1020 853 1075; x_wconf 82' lang='lat' dir='ltr'><strong>catholica</strong></span> <span class='ocrx_word' id='word_1_54' title='bbox 900 1016 1254 1072; x_wconf 89' lang='lat' dir='ltr'><strong>communiter</strong></span> <span class='ocrx_word' id='word_1_55' title='bbox 1282 1015 1643 1071; x_wconf 90' lang='lat' dir='ltr'><strong>continentur.</strong></span> <span class='ocrx_word' id='word_1_56' title='bbox 1688 1011 1939 1066; x_wconf 80' lang='lat' dir='ltr'><strong>Miserere</strong></span> <span class='ocrx_word' id='word_1_57' title='bbox 1953 1020 2022 1066; x_wconf 66' lang='lat' dir='ltr'><strong>&quot;et</strong></span> <span class='ocrx_word' id='word_1_58' title='bbox 2050 1026 2156 1065; x_wconf 89' lang='lat' dir='ltr'><strong>om-</strong></span> 
     </span>
    </p>
   </div>
   <div class='ocr_carea' id='block_1_11' title="bbox 595 1102 2156 1181">
    <p class='ocr_par' dir='ltr' id='par_1_11' title="bbox 595 1102 2156 1181">
     <span class='ocr_line' id='line_1_11' title="bbox 595 1102 2156 1181; baseline -0.005 -15"><span class='ocrx_word' id='word_1_59' title='bbox 595 1111 751 1166; x_wconf 80' lang='lat' dir='ltr'><strong>nibus</strong></span> <span class='ocrx_word' id='word_1_60' title='bbox 778 1111 868 1181; x_wconf 89' lang='lat' dir='ltr'><strong>qui</strong></span> <span class='ocrx_word' id='word_1_61' title='bbox 898 1110 951 1164; x_wconf 89' lang='lat' dir='ltr'><strong>in</strong></span> <span class='ocrx_word' id='word_1_62' title='bbox 977 1107 1080 1163; x_wconf 85' lang='lat' dir='ltr'><strong>ﬁde</strong></span> <span class='ocrx_word' id='word_1_63' title='bbox 1107 1115 1162 1163; x_wconf 86' lang='lat' dir='ltr'><strong>et</strong></span> <span class='ocrx_word' id='word_1_64' title='bbox 1187 1122 1371 1162; x_wconf 87' lang='lat' dir='ltr'><strong>amore</strong></span> <span class='ocrx_word' id='word_1_65' title='bbox 1409 1105 1578 1161; x_wconf 79' lang='lat' dir='ltr'><strong>sancti</strong></span> <span class='ocrx_word' id='word_1_66' title='bbox 1619 1104 1857 1159; x_wconf 85' lang='lat' dir='ltr'><strong>nominis</strong></span> <span class='ocrx_word' id='word_1_67' title='bbox 1882 1104 1958 1158; x_wconf 92' lang='lat' dir='ltr'><strong>tui</strong></span> <span class='ocrx_word' id='word_1_68' title='bbox 2003 1102 2156 1158; x_wconf 88' lang='lat' dir='ltr'><strong>nobis</strong></span> 
     </span>
    </p>
   </div>
   <div class='ocr_carea' id='block_1_12' title="bbox 593 1195 2156 1274">
    <p class='ocr_par' dir='ltr' id='par_1_12' title="bbox 593 1195 2156 1274">
     <span class='ocr_line' id='line_1_12' title="bbox 593 1195 2156 1274; baseline -0.006 -15"><span class='ocrx_word' id='word_1_69' title='bbox 593 1203 959 1274; x_wconf 77' lang='lat' dir='ltr'><strong>eieemosynas</strong></span> <span class='ocrx_word' id='word_1_70' title='bbox 976 1217 1101 1256; x_wconf 89' lang='lat' dir='ltr'><strong>suas</strong></span> <span class='ocrx_word' id='word_1_71' title='bbox 1119 1200 1403 1264; x_wconf 91' lang='lat' dir='ltr'><strong>dederunt,</strong></span> <span class='ocrx_word' id='word_1_72' title='bbox 1420 1214 1514 1253; x_wconf 89' lang='lat' dir='ltr'><strong>seu</strong></span> <span class='ocrx_word' id='word_1_73' title='bbox 1537 1198 1590 1253; x_wconf 90' lang='lat' dir='ltr'><strong>in</strong></span> <span class='ocrx_word' id='word_1_74' title='bbox 1610 1197 1940 1252; x_wconf 86' lang='lat' dir='ltr'><strong>orationibus</strong></span> <span class='ocrx_word' id='word_1_75' title='bbox 1959 1195 2156 1251; x_wconf 87' lang='lat' dir='ltr'><strong>nostris</strong></span> 
     </span>
    </p>
   </div>
   <div class='ocr_carea' id='block_1_13' title="bbox 594 1285 2158 1358">
    <p class='ocr_par' dir='ltr' id='par_1_13' title="bbox 594 1285 2158 1358">
     <span class='ocr_line' id='line_1_13' title="bbox 594 1285 2158 1358; baseline -0.006 -11"><span class='ocrx_word' id='word_1_76' title='bbox 594 1307 653 1348; x_wconf 89' lang='lat' dir='ltr'><strong>se</strong></span> <span class='ocrx_word' id='word_1_77' title='bbox 698 1291 1231 1353; x_wconf 85' lang='lat' dir='ltr'><strong>commendaverunt,</strong></span> <span class='ocrx_word' id='word_1_78' title='bbox 1269 1297 1324 1342; x_wconf 87' lang='lat' dir='ltr'><strong>et</strong></span> <span class='ocrx_word' id='word_1_79' title='bbox 1347 1288 1435 1343; x_wconf 87' lang='lat' dir='ltr'><strong>his</strong></span> <span class='ocrx_word' id='word_1_80' title='bbox 1462 1302 1596 1358; x_wconf 88' lang='lat' dir='ltr'><strong>quos</strong></span> <span class='ocrx_word' id='word_1_81' title='bbox 1637 1285 1918 1341; x_wconf 72' lang='lat' dir='ltr'><strong>admisceri</strong></span> <span class='ocrx_word' id='word_1_82' title='bbox 1948 1286 2003 1339; x_wconf 92' lang='lat' dir='ltr'><strong>in</strong></span> <span class='ocrx_word' id='word_1_83' title='bbox 2034 1298 2158 1338; x_wconf 87' lang='lat' dir='ltr'><strong>ora-</strong></span> 
     </span>
    </p>
   </div>
   <div class='ocr_carea' id='block_1_14' title="bbox 595 1373 2156 1448">
    <p class='ocr_par' dir='ltr' id='par_1_14' title="bbox 595 1373 2156 1448">
     <span class='ocr_line' id='line_1_14' title="bbox 595 1373 2156 1448; baseline -0.004 -16"><span class='ocrx_word' id='word_1_84' title='bbox 595 1379 828 1438; x_wconf 84' lang='lat' dir='ltr'><strong>tionibus</strong></span> <span class='ocrx_word' id='word_1_85' title='bbox 856 1379 1053 1432; x_wconf 84' lang='lat' dir='ltr'><strong>nostris</strong></span> <span class='ocrx_word' id='word_1_86' title='bbox 1088 1378 1448 1448; x_wconf 86' lang='lat' dir='ltr'><strong>promisimus,</strong></span> <span class='ocrx_word' id='word_1_87' title='bbox 1482 1384 1588 1429; x_wconf 89' lang='lat' dir='ltr'><strong>tam</strong></span> <span class='ocrx_word' id='word_1_88' title='bbox 1618 1376 1753 1429; x_wconf 83' lang='lat' dir='ltr'><strong>vivis</strong></span> <span class='ocrx_word' id='word_1_89' title='bbox 1780 1389 1940 1444; x_wconf 89' lang='lat' dir='ltr'><strong>quam</strong></span> <span class='ocrx_word' id='word_1_90' title='bbox 1970 1373 2156 1427; x_wconf 76' lang='lat' dir='ltr'><strong>delim-</strong></span> 
     </span>
    </p>
   </div>
   <div class='ocr_carea' id='block_1_15' title="bbox 594 1465 2155 1537">
    <p class='ocr_par' dir='ltr' id='par_1_15' title="bbox 594 1465 2155 1537">
     <span class='ocr_line' id='line_1_15' title="bbox 594 1465 2155 1537; baseline -0.003 -15"><span class='ocrx_word' id='word_1_91' title='bbox 594 1471 717 1534; x_wconf 88' lang='lat' dir='ltr'><strong>ctis,</strong></span> <span class='ocrx_word' id='word_1_92' title='bbox 745 1469 1096 1524; x_wconf 88' lang='lat' dir='ltr'><strong>incolumibus</strong></span> <span class='ocrx_word' id='word_1_93' title='bbox 1139 1476 1296 1537; x_wconf 89' lang='lat' dir='ltr'><strong>atque</strong></span> <span class='ocrx_word' id='word_1_94' title='bbox 1328 1466 1573 1529; x_wconf 85' lang='lat' dir='ltr'><strong>inﬁrmis,</strong></span> <span class='ocrx_word' id='word_1_95' title='bbox 1602 1481 1830 1535; x_wconf 87' lang='lat' dir='ltr'><strong>quorum</strong></span> <span class='ocrx_word' id='word_1_96' title='bbox 1860 1465 2073 1517; x_wconf 90' lang='lat' dir='ltr'><strong>nomina</strong></span> <span class='ocrx_word' id='word_1_97' title='bbox 2102 1473 2155 1518; x_wconf 93' lang='lat' dir='ltr'><strong>et</strong></span> 
     </span>
    </p>
   </div>
   <div class='ocr_carea' id='block_1_16' title="bbox 595 1553 2150 1623">
    <p class='ocr_par' dir='ltr' id='par_1_16' title="bbox 595 1553 2150 1623">
     <span class='ocr_line' id='line_1_16' title="bbox 595 1553 2150 1623; baseline -0.005 -10"><span class='ocrx_word' id='word_1_98' title='bbox 595 1560 787 1613; x_wconf 88' lang='lat' dir='ltr'><strong>merita</strong></span> <span class='ocrx_word' id='word_1_99' title='bbox 837 1558 928 1611; x_wconf 89' lang='lat' dir='ltr'><strong>tibi</strong></span> <span class='ocrx_word' id='word_1_100' title='bbox 968 1558 1190 1611; x_wconf 91' lang='lat' dir='ltr'><strong>Domino</strong></span> <span class='ocrx_word' id='word_1_101' title='bbox 1235 1557 1341 1610; x_wconf 89' lang='lat' dir='ltr'><strong>Deo</strong></span> <span class='ocrx_word' id='word_1_102' title='bbox 1371 1557 1739 1609; x_wconf 88' lang='lat' dir='ltr'><strong>universorum</strong></span> <span class='ocrx_word' id='word_1_103' title='bbox 1774 1561 1895 1607; x_wconf 91' lang='lat' dir='ltr'><strong>sunt</strong></span> <span class='ocrx_word' id='word_1_104' title='bbox 1919 1553 2150 1623; x_wconf 84' lang='lat' dir='ltr'><strong>cognita,</strong></span> 
     </span>
    </p>
   </div>
   <div class='ocr_carea' id='block_1_17' title="bbox 594 1643 2150 1716">
    <p class='ocr_par' dir='ltr' id='par_1_17' title="bbox 594 1643 2150 1716">
     <span class='ocr_line' id='line_1_17' title="bbox 594 1643 2150 1716; baseline -0.003 -15"><span class='ocrx_word' id='word_1_105' title='bbox 594 1647 718 1716; x_wconf 85' lang='lat' dir='ltr'><strong>quia</strong></span> <span class='ocrx_word' id='word_1_106' title='bbox 765 1647 1036 1716; x_wconf 71' lang='lat' dir='ltr'><strong>sapientia:</strong></span> <span class='ocrx_word' id='word_1_107' title='bbox 1068 1655 1172 1700; x_wconf 69' lang='lat' dir='ltr'><strong>tum</strong></span> <span class='ocrx_word' id='word_1_108' title='bbox 1200 1661 1306 1699; x_wconf 90' lang='lat' dir='ltr'><strong>non</strong></span> <span class='ocrx_word' id='word_1_109' title='bbox 1352 1653 1435 1698; x_wconf 89' lang='lat' dir='ltr'><strong>est</strong></span> <span class='ocrx_word' id='word_1_110' title='bbox 1477 1659 1747 1698; x_wconf 89' lang='lat' dir='ltr'><strong>numerus.</strong></span> <span class='ocrx_word' id='word_1_111' title='bbox 1798 1643 2000 1696; x_wconf 79' lang='lat' dir='ltr'><strong>Exaudi</strong></span> <span class='ocrx_word' id='word_1_112' title='bbox 2046 1658 2150 1706; x_wconf 90' lang='lat' dir='ltr'><strong>me,</strong></span> 
     </span>
    </p>
   </div>
   <div class='ocr_carea' id='block_1_18' title="bbox 595 1733 2154 1808">
    <p class='ocr_par' dir='ltr' id='par_1_18' title="bbox 595 1733 2154 1808">
     <span class='ocr_line' id='line_1_18' title="bbox 595 1733 2154 1808; baseline -0.004 -15"><span class='ocrx_word' id='word_1_113' title='bbox 595 1740 829 1808; x_wconf 84' lang='lat' dir='ltr'><strong>piissime</strong></span> <span class='ocrx_word' id='word_1_114' title='bbox 871 1748 927 1792; x_wconf 89' lang='lat' dir='ltr'><strong>et</strong></span> <span class='ocrx_word' id='word_1_115' title='bbox 967 1739 1272 1792; x_wconf 79' lang='lat' dir='ltr'><strong>misericors</strong></span> <span class='ocrx_word' id='word_1_116' title='bbox 1321 1737 1478 1799; x_wconf 90' lang='lat' dir='ltr'><strong>Deus,</strong></span> <span class='ocrx_word' id='word_1_117' title='bbox 1513 1743 1566 1790; x_wconf 90' lang='lat' dir='ltr'><strong>et</strong></span> <span class='ocrx_word' id='word_1_118' title='bbox 1611 1735 1864 1789; x_wconf 87' lang='lat' dir='ltr'><strong>miserere</strong></span> <span class='ocrx_word' id='word_1_119' title='bbox 1907 1733 2154 1787; x_wconf 91' lang='lat' dir='ltr'><strong>omnibus</strong></span> 
     </span>
    </p>
   </div>
   <div class='ocr_carea' id='block_1_19' title="bbox 2257 556 3818 627">
    <p class='ocr_par' dir='ltr' id='par_1_19' title="bbox 2257 556 3818 627">
     <span class='ocr_line' id='line_1_19' title="bbox 2257 556 3818 627; baseline 0.003 -18"><span class='ocrx_word' id='word_1_120' title='bbox 2257 563 2311 609; x_wconf 89' lang='lat' dir='ltr'><strong>et</strong></span> <span class='ocrx_word' id='word_1_121' title='bbox 2346 558 2605 626; x_wconf 87' lang='lat' dir='ltr'><strong>corporis.</strong></span> <span class='ocrx_word' id='word_1_122' title='bbox 2653 556 2816 621; x_wconf 87' lang='lat' dir='ltr'><strong>Deus,</strong></span> <span class='ocrx_word' id='word_1_123' title='bbox 2842 558 2932 626; x_wconf 88' lang='lat' dir='ltr'><strong>qui</strong></span> <span class='ocrx_word' id='word_1_124' title='bbox 2974 572 3080 611; x_wconf 90' lang='lat' dir='ltr'><strong>non</strong></span> <span class='ocrx_word' id='word_1_125' title='bbox 3120 557 3200 611; x_wconf 85' lang='lat' dir='ltr'><strong>vis</strong></span> <span class='ocrx_word' id='word_1_126' title='bbox 3244 567 3471 612; x_wconf 90' lang='lat' dir='ltr'><strong>mortem</strong></span> <span class='ocrx_word' id='word_1_127' title='bbox 3499 559 3818 627; x_wconf 87' lang='lat' dir='ltr'><strong>peccatoris,</strong></span> 
     </span>
    </p>
   </div>
   <div class='ocr_carea' id='block_1_20' title="bbox 2256 644 3821 713">
    <p class='ocr_par' dir='ltr' id='par_1_20' title="bbox 2256 644 3821 713">
     <span class='ocr_line' id='line_1_20' title="bbox 2256 644 3821 713; baseline 0.003 -16"><span class='ocrx_word' id='word_1_128' title='bbox 2256 644 2353 700; x_wconf 83' lang='lat' dir='ltr'><strong>sed</strong></span> <span class='ocrx_word' id='word_1_129' title='bbox 2377 653 2439 698; x_wconf 87' lang='lat' dir='ltr'><strong>ut</strong></span> <span class='ocrx_word' id='word_1_130' title='bbox 2457 655 2796 700; x_wconf 81' lang='lat' dir='ltr'><strong>convertatur</strong></span> <span class='ocrx_word' id='word_1_131' title='bbox 2823 655 2877 700; x_wconf 88' lang='lat' dir='ltr'><strong>et</strong></span> <span class='ocrx_word' id='word_1_132' title='bbox 2904 647 3070 711; x_wconf 82' lang='lat' dir='ltr'><strong>vivat,</strong></span> <span class='ocrx_word' id='word_1_133' title='bbox 3094 646 3283 713; x_wconf 82' lang='lat' dir='ltr'><strong>adjuva</strong></span> <span class='ocrx_word' id='word_1_134' title='bbox 3311 661 3420 710; x_wconf 88' lang='lat' dir='ltr'><strong>me,</strong></span> <span class='ocrx_word' id='word_1_135' title='bbox 3449 655 3508 701; x_wconf 89' lang='lat' dir='ltr'><strong>ut</strong></span> <span class='ocrx_word' id='word_1_136' title='bbox 3531 655 3640 702; x_wconf 89' lang='lat' dir='ltr'><strong>toto</strong></span> <span class='ocrx_word' id='word_1_137' title='bbox 3659 649 3821 702; x_wconf 82' lang='lat' dir='ltr'><strong>corde</strong></span> 
     </span>
    </p>
   </div>
   <div class='ocr_carea' id='block_1_21' title="bbox 2257 736 3816 807">
    <p class='ocr_par' dir='ltr' id='par_1_21' title="bbox 2257 736 3816 807">
     <span class='ocr_line' id='line_1_21' title="bbox 2257 736 3816 807; baseline 0.001 -18"><span class='ocrx_word' id='word_1_138' title='bbox 2257 743 2539 804; x_wconf 86' lang='lat' dir='ltr'><strong>convertar</strong></span> <span class='ocrx_word' id='word_1_139' title='bbox 2562 736 2630 791; x_wconf 87' lang='lat' dir='ltr'><strong>ad</strong></span> <span class='ocrx_word' id='word_1_140' title='bbox 2662 743 2734 800; x_wconf 89' lang='lat' dir='ltr'><strong>te,</strong></span> <span class='ocrx_word' id='word_1_141' title='bbox 2761 745 2818 807; x_wconf 84' lang='lat' dir='ltr'><strong>et</strong></span> <span class='ocrx_word' id='word_1_142' title='bbox 2857 736 2960 789; x_wconf 89' lang='lat' dir='ltr'><strong>tuis</strong></span> <span class='ocrx_word' id='word_1_143' title='bbox 2991 750 3200 790; x_wconf 87' lang='lat' dir='ltr'><strong>merear</strong></span> <span class='ocrx_word' id='word_1_144' title='bbox 3236 736 3498 790; x_wconf 60' lang='lat' dir='ltr'><strong>inhaerere</strong></span> <span class='ocrx_word' id='word_1_145' title='bbox 3530 738 3816 792; x_wconf 85' lang='lat' dir='ltr'><strong>mandatis.</strong></span> 
     </span>
    </p>
   </div>
   <div class='ocr_carea' id='block_1_22' title="bbox 2257 823 3820 895">
    <p class='ocr_par' dir='ltr' id='par_1_22' title="bbox 2257 823 3820 895">
     <span class='ocr_line' id='line_1_22' title="bbox 2257 823 3820 895; baseline 0.003 -17"><span class='ocrx_word' id='word_1_146' title='bbox 2257 823 2418 889; x_wconf 90' lang='lat' dir='ltr'><strong>Deus,</strong></span> <span class='ocrx_word' id='word_1_147' title='bbox 2447 824 2539 895; x_wconf 89' lang='lat' dir='ltr'><strong>qui</strong></span> <span class='ocrx_word' id='word_1_148' title='bbox 2569 823 2857 880; x_wconf 73' lang='lat' dir='ltr'><strong>mortificas</strong></span> <span class='ocrx_word' id='word_1_149' title='bbox 2889 833 2945 880; x_wconf 88' lang='lat' dir='ltr'><strong>et</strong></span> <span class='ocrx_word' id='word_1_150' title='bbox 2969 824 3211 880; x_wconf 82' lang='lat' dir='ltr'><strong>viviﬁcas</strong></span> <span class='ocrx_word' id='word_1_151' title='bbox 3232 866 3246 891; x_wconf 98' lang='lat'><strong>,</strong></span> <span class='ocrx_word' id='word_1_152' title='bbox 3277 825 3495 880; x_wconf 87' lang='lat' dir='ltr'><strong>deducis</strong></span> <span class='ocrx_word' id='word_1_153' title='bbox 3523 827 3590 882; x_wconf 88' lang='lat' dir='ltr'><strong>ad</strong></span> <span class='ocrx_word' id='word_1_154' title='bbox 3619 825 3820 882; x_wconf 77' lang='lat' dir='ltr'><strong>inferos</strong></span> 
     </span>
    </p>
   </div>
   <div class='ocr_carea' id='block_1_23' title="bbox 2256 914 3827 982">
    <p class='ocr_par' dir='ltr' id='par_1_23' title="bbox 2256 914 3827 982">
     <span class='ocr_line' id='line_1_23' title="bbox 2256 914 3827 982; baseline 0.004 -15"><span class='ocrx_word' id='word_1_155' title='bbox 2256 928 2320 967; x_wconf 88' lang='lat' dir='ltr'><strong>ac</strong></span> <span class='ocrx_word' id='word_1_156' title='bbox 2357 914 2588 979; x_wconf 84' lang='lat' dir='ltr'><strong>reducis,</strong></span> <span class='ocrx_word' id='word_1_157' title='bbox 2615 915 2679 969; x_wconf 87' lang='lat' dir='ltr'><strong>da</strong></span> <span class='ocrx_word' id='word_1_158' title='bbox 2708 915 2839 969; x_wconf 80' lang='lat' dir='ltr'><strong>mihi</strong></span> <span class='ocrx_word' id='word_1_159' title='bbox 2876 914 3346 970; x_wconf 78' lang='lat' dir='ltr'><strong>mortiﬁcationem</strong></span> <span class='ocrx_word' id='word_1_160' title='bbox 3373 918 3573 982; x_wconf 87' lang='lat' dir='ltr'><strong>carnis,</strong></span> <span class='ocrx_word' id='word_1_161' title='bbox 3601 927 3657 973; x_wconf 91' lang='lat' dir='ltr'><strong>et</strong></span> <span class='ocrx_word' id='word_1_162' title='bbox 3687 919 3827 975; x_wconf 13' lang='lat' dir='ltr'><strong>vivi-v</strong></span> 
     </span>
    </p>
   </div>
   <div class='ocr_carea' id='block_1_24' title="bbox 2257 1001 3821 1079">
    <p class='ocr_par' dir='ltr' id='par_1_24' title="bbox 2257 1001 3821 1079">
     <span class='ocr_line' id='line_1_24' title="bbox 2257 1001 3821 1079; baseline 0.004 -23"><span class='ocrx_word' id='word_1_163' title='bbox 2257 1001 2563 1058; x_wconf 83' lang='lat' dir='ltr'><strong>ﬁcationem</strong></span> <span class='ocrx_word' id='word_1_164' title='bbox 2599 1003 2837 1073; x_wconf 86' lang='lat' dir='ltr'><strong>spiritus.</strong></span> <span class='ocrx_word' id='word_1_165' title='bbox 2881 1004 3019 1060; x_wconf 87' lang='lat' dir='ltr'><strong>Deus</strong></span> <span class='ocrx_word' id='word_1_166' title='bbox 3044 1045 3059 1070; x_wconf 92' lang='lat'><strong>,</strong></span> <span class='ocrx_word' id='word_1_167' title='bbox 3101 1005 3189 1076; x_wconf 90' lang='lat' dir='ltr'><strong>qui</strong></span> <span class='ocrx_word' id='word_1_168' title='bbox 3231 1007 3462 1061; x_wconf 86' lang='lat' dir='ltr'><strong>suscitas</strong></span> <span class='ocrx_word' id='word_1_169' title='bbox 3501 1008 3565 1063; x_wconf 91' lang='lat' dir='ltr'><strong>de</strong></span> <span class='ocrx_word' id='word_1_170' title='bbox 3603 1009 3821 1079; x_wconf 81' lang='lat' dir='ltr'><strong>pulvere</strong></span> 
     </span>
    </p>
   </div>
   <div class='ocr_carea' id='block_1_25' title="bbox 2255 1092 3820 1167">
    <p class='ocr_par' dir='ltr' id='par_1_25' title="bbox 2255 1092 3820 1167">
     <span class='ocr_line' id='line_1_25' title="bbox 2255 1092 3820 1167; baseline 0.004 -23"><span class='ocrx_word' id='word_1_171' title='bbox 2255 1105 2506 1161; x_wconf 45' lang='lat' dir='ltr'><strong>genum,</strong></span> <span class='ocrx_word' id='word_1_172' title='bbox 2531 1099 2586 1147; x_wconf 93' lang='lat' dir='ltr'><strong>et</strong></span> <span class='ocrx_word' id='word_1_173' title='bbox 2611 1092 2677 1146; x_wconf 89' lang='lat' dir='ltr'><strong>de</strong></span> <span class='ocrx_word' id='word_1_174' title='bbox 2706 1099 2946 1147; x_wconf 86' lang='lat' dir='ltr'><strong>stercore</strong></span> <span class='ocrx_word' id='word_1_175' title='bbox 2991 1093 3167 1149; x_wconf 84' lang='lat' dir='ltr'><strong>elevas</strong></span> <span class='ocrx_word' id='word_1_176' title='bbox 3203 1109 3524 1166; x_wconf 87' lang='lat' dir='ltr'><strong>pauperem;</strong></span> <span class='ocrx_word' id='word_1_177' title='bbox 3554 1095 3697 1167; x_wconf 83' lang='lat' dir='ltr'><strong>erige</strong></span> <span class='ocrx_word' id='word_1_178' title='bbox 3736 1111 3820 1151; x_wconf 88' lang='lat' dir='ltr'><strong>ma</strong></span> 
     </span>
    </p>
   </div>
   <div class='ocr_carea' id='block_1_26' title="bbox 2256 1179 3816 1249">
    <p class='ocr_par' dir='ltr' id='par_1_26' title="bbox 2256 1179 3816 1249">
     <span class='ocr_line' id='line_1_26' title="bbox 2256 1179 3816 1249; baseline 0.004 -17"><span class='ocrx_word' id='word_1_179' title='bbox 2256 1179 2322 1234; x_wconf 89' lang='lat' dir='ltr'><strong>de</strong></span> <span class='ocrx_word' id='word_1_180' title='bbox 2349 1179 2467 1234; x_wconf 89' lang='lat' dir='ltr'><strong>lacu</strong></span> <span class='ocrx_word' id='word_1_181' title='bbox 2491 1181 2741 1246; x_wconf 70' lang='lat' dir='ltr'><strong>miserim,</strong></span> <span class='ocrx_word' id='word_1_182' title='bbox 2774 1190 2828 1236; x_wconf 91' lang='lat' dir='ltr'><strong>et</strong></span> <span class='ocrx_word' id='word_1_183' title='bbox 2866 1182 2932 1236; x_wconf 85' lang='lat' dir='ltr'><strong>de</strong></span> <span class='ocrx_word' id='word_1_184' title='bbox 2961 1182 3071 1235; x_wconf 90' lang='lat' dir='ltr'><strong>luto</strong></span> <span class='ocrx_word' id='word_1_185' title='bbox 3100 1181 3244 1238; x_wconf 61' lang='lat' dir='ltr'><strong>faecis</strong></span> <span class='ocrx_word' id='word_1_186' title='bbox 3285 1184 3351 1237; x_wconf 92' lang='lat' dir='ltr'><strong>ad</strong></span> <span class='ocrx_word' id='word_1_187' title='bbox 3379 1191 3433 1238; x_wconf 89' lang='lat' dir='ltr'><strong>te</strong></span> <span class='ocrx_word' id='word_1_188' title='bbox 3476 1184 3816 1249; x_wconf 83' lang='lat' dir='ltr'><strong>clamantem,</strong></span> 
     </span>
    </p>
   </div>
   <div class='ocr_carea' id='block_1_27' title="bbox 2254 1271 3817 1341">
    <p class='ocr_par' dir='ltr' id='par_1_27' title="bbox 2254 1271 3817 1341">
     <span class='ocr_line' id='line_1_27' title="bbox 2254 1271 3817 1341; baseline 0.004 -18"><span class='ocrx_word' id='word_1_189' title='bbox 2254 1278 2310 1323; x_wconf 91' lang='lat' dir='ltr'><strong>et</strong></span> <span class='ocrx_word' id='word_1_190' title='bbox 2345 1277 2520 1324; x_wconf 82' lang='lat' dir='ltr'><strong>statue</strong></span> <span class='ocrx_word' id='word_1_191' title='bbox 2555 1286 2716 1340; x_wconf 85' lang='lat' dir='ltr'><strong>supra</strong></span> <span class='ocrx_word' id='word_1_192' title='bbox 2730 1279 2949 1340; x_wconf 45' lang='lat' dir='ltr'><strong>.petram</strong></span> <span class='ocrx_word' id='word_1_193' title='bbox 2991 1271 3153 1341; x_wconf 88' lang='lat' dir='ltr'><strong>pedes</strong></span> <span class='ocrx_word' id='word_1_194' title='bbox 3198 1287 3375 1338; x_wconf 88' lang='lat' dir='ltr'><strong>meos;</strong></span> <span class='ocrx_word' id='word_1_195' title='bbox 3406 1281 3461 1328; x_wconf 91' lang='lat' dir='ltr'><strong>et</strong></span> <span class='ocrx_word' id='word_1_196' title='bbox 3502 1275 3726 1329; x_wconf 83' lang='lat' dir='ltr'><strong>immitte</strong></span> <span class='ocrx_word' id='word_1_197' title='bbox 3762 1275 3817 1330; x_wconf 92' lang='lat' dir='ltr'><strong>in</strong></span> 
     </span>
    </p>
   </div>
   <div class='ocr_carea' id='block_1_28' title="bbox 2255 1361 3820 1437">
    <p class='ocr_par' dir='ltr' id='par_1_28' title="bbox 2255 1361 3820 1437">
     <span class='ocr_line' id='line_1_28' title="bbox 2255 1361 3820 1437; baseline 0.005 -24"><span class='ocrx_word' id='word_1_198' title='bbox 2255 1375 2370 1423; x_wconf 89' lang='lat' dir='ltr'><strong>eos,</strong></span> <span class='ocrx_word' id='word_1_199' title='bbox 2397 1368 2450 1413; x_wconf 89' lang='lat' dir='ltr'><strong>et</strong></span> <span class='ocrx_word' id='word_1_200' title='bbox 2483 1361 2627 1415; x_wconf 84' lang='lat' dir='ltr'><strong>inos</strong></span> <span class='ocrx_word' id='word_1_201' title='bbox 2666 1377 2842 1415; x_wconf 88' lang='lat' dir='ltr'><strong>meum</strong></span> <span class='ocrx_word' id='word_1_202' title='bbox 2877 1363 3139 1416; x_wconf 85' lang='lat' dir='ltr'><strong>canticum</strong></span> <span class='ocrx_word' id='word_1_203' title='bbox 3183 1380 3403 1429; x_wconf 88' lang='lat' dir='ltr'><strong>novum,</strong></span> <span class='ocrx_word' id='word_1_204' title='bbox 3430 1367 3686 1437; x_wconf 86' lang='lat' dir='ltr'><strong>hymnum</strong></span> <span class='ocrx_word' id='word_1_205' title='bbox 3714 1366 3820 1437; x_wconf 84' lang='lat' dir='ltr'><strong>glo-</strong></span> 
     </span>
    </p>
   </div>
   <div class='ocr_carea' id='block_1_29' title="bbox 2255 1451 3819 1522">
    <p class='ocr_par' dir='ltr' id='par_1_29' title="bbox 2255 1451 3819 1522">
     <span class='ocr_line' id='line_1_29' title="bbox 2255 1451 3819 1522; baseline 0.006 -20"><span class='ocrx_word' id='word_1_206' title='bbox 2255 1451 2347 1503; x_wconf 69' lang='lat' dir='ltr'><strong>riae</strong></span> <span class='ocrx_word' id='word_1_207' title='bbox 2392 1459 2512 1505; x_wconf 67' lang='lat' dir='ltr'><strong>tuae.</strong></span> <span class='ocrx_word' id='word_1_208' title='bbox 2546 1451 2706 1513; x_wconf 87' lang='lat' dir='ltr'><strong>Deus,</strong></span> <span class='ocrx_word' id='word_1_209' title='bbox 2741 1453 2828 1520; x_wconf 82' lang='lat' dir='ltr'><strong>qui</strong></span> <span class='ocrx_word' id='word_1_210' title='bbox 2877 1453 3020 1506; x_wconf 87' lang='lat' dir='ltr'><strong>solus</strong></span> <span class='ocrx_word' id='word_1_211' title='bbox 3057 1453 3222 1508; x_wconf 89' lang='lat' dir='ltr'><strong>babes</strong></span> <span class='ocrx_word' id='word_1_212' title='bbox 3257 1455 3735 1522; x_wconf 84' lang='lat' dir='ltr'><strong>immortalitatem,</strong></span> <span class='ocrx_word' id='word_1_213' title='bbox 3765 1467 3819 1512; x_wconf 90' lang='lat' dir='ltr'><strong>et</strong></span> 
     </span>
    </p>
   </div>
   <div class='ocr_carea' id='block_1_30' title="bbox 2255 1538 3817 1617">
    <p class='ocr_par' dir='ltr' id='par_1_30' title="bbox 2255 1538 3817 1617">
     <span class='ocr_line' id='line_1_30' title="bbox 2255 1538 3817 1617; baseline 0.006 -27"><span class='ocrx_word' id='word_1_214' title='bbox 2255 1538 2427 1594; x_wconf 89' lang='lat' dir='ltr'><strong>lucem</strong></span> <span class='ocrx_word' id='word_1_215' title='bbox 2450 1539 2657 1595; x_wconf 83' lang='lat' dir='ltr'><strong>habitas</strong></span> <span class='ocrx_word' id='word_1_216' title='bbox 2676 1543 3128 1605; x_wconf 83' lang='lat' dir='ltr'><strong>inaccessibilem,</strong></span> <span class='ocrx_word' id='word_1_217' title='bbox 3155 1544 3318 1598; x_wconf 89' lang='lat' dir='ltr'><strong>libera</strong></span> <span class='ocrx_word' id='word_1_218' title='bbox 3345 1560 3430 1599; x_wconf 90' lang='lat' dir='ltr'><strong>me</strong></span> <span class='ocrx_word' id='word_1_219' title='bbox 3455 1557 3485 1598; x_wconf 90' lang='lat' dir='ltr'><strong>a</strong></span> <span class='ocrx_word' id='word_1_220' title='bbox 3507 1539 3680 1602; x_wconf 78' lang='lat' dir='ltr'><strong>morte</strong></span> <span class='ocrx_word' id='word_1_221' title='bbox 3704 1563 3817 1617; x_wconf 80' lang='lat' dir='ltr'><strong>per—</strong></span> 
     </span>
    </p>
   </div>
   <div class='ocr_carea' id='block_1_31' title="bbox 2253 1633 3813 1701">
    <p class='ocr_par' dir='ltr' id='par_1_31' title="bbox 2253 1633 3813 1701">
     <span class='ocr_line' id='line_1_31' title="bbox 2253 1633 3813 1701; baseline 0.005 -17"><span class='ocrx_word' id='word_1_222' title='bbox 2253 1640 2434 1701; x_wconf 85' lang='lat' dir='ltr'><strong>petua,</strong></span> <span class='ocrx_word' id='word_1_223' title='bbox 2457 1633 2764 1687; x_wconf 76' lang='lat' dir='ltr'><strong>et-ostende</strong></span> <span class='ocrx_word' id='word_1_224' title='bbox 2790 1633 2918 1688; x_wconf 85' lang='lat' dir='ltr'><strong>mihi</strong></span> <span class='ocrx_word' id='word_1_225' title='bbox 2949 1633 3123 1688; x_wconf 87' lang='lat' dir='ltr'><strong>lucem</strong></span> <span class='ocrx_word' id='word_1_226' title='bbox 3149 1635 3552 1691; x_wconf 87' lang='lat' dir='ltr'><strong>miserationum</strong></span> <span class='ocrx_word' id='word_1_227' title='bbox 3583 1646 3813 1700; x_wconf 87' lang='lat' dir='ltr'><strong>tuarum,</strong></span> 
     </span>
    </p>
   </div>
   <div class='ocr_carea' id='block_1_32' title="bbox 2255 1707 3814 1795">
    <p class='ocr_par' dir='ltr' id='par_1_32' title="bbox 2255 1707 3814 1795">
     <span class='ocr_line' id='line_1_32' title="bbox 2255 1707 3814 1795; baseline 0.004 -17"><span class='ocrx_word' id='word_1_228' title='bbox 2255 1707 2451 1780; x_wconf 60' lang='lat' dir='ltr'><strong>ct&#39;dele</strong></span> <span class='ocrx_word' id='word_1_229' title='bbox 2478 1725 2791 1795; x_wconf 84' lang='lat' dir='ltr'><strong>iniquitates</strong></span> <span class='ocrx_word' id='word_1_230' title='bbox 2818 1741 2987 1792; x_wconf 86' lang='lat' dir='ltr'><strong>meas,</strong></span> <span class='ocrx_word' id='word_1_231' title='bbox 3016 1735 3073 1781; x_wconf 88' lang='lat' dir='ltr'><strong>et</strong></span> <span class='ocrx_word' id='word_1_232' title='bbox 3098 1728 3229 1782; x_wconf 85' lang='lat' dir='ltr'><strong>doce</strong></span> <span class='ocrx_word' id='word_1_233' title='bbox 3258 1743 3343 1784; x_wconf 88' lang='lat' dir='ltr'><strong>me</strong></span> <span class='ocrx_word' id='word_1_234' title='bbox 3370 1728 3546 1783; x_wconf 78' lang='lat' dir='ltr'><strong>facere</strong></span> <span class='ocrx_word' id='word_1_235' title='bbox 3571 1729 3814 1784; x_wconf 83' lang='lat' dir='ltr'><strong>volunta—</strong></span> 
     </span>
    </p>
   </div>
   <div class='ocr_carea' id='block_1_33' title="bbox 595 1802 3816 1894">
    <p class='ocr_par' dir='ltr' id='par_1_33' title="bbox 595 1802 3816 1894">
     <span class='ocr_line' id='line_1_33' title="bbox 595 1802 3816 1894; baseline -0.002 -17"><span class='ocrx_word' id='word_1_236' title='bbox 595 1802 868 1882; x_wconf 57' lang='lat' dir='ltr'><strong>catholicis</strong></span> <span class='ocrx_word' id='word_1_237' title='bbox 887 1826 1059 1881; x_wconf 90' lang='lat' dir='ltr'><strong>adhuc</strong></span> <span class='ocrx_word' id='word_1_238' title='bbox 1079 1826 1132 1880; x_wconf 93' lang='lat' dir='ltr'><strong>in</strong></span> <span class='ocrx_word' id='word_1_239' title='bbox 1158 1821 1896 1894; x_wconf 79' lang='lat' dir='ltr'><strong>corporecommorantibus;</strong></span> <span class='ocrx_word' id='word_1_240' title='bbox 1925 1831 1978 1876; x_wconf 88' lang='lat' dir='ltr'><strong>et</strong></span> <span class='ocrx_word' id='word_1_241' title='bbox 2003 1837 2154 1876; x_wconf 89' lang='lat' dir='ltr'><strong>aver-</strong></span> <span class='ocrx_word' id='word_1_242' title='bbox 2185 1802 2231 1864; x_wconf 77' lang='grc' dir='ltr'><strong>Β</strong></span> <span class='ocrx_word' id='word_1_243' title='bbox 2258 1824 2368 1874; x_wconf 82' lang='lat' dir='ltr'><strong>tem</strong></span> <span class='ocrx_word' id='word_1_244' title='bbox 2395 1824 2540 1870; x_wconf 89' lang='lat' dir='ltr'><strong>tuam</strong></span> <span class='ocrx_word' id='word_1_245' title='bbox 2576 1818 2783 1871; x_wconf 88' lang='lat' dir='ltr'><strong>cunctis</strong></span> <span class='ocrx_word' id='word_1_246' title='bbox 2817 1817 3002 1872; x_wconf 85' lang='lat' dir='ltr'><strong>diebus</strong></span> <span class='ocrx_word' id='word_1_247' title='bbox 3029 1818 3151 1872; x_wconf 59' lang='lat' dir='ltr'><strong>vitae</strong></span> <span class='ocrx_word' id='word_1_248' title='bbox 3174 1833 3323 1872; x_wconf 64' lang='lat' dir='ltr'><strong>mea.</strong></span> <span class='ocrx_word' id='word_1_249' title='bbox 3372 1818 3534 1882; x_wconf 87' lang='lat' dir='ltr'><strong>Deus,</strong></span> <span class='ocrx_word' id='word_1_250' title='bbox 3561 1819 3650 1886; x_wconf 87' lang='lat' dir='ltr'><strong>qui</strong></span> <span class='ocrx_word' id='word_1_251' title='bbox 3679 1821 3816 1872; x_wconf 82' lang='lat' dir='ltr'><strong>nosti</strong></span> 
     </span>
    </p>
   </div>
   <div class='ocr_carea' id='block_1_34' title="bbox 593 1915 2153 1986">
    <p class='ocr_par' dir='ltr' id='par_1_34' title="bbox 593 1915 2153 1986">
     <span class='ocr_line' id='line_1_34' title="bbox 593 1915 2153 1986; baseline -0.003 -15"><span class='ocrx_word' id='word_1_252' title='bbox 593 1935 680 1973; x_wconf 68' lang='lat' dir='ltr'><strong>sos</strong></span> <span class='ocrx_word' id='word_1_253' title='bbox 720 1934 750 1972; x_wconf 92' lang='lat' dir='ltr'><strong>a</strong></span> <span class='ocrx_word' id='word_1_254' title='bbox 788 1919 871 1971; x_wconf 90' lang='lat' dir='ltr'><strong>via</strong></span> <span class='ocrx_word' id='word_1_255' title='bbox 917 1917 1161 1971; x_wconf 87' lang='lat' dir='ltr'><strong>veritatis</strong></span> <span class='ocrx_word' id='word_1_256' title='bbox 1196 1916 1415 1986; x_wconf 84' lang='lat' dir='ltr'><strong>dignare</strong></span> <span class='ocrx_word' id='word_1_257' title='bbox 1450 1915 1519 1970; x_wconf 89' lang='lat' dir='ltr'><strong>ad</strong></span> <span class='ocrx_word' id='word_1_258' title='bbox 1558 1922 1611 1968; x_wconf 92' lang='lat' dir='ltr'><strong>te</strong></span> <span class='ocrx_word' id='word_1_259' title='bbox 1646 1919 1979 1976; x_wconf 87' lang='lat' dir='ltr'><strong>convertere,</strong></span> <span class='ocrx_word' id='word_1_260' title='bbox 2005 1917 2065 1965; x_wconf 92' lang='lat' dir='ltr'><strong>ut</strong></span> <span class='ocrx_word' id='word_1_261' title='bbox 2101 1919 2153 1966; x_wconf 88' lang='lat' dir='ltr'><strong>te</strong></span> 
     </span>
    </p>
   </div>
   <div class='ocr_carea' id='block_1_35' title="bbox 595 2003 2157 2076">
    <p class='ocr_par' dir='ltr' id='par_1_35' title="bbox 595 2003 2157 2076">
     <span class='ocr_line' id='line_1_35' title="bbox 595 2003 2157 2076; baseline -0.003 -15"><span class='ocrx_word' id='word_1_262' title='bbox 595 2017 706 2064; x_wconf 91' lang='lat' dir='ltr'><strong>toto</strong></span> <span class='ocrx_word' id='word_1_263' title='bbox 734 2008 896 2063; x_wconf 88' lang='lat' dir='ltr'><strong>corde</strong></span> <span class='ocrx_word' id='word_1_264' title='bbox 938 2007 1327 2076; x_wconf 80' lang='lat' dir='ltr'><strong>requirantzet</strong></span> <span class='ocrx_word' id='word_1_265' title='bbox 1351 2012 1552 2060; x_wconf 77' lang='lat' dir='ltr'><strong>:eterna</strong></span> <span class='ocrx_word' id='word_1_266' title='bbox 1597 2003 1929 2073; x_wconf 85' lang='lat' dir='ltr'><strong>protectione</strong></span> <span class='ocrx_word' id='word_1_267' title='bbox 1970 2017 2157 2056; x_wconf 89' lang='lat' dir='ltr'><strong>omnes</strong></span> 
     </span>
    </p>
   </div>
   <div class='ocr_carea' id='block_1_36' title="bbox 594 2094 2158 2164">
    <p class='ocr_par' dir='ltr' id='par_1_36' title="bbox 594 2094 2158 2164">
     <span class='ocr_line' id='line_1_36' title="bbox 594 2094 2158 2164; baseline -0.004 -13"><span class='ocrx_word' id='word_1_268' title='bbox 594 2112 872 2164; x_wconf 79' lang='lat' dir='ltr'><strong>conserva,</strong></span> <span class='ocrx_word' id='word_1_269' title='bbox 903 2105 962 2151; x_wconf 93' lang='lat' dir='ltr'><strong>ut</strong></span> <span class='ocrx_word' id='word_1_270' title='bbox 989 2095 1149 2150; x_wconf 75' lang='lat' dir='ltr'><strong>nullis</strong></span> <span class='ocrx_word' id='word_1_271' title='bbox 1173 2094 1554 2150; x_wconf 88' lang='lat' dir='ltr'><strong>tentationibus</strong></span> <span class='ocrx_word' id='word_1_272' title='bbox 1580 2107 1611 2146; x_wconf 88' lang='lat' dir='ltr'><strong>a</strong></span> <span class='ocrx_word' id='word_1_273' title='bbox 1640 2101 1690 2146; x_wconf 87' lang='lat' dir='ltr'><strong>te</strong></span> <span class='ocrx_word' id='word_1_274' title='bbox 1731 2099 2071 2162; x_wconf 75' lang='lat' dir='ltr'><strong>separentur;</strong></span> <span class='ocrx_word' id='word_1_275' title='bbox 2101 2101 2158 2145; x_wconf 93' lang='lat' dir='ltr'><strong>et</strong></span> 
     </span>
    </p>
   </div>
   <div class='ocr_carea' id='block_1_37' title="bbox 594 2178 2155 2258">
    <p class='ocr_par' dir='ltr' id='par_1_37' title="bbox 594 2178 2155 2258">
     <span class='ocr_line' id='line_1_37' title="bbox 594 2178 2155 2258; baseline -0.006 -15"><span class='ocrx_word' id='word_1_276' title='bbox 594 2195 783 2258; x_wconf 68' lang='lat' dir='ltr'><strong>praesta</strong></span> <span class='ocrx_word' id='word_1_277' title='bbox 835 2194 895 2240; x_wconf 93' lang='lat' dir='ltr'><strong>ut</strong></span> <span class='ocrx_word' id='word_1_278' title='bbox 943 2184 1167 2240; x_wconf 89' lang='lat' dir='ltr'><strong>mortuis</strong></span> <span class='ocrx_word' id='word_1_279' title='bbox 1205 2183 1374 2253; x_wconf 87' lang='lat' dir='ltr'><strong>prosit</strong></span> <span class='ocrx_word' id='word_1_280' title='bbox 1419 2182 1534 2237; x_wconf 59' lang='lat' dir='ltr'><strong>haec</strong></span> <span class='ocrx_word' id='word_1_281' title='bbox 1576 2181 1749 2236; x_wconf 86' lang='lat' dir='ltr'><strong>oratio</strong></span> <span class='ocrx_word' id='word_1_282' title='bbox 1797 2180 1935 2236; x_wconf 90' lang='lat' dir='ltr'><strong>servi</strong></span> <span class='ocrx_word' id='word_1_283' title='bbox 1965 2179 2042 2234; x_wconf 83' lang='lat' dir='ltr'><strong>tui</strong></span> <span class='ocrx_word' id='word_1_284' title='bbox 2088 2178 2155 2233; x_wconf 89' lang='lat' dir='ltr'><strong>ad</strong></span> 
     </span>
    </p>
   </div>
   <div class='ocr_carea' id='block_1_38' title="bbox 591 2258 2157 2341">
    <p class='ocr_par' dir='ltr' id='par_1_38' title="bbox 591 2258 2157 2341">
     <span class='ocr_line' id='line_1_38' title="bbox 591 2258 2157 2341; baseline -0.007 -9"><span class='ocrx_word' id='word_1_285' title='bbox 591 2275 1019 2332; x_wconf 88' lang='lat' dir='ltr'><strong>emendationem</strong></span> <span class='ocrx_word' id='word_1_286' title='bbox 1044 2273 1384 2336; x_wconf 89' lang='lat' dir='ltr'><strong>delictorum,</strong></span> <span class='ocrx_word' id='word_1_287' title='bbox 1407 2286 1500 2327; x_wconf 90' lang='lat' dir='ltr'><strong>seu</strong></span> <span class='ocrx_word' id='word_1_288' title='bbox 1525 2258 1900 2326; x_wconf 83' lang='lat' dir='ltr'><strong>alienationem</strong></span> <span class='ocrx_word' id='word_1_289' title='bbox 1927 2268 2057 2341; x_wconf 62' lang='grc' dir='ltr'><strong>[ΑΔ.</strong></span> <span class='ocrx_word' id='word_1_290' title='bbox 2075 2268 2157 2322; x_wconf 88' lang='lat' dir='ltr'><strong>al-</strong></span> 
     </span>
    </p>
   </div>
   <div class='ocr_carea' id='block_1_39' title="bbox 594 2357 2153 2437">
    <p class='ocr_par' dir='ltr' id='par_1_39' title="bbox 594 2357 2153 2437">
     <span class='ocr_line' id='line_1_39' title="bbox 594 2357 2153 2437; baseline -0.004 -16"><span class='ocrx_word' id='word_1_291' title='bbox 594 2365 955 2437; x_wconf 85' lang='lat' dir='ltr'><strong>leviationem]</strong></span> <span class='ocrx_word' id='word_1_292' title='bbox 985 2379 1284 2434; x_wconf 60' lang='lat' dir='ltr'><strong>pugnarum.</strong></span> <span class='ocrx_word' id='word_1_293' title='bbox 1316 2362 1396 2416; x_wconf 81' lang='lat' dir='ltr'><strong>Tu</strong></span> <span class='ocrx_word' id='word_1_294' title='bbox 1423 2361 1565 2416; x_wconf 80' lang='lat' dir='ltr'><strong>Deus</strong></span> <span class='ocrx_word' id='word_1_295' title='bbox 1583 2374 1774 2431; x_wconf 86' lang='lat' dir='ltr'><strong>magne</strong></span> <span class='ocrx_word' id='word_1_296' title='bbox 1799 2367 1854 2414; x_wconf 92' lang='lat' dir='ltr'><strong>et</strong></span> <span class='ocrx_word' id='word_1_297' title='bbox 1879 2357 2153 2423; x_wconf 87' lang='lat' dir='ltr'><strong>terribilis,</strong></span> 
     </span>
    </p>
   </div>
   <div class='ocr_carea' id='block_1_40' title="bbox 596 2449 2157 2520">
    <p class='ocr_par' dir='ltr' id='par_1_40' title="bbox 596 2449 2157 2520">
     <span class='ocr_line' id='line_1_40' title="bbox 596 2449 2157 2520; baseline -0.004 -10"><span class='ocrx_word' id='word_1_298' title='bbox 596 2457 901 2513; x_wconf 86' lang='lat' dir='ltr'><strong>misericors</strong></span> <span class='ocrx_word' id='word_1_299' title='bbox 930 2463 986 2509; x_wconf 91' lang='lat' dir='ltr'><strong>et</strong></span> <span class='ocrx_word' id='word_1_300' title='bbox 1010 2462 1216 2509; x_wconf 89' lang='lat' dir='ltr'><strong>amator</strong></span> <span class='ocrx_word' id='word_1_301' title='bbox 1244 2453 1535 2513; x_wconf 90' lang='lat' dir='ltr'><strong>hominum,</strong></span> <span class='ocrx_word' id='word_1_302' title='bbox 1568 2459 1625 2504; x_wconf 90' lang='lat' dir='ltr'><strong>tu</strong></span> <span class='ocrx_word' id='word_1_303' title='bbox 1651 2450 1756 2505; x_wconf 89' lang='lat' dir='ltr'><strong>scis</strong></span> <span class='ocrx_word' id='word_1_304' title='bbox 1780 2449 1908 2519; x_wconf 91' lang='lat' dir='ltr'><strong>quid</strong></span> <span class='ocrx_word' id='word_1_305' title='bbox 1936 2449 2157 2520; x_wconf 73' lang='lat' dir='ltr'><strong>singulis</strong></span> 
     </span>
    </p>
   </div>
   <div class='ocr_carea' id='block_1_41' title="bbox 592 2537 2155 2616">
    <p class='ocr_par' dir='ltr' id='par_1_41' title="bbox 592 2537 2155 2616">
     <span class='ocr_line' id='line_1_41' title="bbox 592 2537 2155 2616; baseline -0.005 -16"><span class='ocrx_word' id='word_1_306' title='bbox 592 2545 856 2616; x_wconf 78' lang='lat' dir='ltr'><strong>expediat.</strong></span> <span class='ocrx_word' id='word_1_307' title='bbox 907 2542 1264 2599; x_wconf 90' lang='lat' dir='ltr'><strong>Obsecramus</strong></span> <span class='ocrx_word' id='word_1_308' title='bbox 1311 2539 1644 2595; x_wconf 77' lang='lat' dir='ltr'><strong>clementiam</strong></span> <span class='ocrx_word' id='word_1_309' title='bbox 1683 2548 1828 2592; x_wconf 90' lang='lat' dir='ltr'><strong>tuam</strong></span> <span class='ocrx_word' id='word_1_310' title='bbox 1855 2579 1870 2604; x_wconf 89' lang='lat'><strong>,</strong></span> <span class='ocrx_word' id='word_1_311' title='bbox 1901 2547 1960 2592; x_wconf 91' lang='lat' dir='ltr'><strong>ut</strong></span> <span class='ocrx_word' id='word_1_312' title='bbox 2001 2537 2155 2607; x_wconf 87' lang='lat' dir='ltr'><strong>juxta</strong></span> 
     </span>
    </p>
   </div>
   <div class='ocr_carea' id='block_1_42' title="bbox 593 2625 2156 2696">
    <p class='ocr_par' dir='ltr' id='par_1_42' title="bbox 593 2625 2156 2696">
     <span class='ocr_line' id='line_1_42' title="bbox 593 2625 2156 2696; baseline -0.004 -10"><span class='ocrx_word' id='word_1_313' title='bbox 593 2635 919 2688; x_wconf 88' lang='lat' dir='ltr'><strong>voluntatem</strong></span> <span class='ocrx_word' id='word_1_314' title='bbox 950 2641 1093 2686; x_wconf 89' lang='lat' dir='ltr'><strong>tuam</strong></span> <span class='ocrx_word' id='word_1_315' title='bbox 1123 2630 1216 2684; x_wconf 82' lang='lat' dir='ltr'><strong>ﬁat</strong></span> <span class='ocrx_word' id='word_1_316' title='bbox 1235 2629 1387 2684; x_wconf 85' lang='lat' dir='ltr'><strong>nobis</strong></span> <span class='ocrx_word' id='word_1_317' title='bbox 1414 2628 1680 2690; x_wconf 87' lang='lat' dir='ltr'><strong>omnibus,</strong></span> <span class='ocrx_word' id='word_1_318' title='bbox 1699 2634 1805 2680; x_wconf 91' lang='lat' dir='ltr'><strong>tam</strong></span> <span class='ocrx_word' id='word_1_319' title='bbox 1834 2625 1969 2680; x_wconf 83' lang='lat' dir='ltr'><strong>vivis</strong></span> <span class='ocrx_word' id='word_1_320' title='bbox 1995 2641 2156 2696; x_wconf 89' lang='lat' dir='ltr'><strong>quam</strong></span> 
     </span>
    </p>
   </div>
   <div class='ocr_carea' id='block_1_43' title="bbox 595 2714 2155 2784">
    <p class='ocr_par' dir='ltr' id='par_1_43' title="bbox 595 2714 2155 2784">
     <span class='ocr_line' id='line_1_43' title="bbox 595 2714 2155 2784; baseline -0.006 -8"><span class='ocrx_word' id='word_1_321' title='bbox 595 2722 858 2777; x_wconf 80' lang='lat' dir='ltr'><strong>defunctis</strong></span> <span class='ocrx_word' id='word_1_322' title='bbox 887 2719 1147 2783; x_wconf 82' lang='lat' dir='ltr'><strong>ﬁdelibus,</strong></span> <span class='ocrx_word' id='word_1_323' title='bbox 1181 2718 1432 2771; x_wconf 83' lang='lat' dir='ltr'><strong>Servator</strong></span> <span class='ocrx_word' id='word_1_324' title='bbox 1459 2715 1672 2778; x_wconf 87' lang='lat' dir='ltr'><strong>mundi,</strong></span> <span class='ocrx_word' id='word_1_325' title='bbox 1699 2716 1792 2784; x_wconf 85' lang='lat' dir='ltr'><strong>qui</strong></span> <span class='ocrx_word' id='word_1_326' title='bbox 1821 2714 1955 2768; x_wconf 88' lang='lat' dir='ltr'><strong>vivis</strong></span> <span class='ocrx_word' id='word_1_327' title='bbox 1984 2721 2034 2768; x_wconf 89' lang='lat' dir='ltr'><strong>et</strong></span> <span class='ocrx_word' id='word_1_328' title='bbox 2069 2729 2155 2767; x_wconf 84' lang='lat' dir='ltr'><strong>re-</strong></span> 
     </span>
    </p>
   </div>
   <div class='ocr_carea' id='block_1_44' title="bbox 594 2806 1704 2884">
    <p class='ocr_par' dir='ltr' id='par_1_44' title="bbox 594 2806 1704 2884">
     <span class='ocr_line' id='line_1_44' title="bbox 594 2806 1704 2884; baseline -0.009 -17"><span class='ocrx_word' id='word_1_329' title='bbox 594 2829 728 2884; x_wconf 81' lang='lat' dir='ltr'><strong>gnas</strong></span> <span class='ocrx_word' id='word_1_330' title='bbox 758 2813 808 2866; x_wconf 92' lang='lat' dir='ltr'><strong>in</strong></span> <span class='ocrx_word' id='word_1_331' title='bbox 841 2810 1029 2865; x_wconf 71' lang='lat' dir='ltr'><strong>szecula</strong></span> <span class='ocrx_word' id='word_1_332' title='bbox 1059 2809 1390 2863; x_wconf 60' lang='lat' dir='ltr'><strong>seculorum.</strong></span> <span class='ocrx_word' id='word_1_333' title='bbox 1422 2806 1608 2860; x_wconf 83' lang='lat' dir='ltr'><strong>Amen.</strong></span> <span class='ocrx_word' id='word_1_334' title='bbox 1694 2822 1704 2831; x_wconf 63' lang='grc' dir='ltr'>δ</span> 
     </span>
    </p>
   </div>
   <div class='ocr_carea' id='block_1_45' title="bbox 1332 2919 1433 2978">
    <p class='ocr_par' dir='ltr' id='par_1_45' title="bbox 1332 2919 1433 2978">
     <span class='ocr_line' id='line_1_45' title="bbox 1332 2919 1433 2978; baseline 0.02 -2"><span class='ocrx_word' id='word_1_335' title='bbox 1332 2919 1433 2978; x_wconf 81' lang='lat' dir='ltr'><strong>Vl.</strong></span> 
     </span>
    </p>
   </div>
   <div class='ocr_carea' id='block_1_46' title="bbox 979 3017 1772 3097">
    <p class='ocr_par' dir='ltr' id='par_1_46' title="bbox 979 3017 1772 3097">
     <span class='ocr_line' id='line_1_46' title="bbox 979 3017 1772 3097; baseline -0.004 -18"><span class='ocrx_word' id='word_1_336' title='bbox 979 3019 1195 3079; x_wconf 68' lang='lat' dir='ltr'><strong>Oratio</strong></span> <span class='ocrx_word' id='word_1_337' title='bbox 1215 3037 1343 3097; x_wconf 66' lang='lat' dir='ltr'><strong>spro</strong></span> <span class='ocrx_word' id='word_1_338' title='bbox 1383 3017 1772 3093; x_wconf 77' lang='lat' dir='ltr'><strong>decmosy-na.</strong></span> 
     </span>
    </p>
   </div>
   <div class='ocr_carea' id='block_1_47' title="bbox 2253 1904 3819 1973">
    <p class='ocr_par' dir='ltr' id='par_1_47' title="bbox 2253 1904 3819 1973">
     <span class='ocr_line' id='line_1_47' title="bbox 2253 1904 3819 1973; baseline 0.003 -15"><span class='ocrx_word' id='word_1_339' title='bbox 2253 1905 2523 1973; x_wconf 66' lang='lat' dir='ltr'><strong>praeterita</strong></span> <span class='ocrx_word' id='word_1_340' title='bbox 2551 1913 2606 1958; x_wconf 93' lang='lat' dir='ltr'><strong>et</strong></span> <span class='ocrx_word' id='word_1_341' title='bbox 2628 1904 2824 1970; x_wconf 78' lang='lat' dir='ltr'><strong>futura,</strong></span> <span class='ocrx_word' id='word_1_342' title='bbox 2856 1905 2922 1960; x_wconf 87' lang='lat' dir='ltr'><strong>da</strong></span> <span class='ocrx_word' id='word_1_343' title='bbox 2949 1907 3078 1960; x_wconf 84' lang='lat' dir='ltr'><strong>mihi</strong></span> <span class='ocrx_word' id='word_1_344' title='bbox 3106 1908 3318 1962; x_wconf 88' lang='lat' dir='ltr'><strong>veniam</strong></span> <span class='ocrx_word' id='word_1_345' title='bbox 3340 1906 3652 1963; x_wconf 74' lang='lat' dir='ltr'><strong>delictdrum</strong></span> <span class='ocrx_word' id='word_1_346' title='bbox 3679 1925 3819 1963; x_wconf 86' lang='lat' dir='ltr'><strong>meo-</strong></span> 
     </span>
    </p>
   </div>
   <div class='ocr_carea' id='block_1_48' title="bbox 2255 1995 3814 2064">
    <p class='ocr_par' dir='ltr' id='par_1_48' title="bbox 2255 1995 3814 2064">
     <span class='ocr_line' id='line_1_48' title="bbox 2255 1995 3814 2064; baseline 0.001 -16"><span class='ocrx_word' id='word_1_347' title='bbox 2255 2009 2372 2049; x_wconf 88' lang='lat' dir='ltr'><strong>rum</strong></span> <span class='ocrx_word' id='word_1_348' title='bbox 2395 1996 2806 2064; x_wconf 64' lang='lat' dir='ltr'><strong>prateritorum,</strong></span> <span class='ocrx_word' id='word_1_349' title='bbox 2835 2003 2890 2049; x_wconf 89' lang='lat' dir='ltr'><strong>et</strong></span> <span class='ocrx_word' id='word_1_350' title='bbox 2913 1995 2978 2048; x_wconf 91' lang='lat' dir='ltr'><strong>de</strong></span> <span class='ocrx_word' id='word_1_351' title='bbox 3011 1996 3363 2064; x_wconf 69' lang='lat' dir='ltr'><strong>praesentibus</strong></span> <span class='ocrx_word' id='word_1_352' title='bbox 3389 2006 3443 2050; x_wconf 89' lang='lat' dir='ltr'><strong>et</strong></span> <span class='ocrx_word' id='word_1_353' title='bbox 3460 1995 3652 2051; x_wconf 79' lang='lat' dir='ltr'><strong>futuris</strong></span> <span class='ocrx_word' id='word_1_354' title='bbox 3676 1999 3814 2050; x_wconf 80' lang='lat' dir='ltr'><strong>dona</strong></span> 
     </span>
    </p>
   </div>
   <div class='ocr_carea' id='block_1_49' title="bbox 2253 2085 3817 2150">
    <p class='ocr_par' dir='ltr' id='par_1_49' title="bbox 2253 2085 3817 2150">
     <span class='ocr_line' id='line_1_49' title="bbox 2253 2085 3817 2150; baseline -0.001 -9"><span class='ocrx_word' id='word_1_355' title='bbox 2253 2085 2385 2141; x_wconf 80' lang='lat' dir='ltr'><strong>mihi</strong></span> <span class='ocrx_word' id='word_1_356' title='bbox 2429 2085 2842 2150; x_wconf 79' lang='lat' dir='ltr'><strong>continentiam,</strong></span> <span class='ocrx_word' id='word_1_357' title='bbox 2883 2095 2943 2140; x_wconf 91' lang='lat' dir='ltr'><strong>ut</strong></span> <span class='ocrx_word' id='word_1_358' title='bbox 2983 2086 3051 2140; x_wconf 86' lang='lat' dir='ltr'><strong>ad</strong></span> <span class='ocrx_word' id='word_1_359' title='bbox 3081 2094 3226 2140; x_wconf 91' lang='lat' dir='ltr'><strong>tuam</strong></span> <span class='ocrx_word' id='word_1_360' title='bbox 3274 2101 3482 2141; x_wconf 86' lang='lat' dir='ltr'><strong>merear</strong></span> <span class='ocrx_word' id='word_1_361' title='bbox 3516 2087 3817 2142; x_wconf 86' lang='lat' dir='ltr'><strong>misericor-</strong></span> 
     </span>
    </p>
   </div>
   <div class='ocr_carea' id='block_1_50' title="bbox 2249 2173 3818 2246">
    <p class='ocr_par' dir='ltr' id='par_1_50' title="bbox 2249 2173 3818 2246">
     <span class='ocr_line' id='line_1_50' title="bbox 2249 2173 3818 2246; baseline -0.001 -16"><span class='ocrx_word' id='word_1_362' title='bbox 2249 2174 2398 2230; x_wconf 85' lang='lat' dir='ltr'><strong>diam</strong></span> <span class='ocrx_word' id='word_1_363' title='bbox 2441 2175 2742 2244; x_wconf 84' lang='lat' dir='ltr'><strong>pervenire.</strong></span> <span class='ocrx_word' id='word_1_364' title='bbox 2775 2173 2935 2240; x_wconf 83' lang='lat' dir='ltr'><strong>Deus,</strong></span> <span class='ocrx_word' id='word_1_365' title='bbox 2972 2175 3062 2244; x_wconf 89' lang='lat' dir='ltr'><strong>qui</strong></span> <span class='ocrx_word' id='word_1_366' title='bbox 3099 2176 3265 2246; x_wconf 89' lang='lat' dir='ltr'><strong>magis</strong></span> <span class='ocrx_word' id='word_1_367' title='bbox 3293 2190 3392 2230; x_wconf 88' lang='lat' dir='ltr'><strong>nos</strong></span> <span class='ocrx_word' id='word_1_368' title='bbox 3435 2174 3541 2246; x_wconf 60' lang='lat'><strong>53</strong></span> <span class='ocrx_word' id='word_1_369' title='bbox 3584 2174 3668 2229; x_wconf 82' lang='lat' dir='ltr'><strong>vis&#39;</strong></span> <span class='ocrx_word' id='word_1_370' title='bbox 3696 2190 3818 2231; x_wconf 88' lang='lat' dir='ltr'><strong>esse</strong></span> 
     </span>
    </p>
   </div>
   <div class='ocr_carea' id='block_1_51' title="bbox 2254 2250 3816 2334">
    <p class='ocr_par' dir='ltr' id='par_1_51' title="bbox 2254 2250 3816 2334">
     <span class='ocr_line' id='line_1_51' title="bbox 2254 2250 3816 2334; baseline 0.001 -17"><span class='ocrx_word' id='word_1_371' title='bbox 2254 2271 2525 2318; x_wconf 73' lang='lat' dir='ltr'><strong>conectas</strong></span> <span class='ocrx_word' id='word_1_372' title='bbox 2556 2278 2717 2333; x_wconf 89' lang='lat' dir='ltr'><strong>quam</strong></span> <span class='ocrx_word' id='word_1_373' title='bbox 2736 2250 2915 2332; x_wconf 88' lang='lat' dir='ltr'><strong>perire</strong></span> <span class='ocrx_word' id='word_1_374' title='bbox 2940 2263 3231 2334; x_wconf 89' lang='lat' dir='ltr'><strong>neglectos,</strong></span> <span class='ocrx_word' id='word_1_375' title='bbox 3263 2263 3372 2318; x_wconf 89' lang='lat' dir='ltr'><strong>noli</strong></span> <span class='ocrx_word' id='word_1_376' title='bbox 3397 2279 3483 2318; x_wconf 90' lang='lat' dir='ltr'><strong>me</strong></span> <span class='ocrx_word' id='word_1_377' title='bbox 3511 2265 3731 2334; x_wconf 87' lang='lat' dir='ltr'><strong>perdere</strong></span> <span class='ocrx_word' id='word_1_378' title='bbox 3761 2264 3816 2320; x_wconf 88' lang='lat' dir='ltr'><strong>iu</strong></span> 
     </span>
    </p>
   </div>
   <div class='ocr_carea' id='block_1_52' title="bbox 2257 2351 3815 2422">
    <p class='ocr_par' dir='ltr' id='par_1_52' title="bbox 2257 2351 3815 2422">
     <span class='ocr_line' id='line_1_52' title="bbox 2257 2351 3815 2422; baseline 0.003 -17"><span class='ocrx_word' id='word_1_379' title='bbox 2257 2351 2464 2408; x_wconf 86' lang='lat' dir='ltr'><strong>delictis</strong></span> <span class='ocrx_word' id='word_1_380' title='bbox 2491 2353 2626 2408; x_wconf 88' lang='lat' dir='ltr'><strong>meis</strong></span> <span class='ocrx_word' id='word_1_381' title='bbox 2652 2353 2832 2415; x_wconf 84' lang='lat' dir='ltr'><strong>multis</strong></span> <span class='ocrx_word' id='word_1_382' title='bbox 2851 2360 2907 2407; x_wconf 89' lang='lat' dir='ltr'><strong>et</strong></span> <span class='ocrx_word' id='word_1_383' title='bbox 2927 2355 3209 2422; x_wconf 81' lang='lat' dir='ltr'><strong>maximis;</strong></span> <span class='ocrx_word' id='word_1_384' title='bbox 3237 2355 3331 2409; x_wconf 88' lang='lat' dir='ltr'><strong>sed</strong></span> <span class='ocrx_word' id='word_1_385' title='bbox 3354 2355 3646 2410; x_wconf 87' lang='lat' dir='ltr'><strong>secundum</strong></span> <span class='ocrx_word' id='word_1_386' title='bbox 3669 2364 3815 2410; x_wconf 87' lang='lat' dir='ltr'><strong>tuam</strong></span> 
     </span>
    </p>
   </div>
   <div class='ocr_carea' id='block_1_53' title="bbox 2255 2442 3816 2515">
    <p class='ocr_par' dir='ltr' id='par_1_53' title="bbox 2255 2442 3816 2515">
     <span class='ocr_line' id='line_1_53' title="bbox 2255 2442 3816 2515; baseline 0.002 -19"><span class='ocrx_word' id='word_1_387' title='bbox 2255 2442 2678 2497; x_wconf 86' lang='lat' dir='ltr'><strong>misericordiam</strong></span> <span class='ocrx_word' id='word_1_388' title='bbox 2707 2450 2762 2497; x_wconf 88' lang='lat' dir='ltr'><strong>et</strong></span> <span class='ocrx_word' id='word_1_389' title='bbox 2788 2443 3186 2499; x_wconf 81' lang='lat' dir='ltr'><strong>miserationem</strong></span> <span class='ocrx_word' id='word_1_390' title='bbox 3213 2446 3421 2515; x_wconf 85' lang='lat' dir='ltr'><strong>corripe</strong></span> <span class='ocrx_word' id='word_1_391' title='bbox 3456 2460 3564 2510; x_wconf 89' lang='lat' dir='ltr'><strong>me,</strong></span> <span class='ocrx_word' id='word_1_392' title='bbox 3593 2454 3648 2500; x_wconf 91' lang='lat' dir='ltr'><strong>et</strong></span> <span class='ocrx_word' id='word_1_393' title='bbox 3672 2462 3700 2498; x_wconf 89' lang='lat' dir='ltr'><strong>a</strong></span> <span class='ocrx_word' id='word_1_394' title='bbox 3729 2453 3816 2499; x_wconf 87' lang='lat' dir='ltr'><strong>tua</strong></span> 
     </span>
    </p>
   </div>
   <div class='ocr_carea' id='block_1_54' title="bbox 2258 2531 3820 2605">
    <p class='ocr_par' dir='ltr' id='par_1_54' title="bbox 2258 2531 3820 2605">
     <span class='ocr_line' id='line_1_54' title="bbox 2258 2531 3820 2605; baseline 0.001 -19"><span class='ocrx_word' id='word_1_395' title='bbox 2258 2531 2627 2587; x_wconf 87' lang='lat' dir='ltr'><strong>misericordia</strong></span> <span class='ocrx_word' id='word_1_396' title='bbox 2665 2545 2736 2587; x_wconf 83' lang='lat' dir='ltr'><strong>ne</strong></span> <span class='ocrx_word' id='word_1_397' title='bbox 2775 2532 3004 2605; x_wconf 81' lang='lat' dir='ltr'><strong>repellas</strong></span> <span class='ocrx_word' id='word_1_398' title='bbox 3031 2541 3137 2600; x_wconf 88' lang='lat' dir='ltr'><strong>tne,</strong></span> <span class='ocrx_word' id='word_1_399' title='bbox 3171 2548 3269 2589; x_wconf 90' lang='lat' dir='ltr'><strong>nec</strong></span> <span class='ocrx_word' id='word_1_400' title='bbox 3313 2549 3559 2589; x_wconf 90' lang='lat' dir='ltr'><strong>corruam</strong></span> <span class='ocrx_word' id='word_1_401' title='bbox 3605 2535 3657 2588; x_wconf 88' lang='lat' dir='ltr'><strong>in</strong></span> <span class='ocrx_word' id='word_1_402' title='bbox 3695 2549 3820 2588; x_wconf 90' lang='lat' dir='ltr'><strong>con-</strong></span> 
     </span>
    </p>
   </div>
   <div class='ocr_carea' id='block_1_55' title="bbox 2256 2622 3818 2692">
    <p class='ocr_par' dir='ltr' id='par_1_55' title="bbox 2256 2622 3818 2692">
     <span class='ocr_line' id='line_1_55' title="bbox 2256 2622 3818 2692; baseline 0.001 -16"><span class='ocrx_word' id='word_1_403' title='bbox 2256 2629 2442 2692; x_wconf 88' lang='lat' dir='ltr'><strong>spectu</strong></span> <span class='ocrx_word' id='word_1_404' title='bbox 2469 2622 2897 2678; x_wconf 87' lang='lat' dir='ltr'><strong>adversariorum</strong></span> <span class='ocrx_word' id='word_1_405' title='bbox 2928 2639 3199 2689; x_wconf 88' lang='lat' dir='ltr'><strong>meorum;</strong></span> <span class='ocrx_word' id='word_1_406' title='bbox 3227 2631 3282 2679; x_wconf 88' lang='lat' dir='ltr'><strong>et</strong></span> <span class='ocrx_word' id='word_1_407' title='bbox 3307 2638 3374 2678; x_wconf 89' lang='lat' dir='ltr'><strong>ne</strong></span> <span class='ocrx_word' id='word_1_408' title='bbox 3402 2624 3545 2678; x_wconf 87' lang='lat' dir='ltr'><strong>dicat</strong></span> <span class='ocrx_word' id='word_1_409' title='bbox 3573 2625 3818 2678; x_wconf 83' lang='lat' dir='ltr'><strong>inimicus</strong></span> 
     </span>
    </p>
   </div>
   <div class='ocr_carea' id='block_1_56' title="bbox 2253 2710 3817 2792">
    <p class='ocr_par' dir='ltr' id='par_1_56' title="bbox 2253 2710 3817 2792">
     <span class='ocr_line' id='line_1_56' title="bbox 2253 2710 3817 2792; baseline 0.001 -27"><span class='ocrx_word' id='word_1_410' title='bbox 2253 2727 2438 2776; x_wconf 86' lang='lat' dir='ltr'><strong>meus,</strong></span> <span class='ocrx_word' id='word_1_411' title='bbox 2467 2710 2737 2767; x_wconf 61' lang='lat' dir='ltr'><strong>Praevalui</strong></span> <span class='ocrx_word' id='word_1_412' title='bbox 2781 2712 3037 2768; x_wconf 88' lang='lat' dir='ltr'><strong>adversus</strong></span> <span class='ocrx_word' id='word_1_413' title='bbox 3083 2728 3245 2792; x_wconf 62' lang='lat' dir='ltr'><strong>eum.</strong></span> <span class='ocrx_word' id='word_1_414' title='bbox 3274 2713 3448 2776; x_wconf 82' lang='lat' dir='ltr'><strong>Deus,</strong></span> <span class='ocrx_word' id='word_1_415' title='bbox 3491 2712 3642 2780; x_wconf 87' lang='lat' dir='ltr'><strong>cujus</strong></span> <span class='ocrx_word' id='word_1_416' title='bbox 3681 2713 3817 2768; x_wconf 88' lang='lat' dir='ltr'><strong>oculi</strong></span> 
     </span>
    </p>
   </div>
   <div class='ocr_carea' id='block_1_57' title="bbox 2258 2799 3820 2876">
    <p class='ocr_par' dir='ltr' id='par_1_57' title="bbox 2258 2799 3820 2876">
     <span class='ocr_line' id='line_1_57' title="bbox 2258 2799 3820 2876; baseline 0.002 -23"><span class='ocrx_word' id='word_1_417' title='bbox 2258 2799 2551 2876; x_wconf 81' lang='lat' dir='ltr'><strong>respiciunt</strong></span> <span class='ocrx_word' id='word_1_418' title='bbox 2574 2801 2687 2854; x_wconf 90' lang='lat' dir='ltr'><strong>vias</strong></span> <span class='ocrx_word' id='word_1_419' title='bbox 2716 2800 2943 2856; x_wconf 86' lang='lat' dir='ltr'><strong>ﬁliorum</strong></span> <span class='ocrx_word' id='word_1_420' title='bbox 2973 2801 3245 2855; x_wconf 91' lang='lat' dir='ltr'><strong>hominum</strong></span> <span class='ocrx_word' id='word_1_421' title='bbox 3264 2842 3278 2864; x_wconf 91' lang='lat'><strong>,</strong></span> <span class='ocrx_word' id='word_1_422' title='bbox 3318 2801 3523 2870; x_wconf 80' lang='lat' dir='ltr'><strong>respice</strong></span> <span class='ocrx_word' id='word_1_423' title='bbox 3551 2801 3604 2856; x_wconf 93' lang='lat' dir='ltr'><strong>in</strong></span> <span class='ocrx_word' id='word_1_424' title='bbox 3635 2817 3741 2867; x_wconf 89' lang='lat' dir='ltr'><strong>me,</strong></span> <span class='ocrx_word' id='word_1_425' title='bbox 3766 2809 3820 2856; x_wconf 84' lang='lat' dir='ltr'><strong>et</strong></span> 
     </span>
    </p>
   </div>
   <div class='ocr_carea' id='block_1_58' title="bbox 2259 2889 3816 2961">
    <p class='ocr_par' dir='ltr' id='par_1_58' title="bbox 2259 2889 3816 2961">
     <span class='ocr_line' id='line_1_58' title="bbox 2259 2889 3816 2961; baseline 0.001 -19"><span class='ocrx_word' id='word_1_426' title='bbox 2259 2889 2513 2943; x_wconf 82' lang='lat' dir='ltr'><strong>miserere</strong></span> <span class='ocrx_word' id='word_1_427' title='bbox 2532 2889 2657 2954; x_wconf 89' lang='lat' dir='ltr'><strong>mei,</strong></span> <span class='ocrx_word' id='word_1_428' title='bbox 2670 2896 2727 2942; x_wconf 92' lang='lat' dir='ltr'><strong>et</strong></span> <span class='ocrx_word' id='word_1_429' title='bbox 2742 2889 2978 2959; x_wconf 86' lang='lat' dir='ltr'><strong>repellea</strong></span> <span class='ocrx_word' id='word_1_430' title='bbox 2994 2904 3079 2944; x_wconf 89' lang='lat' dir='ltr'><strong>me</strong></span> <span class='ocrx_word' id='word_1_431' title='bbox 3099 2889 3432 2961; x_wconf 88' lang='lat' dir='ltr'><strong>quod-odisti,</strong></span> <span class='ocrx_word' id='word_1_432' title='bbox 3447 2897 3502 2944; x_wconf 88' lang='lat' dir='ltr'><strong>et</strong></span> <span class='ocrx_word' id='word_1_433' title='bbox 3515 2891 3816 2945; x_wconf 84' lang='lat' dir='ltr'><strong>misericors</strong></span> 
     </span>
    </p>
   </div>
   <div class='ocr_carea' id='block_1_59' title="bbox 2259 2974 3816 3049">
    <p class='ocr_par' dir='ltr' id='par_1_59' title="bbox 2259 2974 3816 3049">
     <span class='ocr_line' id='line_1_59' title="bbox 2259 2974 3816 3049; baseline 0.003 -20"><span class='ocrx_word' id='word_1_434' title='bbox 2259 2975 2504 3046; x_wconf 87' lang='lat' dir='ltr'><strong>impende</strong></span> <span class='ocrx_word' id='word_1_435' title='bbox 2532 2977 2670 3047; x_wconf 84' lang='lat' dir='ltr'><strong>quod</strong></span> <span class='ocrx_word' id='word_1_436' title='bbox 2699 2976 2891 3049; x_wconf 75' lang='lat' dir='ltr'><strong>diligis.</strong></span> <span class='ocrx_word' id='word_1_437' title='bbox 2924 2974 3145 3047; x_wconf 49' lang='lat' dir='ltr'><strong>Repelle‘</strong></span> <span class='ocrx_word' id='word_1_438' title='bbox 3167 2993 3196 3032; x_wconf 89' lang='lat' dir='ltr'><strong>a</strong></span> <span class='ocrx_word' id='word_1_439' title='bbox 3225 2993 3331 3045; x_wconf 89' lang='lat' dir='ltr'><strong>me,</strong></span> <span class='ocrx_word' id='word_1_440' title='bbox 3362 2978 3610 3045; x_wconf 86' lang='lat' dir='ltr'><strong>Domine,</strong></span> <span class='ocrx_word' id='word_1_441' title='bbox 3631 2993 3816 3034; x_wconf 88' lang='lat' dir='ltr'><strong>omnes</strong></span> 
     </span>
    </p>
   </div>
   <div class='ocr_carea' id='block_1_60' title="bbox 2258 3068 3818 3145">
    <p class='ocr_par' dir='ltr' id='par_1_60' title="bbox 2258 3068 3818 3145">
     <span class='ocr_line' id='line_1_60' title="bbox 2258 3068 3818 3145; baseline 0.003 -23"><span class='ocrx_word' id='word_1_442' title='bbox 2258 3068 2607 3137; x_wconf 78' lang='lat' dir='ltr'><strong>cogitationes</strong></span> <span class='ocrx_word' id='word_1_443' title='bbox 2628 3069 2841 3134; x_wconf 83' lang='lat' dir='ltr'><strong>noxias,</strong></span> <span class='ocrx_word' id='word_1_444' title='bbox 2869 3077 2924 3123; x_wconf 91' lang='lat' dir='ltr'><strong>et</strong></span> <span class='ocrx_word' id='word_1_445' title='bbox 2944 3084 3100 3124; x_wconf 88' lang='lat' dir='ltr'><strong>omne</strong></span> <span class='ocrx_word' id='word_1_446' title='bbox 3118 3086 3180 3124; x_wconf 90' lang='lat' dir='ltr'><strong>os</strong></span> <span class='ocrx_word' id='word_1_447' title='bbox 3195 3085 3444 3139; x_wconf 81' lang='lat' dir='ltr'><strong>pravum,</strong></span> <span class='ocrx_word' id='word_1_448' title='bbox 3461 3080 3521 3125; x_wconf 87' lang='lat' dir='ltr'><strong>et</strong></span> <span class='ocrx_word' id='word_1_449' title='bbox 3539 3087 3672 3145; x_wconf 83' lang='lat' dir='ltr'><strong>opus</strong></span> <span class='ocrx_word' id='word_1_450' title='bbox 3699 3085 3818 3143; x_wconf 82' lang='lat' dir='ltr'><strong>per-</strong></span> 
     </span>
    </p>
   </div>
   <div class='ocr_carea' id='block_1_61' title="bbox 668 3135 2345 3228">
    <p class='ocr_par' dir='ltr' id='par_1_61' title="bbox 668 3135 2345 3209">
     <span class='ocr_line' id='line_1_61' title="bbox 668 3135 2345 3209; baseline 0.004 -14"><span class='ocrx_word' id='word_1_451' title='bbox 668 3142 888 3195; x_wconf 88' lang='lat' dir='ltr'><strong>Domine</strong></span> <span class='ocrx_word' id='word_1_452' title='bbox 932 3140 1070 3193; x_wconf 84' lang='lat' dir='ltr'><strong>Deus</strong></span> <span class='ocrx_word' id='word_1_453' title='bbox 1113 3138 1464 3208; x_wconf 79' lang='lat' dir='ltr'><strong>omnipotens,</strong></span> <span class='ocrx_word' id='word_1_454' title='bbox 1499 3151 1693 3206; x_wconf 83' lang='lat' dir='ltr'><strong>magne</strong></span> <span class='ocrx_word' id='word_1_455' title='bbox 1725 3144 1778 3190; x_wconf 89' lang='lat' dir='ltr'><strong>et</strong></span> <span class='ocrx_word' id='word_1_456' title='bbox 1822 3145 2018 3189; x_wconf 72' lang='lat' dir='ltr'><strong>teterne</strong></span> <span class='ocrx_word' id='word_1_457' title='bbox 2050 3135 2227 3200; x_wconf 62' lang='grc' dir='ltr'><strong>διε-κο</strong></span> <span class='ocrx_word' id='word_1_458' title='bbox 2257 3135 2345 3209; x_wconf 58' lang='grc' dir='ltr'><strong>γεῆ</strong></span> 
     </span>
    </p>
   </div>
   <div class='ocr_carea' id='block_1_62' title="bbox 2139 3135 3816 3228">
    <p class='ocr_par' dir='ltr' id='par_1_62' title="bbox 2139 3135 3816 3228">
     <span class='ocr_line' id='line_1_62' title="bbox 2139 3135 3816 3228; baseline 0.005 -20"><span class='ocrx_word' id='word_1_459' title='bbox 2139 3138 2227 3200; x_wconf 77' lang='lat' dir='ltr'><strong>&quot;C</strong></span> <span class='ocrx_word' id='word_1_460' title='bbox 2257 3171 2500 3222; x_wconf 88' lang='lat' dir='ltr'><strong>versum;</strong></span> <span class='ocrx_word' id='word_1_461' title='bbox 2531 3165 2587 3211; x_wconf 91' lang='lat' dir='ltr'><strong>et</strong></span> <span class='ocrx_word' id='word_1_462' title='bbox 2616 3159 2821 3212; x_wconf 81' lang='lat' dir='ltr'><strong>dimitte</strong></span> <span class='ocrx_word' id='word_1_463' title='bbox 2841 3175 2959 3228; x_wconf 64' lang='lat' dir='ltr'><strong>quae</strong></span> <span class='ocrx_word' id='word_1_464' title='bbox 2979 3159 3307 3214; x_wconf 88' lang='lat' dir='ltr'><strong>conscientia</strong></span> <span class='ocrx_word' id='word_1_465' title='bbox 3331 3176 3448 3214; x_wconf 88' lang='lat' dir='ltr'><strong>mea</strong></span> <span class='ocrx_word' id='word_1_466' title='bbox 3481 3135 3679 3217; x_wconf 70' lang='lat' dir='ltr'><strong>misera</strong></span> <span class='ocrx_word' id='word_1_467' title='bbox 3708 3177 3816 3217; x_wconf 47' lang='lat' dir='ltr'><strong>me»</strong></span> 
     </span>
    </p>
   </div>
   <div class='ocr_carea' id='block_1_63' title="bbox 603 3227 2154 3302">
    <p class='ocr_par' dir='ltr' id='par_1_63' title="bbox 603 3227 2154 3302">
     <span class='ocr_line' id='line_1_63' title="bbox 603 3227 2154 3302; baseline -0.005 -15"><span class='ocrx_word' id='word_1_468' title='bbox 603 3234 737 3297; x_wconf 84' lang='lat' dir='ltr'><strong>dice,</strong></span> <span class='ocrx_word' id='word_1_469' title='bbox 765 3231 854 3302; x_wconf 90' lang='lat' dir='ltr'><strong>qui</strong></span> <span class='ocrx_word' id='word_1_470' title='bbox 905 3230 1195 3284; x_wconf 88' lang='lat' dir='ltr'><strong>remedium</strong></span> <span class='ocrx_word' id='word_1_471' title='bbox 1243 3229 1542 3301; x_wconf 85' lang='lat' dir='ltr'><strong>animarum</strong></span> <span class='ocrx_word' id='word_1_472' title='bbox 1599 3228 1652 3281; x_wconf 92' lang='lat' dir='ltr'><strong>in</strong></span> <span class='ocrx_word' id='word_1_473' title='bbox 1699 3227 2154 3298; x_wconf 83' lang='lat' dir='ltr'><strong>eleemosynarum</strong></span> 
     </span>
    </p>
   </div>
   <div class='ocr_carea' id='block_1_64' title="bbox 600 3314 2157 3389">
    <p class='ocr_par' dir='ltr' id='par_1_64' title="bbox 600 3314 2157 3389">
     <span class='ocr_line' id='line_1_64' title="bbox 600 3314 2157 3389; baseline -0.003 -13"><span class='ocrx_word' id='word_1_474' title='bbox 600 3323 968 3378; x_wconf 86' lang='lat' dir='ltr'><strong>distributione</strong></span> <span class='ocrx_word' id='word_1_475' title='bbox 1000 3320 1241 3375; x_wconf 79' lang='lat' dir='ltr'><strong>ﬁdelibus</strong></span> <span class='ocrx_word' id='word_1_476' title='bbox 1270 3314 1376 3373; x_wconf 83' lang='lat' dir='ltr'><strong>tuis</strong></span> <span class='ocrx_word' id='word_1_477' title='bbox 1402 3319 1783 3389; x_wconf 82' lang='lat' dir='ltr'><strong>indulgentiam</strong></span> <span class='ocrx_word' id='word_1_478' title='bbox 1805 3325 1860 3372; x_wconf 88' lang='lat' dir='ltr'><strong>et</strong></span> <span class='ocrx_word' id='word_1_479' title='bbox 1889 3318 2157 3372; x_wconf 87' lang='lat' dir='ltr'><strong>remissio-</strong></span> 
     </span>
    </p>
   </div>
   <div class='ocr_carea' id='block_1_65' title="bbox 604 3406 2155 3481">
    <p class='ocr_par' dir='ltr' id='par_1_65' title="bbox 604 3406 2155 3481">
     <span class='ocr_line' id='line_1_65' title="bbox 604 3406 2155 3481; baseline -0.006 -13"><span class='ocrx_word' id='word_1_480' title='bbox 604 3428 723 3468; x_wconf 85' lang='lat' dir='ltr'><strong>nem</strong></span> <span class='ocrx_word' id='word_1_481' title='bbox 765 3420 1104 3481; x_wconf 87' lang='lat' dir='ltr'><strong>peccatorum</strong></span> <span class='ocrx_word' id='word_1_482' title='bbox 1141 3406 1558 3464; x_wconf 84' lang='lat' dir='ltr'><strong>misericorditer</strong></span> <span class='ocrx_word' id='word_1_483' title='bbox 1601 3406 1932 3475; x_wconf 75' lang='lat' dir='ltr'><strong>promisisti;</strong></span> <span class='ocrx_word' id='word_1_484' title='bbox 1961 3406 2155 3460; x_wconf 84' lang='lat' dir='ltr'><strong>exaudi</strong></span> 
     </span>
    </p>
   </div>
   <div class='ocr_carea' id='block_1_66' title="bbox 602 3494 2156 3568">
    <p class='ocr_par' dir='ltr' id='par_1_66' title="bbox 602 3494 2156 3568">
     <span class='ocr_line' id='line_1_66' title="bbox 602 3494 2156 3568; baseline -0.004 -14"><span class='ocrx_word' id='word_1_485' title='bbox 602 3515 709 3563; x_wconf 84' lang='lat' dir='ltr'><strong>tne,</strong></span> <span class='ocrx_word' id='word_1_486' title='bbox 738 3499 972 3554; x_wconf 89' lang='lat' dir='ltr'><strong>clemens</strong></span> <span class='ocrx_word' id='word_1_487' title='bbox 1000 3508 1054 3553; x_wconf 90' lang='lat' dir='ltr'><strong>et</strong></span> <span class='ocrx_word' id='word_1_488' title='bbox 1078 3499 1325 3568; x_wconf 84' lang='lat' dir='ltr'><strong>benigne,</strong></span> <span class='ocrx_word' id='word_1_489' title='bbox 1346 3512 1444 3568; x_wconf 91' lang='lat' dir='ltr'><strong>pro</strong></span> <span class='ocrx_word' id='word_1_490' title='bbox 1465 3495 1730 3551; x_wconf 81' lang='lat' dir='ltr'><strong>universis</strong></span> <span class='ocrx_word' id='word_1_491' title='bbox 1763 3494 2008 3550; x_wconf 81' lang='lat' dir='ltr'><strong>ﬁdelibus</strong></span> <span class='ocrx_word' id='word_1_492' title='bbox 2031 3495 2156 3559; x_wconf 91' lang='lat' dir='ltr'><strong>tuis,</strong></span> 
     </span>
    </p>
   </div>
   <div class='ocr_carea' id='block_1_67' title="bbox 604 3584 2160 3659">
    <p class='ocr_par' dir='ltr' id='par_1_67' title="bbox 604 3584 2160 3659">
     <span class='ocr_line' id='line_1_67' title="bbox 604 3584 2160 3659; baseline -0.003 -15"><span class='ocrx_word' id='word_1_493' title='bbox 604 3590 692 3659; x_wconf 84' lang='lat' dir='ltr'><strong>qui</strong></span> <span class='ocrx_word' id='word_1_494' title='bbox 723 3589 875 3644; x_wconf 90' lang='lat' dir='ltr'><strong>nobis</strong></span> <span class='ocrx_word' id='word_1_495' title='bbox 902 3588 1268 3657; x_wconf 83' lang='lat' dir='ltr'><strong>eleemosynas</strong></span> <span class='ocrx_word' id='word_1_496' title='bbox 1297 3594 1420 3642; x_wconf 85' lang='lat' dir='ltr'><strong>suas</strong></span> <span class='ocrx_word' id='word_1_497' title='bbox 1442 3587 1720 3652; x_wconf 89' lang='lat' dir='ltr'><strong>dederunt,</strong></span> <span class='ocrx_word' id='word_1_498' title='bbox 1744 3585 1828 3640; x_wconf 85' lang='lat' dir='ltr'><strong>vel</strong></span> <span class='ocrx_word' id='word_1_499' title='bbox 1849 3586 1902 3640; x_wconf 91' lang='lat' dir='ltr'><strong>in</strong></span> <span class='ocrx_word' id='word_1_500' title='bbox 1926 3584 2030 3641; x_wconf 87' lang='lat' dir='ltr'><strong>ﬁde</strong></span> <span class='ocrx_word' id='word_1_501' title='bbox 2055 3594 2160 3641; x_wconf 67' lang='lat' dir='ltr'><strong>tute</strong></span> 
     </span>
    </p>
   </div>
   <div class='ocr_carea' id='block_1_68' title="bbox 605 3675 2161 3746">
    <p class='ocr_par' dir='ltr' id='par_1_68' title="bbox 605 3675 2161 3746">
     <span class='ocr_line' id='line_1_68' title="bbox 605 3675 2161 3746; baseline -0.003 -11"><span class='ocrx_word' id='word_1_502' title='bbox 605 3676 898 3746; x_wconf 68' lang='lat' dir='ltr'><strong>maiestatis</strong></span> <span class='ocrx_word' id='word_1_503' title='bbox 941 3677 994 3731; x_wconf 92' lang='lat' dir='ltr'><strong>in</strong></span> <span class='ocrx_word' id='word_1_504' title='bbox 1035 3676 1364 3732; x_wconf 87' lang='lat' dir='ltr'><strong>orationibus</strong></span> <span class='ocrx_word' id='word_1_505' title='bbox 1410 3675 1609 3730; x_wconf 84' lang='lat' dir='ltr'><strong>nostris</strong></span> <span class='ocrx_word' id='word_1_506' title='bbox 1651 3691 1707 3730; x_wconf 89' lang='lat' dir='ltr'><strong>se</strong></span> <span class='ocrx_word' id='word_1_507' title='bbox 1755 3676 2161 3730; x_wconf 84' lang='lat' dir='ltr'><strong>commendave-</strong></span> 
     </span>
    </p>
   </div>
   <div class='ocr_carea' id='block_1_69' title="bbox 605 3761 2162 3835">
    <p class='ocr_par' dir='ltr' id='par_1_69' title="bbox 605 3761 2162 3835">
     <span class='ocr_line' id='line_1_69' title="bbox 605 3761 2162 3835; baseline -0.003 -13"><span class='ocrx_word' id='word_1_508' title='bbox 605 3775 758 3831; x_wconf 91' lang='lat' dir='ltr'><strong>runt,</strong></span> <span class='ocrx_word' id='word_1_509' title='bbox 787 3773 895 3820; x_wconf 89' lang='lat' dir='ltr'><strong>tam</strong></span> <span class='ocrx_word' id='word_1_510' title='bbox 920 3766 1056 3819; x_wconf 81' lang='lat' dir='ltr'><strong>vivis</strong></span> <span class='ocrx_word' id='word_1_511' title='bbox 1085 3779 1242 3835; x_wconf 88' lang='lat' dir='ltr'><strong>quam</strong></span> <span class='ocrx_word' id='word_1_512' title='bbox 1277 3763 1562 3826; x_wconf 79' lang='lat' dir='ltr'><strong>defunctis,</strong></span> <span class='ocrx_word' id='word_1_513' title='bbox 1607 3761 1958 3818; x_wconf 72' lang='lat' dir='ltr'><strong>ineolum&#39;dius</strong></span> <span class='ocrx_word' id='word_1_514' title='bbox 2005 3771 2162 3831; x_wconf 88' lang='lat' dir='ltr'><strong>atque</strong></span> 
     </span>
    </p>
   </div>
   <div class='ocr_carea' id='block_1_70' title="bbox 608 3851 2162 3924">
    <p class='ocr_par' dir='ltr' id='par_1_70' title="bbox 608 3851 2162 3924">
     <span class='ocr_line' id='line_1_70' title="bbox 608 3851 2162 3924; baseline -0.003 -15"><span class='ocrx_word' id='word_1_515' title='bbox 608 3852 830 3910; x_wconf 78' lang='lat' dir='ltr'><strong>infirmis</strong></span> <span class='ocrx_word' id='word_1_516' title='bbox 858 3874 868 3907; x_wconf 92' lang='lat'>:</span> <span class='ocrx_word' id='word_1_517' title='bbox 894 3864 947 3908; x_wconf 92' lang='lat' dir='ltr'><strong>et</strong></span> <span class='ocrx_word' id='word_1_518' title='bbox 974 3855 1284 3924; x_wconf 86' lang='lat' dir='ltr'><strong>perveniant</strong></span> <span class='ocrx_word' id='word_1_519' title='bbox 1331 3853 1397 3906; x_wconf 89' lang='lat' dir='ltr'><strong>ad</strong></span> <span class='ocrx_word' id='word_1_520' title='bbox 1442 3866 1601 3906; x_wconf 87' lang='lat' dir='ltr'><strong>aures</strong></span> <span class='ocrx_word' id='word_1_521' title='bbox 1644 3851 2020 3905; x_wconf 75' lang='lat' dir='ltr'><strong>misericordia:</strong></span> <span class='ocrx_word' id='word_1_522' title='bbox 2061 3859 2162 3904; x_wconf 70' lang='lat' dir='ltr'><strong>tuae</strong></span> 
     </span>
    </p>
   </div>
   <div class='ocr_carea' id='block_1_71' title="bbox 608 3941 2160 4015">
    <p class='ocr_par' dir='ltr' id='par_1_71' title="bbox 608 3941 2160 4015">
     <span class='ocr_line' id='line_1_71' title="bbox 608 3941 2160 4015; baseline -0.003 -16"><span class='ocrx_word' id='word_1_523' title='bbox 608 3961 794 4014; x_wconf 83' lang='lat' dir='ltr'><strong>preces</strong></span> <span class='ocrx_word' id='word_1_524' title='bbox 838 3960 997 4006; x_wconf 66' lang='lat' dir='ltr'><strong>mea),</strong></span> <span class='ocrx_word' id='word_1_525' title='bbox 1025 3960 1156 4012; x_wconf 88' lang='lat' dir='ltr'><strong>quas</strong></span> <span class='ocrx_word' id='word_1_526' title='bbox 1185 3960 1280 4015; x_wconf 90' lang='lat' dir='ltr'><strong>pro</strong></span> <span class='ocrx_word' id='word_1_527' title='bbox 1325 3943 1492 3998; x_wconf 86' lang='lat' dir='ltr'><strong>salute</strong></span> <span class='ocrx_word' id='word_1_528' title='bbox 1540 3941 1753 3999; x_wconf 88' lang='lat' dir='ltr'><strong>illorum</strong></span> <span class='ocrx_word' id='word_1_529' title='bbox 1783 3958 1967 3998; x_wconf 91' lang='lat' dir='ltr'><strong>coram</strong></span> <span class='ocrx_word' id='word_1_530' title='bbox 1999 3951 2049 3998; x_wconf 90' lang='lat' dir='ltr'><strong>te</strong></span> <span class='ocrx_word' id='word_1_531' title='bbox 2086 3942 2160 3997; x_wconf 76' lang='lat' dir='ltr'><strong>ef-</strong></span> 
     </span>
    </p>
   </div>
   <div class='ocr_carea' id='block_1_72' title="bbox 609 4031 2161 4100">
    <p class='ocr_par' dir='ltr' id='par_1_72' title="bbox 609 4031 2161 4100">
     <span class='ocr_line' id='line_1_72' title="bbox 609 4031 2161 4100; baseline 0.002 -14"><span class='ocrx_word' id='word_1_532' title='bbox 609 4033 788 4088; x_wconf 82' lang='lat' dir='ltr'><strong>funde.</strong></span> <span class='ocrx_word' id='word_1_533' title='bbox 819 4031 898 4085; x_wconf 71' lang='lat' dir='ltr'><strong>Ne</strong></span> <span class='ocrx_word' id='word_1_534' title='bbox 941 4033 1184 4100; x_wconf 75' lang='lat' dir='ltr'><strong>aspicias,</strong></span> <span class='ocrx_word' id='word_1_535' title='bbox 1213 4031 1451 4092; x_wconf 88' lang='lat' dir='ltr'><strong>Domine,</strong></span> <span class='ocrx_word' id='word_1_536' title='bbox 1477 4040 1696 4100; x_wconf 85' lang='lat' dir='ltr'><strong>peccata</strong></span> <span class='ocrx_word' id='word_1_537' title='bbox 1720 4047 1859 4096; x_wconf 89' lang='lat' dir='ltr'><strong>mea,</strong></span> <span class='ocrx_word' id='word_1_538' title='bbox 1882 4031 1976 4088; x_wconf 85' lang='lat' dir='ltr'><strong>sed</strong></span> <span class='ocrx_word' id='word_1_539' title='bbox 2004 4031 2161 4089; x_wconf 88' lang='lat' dir='ltr'><strong>ﬁdem</strong></span> 
     </span>
    </p>
   </div>
   <div class='ocr_carea' id='block_1_73' title="bbox 611 4121 2163 4193">
    <p class='ocr_par' dir='ltr' id='par_1_73' title="bbox 611 4121 2163 4193">
     <span class='ocr_line' id='line_1_73' title="bbox 611 4121 2163 4193; baseline 0.002 -17"><span class='ocrx_word' id='word_1_540' title='bbox 611 4126 820 4180; x_wconf 79' lang='lat' dir='ltr'><strong>illorum</strong></span> <span class='ocrx_word' id='word_1_541' title='bbox 847 4132 1004 4193; x_wconf 87' lang='lat' dir='ltr'><strong>atque</strong></span> <span class='ocrx_word' id='word_1_542' title='bbox 1045 4123 1272 4184; x_wconf 86' lang='lat' dir='ltr'><strong>illarum,</strong></span> <span class='ocrx_word' id='word_1_543' title='bbox 1305 4122 1393 4192; x_wconf 91' lang='lat' dir='ltr'><strong>qui</strong></span> <span class='ocrx_word' id='word_1_544' title='bbox 1435 4121 1587 4176; x_wconf 87' lang='lat' dir='ltr'><strong>nobis</strong></span> <span class='ocrx_word' id='word_1_545' title='bbox 1614 4123 1667 4179; x_wconf 90' lang='lat' dir='ltr'><strong>in</strong></span> <span class='ocrx_word' id='word_1_546' title='bbox 1698 4122 1800 4180; x_wconf 85' lang='lat' dir='ltr'><strong>ﬁde</strong></span> <span class='ocrx_word' id='word_1_547' title='bbox 1825 4123 1903 4178; x_wconf 86' lang='lat' dir='ltr'><strong>tui</strong></span> <span class='ocrx_word' id='word_1_548' title='bbox 1932 4124 2163 4179; x_wconf 88' lang='lat' dir='ltr'><strong>nominis</strong></span> 
     </span>
    </p>
   </div>
   <div class='ocr_carea' id='block_1_74' title="bbox 610 4211 2163 4285">
    <p class='ocr_par' dir='ltr' id='par_1_74' title="bbox 610 4211 2163 4285">
     <span class='ocr_line' id='line_1_74' title="bbox 610 4211 2163 4285; baseline 0.001 -19"><span class='ocrx_word' id='word_1_549' title='bbox 610 4214 783 4285; x_wconf 88' lang='lat' dir='ltr'><strong>largiti</strong></span> <span class='ocrx_word' id='word_1_550' title='bbox 810 4222 930 4268; x_wconf 91' lang='lat' dir='ltr'><strong>sunt</strong></span> <span class='ocrx_word' id='word_1_551' title='bbox 957 4214 1090 4266; x_wconf 89' lang='lat' dir='ltr'><strong>bona</strong></span> <span class='ocrx_word' id='word_1_552' title='bbox 1115 4212 1440 4283; x_wconf 68' lang='lat' dir='ltr'><strong>temporalia,</strong></span> <span class='ocrx_word' id='word_1_553' title='bbox 1465 4211 1522 4267; x_wconf 74' lang='lat' dir='ltr'><strong>ul.</strong></span> <span class='ocrx_word' id='word_1_554' title='bbox 1548 4221 1602 4267; x_wconf 86' lang='lat' dir='ltr'><strong>tu</strong></span> <span class='ocrx_word' id='word_1_555' title='bbox 1632 4212 1770 4268; x_wconf 88' lang='lat' dir='ltr'><strong>Deus</strong></span> <span class='ocrx_word' id='word_1_556' title='bbox 1797 4223 2163 4270; x_wconf 85' lang='lat' dir='ltr'><strong>remunerator</strong></span> 
     </span>
    </p>
   </div>
   <div class='ocr_carea' id='block_1_75' title="bbox 611 4302 2164 4374">
    <p class='ocr_par' dir='ltr' id='par_1_75' title="bbox 611 4302 2164 4374">
     <span class='ocr_line' id='line_1_75' title="bbox 611 4302 2164 4374; baseline 0 -16"><span class='ocrx_word' id='word_1_557' title='bbox 611 4303 846 4358; x_wconf 87' lang='lat' dir='ltr'><strong>omnium</strong></span> <span class='ocrx_word' id='word_1_558' title='bbox 873 4303 1130 4359; x_wconf 89' lang='lat' dir='ltr'><strong>bonorum</strong></span> <span class='ocrx_word' id='word_1_559' title='bbox 1157 4302 1448 4356; x_wconf 86' lang='lat' dir='ltr'><strong>retribuere</strong></span> <span class='ocrx_word' id='word_1_560' title='bbox 1480 4302 1582 4357; x_wconf 76' lang='lat' dir='ltr'><strong>iﬁis</strong></span> <span class='ocrx_word' id='word_1_561' title='bbox 1601 4302 1837 4371; x_wconf 81' lang='lat' dir='ltr'><strong>digneris</strong></span> <span class='ocrx_word' id='word_1_562' title='bbox 1864 4317 1960 4372; x_wconf 93' lang='lat' dir='ltr'><strong>pro</strong></span> <span class='ocrx_word' id='word_1_563' title='bbox 1984 4304 2164 4374; x_wconf 88' lang='lat' dir='ltr'><strong>parvis</strong></span> 
     </span>
    </p>
   </div>
   <div class='ocr_carea' id='block_1_76' title="bbox 614 4391 2164 4463">
    <p class='ocr_par' dir='ltr' id='par_1_76' title="bbox 614 4391 2164 4463">
     <span class='ocr_line' id='line_1_76' title="bbox 614 4391 2164 4463; baseline 0.002 -18"><span class='ocrx_word' id='word_1_564' title='bbox 614 4407 824 4463; x_wconf 88' lang='lat' dir='ltr'><strong>magna,</strong></span> <span class='ocrx_word' id='word_1_565' title='bbox 849 4399 903 4447; x_wconf 80' lang='lat' dir='ltr'><strong>et</strong></span> <span class='ocrx_word' id='word_1_566' title='bbox 929 4408 1025 4462; x_wconf 89' lang='lat' dir='ltr'><strong>pro</strong></span> <span class='ocrx_word' id='word_1_567' title='bbox 1053 4391 1278 4447; x_wconf 87' lang='lat' dir='ltr'><strong>terrenis</strong></span> <span class='ocrx_word' id='word_1_568' title='bbox 1299 4392 1517 4459; x_wconf 70' lang='lat' dir='ltr'><strong>pmmia</strong></span> <span class='ocrx_word' id='word_1_569' title='bbox 1538 4391 1882 4461; x_wconf 82' lang='lat' dir='ltr'><strong>sempiterna,</strong></span> <span class='ocrx_word' id='word_1_570' title='bbox 1906 4391 2164 4448; x_wconf 76' lang='lat' dir='ltr'><strong>Servatur</strong></span> 
     </span>
    </p>
   </div>
   <div class='ocr_carea' id='block_1_77' title="bbox 2260 3249 3821 3324">
    <p class='ocr_par' dir='ltr' id='par_1_77' title="bbox 2260 3249 3821 3324">
     <span class='ocr_line' id='line_1_77' title="bbox 2260 3249 3821 3324; baseline 0.003 -23"><span class='ocrx_word' id='word_1_571' title='bbox 2260 3249 2461 3314; x_wconf 64' lang='lat' dir='ltr'><strong>tuit,et</strong></span> <span class='ocrx_word' id='word_1_572' title='bbox 2487 3249 2657 3319; x_wconf 74' lang='lat' dir='ltr'><strong>adiice</strong></span> <span class='ocrx_word' id='word_1_573' title='bbox 2681 3250 2821 3320; x_wconf 90' lang='lat' dir='ltr'><strong>quod</strong></span> <span class='ocrx_word' id='word_1_574' title='bbox 2851 3251 3020 3304; x_wconf 87' lang='lat' dir='ltr'><strong>oratio</strong></span> <span class='ocrx_word' id='word_1_575' title='bbox 3049 3263 3156 3304; x_wconf 89' lang='lat' dir='ltr'><strong>non</strong></span> <span class='ocrx_word' id='word_1_576' title='bbox 3178 3252 3481 3320; x_wconf 69' lang='lat' dir='ltr'><strong>praesumit.</strong></span> <span class='ocrx_word' id='word_1_577' title='bbox 3511 3250 3671 3318; x_wconf 87' lang='lat' dir='ltr'><strong>Deus,</strong></span> <span class='ocrx_word' id='word_1_578' title='bbox 3696 3252 3821 3324; x_wconf 81' lang='lat' dir='ltr'><strong>quia</strong></span> 
     </span>
    </p>
   </div>
   <div class='ocr_carea' id='block_1_78' title="bbox 2258 3339 3819 3413">
    <p class='ocr_par' dir='ltr' id='par_1_78' title="bbox 2258 3339 3819 3413">
     <span class='ocr_line' id='line_1_78' title="bbox 2258 3339 3819 3413; baseline 0.002 -19"><span class='ocrx_word' id='word_1_579' title='bbox 2258 3339 2354 3394; x_wconf 86' lang='lat' dir='ltr'><strong>tibi</strong></span> <span class='ocrx_word' id='word_1_580' title='bbox 2391 3340 2456 3395; x_wconf 91' lang='lat' dir='ltr'><strong>de</strong></span> <span class='ocrx_word' id='word_1_581' title='bbox 2487 3342 2737 3395; x_wconf 90' lang='lat' dir='ltr'><strong>omnibus</strong></span> <span class='ocrx_word' id='word_1_582' title='bbox 2769 3350 3029 3405; x_wconf 76' lang='lat' dir='ltr'><strong>cura-est,</strong></span> <span class='ocrx_word' id='word_1_583' title='bbox 3079 3341 3189 3396; x_wconf 90' lang='lat' dir='ltr'><strong>noli</strong></span> <span class='ocrx_word' id='word_1_584' title='bbox 3233 3356 3319 3396; x_wconf 92' lang='lat' dir='ltr'><strong>me</strong></span> <span class='ocrx_word' id='word_1_585' title='bbox 3359 3341 3727 3413; x_wconf 76' lang='lat' dir='ltr'><strong>derelinquere</strong></span> <span class='ocrx_word' id='word_1_586' title='bbox 3766 3342 3819 3397; x_wconf 89' lang='lat' dir='ltr'><strong>in</strong></span> 
     </span>
    </p>
   </div>
   <div class='ocr_carea' id='block_1_79' title="bbox 2259 3430 3817 3500">
    <p class='ocr_par' dir='ltr' id='par_1_79' title="bbox 2259 3430 3817 3500">
     <span class='ocr_line' id='line_1_79' title="bbox 2259 3430 3817 3500; baseline 0.002 -14"><span class='ocrx_word' id='word_1_587' title='bbox 2259 3446 2418 3486; x_wconf 89' lang='lat' dir='ltr'><strong>manu</strong></span> <span class='ocrx_word' id='word_1_588' title='bbox 2447 3431 2655 3486; x_wconf 84' lang='lat' dir='ltr'><strong>consilii</strong></span> <span class='ocrx_word' id='word_1_589' title='bbox 2687 3431 2814 3496; x_wconf 90' lang='lat' dir='ltr'><strong>mei,</strong></span> <span class='ocrx_word' id='word_1_590' title='bbox 2845 3439 2900 3486; x_wconf 90' lang='lat' dir='ltr'><strong>et</strong></span> <span class='ocrx_word' id='word_1_591' title='bbox 2925 3432 2979 3486; x_wconf 92' lang='lat' dir='ltr'><strong>in</strong></span> <span class='ocrx_word' id='word_1_592' title='bbox 3003 3431 3222 3487; x_wconf 79' lang='lat' dir='ltr'><strong>arbitrio</strong></span> <span class='ocrx_word' id='word_1_593' title='bbox 3247 3447 3368 3486; x_wconf 88' lang='lat' dir='ltr'><strong>meo</strong></span> <span class='ocrx_word' id='word_1_594' title='bbox 3393 3432 3511 3488; x_wconf 88' lang='lat' dir='ltr'><strong>sine</strong></span> <span class='ocrx_word' id='word_1_595' title='bbox 3538 3430 3817 3500; x_wconf 72' lang='lat' dir='ltr'><strong>adiutorio,</strong></span> 
     </span>
    </p>
   </div>
   <div class='ocr_carea' id='block_1_80' title="bbox 2259 3520 3820 3591">
    <p class='ocr_par' dir='ltr' id='par_1_80' title="bbox 2259 3520 3820 3591">
     <span class='ocr_line' id='line_1_80' title="bbox 2259 3520 3820 3591; baseline 0.001 -17"><span class='ocrx_word' id='word_1_596' title='bbox 2259 3520 2384 3589; x_wconf 87' lang='lat' dir='ltr'><strong>quia</strong></span> <span class='ocrx_word' id='word_1_597' title='bbox 2425 3534 2532 3575; x_wconf 88' lang='lat' dir='ltr'><strong>non</strong></span> <span class='ocrx_word' id='word_1_598' title='bbox 2564 3520 2945 3589; x_wconf 82' lang='lat' dir='ltr'><strong>justiﬁeabitur</strong></span> <span class='ocrx_word' id='word_1_599' title='bbox 2982 3522 3036 3574; x_wconf 90' lang='lat' dir='ltr'><strong>in</strong></span> <span class='ocrx_word' id='word_1_600' title='bbox 3083 3527 3371 3591; x_wconf 87' lang='lat' dir='ltr'><strong>conspectu</strong></span> <span class='ocrx_word' id='word_1_601' title='bbox 3406 3530 3499 3575; x_wconf 92' lang='lat' dir='ltr'><strong>tuo</strong></span> <span class='ocrx_word' id='word_1_602' title='bbox 3537 3521 3712 3576; x_wconf 89' lang='lat' dir='ltr'><strong>omnis</strong></span> <span class='ocrx_word' id='word_1_603' title='bbox 3747 3522 3820 3575; x_wconf 51' lang='lat' dir='ltr'><strong>vi.</strong></span> 
     </span>
    </p>
   </div>
   <div class='ocr_carea' id='block_1_81' title="bbox 2260 3607 3823 3679">
    <p class='ocr_par' dir='ltr' id='par_1_81' title="bbox 2260 3607 3823 3679">
     <span class='ocr_line' id='line_1_81' title="bbox 2260 3607 3823 3679; baseline 0.001 -17"><span class='ocrx_word' id='word_1_604' title='bbox 2260 3625 2392 3664; x_wconf 86' lang='lat' dir='ltr'><strong>vens</strong></span> <span class='ocrx_word' id='word_1_605' title='bbox 2418 3629 2429 3662; x_wconf 92' lang='lat'>:</span> <span class='ocrx_word' id='word_1_606' title='bbox 2453 3618 2508 3664; x_wconf 90' lang='lat' dir='ltr'><strong>et</strong></span> <span class='ocrx_word' id='word_1_607' title='bbox 2533 3609 2654 3679; x_wconf 89' lang='lat' dir='ltr'><strong>quia</strong></span> <span class='ocrx_word' id='word_1_608' title='bbox 2681 3609 2797 3664; x_wconf 88' lang='lat' dir='ltr'><strong>sine</strong></span> <span class='ocrx_word' id='word_1_609' title='bbox 2820 3617 2870 3663; x_wconf 79' lang='lat' dir='ltr'><strong>te</strong></span> <span class='ocrx_word' id='word_1_610' title='bbox 2894 3607 3089 3662; x_wconf 89' lang='lat' dir='ltr'><strong>labitur</strong></span> <span class='ocrx_word' id='word_1_611' title='bbox 3117 3609 3349 3662; x_wconf 89' lang='lat' dir='ltr'><strong>humana</strong></span> <span class='ocrx_word' id='word_1_612' title='bbox 3371 3607 3693 3674; x_wconf 72' lang='lat' dir='ltr'><strong>mortalitas,</strong></span> <span class='ocrx_word' id='word_1_613' title='bbox 3717 3610 3823 3663; x_wconf 87' lang='lat' dir='ltr'><strong>tuis</strong></span> 
     </span>
    </p>
   </div>
   <div class='ocr_carea' id='block_1_82' title="bbox 2261 3696 3823 3769">
    <p class='ocr_par' dir='ltr' id='par_1_82' title="bbox 2261 3696 3823 3769">
     <span class='ocr_line' id='line_1_82' title="bbox 2261 3696 3823 3769; baseline -0.001 -16"><span class='ocrx_word' id='word_1_614' title='bbox 2261 3713 2473 3769; x_wconf 85' lang='lat' dir='ltr'><strong>semper</strong></span> <span class='ocrx_word' id='word_1_615' title='bbox 2517 3698 2748 3760; x_wconf 87' lang='lat' dir='ltr'><strong>auxiliis,</strong></span> <span class='ocrx_word' id='word_1_616' title='bbox 2800 3705 2853 3751; x_wconf 90' lang='lat' dir='ltr'><strong>et</strong></span> <span class='ocrx_word' id='word_1_617' title='bbox 2899 3696 3239 3750; x_wconf 87' lang='lat' dir='ltr'><strong>abstrahatur</strong></span> <span class='ocrx_word' id='word_1_618' title='bbox 3284 3711 3313 3749; x_wconf 91' lang='lat' dir='ltr'><strong>a</strong></span> <span class='ocrx_word' id='word_1_619' title='bbox 3361 3696 3537 3752; x_wconf 86' lang='lat' dir='ltr'><strong>noxiis</strong></span> <span class='ocrx_word' id='word_1_620' title='bbox 3577 3697 3823 3752; x_wconf 91' lang='lat' dir='ltr'><strong>omnibus</strong></span> 
     </span>
    </p>
   </div>
   <div class='ocr_carea' id='block_1_83' title="bbox 2263 3784 3820 3856">
    <p class='ocr_par' dir='ltr' id='par_1_83' title="bbox 2263 3784 3820 3856">
     <span class='ocr_line' id='line_1_83' title="bbox 2263 3784 3820 3856; baseline -0.001 -15"><span class='ocrx_word' id='word_1_621' title='bbox 2263 3785 2522 3856; x_wconf 67' lang='lat' dir='ltr'><strong>tragiiitas</strong></span> <span class='ocrx_word' id='word_1_622' title='bbox 2550 3801 2691 3850; x_wconf 90' lang='lat' dir='ltr'><strong>mea,</strong></span> <span class='ocrx_word' id='word_1_623' title='bbox 2728 3795 2784 3839; x_wconf 90' lang='lat' dir='ltr'><strong>et</strong></span> <span class='ocrx_word' id='word_1_624' title='bbox 2824 3786 2890 3838; x_wconf 90' lang='lat' dir='ltr'><strong>ad</strong></span> <span class='ocrx_word' id='word_1_625' title='bbox 2929 3785 3183 3838; x_wconf 86' lang='lat' dir='ltr'><strong>salutaria</strong></span> <span class='ocrx_word' id='word_1_626' title='bbox 3229 3785 3506 3856; x_wconf 87' lang='lat' dir='ltr'><strong>dirigatur.</strong></span> <span class='ocrx_word' id='word_1_627' title='bbox 3538 3784 3703 3850; x_wconf 89' lang='lat' dir='ltr'><strong>Deus,</strong></span> <span class='ocrx_word' id='word_1_628' title='bbox 3729 3785 3820 3855; x_wconf 86' lang='lat' dir='ltr'><strong>qui</strong></span> 
     </span>
    </p>
   </div>
   <div class='ocr_carea' id='block_1_84' title="bbox 2262 3873 3820 3944">
    <p class='ocr_par' dir='ltr' id='par_1_84' title="bbox 2262 3873 3820 3944">
     <span class='ocr_line' id='line_1_84' title="bbox 2262 3873 3820 3944; baseline 0 -16"><span class='ocrx_word' id='word_1_629' title='bbox 2262 3889 2321 3928; x_wconf 92' lang='lat' dir='ltr'><strong>es</strong></span> <span class='ocrx_word' id='word_1_630' title='bbox 2349 3873 2589 3929; x_wconf 90' lang='lat' dir='ltr'><strong>eordium</strong></span> <span class='ocrx_word' id='word_1_631' title='bbox 2619 3875 2905 3943; x_wconf 87' lang='lat' dir='ltr'><strong>inspector,</strong></span> <span class='ocrx_word' id='word_1_632' title='bbox 2937 3876 3000 3928; x_wconf 87' lang='lat' dir='ltr'><strong>da</strong></span> <span class='ocrx_word' id='word_1_633' title='bbox 3035 3875 3165 3928; x_wconf 90' lang='lat' dir='ltr'><strong>mihi</strong></span> <span class='ocrx_word' id='word_1_634' title='bbox 3207 3889 3301 3929; x_wconf 89' lang='lat' dir='ltr'><strong>cor</strong></span> <span class='ocrx_word' id='word_1_635' title='bbox 3340 3875 3480 3944; x_wconf 90' lang='lat' dir='ltr'><strong>quod</strong></span> <span class='ocrx_word' id='word_1_636' title='bbox 3519 3884 3571 3928; x_wconf 92' lang='lat' dir='ltr'><strong>te</strong></span> <span class='ocrx_word' id='word_1_637' title='bbox 3615 3877 3820 3937; x_wconf 85' lang='lat' dir='ltr'><strong>timeat,</strong></span> 
     </span>
    </p>
   </div>
   <div class='ocr_carea' id='block_1_85' title="bbox 2262 3961 3822 4036">
    <p class='ocr_par' dir='ltr' id='par_1_85' title="bbox 2262 3961 3822 4036">
     <span class='ocr_line' id='line_1_85' title="bbox 2262 3961 3822 4036; baseline 0.001 -19"><span class='ocrx_word' id='word_1_638' title='bbox 2262 3977 2480 4017; x_wconf 85' lang='lat' dir='ltr'><strong>sensum</strong></span> <span class='ocrx_word' id='word_1_639' title='bbox 2516 3962 2607 4032; x_wconf 91' lang='lat' dir='ltr'><strong>qui</strong></span> <span class='ocrx_word' id='word_1_640' title='bbox 2638 3971 2690 4017; x_wconf 92' lang='lat' dir='ltr'><strong>te</strong></span> <span class='ocrx_word' id='word_1_641' title='bbox 2733 3961 3010 4032; x_wconf 83' lang='lat' dir='ltr'><strong>intelligat,</strong></span> <span class='ocrx_word' id='word_1_642' title='bbox 3036 3976 3170 4032; x_wconf 84' lang='lat' dir='ltr'><strong>opus</strong></span> <span class='ocrx_word' id='word_1_643' title='bbox 3201 3964 3343 4032; x_wconf 92' lang='lat' dir='ltr'><strong>quod</strong></span> <span class='ocrx_word' id='word_1_644' title='bbox 3371 3964 3467 4019; x_wconf 85' lang='lat' dir='ltr'><strong>tibi</strong></span> <span class='ocrx_word' id='word_1_645' title='bbox 3497 3965 3734 4036; x_wconf 87' lang='lat' dir='ltr'><strong>placeat;</strong></span> <span class='ocrx_word' id='word_1_646' title='bbox 3763 3976 3822 4020; x_wconf 90' lang='lat' dir='ltr'><strong>ut</strong></span> 
     </span>
    </p>
   </div>
   <div class='ocr_carea' id='block_1_86' title="bbox 2264 4050 3822 4129">
    <p class='ocr_par' dir='ltr' id='par_1_86' title="bbox 2264 4050 3822 4129">
     <span class='ocr_line' id='line_1_86' title="bbox 2264 4050 3822 4129; baseline 0.004 -22"><span class='ocrx_word' id='word_1_647' title='bbox 2264 4060 2315 4108; x_wconf 90' lang='lat' dir='ltr'><strong>te</strong></span> <span class='ocrx_word' id='word_1_648' title='bbox 2337 4053 2576 4108; x_wconf 89' lang='lat' dir='ltr'><strong>timendo</strong></span> <span class='ocrx_word' id='word_1_649' title='bbox 2599 4050 2810 4123; x_wconf 84' lang='lat' dir='ltr'><strong>semper</strong></span> <span class='ocrx_word' id='word_1_650' title='bbox 2840 4052 3100 4108; x_wconf 86' lang='lat' dir='ltr'><strong>declinem</strong></span> <span class='ocrx_word' id='word_1_651' title='bbox 3129 4069 3158 4108; x_wconf 89' lang='lat' dir='ltr'><strong>a</strong></span> <span class='ocrx_word' id='word_1_652' title='bbox 3183 4052 3419 4121; x_wconf 65' lang='lat' dir='ltr'><strong>male,’et</strong></span> <span class='ocrx_word' id='word_1_653' title='bbox 3463 4063 3514 4110; x_wconf 91' lang='lat' dir='ltr'><strong>te</strong></span> <span class='ocrx_word' id='word_1_654' title='bbox 3558 4055 3822 4129; x_wconf 82' lang='lat' dir='ltr'><strong>diligendo</strong></span> 
     </span>
    </p>
   </div>
   <div class='ocr_carea' id='block_1_87' title="bbox 2263 4141 3819 4212">
    <p class='ocr_par' dir='ltr' id='par_1_87' title="bbox 2263 4141 3819 4212">
     <span class='ocr_line' id='line_1_87' title="bbox 2263 4141 3819 4212; baseline 0.003 -16"><span class='ocrx_word' id='word_1_655' title='bbox 2263 4157 2476 4212; x_wconf 86' lang='lat' dir='ltr'><strong>semper</strong></span> <span class='ocrx_word' id='word_1_656' title='bbox 2498 4157 2528 4196; x_wconf 93' lang='lat' dir='ltr'><strong>a</strong></span> <span class='ocrx_word' id='word_1_657' title='bbox 2551 4148 2604 4196; x_wconf 89' lang='lat' dir='ltr'><strong>te</strong></span> <span class='ocrx_word' id='word_1_658' title='bbox 2630 4141 2904 4196; x_wconf 91' lang='lat' dir='ltr'><strong>custodiar</strong></span> <span class='ocrx_word' id='word_1_659' title='bbox 2931 4142 2984 4195; x_wconf 90' lang='lat' dir='ltr'><strong>in</strong></span> <span class='ocrx_word' id='word_1_660' title='bbox 3018 4143 3158 4197; x_wconf 86' lang='lat' dir='ltr'><strong>bono</strong></span> <span class='ocrx_word' id='word_1_661' title='bbox 3183 4161 3194 4194; x_wconf 86' lang='lat'>:</span> <span class='ocrx_word' id='word_1_662' title='bbox 3220 4150 3276 4196; x_wconf 91' lang='lat' dir='ltr'><strong>et</strong></span> <span class='ocrx_word' id='word_1_663' title='bbox 3303 4143 3368 4197; x_wconf 93' lang='lat' dir='ltr'><strong>da</strong></span> <span class='ocrx_word' id='word_1_664' title='bbox 3403 4143 3531 4199; x_wconf 87' lang='lat' dir='ltr'><strong>mihi</strong></span> <span class='ocrx_word' id='word_1_665' title='bbox 3568 4144 3819 4200; x_wconf 79' lang='lat' dir='ltr'><strong>virtutem</strong></span> 
     </span>
    </p>
   </div>
   <div class='ocr_carea' id='block_1_88' title="bbox 2265 4231 3819 4304">
    <p class='ocr_par' dir='ltr' id='par_1_88' title="bbox 2265 4231 3819 4304">
     <span class='ocr_line' id='line_1_88' title="bbox 2265 4231 3819 4304; baseline 0.001 -16"><span class='ocrx_word' id='word_1_666' title='bbox 2265 4232 2548 4304; x_wconf 78' lang='lat' dir='ltr'><strong>resistendi</strong></span> <span class='ocrx_word' id='word_1_667' title='bbox 2594 4241 2780 4286; x_wconf 87' lang='lat' dir='ltr'><strong>contra</strong></span> <span class='ocrx_word' id='word_1_668' title='bbox 2822 4231 2948 4284; x_wconf 81' lang='lat' dir='ltr'><strong>vitia</strong></span> <span class='ocrx_word' id='word_1_669' title='bbox 2987 4240 3042 4284; x_wconf 90' lang='lat' dir='ltr'><strong>et</strong></span> <span class='ocrx_word' id='word_1_670' title='bbox 3078 4232 3421 4288; x_wconf 86' lang='lat' dir='ltr'><strong>insidiatores</strong></span> <span class='ocrx_word' id='word_1_671' title='bbox 3450 4235 3687 4289; x_wconf 79' lang='lat' dir='ltr'><strong>omnium</strong></span> <span class='ocrx_word' id='word_1_672' title='bbox 3715 4235 3819 4289; x_wconf 69' lang='lat' dir='ltr'><strong>vir~</strong></span> 
     </span>
    </p>
   </div>
   <div class='ocr_carea' id='block_1_89' title="bbox 2262 4319 3862 4390">
    <p class='ocr_par' dir='ltr' id='par_1_89' title="bbox 2262 4319 3862 4390">
     <span class='ocr_line' id='line_1_89' title="bbox 2262 4319 3862 4390; baseline 0.002 -16"><span class='ocrx_word' id='word_1_673' title='bbox 2262 4327 2452 4374; x_wconf 87' lang='lat' dir='ltr'><strong>tutum.</strong></span> <span class='ocrx_word' id='word_1_674' title='bbox 2484 4319 2645 4383; x_wconf 86' lang='lat' dir='ltr'><strong>Deus,</strong></span> <span class='ocrx_word' id='word_1_675' title='bbox 2679 4320 2768 4390; x_wconf 90' lang='lat' dir='ltr'><strong>qui</strong></span> <span class='ocrx_word' id='word_1_676' title='bbox 2795 4333 2853 4373; x_wconf 87' lang='lat' dir='ltr'><strong>es</strong></span> <span class='ocrx_word' id='word_1_677' title='bbox 2885 4319 3103 4390; x_wconf 90' lang='lat' dir='ltr'><strong>largitor</strong></span> <span class='ocrx_word' id='word_1_678' title='bbox 3130 4321 3368 4375; x_wconf 90' lang='lat' dir='ltr'><strong>omnium</strong></span> <span class='ocrx_word' id='word_1_679' title='bbox 3400 4321 3682 4388; x_wconf 88' lang='lat' dir='ltr'><strong>bonorum,</strong></span> <span class='ocrx_word' id='word_1_680' title='bbox 3711 4323 3819 4378; x_wconf 81' lang='lat' dir='ltr'><strong>lar-</strong></span> <span class='ocrx_word' id='word_1_681' title='bbox 3853 4378 3862 4384; x_wconf 94' lang='lat'><em>_</em></span> 
     </span>
    </p>
   </div>
   <div class='ocr_carea' id='block_1_90' title="bbox 2265 4404 3820 4482">
    <p class='ocr_par' dir='ltr' id='par_1_90' title="bbox 2265 4404 3820 4482">
     <span class='ocr_line' id='line_1_90' title="bbox 2265 4404 3820 4482; baseline 0.003 -15"><span class='ocrx_word' id='word_1_682' title='bbox 2265 4411 2378 4482; x_wconf 69' lang='grc' dir='ltr'><strong>εἰη</strong></span> <span class='ocrx_word' id='word_1_683' title='bbox 2414 4410 2545 4466; x_wconf 88' lang='lat' dir='ltr'><strong>mihi</strong></span> <span class='ocrx_word' id='word_1_684' title='bbox 2587 4408 2764 4473; x_wconf 89' lang='lat' dir='ltr'><strong>ﬁdem,</strong></span> <span class='ocrx_word' id='word_1_685' title='bbox 2792 4419 2847 4464; x_wconf 91' lang='lat' dir='ltr'><strong>et</strong></span> <span class='ocrx_word' id='word_1_686' title='bbox 2877 4404 3023 4480; x_wconf 83' lang='lat' dir='ltr'><strong>opus</strong></span> <span class='ocrx_word' id='word_1_687' title='bbox 3046 4409 3285 4466; x_wconf 72' lang='lat' dir='ltr'><strong>scientia:</strong></span> <span class='ocrx_word' id='word_1_688' title='bbox 3321 4420 3376 4465; x_wconf 89' lang='lat' dir='ltr'><strong>et</strong></span> <span class='ocrx_word' id='word_1_689' title='bbox 3413 4413 3820 4478; x_wconf 73' lang='lat' dir='ltr'><strong>continentiam,</strong></span> 
     </span>
    </p>
   </div>
   <div class='ocr_carea' id='block_1_91' title="bbox 615 4472 3820 4572">
    <p class='ocr_par' dir='ltr' id='par_1_91' title="bbox 615 4472 3820 4572">
     <span class='ocr_line' id='line_1_91' title="bbox 615 4472 3820 4572; baseline 0.004 -24"><span class='ocrx_word' id='word_1_690' title='bbox 615 4480 816 4572; x_wconf 51' lang='lat' dir='ltr'><strong>illum“,</strong></span> <span class='ocrx_word' id='word_1_691' title='bbox 850 4481 941 4560; x_wconf 66' lang='lat' dir='ltr'><strong>(lui</strong></span> <span class='ocrx_word' id='word_1_692' title='bbox 987 4481 1119 4533; x_wconf 63' lang='grc' dir='ltr'><strong>νίτίδ</strong></span> <span class='ocrx_word' id='word_1_693' title='bbox 1160 4488 1215 4532; x_wconf 50' lang='lat' dir='ltr'><strong>ei</strong></span> <span class='ocrx_word' id='word_1_694' title='bbox 1258 4493 1445 4548; x_wconf 57' lang='lat' dir='ltr'><strong>rem“</strong></span> <span class='ocrx_word' id='word_1_695' title='bbox 1486 4479 1539 4532; x_wconf 63' lang='lat' dir='ltr'><strong>in</strong></span> <span class='ocrx_word' id='word_1_696' title='bbox 1585 4480 1778 4535; x_wconf 58' lang='lat' dir='ltr'><strong>mu“</strong></span> <span class='ocrx_word' id='word_1_697' title='bbox 1822 4480 2158 4536; x_wconf 54' lang='lat' dir='ltr'><strong>Momm</strong></span> <span class='ocrx_word' id='word_1_698' title='bbox 2189 4472 2241 4534; x_wconf 64' lang='grc' dir='ltr'><strong><em>υ</em></strong></span> <span class='ocrx_word' id='word_1_699' title='bbox 2263 4472 2579 4558; x_wconf 65' lang='lat' dir='ltr'><strong>claritatem</strong></span> <span class='ocrx_word' id='word_1_700' title='bbox 2603 4507 2660 4556; x_wconf 86' lang='lat' dir='ltr'><strong>et</strong></span> <span class='ocrx_word' id='word_1_701' title='bbox 2679 4472 3004 4566; x_wconf 68' lang='lat' dir='ltr'><strong>castitatem,</strong></span> <span class='ocrx_word' id='word_1_702' title='bbox 3028 4517 3210 4558; x_wconf 84' lang='lat' dir='ltr'><strong>veram</strong></span> <span class='ocrx_word' id='word_1_703' title='bbox 3229 4503 3552 4572; x_wconf 79' lang='lat' dir='ltr'><strong>patientiam</strong></span> <span class='ocrx_word' id='word_1_704' title='bbox 3581 4472 3820 4562; x_wconf 88' lang='lat' dir='ltr'><strong>et</strong></span> 
     </span>
    </p>
   </div>
   <div class='ocr_carea' id='block_1_92' title="bbox 617 4570 1325 4625">
    <p class='ocr_par' dir='ltr' id='par_1_92' title="bbox 617 4570 1325 4625">
     <span class='ocr_line' id='line_1_92' title="bbox 617 4570 1325 4625; baseline -0.001 -2"><span class='ocrx_word' id='word_1_705' title='bbox 617 4570 802 4625; x_wconf 81' lang='lat' dir='ltr'><strong>Amen.</strong></span> <span class='ocrx_word' id='word_1_706' title='bbox 1317 4599 1325 4604; x_wconf 95' lang='lat'><strong><em>-</em></strong></span> 
     </span>
    </p>
   </div>
   <div class='ocr_carea' id='block_1_93' title="bbox 1313 4655 1459 4716">
    <p class='ocr_par' dir='ltr' id='par_1_93' title="bbox 1313 4655 1459 4716">
     <span class='ocr_line' id='line_1_93' title="bbox 1313 4655 1459 4716; baseline 0 0"><span class='ocrx_word' id='word_1_707' title='bbox 1313 4655 1459 4716; x_wconf 69' lang='grc' dir='ltr'><strong>νη.</strong></span> 
     </span>
    </p>
   </div>
   <div class='ocr_carea' id='block_1_94' title="bbox 686 4772 2085 4857">
    <p class='ocr_par' dir='ltr' id='par_1_94' title="bbox 686 4772 2085 4857">
     <span class='ocr_line' id='line_1_94' title="bbox 686 4772 2085 4857; baseline -0.003 -17"><span class='ocrx_word' id='word_1_708' title='bbox 686 4775 995 4857; x_wconf 73' lang='lat' dir='ltr'><strong>Confessio</strong></span> <span class='ocrx_word' id='word_1_709' title='bbox 1029 4774 1382 4854; x_wconf 72' lang='lat' dir='ltr'><strong>mjcstatis,</strong></span> <span class='ocrx_word' id='word_1_710' title='bbox 1415 4781 1470 4835; x_wconf 77' lang='lat' dir='ltr'><strong>et</strong></span> <span class='ocrx_word' id='word_1_711' title='bbox 1488 4772 1842 4854; x_wconf 72' lang='lat' dir='ltr'><strong>postulatio</strong></span> <span class='ocrx_word' id='word_1_712' title='bbox 1879 4776 2085 4836; x_wconf 46' lang='lat' dir='ltr'><strong>uenia.</strong></span> 
     </span>
    </p>
   </div>
   <div class='ocr_carea' id='block_1_95' title="bbox 688 4891 2169 4966">
    <p class='ocr_par' dir='ltr' id='par_1_95' title="bbox 688 4891 2169 4966">
     <span class='ocr_line' id='line_1_95' title="bbox 688 4891 2169 4966; baseline -0.002 -15"><span class='ocrx_word' id='word_1_713' title='bbox 688 4894 928 4956; x_wconf 70' lang='lat' dir='ltr'><strong>Domine,</strong></span> <span class='ocrx_word' id='word_1_714' title='bbox 958 4891 1150 4947; x_wconf 81' lang='lat' dir='ltr'><strong>exaudi</strong></span> <span class='ocrx_word' id='word_1_715' title='bbox 1170 4891 1467 4946; x_wconf 74' lang='lat' dir='ltr'><strong>cntionem</strong></span> <span class='ocrx_word' id='word_1_716' title='bbox 1486 4906 1682 4958; x_wconf 86' lang='lat' dir='ltr'><strong>meam,</strong></span> <span class='ocrx_word' id='word_1_717' title='bbox 1704 4892 1924 4948; x_wconf 83' lang='lat' dir='ltr'><strong>auribus</strong></span> <span class='ocrx_word' id='word_1_718' title='bbox 1954 4893 2169 4966; x_wconf 80' lang='lat' dir='ltr'><strong>percipe</strong></span> 
     </span>
    </p>
   </div>
   <div class='ocr_carea' id='block_1_96' title="bbox 619 4982 2172 5053">
    <p class='ocr_par' dir='ltr' id='par_1_96' title="bbox 619 4982 2172 5053">
     <span class='ocr_line' id='line_1_96' title="bbox 619 4982 2172 5053; baseline 0.001 -16"><span class='ocrx_word' id='word_1_719' title='bbox 619 4987 780 5042; x_wconf 80' lang='lat' dir='ltr'><strong>verba</strong></span> <span class='ocrx_word' id='word_1_720' title='bbox 804 4987 912 5041; x_wconf 87' lang='lat' dir='ltr'><strong>oris</strong></span> <span class='ocrx_word' id='word_1_721' title='bbox 940 4984 1062 5039; x_wconf 90' lang='lat' dir='ltr'><strong>mei.</strong></span> <span class='ocrx_word' id='word_1_722' title='bbox 1097 4983 1258 5045; x_wconf 84' lang='lat' dir='ltr'><strong>Deus,</strong></span> <span class='ocrx_word' id='word_1_723' title='bbox 1284 4982 1449 5036; x_wconf 87' lang='lat' dir='ltr'><strong>intret</strong></span> <span class='ocrx_word' id='word_1_724' title='bbox 1475 4982 1528 5036; x_wconf 88' lang='lat' dir='ltr'><strong>in</strong></span> <span class='ocrx_word' id='word_1_725' title='bbox 1554 4990 1841 5053; x_wconf 85' lang='lat' dir='ltr'><strong>conspectu</strong></span> <span class='ocrx_word' id='word_1_726' title='bbox 1867 4990 1963 5038; x_wconf 79' lang='lat' dir='ltr'><strong>tuo</strong></span> <span class='ocrx_word' id='word_1_727' title='bbox 1997 4983 2172 5038; x_wconf 85' lang='lat' dir='ltr'><strong>oratio</strong></span> 
     </span>
    </p>
   </div>
   <div class='ocr_carea' id='block_1_97' title="bbox 624 5071 2167 5141">
    <p class='ocr_par' dir='ltr' id='par_1_97' title="bbox 624 5071 2167 5141">
     <span class='ocr_line' id='line_1_97' title="bbox 624 5071 2167 5141; baseline -0.003 -12"><span class='ocrx_word' id='word_1_728' title='bbox 624 5089 761 5130; x_wconf 84' lang='lat' dir='ltr'><strong>mea.</strong></span> <span class='ocrx_word' id='word_1_729' title='bbox 791 5073 986 5130; x_wconf 86' lang='lat' dir='ltr'><strong>lnclina</strong></span> <span class='ocrx_word' id='word_1_730' title='bbox 1013 5086 1195 5128; x_wconf 80' lang='lat' dir='ltr'><strong>aurem</strong></span> <span class='ocrx_word' id='word_1_731' title='bbox 1225 5080 1370 5126; x_wconf 87' lang='lat' dir='ltr'><strong>tuam</strong></span> <span class='ocrx_word' id='word_1_732' title='bbox 1398 5071 1466 5126; x_wconf 87' lang='lat' dir='ltr'><strong>ad</strong></span> <span class='ocrx_word' id='word_1_733' title='bbox 1489 5085 1675 5141; x_wconf 84' lang='lat' dir='ltr'><strong>preces</strong></span> <span class='ocrx_word' id='word_1_734' title='bbox 1702 5085 1883 5136; x_wconf 79' lang='lat' dir='ltr'><strong>meas,</strong></span> <span class='ocrx_word' id='word_1_735' title='bbox 1927 5071 2167 5128; x_wconf 89' lang='lat' dir='ltr'><strong>Domine.</strong></span> 
     </span>
    </p>
   </div>
   <div class='ocr_carea' id='block_1_98' title="bbox 623 5160 2175 5232">
    <p class='ocr_par' dir='ltr' id='par_1_98' title="bbox 623 5160 2175 5232">
     <span class='ocr_line' id='line_1_98' title="bbox 623 5160 2175 5232; baseline -0.001 -14"><span class='ocrx_word' id='word_1_736' title='bbox 623 5164 763 5218; x_wconf 83' lang='lat' dir='ltr'><strong>Deus</strong></span> <span class='ocrx_word' id='word_1_737' title='bbox 788 5162 876 5232; x_wconf 87' lang='lat' dir='ltr'><strong>qui</strong></span> <span class='ocrx_word' id='word_1_738' title='bbox 889 5161 1036 5231; x_wconf 63' lang='lat' dir='ltr'><strong>iusta</strong></span> <span class='ocrx_word' id='word_1_739' title='bbox 1060 5161 1390 5232; x_wconf 76' lang='lat' dir='ltr'><strong>postulantes</strong></span> <span class='ocrx_word' id='word_1_740' title='bbox 1413 5160 1657 5225; x_wconf 79' lang='lat' dir='ltr'><strong>exaudis,</strong></span> <span class='ocrx_word' id='word_1_741' title='bbox 1682 5174 1750 5216; x_wconf 90' lang='lat' dir='ltr'><strong>ne</strong></span> <span class='ocrx_word' id='word_1_742' title='bbox 1781 5163 1856 5216; x_wconf 90' lang='lat' dir='ltr'><strong>sis</strong></span> <span class='ocrx_word' id='word_1_743' title='bbox 1879 5162 2175 5217; x_wconf 80' lang='lat' dir='ltr'><strong>inexorabi—</strong></span> 
     </span>
    </p>
   </div>
   <div class='ocr_carea' id='block_1_99' title="bbox 625 5250 2173 5325">
    <p class='ocr_par' dir='ltr' id='par_1_99' title="bbox 625 5250 2173 5325">
     <span class='ocr_line' id='line_1_99' title="bbox 625 5250 2173 5325; baseline 0.002 -21"><span class='ocrx_word' id='word_1_744' title='bbox 625 5254 688 5308; x_wconf 85' lang='lat' dir='ltr'><strong>lis</strong></span> <span class='ocrx_word' id='word_1_745' title='bbox 716 5259 930 5325; x_wconf 69' lang='lat' dir='ltr'><strong>[nuptae</strong></span> <span class='ocrx_word' id='word_1_746' title='bbox 955 5250 1115 5305; x_wconf 74' lang='lat' dir='ltr'><strong>ninia</strong></span> <span class='ocrx_word' id='word_1_747' title='bbox 1158 5259 1377 5321; x_wconf 84' lang='lat' dir='ltr'><strong>peccata</strong></span> <span class='ocrx_word' id='word_1_748' title='bbox 1411 5258 1467 5305; x_wconf 90' lang='lat' dir='ltr'><strong>et</strong></span> <span class='ocrx_word' id='word_1_749' title='bbox 1488 5250 1726 5323; x_wconf 68' lang='lat' dir='ltr'><strong>crimina</strong></span> <span class='ocrx_word' id='word_1_750' title='bbox 1766 5266 1903 5316; x_wconf 88' lang='lat' dir='ltr'><strong>mea,</strong></span> <span class='ocrx_word' id='word_1_751' title='bbox 1932 5253 2025 5307; x_wconf 87' lang='lat' dir='ltr'><strong>sed</strong></span> <span class='ocrx_word' id='word_1_752' title='bbox 2050 5267 2173 5322; x_wconf 87' lang='lat' dir='ltr'><strong>pro-</strong></span> 
     </span>
    </p>
   </div>
   <div class='ocr_carea' id='block_1_100' title="bbox 626 5339 2172 5409">
    <p class='ocr_par' dir='ltr' id='par_1_100' title="bbox 626 5339 2172 5409">
     <span class='ocr_line' id='line_1_100' title="bbox 626 5339 2172 5409; baseline 0 -14"><span class='ocrx_word' id='word_1_753' title='bbox 626 5350 742 5409; x_wconf 83' lang='lat' dir='ltr'><strong>pter</strong></span> <span class='ocrx_word' id='word_1_754' title='bbox 790 5341 1106 5397; x_wconf 84' lang='lat' dir='ltr'><strong>immensam</strong></span> <span class='ocrx_word' id='word_1_755' title='bbox 1159 5339 1407 5408; x_wconf 81' lang='lat' dir='ltr'><strong>pietatem</strong></span> <span class='ocrx_word' id='word_1_756' title='bbox 1458 5349 1602 5396; x_wconf 84' lang='lat' dir='ltr'><strong>tuam</strong></span> <span class='ocrx_word' id='word_1_757' title='bbox 1641 5341 1832 5397; x_wconf 81' lang='lat' dir='ltr'><strong>exaudi</strong></span> <span class='ocrx_word' id='word_1_758' title='bbox 1872 5342 2172 5398; x_wconf 78' lang='lat' dir='ltr'><strong>cntionem</strong></span> 
     </span>
    </p>
   </div>
   <div class='ocr_carea' id='block_1_101' title="bbox 628 5427 2174 5497">
    <p class='ocr_par' dir='ltr' id='par_1_101' title="bbox 628 5427 2174 5497">
     <span class='ocr_line' id='line_1_101' title="bbox 628 5427 2174 5497; baseline 0.002 -15"><span class='ocrx_word' id='word_1_759' title='bbox 628 5444 825 5492; x_wconf 77' lang='lat' dir='ltr'><strong>meam,</strong></span> <span class='ocrx_word' id='word_1_760' title='bbox 848 5435 904 5484; x_wconf 85' lang='lat' dir='ltr'><strong>et</strong></span> <span class='ocrx_word' id='word_1_761' title='bbox 933 5427 1152 5487; x_wconf 75' lang='lat' dir='ltr'><strong>auribus</strong></span> <span class='ocrx_word' id='word_1_762' title='bbox 1174 5427 1386 5496; x_wconf 82' lang='lat' dir='ltr'><strong>percipe</strong></span> <span class='ocrx_word' id='word_1_763' title='bbox 1412 5427 1674 5497; x_wconf 67' lang='lat' dir='ltr'><strong>laeqmas</strong></span> <span class='ocrx_word' id='word_1_764' title='bbox 1693 5444 1862 5493; x_wconf 84' lang='lat' dir='ltr'><strong>meas,</strong></span> <span class='ocrx_word' id='word_1_765' title='bbox 1884 5438 1940 5484; x_wconf 92' lang='lat' dir='ltr'><strong>et</strong></span> <span class='ocrx_word' id='word_1_766' title='bbox 1965 5432 2174 5487; x_wconf 78' lang='lat' dir='ltr'><strong>remitte</strong></span> 
     </span>
    </p>
   </div>
   <div class='ocr_carea' id='block_1_102' title="bbox 629 5513 2173 5590">
    <p class='ocr_par' dir='ltr' id='par_1_102' title="bbox 629 5513 2173 5590">
     <span class='ocr_line' id='line_1_102' title="bbox 629 5513 2173 5590; baseline 0.001 -20"><span class='ocrx_word' id='word_1_767' title='bbox 629 5517 774 5579; x_wconf 85' lang='lat' dir='ltr'><strong>mihi,</strong></span> <span class='ocrx_word' id='word_1_768' title='bbox 814 5525 872 5572; x_wconf 90' lang='lat' dir='ltr'><strong>ut</strong></span> <span class='ocrx_word' id='word_1_769' title='bbox 893 5513 1194 5586; x_wconf 49' lang='grc' dir='ltr'><strong>ταινίαι-ιτ</strong></span> <span class='ocrx_word' id='word_1_770' title='bbox 1229 5514 1378 5585; x_wconf 78' lang='lat' dir='ltr'><strong>prius</strong></span> <span class='ocrx_word' id='word_1_771' title='bbox 1409 5528 1571 5582; x_wconf 79' lang='lat' dir='ltr'><strong>quam</strong></span> <span class='ocrx_word' id='word_1_772' title='bbox 1605 5516 1817 5579; x_wconf 78' lang='lat' dir='ltr'><strong>abeam,</strong></span> <span class='ocrx_word' id='word_1_773' title='bbox 1853 5525 1910 5574; x_wconf 89' lang='lat' dir='ltr'><strong>et</strong></span> <span class='ocrx_word' id='word_1_774' title='bbox 1945 5519 2173 5590; x_wconf 86' lang='lat' dir='ltr'><strong>amplius</strong></span> 
     </span>
    </p>
   </div>
   <div class='ocr_carea' id='block_1_103' title="bbox 641 5603 2172 5674">
    <p class='ocr_par' dir='ltr' id='par_1_103' title="bbox 641 5603 2172 5674">
     <span class='ocr_line' id='line_1_103' title="bbox 641 5603 2172 5674; baseline 0.003 -17"><span class='ocrx_word' id='word_1_775' title='bbox 641 5618 737 5658; x_wconf 65' lang='lat' dir='ltr'><strong>ton</strong></span> <span class='ocrx_word' id='word_1_776' title='bbox 773 5620 882 5662; x_wconf 85' lang='lat' dir='ltr'><strong>ero.</strong></span> <span class='ocrx_word' id='word_1_777' title='bbox 911 5604 1070 5669; x_wconf 82' lang='lat' dir='ltr'><strong>Deus,</strong></span> <span class='ocrx_word' id='word_1_778' title='bbox 1111 5605 1202 5674; x_wconf 88' lang='lat' dir='ltr'><strong>qui</strong></span> <span class='ocrx_word' id='word_1_779' title='bbox 1239 5617 1426 5659; x_wconf 83' lang='lat' dir='ltr'><strong>omnes</strong></span> <span class='ocrx_word' id='word_1_780' title='bbox 1470 5603 1714 5659; x_wconf 77' lang='lat' dir='ltr'><strong>homines</strong></span> <span class='ocrx_word' id='word_1_781' title='bbox 1739 5604 1820 5661; x_wconf 88' lang='lat' dir='ltr'><strong>vis</strong></span> <span class='ocrx_word' id='word_1_782' title='bbox 1859 5619 2094 5672; x_wconf 82' lang='lat' dir='ltr'><strong>servare,</strong></span> <span class='ocrx_word' id='word_1_783' title='bbox 2117 5618 2172 5664; x_wconf 91' lang='lat' dir='ltr'><strong>et</strong></span> 
     </span>
    </p>
   </div>
   <div class='ocr_carea' id='block_1_104' title="bbox 635 5691 2171 5763">
    <p class='ocr_par' dir='ltr' id='par_1_104' title="bbox 635 5691 2171 5763">
     <span class='ocr_line' id='line_1_104' title="bbox 635 5691 2171 5763; baseline 0 -13"><span class='ocrx_word' id='word_1_784' title='bbox 635 5695 896 5750; x_wconf 83' lang='lat' dir='ltr'><strong>neminem</strong></span> <span class='ocrx_word' id='word_1_785' title='bbox 927 5694 1001 5749; x_wconf 81' lang='lat' dir='ltr'><strong>vis</strong></span> <span class='ocrx_word' id='word_1_786' title='bbox 1028 5695 1223 5763; x_wconf 78' lang='lat' dir='ltr'><strong>perire,</strong></span> <span class='ocrx_word' id='word_1_787' title='bbox 1252 5707 1404 5748; x_wconf 77' lang='lat' dir='ltr'><strong>serva</strong></span> <span class='ocrx_word' id='word_1_788' title='bbox 1440 5705 1524 5746; x_wconf 88' lang='lat' dir='ltr'><strong>me</strong></span> <span class='ocrx_word' id='word_1_789' title='bbox 1559 5706 1591 5747; x_wconf 81' lang='lat' dir='ltr'><strong>a</strong></span> <span class='ocrx_word' id='word_1_790' title='bbox 1619 5691 1805 5762; x_wconf 83' lang='lat' dir='ltr'><strong>laqueo</strong></span> <span class='ocrx_word' id='word_1_791' title='bbox 1835 5697 2040 5762; x_wconf 81' lang='lat' dir='ltr'><strong>mortis,</strong></span> <span class='ocrx_word' id='word_1_792' title='bbox 2067 5706 2118 5751; x_wconf 88' lang='lat' dir='ltr'><strong>et</strong></span> <span class='ocrx_word' id='word_1_793' title='bbox 2142 5713 2171 5750; x_wconf 88' lang='lat' dir='ltr'><strong>a</strong></span> 
     </span>
    </p>
   </div>
   <div class='ocr_carea' id='block_1_105' title="bbox 2263 4586 3821 4660">
    <p class='ocr_par' dir='ltr' id='par_1_105' title="bbox 2263 4586 3821 4660">
     <span class='ocr_line' id='line_1_105' title="bbox 2263 4586 3821 4660; baseline 0.003 -16"><span class='ocrx_word' id='word_1_794' title='bbox 2263 4587 2490 4652; x_wconf 63' lang='lat' dir='ltr'><strong>“tam,</strong></span> <span class='ocrx_word' id='word_1_795' title='bbox 2516 4595 2573 4643; x_wconf 89' lang='lat' dir='ltr'><strong>et</strong></span> <span class='ocrx_word' id='word_1_796' title='bbox 2593 4586 2949 4648; x_wconf 68' lang='lat' dir='ltr'><strong>voluntariam</strong></span> <span class='ocrx_word' id='word_1_797' title='bbox 2974 4596 3359 4658; x_wconf 87' lang='lat' dir='ltr'><strong>paupertatem,</strong></span> <span class='ocrx_word' id='word_1_798' title='bbox 3375 4597 3438 4644; x_wconf 88' lang='lat' dir='ltr'><strong>et</strong></span> <span class='ocrx_word' id='word_1_799' title='bbox 3472 4605 3821 4660; x_wconf 55' lang='lat' dir='ltr'><strong>perseverat).</strong></span> 
     </span>
    </p>
   </div>
   <div class='ocr_carea' id='block_1_106' title="bbox 2266 4675 3825 4748">
    <p class='ocr_par' dir='ltr' id='par_1_106' title="bbox 2266 4675 3825 4748">
     <span class='ocr_line' id='line_1_106' title="bbox 2266 4675 3825 4748; baseline 0.001 -16"><span class='ocrx_word' id='word_1_800' title='bbox 2266 4677 2395 4732; x_wconf 90' lang='lat' dir='ltr'><strong>tiam</strong></span> <span class='ocrx_word' id='word_1_801' title='bbox 2418 4675 2615 4732; x_wconf 80' lang='lat' dir='ltr'><strong>bonam</strong></span> <span class='ocrx_word' id='word_1_802' title='bbox 2644 4676 2698 4731; x_wconf 88' lang='lat' dir='ltr'><strong>in</strong></span> <span class='ocrx_word' id='word_1_803' title='bbox 2728 4683 2820 4730; x_wconf 90' lang='lat' dir='ltr'><strong>tuo</strong></span> <span class='ocrx_word' id='word_1_804' title='bbox 2846 4675 3120 4731; x_wconf 78' lang='lat' dir='ltr'><strong>famulatu.</strong></span> <span class='ocrx_word' id='word_1_805' title='bbox 3164 4676 3326 4743; x_wconf 89' lang='lat' dir='ltr'><strong>Deus,</strong></span> <span class='ocrx_word' id='word_1_806' title='bbox 3354 4679 3444 4748; x_wconf 92' lang='lat' dir='ltr'><strong>qui</strong></span> <span class='ocrx_word' id='word_1_807' title='bbox 3466 4693 3525 4733; x_wconf 84' lang='lat' dir='ltr'><strong>es</strong></span> <span class='ocrx_word' id='word_1_808' title='bbox 3551 4681 3658 4745; x_wconf 91' lang='lat' dir='ltr'><strong>via,</strong></span> <span class='ocrx_word' id='word_1_809' title='bbox 3688 4682 3825 4739; x_wconf 60' lang='lat' dir='ltr'><strong>veri.</strong></span> 
     </span>
    </p>
   </div>
   <div class='ocr_carea' id='block_1_107' title="bbox 2267 4764 3820 4838">
    <p class='ocr_par' dir='ltr' id='par_1_107' title="bbox 2267 4764 3820 4838">
     <span class='ocr_line' id='line_1_107' title="bbox 2267 4764 3820 4838; baseline 0.004 -16"><span class='ocrx_word' id='word_1_810' title='bbox 2267 4776 2350 4822; x_wconf 88' lang='lat' dir='ltr'><strong>tas</strong></span> <span class='ocrx_word' id='word_1_811' title='bbox 2378 4771 2432 4821; x_wconf 91' lang='lat' dir='ltr'><strong>et</strong></span> <span class='ocrx_word' id='word_1_812' title='bbox 2456 4764 2592 4830; x_wconf 85' lang='lat' dir='ltr'><strong>vita,</strong></span> <span class='ocrx_word' id='word_1_813' title='bbox 2623 4765 2794 4820; x_wconf 86' lang='lat' dir='ltr'><strong>deduc</strong></span> <span class='ocrx_word' id='word_1_814' title='bbox 2822 4781 2910 4821; x_wconf 85' lang='lat' dir='ltr'><strong>me</strong></span> <span class='ocrx_word' id='word_1_815' title='bbox 2937 4765 2993 4820; x_wconf 84' lang='lat' dir='ltr'><strong>in</strong></span> <span class='ocrx_word' id='word_1_816' title='bbox 3023 4765 3162 4819; x_wconf 86' lang='lat' dir='ltr'><strong>viam</strong></span> <span class='ocrx_word' id='word_1_817' title='bbox 3195 4773 3362 4831; x_wconf 88' lang='lat' dir='ltr'><strong>tuam,</strong></span> <span class='ocrx_word' id='word_1_818' title='bbox 3383 4774 3442 4822; x_wconf 91' lang='lat' dir='ltr'><strong>ut</strong></span> <span class='ocrx_word' id='word_1_819' title='bbox 3468 4767 3736 4838; x_wconf 77' lang='lat' dir='ltr'><strong>ingrediar</strong></span> <span class='ocrx_word' id='word_1_820' title='bbox 3765 4769 3820 4827; x_wconf 81' lang='lat' dir='ltr'><strong>in</strong></span> 
     </span>
    </p>
   </div>
   <div class='ocr_carea' id='block_1_108' title="bbox 2266 4851 3820 4920">
    <p class='ocr_par' dir='ltr' id='par_1_108' title="bbox 2266 4851 3820 4920">
     <span class='ocr_line' id='line_1_108' title="bbox 2266 4851 3820 4920; baseline -0.001 -8"><span class='ocrx_word' id='word_1_821' title='bbox 2266 4855 2490 4912; x_wconf 79' lang='lat' dir='ltr'><strong>veritate</strong></span> <span class='ocrx_word' id='word_1_822' title='bbox 2531 4860 2655 4920; x_wconf 80' lang='lat' dir='ltr'><strong>tua;</strong></span> <span class='ocrx_word' id='word_1_823' title='bbox 2685 4851 2893 4910; x_wconf 65' lang='lat' dir='ltr'><strong>latetur</strong></span> <span class='ocrx_word' id='word_1_824' title='bbox 2931 4866 3026 4907; x_wconf 90' lang='lat' dir='ltr'><strong>cor</strong></span> <span class='ocrx_word' id='word_1_825' title='bbox 3071 4866 3270 4916; x_wconf 86' lang='lat' dir='ltr'><strong>meum,</strong></span> <span class='ocrx_word' id='word_1_826' title='bbox 3296 4861 3356 4908; x_wconf 90' lang='lat' dir='ltr'><strong>ut</strong></span> <span class='ocrx_word' id='word_1_827' title='bbox 3400 4855 3587 4908; x_wconf 91' lang='lat' dir='ltr'><strong>timeat</strong></span> <span class='ocrx_word' id='word_1_828' title='bbox 3624 4870 3820 4910; x_wconf 87' lang='lat' dir='ltr'><strong>nomen</strong></span> 
     </span>
    </p>
   </div>
   <div class='ocr_carea' id='block_1_109' title="bbox 2269 4940 3436 5012">
    <p class='ocr_par' dir='ltr' id='par_1_109' title="bbox 2269 4940 3436 5012">
     <span class='ocr_line' id='line_1_109' title="bbox 2269 4940 3436 5012; baseline -0.003 -14"><span class='ocrx_word' id='word_1_829' title='bbox 2269 4952 2440 5007; x_wconf 87' lang='lat' dir='ltr'><strong>tuum,</strong></span> <span class='ocrx_word' id='word_1_830' title='bbox 2465 4949 2520 4997; x_wconf 87' lang='lat' dir='ltr'><strong>et</strong></span> <span class='ocrx_word' id='word_1_831' title='bbox 2545 4941 2743 5012; x_wconf 81' lang='lat' dir='ltr'><strong>perduc</strong></span> <span class='ocrx_word' id='word_1_832' title='bbox 2767 4956 2854 4997; x_wconf 88' lang='lat' dir='ltr'><strong>me</strong></span> <span class='ocrx_word' id='word_1_833' title='bbox 2879 4940 2945 4997; x_wconf 87' lang='lat' dir='ltr'><strong>ad</strong></span> <span class='ocrx_word' id='word_1_834' title='bbox 2971 4943 3136 4997; x_wconf 88' lang='lat' dir='ltr'><strong>vitam</strong></span> <span class='ocrx_word' id='word_1_835' title='bbox 3163 4951 3436 4997; x_wconf 73' lang='lat' dir='ltr'><strong>aeternam.</strong></span> 
     </span>
    </p>
   </div>
   <div class='ocr_carea' id='block_1_110' title="bbox 2338 5071 3818 5142">
    <p class='ocr_par' dir='ltr' id='par_1_110' title="bbox 2338 5071 3818 5142">
     <span class='ocr_line' id='line_1_110' title="bbox 2338 5071 3818 5142; baseline 0.004 -15"><span class='ocrx_word' id='word_1_836' title='bbox 2338 5071 2502 5138; x_wconf 86' lang='lat' dir='ltr'><strong>Deus,</strong></span> <span class='ocrx_word' id='word_1_837' title='bbox 2530 5072 2714 5142; x_wconf 82' lang='lat' dir='ltr'><strong>quies</strong></span> <span class='ocrx_word' id='word_1_838' title='bbox 2742 5072 2832 5128; x_wconf 84' lang='lat' dir='ltr'><strong>lux</strong></span> <span class='ocrx_word' id='word_1_839' title='bbox 2869 5088 2998 5127; x_wconf 90' lang='lat' dir='ltr'><strong>vera</strong></span> <span class='ocrx_word' id='word_1_840' title='bbox 3033 5072 3339 5127; x_wconf 85' lang='lat' dir='ltr'><strong>illuminaas</strong></span> <span class='ocrx_word' id='word_1_841' title='bbox 3376 5073 3537 5128; x_wconf 85' lang='lat' dir='ltr'><strong>corda</strong></span> <span class='ocrx_word' id='word_1_842' title='bbox 3561 5073 3818 5140; x_wconf 79' lang='lat' dir='ltr'><strong>ﬁdelium.</strong></span> 
     </span>
    </p>
   </div>
   <div class='ocr_carea' id='block_1_111' title="bbox 2269 5159 3818 5232">
    <p class='ocr_par' dir='ltr' id='par_1_111' title="bbox 2269 5159 3818 5232">
     <span class='ocr_line' id='line_1_111' title="bbox 2269 5159 3818 5232; baseline 0.004 -16"><span class='ocrx_word' id='word_1_843' title='bbox 2269 5161 2505 5216; x_wconf 85' lang='lat' dir='ltr'><strong>illumina</strong></span> <span class='ocrx_word' id='word_1_844' title='bbox 2544 5175 2640 5216; x_wconf 82' lang='lat' dir='ltr'><strong>cor</strong></span> <span class='ocrx_word' id='word_1_845' title='bbox 2675 5175 2851 5217; x_wconf 87' lang='lat' dir='ltr'><strong>meum</strong></span> <span class='ocrx_word' id='word_1_846' title='bbox 2888 5160 3089 5215; x_wconf 83' lang='lat' dir='ltr'><strong>lumine</strong></span> <span class='ocrx_word' id='word_1_847' title='bbox 3124 5159 3483 5232; x_wconf 69' lang='lat' dir='ltr'><strong>intelligentia</strong></span> <span class='ocrx_word' id='word_1_848' title='bbox 3520 5171 3646 5229; x_wconf 65' lang='lat' dir='ltr'><strong>tua,</strong></span> <span class='ocrx_word' id='word_1_849' title='bbox 3673 5174 3730 5221; x_wconf 90' lang='lat' dir='ltr'><strong>et</strong></span> <span class='ocrx_word' id='word_1_850' title='bbox 3753 5167 3818 5221; x_wconf 85' lang='lat' dir='ltr'><strong>da</strong></span> 
     </span>
    </p>
   </div>
   <div class='ocr_carea' id='block_1_112' title="bbox 2270 5249 3820 5320">
    <p class='ocr_par' dir='ltr' id='par_1_112' title="bbox 2270 5249 3820 5320">
     <span class='ocr_line' id='line_1_112' title="bbox 2270 5249 3820 5320; baseline 0.003 -16"><span class='ocrx_word' id='word_1_851' title='bbox 2270 5251 2400 5306; x_wconf 89' lang='lat' dir='ltr'><strong>mihi</strong></span> <span class='ocrx_word' id='word_1_852' title='bbox 2426 5251 2705 5307; x_wconf 85' lang='lat' dir='ltr'><strong>scientiam</strong></span> <span class='ocrx_word' id='word_1_853' title='bbox 2731 5264 2933 5308; x_wconf 79' lang='lat' dir='ltr'><strong>veram.</strong></span> <span class='ocrx_word' id='word_1_854' title='bbox 2961 5257 3020 5305; x_wconf 82' lang='lat' dir='ltr'><strong>et</strong></span> <span class='ocrx_word' id='word_1_855' title='bbox 3044 5249 3240 5320; x_wconf 84' lang='lat' dir='ltr'><strong>repelle</strong></span> <span class='ocrx_word' id='word_1_856' title='bbox 3271 5266 3300 5303; x_wconf 87' lang='lat' dir='ltr'><strong>a</strong></span> <span class='ocrx_word' id='word_1_857' title='bbox 3333 5266 3420 5307; x_wconf 86' lang='lat' dir='ltr'><strong>me</strong></span> <span class='ocrx_word' id='word_1_858' title='bbox 3453 5267 3640 5309; x_wconf 83' lang='lat' dir='ltr'><strong>omnes</strong></span> <span class='ocrx_word' id='word_1_859' title='bbox 3673 5263 3820 5309; x_wconf 79' lang='lat' dir='ltr'><strong>tene-</strong></span> 
     </span>
    </p>
   </div>
   <div class='ocr_carea' id='block_1_113' title="bbox 2270 5337 3821 5409">
    <p class='ocr_par' dir='ltr' id='par_1_113' title="bbox 2270 5337 3821 5409">
     <span class='ocr_line' id='line_1_113' title="bbox 2270 5337 3821 5409; baseline 0 -15"><span class='ocrx_word' id='word_1_860' title='bbox 2270 5338 2396 5394; x_wconf 84' lang='lat' dir='ltr'><strong>bras</strong></span> <span class='ocrx_word' id='word_1_861' title='bbox 2437 5337 2768 5409; x_wconf 67' lang='lat' dir='ltr'><strong>ignorantic,</strong></span> <span class='ocrx_word' id='word_1_862' title='bbox 2807 5345 2863 5391; x_wconf 88' lang='lat' dir='ltr'><strong>et</strong></span> <span class='ocrx_word' id='word_1_863' title='bbox 2903 5338 3151 5392; x_wconf 74' lang='lat' dir='ltr'><strong>tenelras</strong></span> <span class='ocrx_word' id='word_1_864' title='bbox 3197 5346 3539 5408; x_wconf 78' lang='lat' dir='ltr'><strong>peccatorum</strong></span> <span class='ocrx_word' id='word_1_865' title='bbox 3581 5353 3821 5396; x_wconf 83' lang='lat' dir='ltr'><strong>meorum</strong></span> 
     </span>
    </p>
   </div>
   <div class='ocr_carea' id='block_1_114' title="bbox 2269 5426 3819 5500">
    <p class='ocr_par' dir='ltr' id='par_1_114' title="bbox 2269 5426 3819 5500">
     <span class='ocr_line' id='line_1_114' title="bbox 2269 5426 3819 5500; baseline 0.003 -17"><span class='ocrx_word' id='word_1_866' title='bbox 2269 5428 2475 5499; x_wconf 78' lang='lat' dir='ltr'><strong>expelle</strong></span> <span class='ocrx_word' id='word_1_867' title='bbox 2501 5443 2533 5481; x_wconf 88' lang='lat' dir='ltr'><strong>a</strong></span> <span class='ocrx_word' id='word_1_868' title='bbox 2563 5442 2671 5490; x_wconf 85' lang='lat' dir='ltr'><strong>me,</strong></span> <span class='ocrx_word' id='word_1_869' title='bbox 2697 5426 2942 5493; x_wconf 80' lang='lat' dir='ltr'><strong>Domina,</strong></span> <span class='ocrx_word' id='word_1_870' title='bbox 2972 5437 3034 5483; x_wconf 91' lang='lat' dir='ltr'><strong>ut</strong></span> <span class='ocrx_word' id='word_1_871' title='bbox 3076 5429 3131 5500; x_wconf 87' lang='lat' dir='ltr'><strong>in</strong></span> <span class='ocrx_word' id='word_1_872' title='bbox 3177 5428 3461 5499; x_wconf 83' lang='lat' dir='ltr'><strong>splendore</strong></span> <span class='ocrx_word' id='word_1_873' title='bbox 3492 5431 3707 5487; x_wconf 75' lang='lat' dir='ltr'><strong>luminis</strong></span> <span class='ocrx_word' id='word_1_874' title='bbox 3745 5431 3819 5487; x_wconf 87' lang='lat' dir='ltr'><strong>tui</strong></span> 
     </span>
    </p>
   </div>
   <div class='ocr_carea' id='block_1_115' title="bbox 2271 5517 3820 5589">
    <p class='ocr_par' dir='ltr' id='par_1_115' title="bbox 2271 5517 3820 5589">
     <span class='ocr_line' id='line_1_115' title="bbox 2271 5517 3820 5589; baseline 0.003 -15"><span class='ocrx_word' id='word_1_875' title='bbox 2271 5533 2481 5589; x_wconf 88' lang='lat' dir='ltr'><strong>semper</strong></span> <span class='ocrx_word' id='word_1_876' title='bbox 2518 5517 2789 5572; x_wconf 80' lang='lat' dir='ltr'><strong>ambulare</strong></span> <span class='ocrx_word' id='word_1_877' title='bbox 2823 5533 3050 5574; x_wconf 88' lang='lat' dir='ltr'><strong>merear.</strong></span> <span class='ocrx_word' id='word_1_878' title='bbox 3081 5518 3241 5582; x_wconf 83' lang='lat' dir='ltr'><strong>Dens,</strong></span> <span class='ocrx_word' id='word_1_879' title='bbox 3271 5519 3364 5587; x_wconf 89' lang='lat' dir='ltr'><strong>qui</strong></span> <span class='ocrx_word' id='word_1_880' title='bbox 3398 5518 3529 5575; x_wconf 70' lang='lat' dir='ltr'><strong>facis</strong></span> <span class='ocrx_word' id='word_1_881' title='bbox 3556 5522 3820 5578; x_wconf 78' lang='lat' dir='ltr'><strong>mirabilia</strong></span> 
     </span>
    </p>
   </div>
   <div class='ocr_carea' id='block_1_116' title="bbox 2272 5606 3818 5679">
    <p class='ocr_par' dir='ltr' id='par_1_116' title="bbox 2272 5606 3818 5679">
     <span class='ocr_line' id='line_1_116' title="bbox 2272 5606 3818 5679; baseline 0.002 -16"><span class='ocrx_word' id='word_1_882' title='bbox 2272 5624 2460 5679; x_wconf 83' lang='lat' dir='ltr'><strong>magna</strong></span> <span class='ocrx_word' id='word_1_883' title='bbox 2488 5607 2633 5664; x_wconf 85' lang='lat' dir='ltr'><strong>solus</strong></span> <span class='ocrx_word' id='word_1_884' title='bbox 2659 5647 2674 5670; x_wconf 97' lang='lat'><strong>,</strong></span> <span class='ocrx_word' id='word_1_885' title='bbox 2700 5606 2787 5663; x_wconf 65' lang='lat' dir='ltr'><strong>{ac</strong></span> <span class='ocrx_word' id='word_1_886' title='bbox 2812 5623 3019 5664; x_wconf 86' lang='lat' dir='ltr'><strong>mecum</strong></span> <span class='ocrx_word' id='word_1_887' title='bbox 3066 5609 3274 5678; x_wconf 84' lang='lat' dir='ltr'><strong>signum</strong></span> <span class='ocrx_word' id='word_1_888' title='bbox 3314 5609 3368 5664; x_wconf 91' lang='lat' dir='ltr'><strong>in</strong></span> <span class='ocrx_word' id='word_1_889' title='bbox 3405 5610 3628 5673; x_wconf 86' lang='lat' dir='ltr'><strong>bonum,</strong></span> <span class='ocrx_word' id='word_1_890' title='bbox 3650 5622 3712 5665; x_wconf 93' lang='lat' dir='ltr'><strong>ut</strong></span> <span class='ocrx_word' id='word_1_891' title='bbox 3737 5614 3818 5666; x_wconf 84' lang='lat' dir='ltr'><strong>vi-</strong></span> 
     </span>
    </p>
   </div>
   <div class='ocr_carea' id='block_1_117' title="bbox 2269 5694 3819 5770">
    <p class='ocr_par' dir='ltr' id='par_1_117' title="bbox 2269 5694 3819 5770">
     <span class='ocr_line' id='line_1_117' title="bbox 2269 5694 3819 5770; baseline 0.005 -22"><span class='ocrx_word' id='word_1_892' title='bbox 2269 5695 2432 5753; x_wconf 81' lang='lat' dir='ltr'><strong>deant</strong></span> <span class='ocrx_word' id='word_1_893' title='bbox 2467 5697 2558 5764; x_wconf 65' lang='grc' dir='ltr'><strong>επεὶ</strong></span> <span class='ocrx_word' id='word_1_894' title='bbox 2605 5709 2690 5751; x_wconf 87' lang='lat' dir='ltr'><strong>me</strong></span> <span class='ocrx_word' id='word_1_895' title='bbox 2727 5697 2972 5759; x_wconf 85' lang='lat' dir='ltr'><strong>ederunt,</strong></span> <span class='ocrx_word' id='word_1_896' title='bbox 3017 5705 3071 5751; x_wconf 87' lang='lat' dir='ltr'><strong>et</strong></span> <span class='ocrx_word' id='word_1_897' title='bbox 3114 5694 3534 5765; x_wconf 68' lang='lat' dir='ltr'><strong>confundantur;</strong></span> <span class='ocrx_word' id='word_1_898' title='bbox 3565 5704 3819 5770; x_wconf 78' lang='lat' dir='ltr'><strong>quoniam</strong></span> 
     </span>
    </p>
   </div>
   <div class='ocr_carea' id='block_1_118' title="bbox 2428 6203 2987 6219">
    <p class='ocr_par' dir='ltr' id='par_1_118' title="bbox 2428 6205 2987 6219">
     <span class='ocr_line' id='line_1_118' title="bbox 2428 6205 2987 6219; baseline 0 -12"><span class='ocrx_word' id='word_1_899' title='bbox 2428 6205 2987 6219; x_wconf 47' lang='grc' dir='ltr'><strong>--Ὰ</strong></span> 
     </span>
    </p>
   </div>
  </div>
